4156 6346
509 284 642 340 1551

1873 268 2118 327 SANCTI
2159 265 2477 324 AMBROSII

3685 261 3709 317 1
3722 259 3829 315 552

508 398 714 469 piebat,
738 396 1104 452 occultantem
1128 410 1187 450 se
1210 391 1486 449 mensibus
1510 388 1775 461 quinque.
1803 386 1935 454 Qum
1956 400 2116 441 causa
2148 389 2196 448 Α
2226 383 2499 438 hominem
2528 381 2814 436 formantis
2837 376 3099 434 advertis.
3125 376 3221 432 llle
3251 384 3530 445 operatur,
3556 383 3610 431 et
3640 384 3695 430 tn
3735 391 3827 430 sa-

511 488 922 557 oecultationis,
940 488 1045 543 nisi
1067 485 1325 557 pudoris?
1355 482 1601 538 Estenim
1621 478 1910 549 unicuique
1937 478 2115 532 oflieio

502 584 822 655 praescripta
841 594 972 637 aetas
994 598 1011 637 :
1033 590 1087 635 et
1112 579 1257 651 quod
1278 590 1523 647 tempore
1540 575 1723 642 decet,
1744 582 1990 644 tempore
2007 588 2113 628 non

509 677 689 742 deret;
705 675 914 745 :evique
938 674 1185 735 tnutatio,
1208 670 1330 725 facti
1349 668 1957 737 uniuscujusquemutat
1974 678 2117 733 saepe

512 778 790 825 naturam.
819 768 959 825 Sunt
988 770 1149 822 etiam
1173 763 1274 835 ipsi
1294 762 1543 833 quaedam
1566 768 1808 829 tempora
1830 756 2119 827 praescrip-

511 872 565 917 ta
612 860 899 931 conjugio,
932 858 1148 930 quando
1178 862 1310 914 dare
1352 871 1572 927 operam
1608 854 1800 909 liberis
1834 856 1902 907 sit
1958 850 2119 907 deco-

513 971 636 1011 rum
662 972 676 1009 :
708 954 835 1009 dum
866 954 992 1007 anni
1046 954 1260 1022 vigent,
1320 950 1447 1005 dum
1476 946 1948 1017 suscipiendorum
1980 944 2117 1000 libe-

508 1062 695 1102 rerum
725 1055 951 1116 spesest
976 1061 991 1110 ;
1040 1044 1168 1100 dum
1193 1041 1493 1115 generandi
1514 1055 1643 1097 usus
1659 1048 1746 1095 est
1768 1039 1820 1095 in
1841 1038 2117 1108 exemplo,

511 1140 724 1212 copulae
755 1154 974 1209 quoque
1005 1153 1135 1193 usus
1164 1136 1217 1192 in
1241 1134 1421 1192 studio
1450 1144 1569 1190 est:
1602 1141 1657 1189 at
1678 1148 1807 1188 vero
1837 1131 1927 1187 ubi
1948 1140 2120 1186 matu-

506 1253 569 1292 ra
598 1236 696 1289 :evi
727 1246 986 1290 senectus
1010 1231 1364 1296 successerit,
1394 1240 1451 1285 et
1488 1242 1622 1284 tetas
1647 1225 1903 1299 regendis
1930 1224 2120 1280 liberis

516 1328 758 1385 habilior
786 1342 945 1398 quam
977 1323 1254 1390 creandis,
1280 1329 1452 1392 pudor
1473 1329 1557 1377 est
1586 1319 1815 1390 legitimi
1846 1316 1975 1373 licet
2002 1316 2119 1372 coi-

512 1432 603 1478 tus
633 1422 833 1477 indicia
863 1428 1109 1492 gestare,
1140 1426 1196 1474 et
1223 1417 1437 1490 gravari
1468 1416 1658 1470 aliena:
1689 1413 1864 1469 relatis
1914 1426 2079 1467 onere
2104 1453 2117 1477 ,

511 1530 567 1574 ct
598 1528 905 1573 tumescere
932 1516 1115 1569 alvum
1141 1529 1247 1570 non
1286 1512 1497 1587 1281
1521 1511 1603 1566 sui
1634 1509 1896 1579 temporis
1917 1506 2117 1562 fructu.

510 1614 683 1669 Senes
710 1610 854 1667 enim
884 1610 953 1664 ab
986 1611 1099 1681 ipsa
1118 1608 1519 1664 concluduntur
1544 1614 1704 1659 aetate
1727 1645 1741 1668 ,
1770 1613 1824 1659 et
1846 1602 1996 1672 justo
2040 1600 2122 1655 in-

515 1703 897 1775 temperantiae
928 1703 1136 1773 pudore
1160 1710 1184 1737 ιι
1216 1708 1546 1755 revocantur
1566 1696 1750 1752 facere
1780 1711 1947 1765 opera
1978 1709 2119 1762 nup-

2221 479 2296 531 cri
2322 475 2460 531 uteri
2493 483 2768 531 secretum
2824 474 3061 528 incestas
3104 469 3389 543 libidine?
3422 469 3514 526 Vel
3564 468 3826 539 pecudem

2223 568 2459 634 imitare,
2502 568 2588 624 vel
2646 568 2813 623 Deum
2844 581 3054 622 verere.
3086 565 3151 619 Et
3177 565 3305 635 qttid
3331 568 3398 619 de
3426 564 3727 635 pecudibus
3756 564 3829 619 lo-

2222 663 2395 732 quor?
2424 662 2591 718 Terra
2624 662 2737 732 ipsa
2761 677 2791 716 a
2818 659 3113 733 generandi
3140 676 3306 730 opere
3344 675 3490 729 saepe
3516 660 3830 730 requiescit:

2222 767 2278 813 et
2306 758 2350 813 si
2383 757 2687 828 impatienti
2713 758 2991 812 hominum
3007 755 3188 812 studio
3217 756 3377 827 jactis
3402 756 3715 827 frequenter
3741 770 3833 811 se-

2222 852 2461 908 minibus
2491 862 2810 923 occupetur,
2868 850 3256 923 impudentiam
3316 849 3509 905 multat
3545 848 3827 922 agricolae,

2223 956 2278 1002 ct
2303 945 2689 1002 fecunditatem
2722 944 3009 1000 sterilitate
3042 944 3254 1016 1282
3275 952 3595 998 commutat.
3625 941 3833 1011 ltaqui-

2223 1038 2347 1095 dam
2401 1039 2457 1094 in
2507 1039 2638 1110 ipsis
2681 1038 2988 1105 elementis,
3046 1052 3111 1092 ac
3160 1036 3459 1106 pecudibus
3496 1035 3564 1091 ab
3594 1050 3692 1091 usu
3720 1051 3828 1091 non

2222 1148 2440 1189 cessare
2460 1132 2776 1204 generandi,
2811 1141 3021 1187 naturae
3052 1130 3227 1201 pudor
3248 1140 3356 1186 est.

2298 1226 2390 1283 45.
2434 1225 2630 1281 Merito
2660 1241 2790 1297 ergo
2822 1226 2987 1282 etiam
3019 1235 3208 1281 sancta
3237 1224 3518 1282 Elizabeth
3545 1225 3835 1282 erubesce-

2224 1322 2312 1378 bat
2336 1322 2586 1393 gratiatn,
2616 1322 2719 1376 etsi
2742 1335 2848 1377 non
2881 1327 3203 1392 agnosceret
3225 1320 3463 1391 culpam.
3488 1319 3623 1377 Nam
3642 1320 3743 1376 etsi
3769 1320 3839 1377 de

2224 1419 2341 1473 viro
2371 1426 2696 1487 conceperat
2726 1416 2925 1489 (neque
2952 1416 3097 1473 enim
3121 1413 3321 1472 aliterd
3351 1415 3421 1472 de
3451 1415 3687 1471 hominis
3711 1426 3837 1472 ortu

2226 1511 2308 1567 las
2336 1520 2419 1568 est
2446 1511 2672 1567 credere
2702 1509 2745 1582 ),
2779 1520 2960 1567 tamen
2991 1522 3178 1581 partus
3203 1510 3287 1565 sui
3328 1510 3686 1567 erubescebat
3706 1518 3840 1565 :rta-

2228 1614 2357 1661 tem.
2379 1605 2448 1660 Et
2472 1621 2659 1660 rursus
2680 1606 2923 1661 caruisse
2947 1619 3008 1659 se
3039 1604 3311 1676 gaudebat
3341 1606 3639 1676 appr-ebrio
3665 1621 3680 1669 ;
3740 1621 3841 1676 pu-

2226 1697 2324 1752 dor
2356 1707 2440 1753 est
2466 1698 2611 1753 enim
2641 1698 2859 1753 feminis
2887 1698 3194 1769 nuptiarum
3222 1698 3440 1769 prsentia
3473 1714 3581 1753 non
3612 1698 3836 1765 habere,

524 1799 747 1853 tiarum.
782 1795 1176 1852 Adulescentes
1209 1793 1312 1865 ipsi
1363 1793 1689 1862 plerumque
1720 1788 1950 1843 filiorum
1996 1794 2119 1840 vota
2151 1795 2197 1853 Β
2229 1802 2251 1829 c
2280 1792 2477 1863 quibus
2508 1793 2623 1848 Ιιίιιο
2652 1792 2770 1849 sola
2802 1802 2885 1847 est
2918 1807 3079 1848 causa
3105 1792 3367 1848 nubendi,
3403 1791 3516 1847 Hoc
3546 1791 3709 1863 igitur
3735 1806 3837 1862 ορ-

526 1890 899 1963 ιη’ωιθιιάυηι,
931 1896 988 1945 et
1012 1887 1383 1944 excusandum
1418 1884 1753 1939 arbitrantur
1784 1882 1960 1936 n-tatis
1981 1878 2127 1935 calo-

517 2003 657 2054 rem,
677 1983 1043 2054 generationis
1065 1983 1281 2038 aﬁ'ectu.
1300 1980 1516 2049 Quanto
1530 1977 1699 2048 magis
1723 1976 1946 2033 senibus
1967 1989 2129 2045 agere

509 2090 676 2148 turpe
708 2087 827 2144 est,
862 2076 1008 2146 quod
1039 2074 1478 2131 adolescentibus
1509 2070 1686 2142 pudor
1726 2080 1810 2125 est
1835 2067 2128 2124 confiteri?

512 2173 824 2243 Quinetiam
857 2170 959 2243 ipsi
999 2170 1235 2241 juvenes
1256 2210 1271 2236 ,
1302 2167 1486 2223 sobria
1525 2166 1722 2220 timore
1748 2162 1935 2218 divino
1963 2158 2127 2216 corda

514 2267 609 2336 qui
641 2276 974 2336 temperant,
1008 2270 1261 2331 suscepta
1296 2260 1615 2332 plerumque
1646 2255 1841 2313 sobole
1866 2297 1881 2324 ,
1925 2269 2127 2311 renun-

518 2359 658 2413 tiant
684 2356 942 2425 oneribus
969 2353 1294 2424 iuventutis.

581 2450 677 2506 44.
719 2449 785 2504 Et
814 2448 941 2520 quid
966 2447 1165 2503 mirum
1194 2446 1261 2501 de
1283 2443 1615 2509 hominibus,
1650 2444 1694 2496 si
1718 2441 1955 2512 pecudes
1984 2456 2121 2511 quo-

510 2553 796 2616 quemuto
822 2543 1056 2613 quodam
1116 2556 1283 2611 opere
1343 2538 1638 2609 loquuntur
1690 2533 1989 2605 generandi
2024 2532 2125 2588 sibi

510 2638 774 2702 studium,
803 2650 911 2692 non
933 2633 1266 2690 desiderium
1289 2647 1413 2689 esse
1434 2628 1706 2686 coeundi?
1732 2628 2010 2698 Siquidem
2036 2625 2126 2681 ubi

514 2727 736 2786 setnelb
766 2741 988 2799 gravem
1039 2725 1230 2780 alvum
1291 2724 1394 2779 sibi
1438 2721 1715 2778 senserint
1762 2728 1817 2774 et
1852 2732 1873 2757 ι·
1904 2718 2126 2790 genitali

512 2836 648 2879 arvo
674 2836 866 2876 semen
900 2827 1206 2887 receptmn,
1229 2817 1342 2887 jatn
1372 2830 1473 2870 nec
1499 2812 1789 2870 concubitu
1824 2810 2124 2883 indulgent,

511 2932 615 2971 nec
645 2912 924 2969 lasciviam
947 2910 1200 2978 amantis,
1218 2908 1315 2966 sed
1342 2924 1525 2965 curam
1553 2908 1797 2979 parentis
1818 2916 2123 2961 assumunt.

513 3013 585 3065 At
631 3023 761 3065 vero
815 3007 1065 3062 homines
1115 3019 1220 3060 nec
1244 3002 1551 3072 conceptis,
1576 3016 1675 3056 nec
1707 3000 1820 3055 Deo
1852 3007 2079 3069 parcunt
2108 3015 2122 3049 -.

519 3090 1063 3165 illoscontaminant,
1105 3097 1251 3153 hunc
1299 3107 1650 3166 exasperant.
1712 3094 2026 3167 Priusquam
2080 3108 2129 3153 te

2233 1891 2508 1960 probrium
2534 1892 2851 1947 consolatur
2877 1893 2959 1947 sui
2990 1891 3198 1962 pudore
3240 1892 3534 1953 sublatum,
3568 1908 3635 1946 eo
3666 1891 3839 1960 pndo-

2232 1999 2312 2049 re,
2347 1994 2402 2037 ut
2432 1983 2565 2051 dixi,
2590 1983 2737 2054 quod
2763 1984 2997 2055 pudebat
3024 2000 3143 2041 eam
3171 1995 3399 2057 propter
3426 1993 3641 2041 mtatem
3666 1985 3839 2060 (52,11.

2229 2078 2357 2143 ‘2,c.
2394 2076 2649 2149 l’udar.).
2698 2078 2853 2136 Unde
2899 2078 3126 2151 intelligi
3180 2090 3357 2149 potest
3399 2080 3525 2150 quia
3569 2080 3681 2150 jam
3732 2096 3840 2136 non

2230 2172 2631 2229 conveniebant
2686 2174 2828 2230 inter
2877 2189 2938 2231 se
2985 2174 3275 2231 concubitu
3314 2173 3614 2246 conjugali;
3666 2189 3843 2245 neque

2231 2268 2375 2322 enim
2409 2282 2472 2323 ea
2506 2266 2523 2305 τ
2557 2283 2679 2338 qua:
2707 2268 2934 2324 senilem
2964 2283 3068 2323 non
3085 2268 3441 2323 erubesceret
3466 2268 3691 2333 coitum,
3718 2284 3842 2323 eru-

2231 2361 2476 2416 besceret
2502 2371 2752 2430 partum;
2782 2370 2837 2416 et
2856 2373 3034 2418 tamen
3067 2361 3346 2418 erubescit
3369 2376 3511 2418 onus
3554 2364 3819 2434 parentis,

2231 2454 2490 2524 quamdiu
2517 2455 2695 2511 nescit
2722 2456 3036 2527 mysterium
3058 2465 3083 2503 8
3110 2454 3411 2525 religionis.

2302 2548 2393 2603 ιθ.
2426 2546 2525 2602 Illa
2546 2563 2668 2617 qua:
2695 2548 3004 2603 occultabat
3030 2564 3109 2615 se,
3139 2547 3264 2619 quia
3296 2558 3624 2621 conceperat
3648 2548 3835 2617 lilium,

2230 2640 2442 2709 jactare
2462 2656 2521 2696 se
2560 2642 2728 2712 ctepit
2753 2641 2875 2709 quia
2904 2641 3204 2712 generabat
3243 2642 3589 2711 prophetam.
3621 2640 3691 2696 Et
3714 2656 3835 2711 qua:

2230 2732 2599 2787 erubescebat
2626 2731 3098 2797 ante,benedicit:
3140 2740 3194 2786 et
3220 2747 3341 2801 qua:
3366 2731 3648 2788 dubitabat
3689 2742 3838 2796 ante,

2233 2827 2505 2882 ﬁrmatur.
2539 2826 2677 2881 Ecce
2704 2826 2867 2893 enim,
2902 2826 3096 2897 inquit,
3129 2834 3187 2878 ut
3211 2841 3311 2880 uox
3350 2825 3687 2880 salutationis
3742 2835 3843 2879 tua:

2232 2922 2369 2989 facta
2401 2931 2475 2975 est
2502 2920 2561 2973 in
2583 2920 2795 2975 auribus
2816 2919 2964 2983 meis,
2995 2918 3271 2973 exsultauit
3292 2918 3345 2972 in
3366 2917 3562 2988 gaudio
3584 2918 3763 2988 infans
3789 2917 3842 2969 in

2232 3021 2377 3065 utero
2405 3028 2515 3066 meo
2536 3010 2692 3081 (Luc.
2727 3027 2763 3073 ι.
2795 3008 2887 3077 44,
2912 3008 3100 3080 infra).
3134 3008 3316 3080 itaque
3354 3024 3549 3079 magna
3581 3022 3713 3063 voce
3733 3006 3847 3062 cla-

2232 3105 2419 3170 mavit,
2452 3103 2542 3158 ubi
2576 3103 2789 3159 Domini
2814 3101 2984 3158 sensit
3009 3101 3301 3157 adventum
3330 3116 3345 3166 ;
3377 3098 3501 3170 quia
3529 3097 3842 3169 religiosunt

516 3198 713 3270 inquit,
744 3200 1023 3266 formarem
1050 3194 1104 3248 in
1126 3202 1293 3258 utero,
1325 3192 1441 3245 nam
1473 3200 1520 3244 te
1548 3207 1566 3244 :
1619 3198 1665 3244 et
1696 3190 1751 3244 in
1769 3190 1920 3245 vulva
1949 3193 2129 3249 matris
2157 3195 2203 3259 C
2235 3196 2467 3253 credidit
2498 3206 2731 3266 partum.
2765 3194 2922 3251 Nulla
2948 3192 3093 3251 enim
3121 3208 3285 3250 causa
3312 3201 3431 3248 erat
3462 3191 3704 3263 pudoris,
3752 3190 3842 3249 ttbi

509 3290 831 3360 sttnctt'ﬁcavi
872 3300 918 3342 te
946 3286 1167 3361 (larem.
1226 3301 1266 3351 I,
1298 3283 1382 3355 5).
1426 3283 1507 3339 Ad
1566 3283 1929 3339 cohibendum
1965 3294 2121 3355 petu-

512 3385 735 3441 lantiam
770 3392 940 3451 tuam,
974 3394 1165 3435 manus
1188 3378 1448 3450 quasdam
1483 3378 1558 3433 tui
1586 3377 1838 3433 Auctoris
1886 3378 1943 3434 iu
1972 3391 2126 3435 utero

589 3531 613 3557 ⁸
656 3521 815 3577 Rom.
843 3518 975 3574 edit.
1012 3524 1321 3570 revocantur
1350 3515 1412 3569 ab
1445 3530 1598 3585 opere
1624 3513 1947 3581 nuptiarum.
1981 3512 2130 3585 Optio

520 3611 609 3648 me
635 3633 650 3658 ,
687 3592 791 3648 nisi
827 3591 1052 3659 reliquae
1100 3599 1157 3643 et
1185 3587 1364 3641 cuncti
1397 3603 1527 3659 mss.
1561 3585 1946 3659 dissentirent.
1970 3585 2132 3641 Intel-

525 3657 845 3734 ligeigitur.
896 3657 1562 3734 reuocanturfaccre,hie
1600 3672 1697 3734 per
1752 3657 2130 3734 hellenismnm

517 3728 644 3807 poni
680 3728 1121 3807 pro,reuocantur
1146 3749 1175 3783 a
1206 3730 1467 3801 faciendo.
1528 3728 1681 3807 Quod
1733 3741 1912 3807 autem
1936 3729 2127 3807 eadem

517 3800 651 3861 edit.
679 3807 833 3860 llom.
866 3805 1157 3875 po~tduos
1187 3800 1376 3875 versus
1399 3800 1662 3875 reposuit.
1711 3802 1879 3875 wtatis
1930 3800 2123 3875 calore,

2232 3290 2511 3362 prophetae
2542 3298 2694 3345 ortus
2721 3288 2885 3356 datae,
2919 3304 3026 3344 non
3059 3286 3320 3357 affectatae
3347 3285 3508 3342 ﬁdem
3535 3284 3843 3357 generatio-

2234 3384 2319 3440 nis
2345 3380 2695 3439 adscisceret.

2238 3528 2317 3573 est
2348 3527 2588 3574 mentem
2614 3518 2906 3573 Ambrosio
2930 3517 3095 3574 fuisse
3118 3517 3257 3575 alias
3277 3517 3413 3573 duas
3443 3532 3657 3583 causas,
3709 3532 3844 3588 quas

2238 3591 2375 3659 proli
2407 3591 2713 3660 adiungunt
2741 3589 3005 3661 Theologi
3046 3600 3169 3661 post
3198 3590 3335 3659 Aug.
3372 3605 3568 3660 nempe
3596 3591 3755 3645 fidem
3787 3599 3844 3643 et

2234 3675 2656 3728 sacramentum,
2685 3660 2994 3717 excludere.
3052 3660 3361 3716 Prtesertim
3389 3676 3512 3716 cum
3564 3662 3700 3716 infra
3742 3676 3835 3716 ve-

2236 3748 2354 3786 rum
2378 3733 2685 3803 conjugium
2717 3732 2858 3786 inter
2874 3731 3092 3803 Mariam
3120 3750 3183 3787 ac
3223 3733 3423 3802 Joseph
3470 3734 3844 3788 intercessisse

2234 3802 2511 3875 defendat,
2543 3802 2665 3875 quae
2704 3806 2867 3858 etiam
2906 3802 3005 3858 fuit
3032 3804 3318 3875 Augustini
3361 3805 3627 3875 sententia
3678 3803 3767 3859 lib.
3806 3819 3846 3859 ιι

526 3872 880 3951 generationis
920 3874 1162 3951 affertnm
1192 3889 1211 3927 :
1265 3872 1369 3927 hoc
1408 3887 1517 3951 non
1567 3872 1746 3951 solum
1801 3872 1870 3925 ah
1918 3872 2041 3951 aliis
2071 3880 2128 3927 et
2225 3874 2306 3929 De
2335 3892 2598 3951 consensu
2614 3874 2818 3951 Erlang,
2850 3892 2973 3943 cap.
3004 3880 3067 3951 15
3095 3872 3185 3930 lib.
3220 3892 3355 3951 xsttt
3390 3885 3529 3951 cont,
3557 3874 3842 3951 Faustum,

520 3943 654 4006 mss.
678 3949 1218 4011 ommbusabhorret,
1236 3959 1424 3998 verum
1448 3943 1613 3998 etiam
1632 3943 1698 3996 ab
1722 3943 1972 3998 Auctoris
1998 3959 2125 3999 nos-

522 4024 590 4075 tri
637 4024 935 4087 sententia;
988 4016 1443 4090 quemadmodum
1497 4014 1670 4071 series
1722 4014 2012 4085 patefaciet
2042 4017 2123 4070 itt-

528 4095 717 4149 tttenti.

595 4164 622 4202 ι’
664 4164 883 4220 Gruucm
902 4164 1073 4218 alvum
1102 4160 1198 4215 sibi
1227 4159 1500 4227 senserint,
1525 4168 1593 4212 et.
1629 4157 1755 4213 Haec
1789 4158 1952 4215 verba
1974 4173 2124 4216 rese-

524 4246 717 4293 cantur
739 4235 946 4291 incdit.
982 4234 1139 4289 Rom.

600 4320 622 4347 ο
662 4308 864 4363 Omnes
910 4306 1043 4361 edit.
1083 4319 1149 4361 ac
1204 4320 1331 4359 mss.
1368 4318 1474 4355 non
1527 4302 1706 4371 pauci,
1746 4302 1959 4372 genitali
1985 4304 2122 4357 alvo.

524 4380 659 4435 Cod.
681 4381 843 4435 (λοι-ιι.
870 4388 925 4433 et
950 4378 1039 4432 alii
1064 4379 1269 4447 aliquot
1291 4372 1531 4429 melioris
1566 4384 1728 4431 notre.
1753 4374 2122 4446 genitaliarvo.

527 4452 751 4509 Melius:
782 4449 972 4505 eadem
992 4449 1193 4519 quippe
1250 4448 1569 4515 metaphora
1595 4459 1752 4499 usunt
1779 4447 1943 4499 etiam
1974 4460 2133 4516 repe-

525 4526 700 4579 rimus
735 4523 919 4592 Virgil.
949 4521 1041 4575 lib.
1070 4536 1129 4577 ιιι
1156 4519 1355 4592 Georg.

596 4592 621 4632 d
667 4594 743 4648 De
765 4587 988 4647 bonum“:
1014 4604 1150 4650 ortu,
1181 4589 1234 4646 in
1258 4587 1449 4646 eadem
1476 4588 1609 4645 edit.
1641 4587 1885 4644 deletum
1916 4596 2021 4644 est.

601 4679 624 4703 υ
668 4665 866 4731 Quibus
888 4665 998 4719 haec
1024 4663 1135 4717 sola
1166 4673 1239 4717 est
1266 4678 1425 4717 causa
1458 4659 1706 4715 nubendi.
1747 4660 1897 4723 Sola,
1956 4659 2134 4729 inquit

526 4737 718 4794 Glossa
750 4736 980 4801 Decreti,
1004 4736 1058 4788 id
1084 4744 1158 4789 est
1181 4735 1468 4803 praecipua.
1498 4732 1609 4789 Nec
1636 4748 1772 4788 sane
1801 4732 2131 4788 credendum

2228 3962 2347 4019 cap.
2366 3950 2432 4019 78,
2459 3958 2514 4002 et
2546 3947 2638 4001 lib.
2663 3946 2740 4001 De
2761 3946 2929 4016 Nupt.
2959 3956 3006 4001 et
3027 3946 3446 4018 Concupis.cap.
3474 3948 3563 4003 11.
3588 3948 3847 4019 Adiquo-

2227 4034 2334 4089 qne
2361 4018 2420 4073 Β.
2451 4018 2661 4073 ἸἸιο.ιιι
2687 4026 2825 4089 part.
2850 4028 3044 4089 qmest.
3070 4020 3162 4084 29,
3192 4020 3368 4084 art.2,
3400 4029 3453 4074 et
3491 4020 3649 4074 alios.
3677 4018 3847 4075 Forte

2230 4091 2393 4145 etiam
2423 4090 2725 4160 simplicius
2752 4090 3013 4159 explicari
3044 4092 3235 4157 possit,
3266 4091 3380 4145 sola
3425 4107 3601 4156 causa,
3654 4089 3847 4145 subin-

2230 4162 2549 4246 telligeudo,
2581 4170 2637 4215 ut
2667 4162 2980 4232 plurimum,
3013 4163 3066 4218 id
3091 4171 3195 4230 est,
3222 4177 3381 4218 causa
3404 4162 3639 4217 maxime
3688 4161 3848 4217 ordi-

2230 4250 2405 4290 naria.

2312 4305 2331 4344 ί
2374 4305 2501 4362 Mss.
2541 4304 2769 4377 aliquot,
2826 4322 2939 4375 qua:
2981 4306 3135 4361 anilis
3177 4316 3325 4375 esset,
3377 4322 3480 4360 non
3524 4305 3845 4362 erubesceret

2237 4377 2427 4432 coitum
2450 4394 2565 4432 cum
2592 4377 2909 4433 erubesceret
2931 4389 3157 4442 partum.

2313 4460 2338 4496 ε
2383 4449 2509 4504 Voci
2545 4450 2833 4520 religionis,
2873 4448 3023 4504 addit
3044 4448 3202 4505 Rom.
3227 4448 3360 4507 edit.
3394 4448 3460 4503 At
3490 4449 3578 4504 ubi
3605 4449 3660 4504 id
3689 4449 3846 4504 intel-

2240 4521 2385 4575 lexit.
2416 4522 2486 4575 Et
2508 4532 2627 4589 post
2656 4536 2821 4590 pauca
2846 4536 2945 4593 pro
2965 4521 3189 4577 vocibus
3232 4522 3358 4593 quia
3405 4525 3680 4592 generabat
3724 4538 3848 4593 pra-

2241 4595 2469 4717 ριιειαηι,
2496 4594 2713 4664 propria
2743 4592 3065 4649 auctoritate
3078 4592 3322 4665 reposuit
3345 4594 3465 4673 quia
3488 4592 3693 4666 gerebat
3722 4592 3847 4664 pro-

2244 4683 2275 4717 υ
2296 4676 2469 4717 telam.

2243 4676 2447 4735 pltetam
2458 4705 2469 4717 .

540 4859 3121 4902 ,____________________._________._.

1645 4976 1990 5060 LIBER
2064 4974 2714 5061 SECUNDUS.

533 5256 743 5331 1281
784 5248 966 5325 (Vcrs.
991 5249 1082 5313 26,
1117 5245 1239 5318 27.)
1270 5244 1469 5302 Eodem
1495 5250 1668 5298 autem
1696 5205 2138 5309 temporemissus
2167 5242 2215 5302 D
2241 5240 2532 5295 consilium
2567 5237 2661 5294 Dei
2692 5279 2707 5303 ,
2732 5236 2839 5331 sed
2879 5246 3065 5293 tamen
3126 5252 3194 5294 ex
3241 5240 3455 5293 caeteris
3498 5237 3656 5293 factis
3682 5244 3847 5309 atque

595 5362 669 5407 est
700 5348 925 5416 Angelus
947 5343 1151 5400 Gabriel
1179 5359 1210 5395 a
1234 5338 1457 5395 Domino
1488 5340 1541 5393 in
1578 5337 1835 5391 civitatem
1869 5333 2127 5397 Galilaeaz,

597 5445 681 5499 cui
707 5456 889 5497 nomen
926 5436 1207 5502 Nazareth,
1239 5435 1306 5488 ad
1346 5432 1609 5504 Virginem
1630 5430 1993 5496 desponsatam
2022 5430 2130 5483 viro

593 5539 675 5593 cui
705 5551 887 5591 nomen
920 5540 1029 5586 erat
1057 5529 1277 5600 Joseplt,
1325 5528 1389 5582 de
1436 5532 1587 5581 domo
1626 5524 1795 5580 Dauid
1830 5536 1919 5581 :et
1949 5541 2131 5579 nomen

602 5630 860 5704 Virginis,
894 5625 1090 5681 Maria.

588 5729 639 5782 i.
684 5726 880 5782 Latent
905 5719 1126 5793 quidem
1151 5717 1330 5775 divina
1354 5717 1637 5791 mysteria,
1667 5732 1769 5773 nec
1798 5716 1959 5772 facile
1980 5714 2135 5785 juxta

507 5819 897 5893 Propheticum
925 5813 1128 5871 dictum
1158 5812 1442 5885 quisquam
1470 5810 1750 5868 hominum
1774 5816 1952 5880 potest
1989 5807 2135 5866 scire

2242 5336 2527 5404 praereptis
2573 5331 2780 5388 domini
2822 5330 3091 5387 Salutaris
3135 5346 3421 5403 possumus
3454 5332 3761 5403 intelligere
3787 5342 3846 5387 et

2240 5429 2344 5483 hoc
2372 5426 2741 5498 perpensioris
2774 5426 2941 5481 fuisse
2969 5425 3209 5490 consilii,
3242 5425 3385 5496 quod
3406 5440 3469 5482 ea
3498 5426 3844 5495 potissimum

2241 5520 2414 5576 electa
2469 5529 2554 5576 est
2602 5529 2659 5575 ut
2705 5519 2996 5575 Dominum
3056 5527 3293 5589 pareret,
3331 5534 3451 5591 qu:e
3472 5527 3588 5574 erat
3611 5518 3846 5587 despon--

2243 5622 2359 5671 sata
2386 5613 2525 5669 viro.
2547 5612 2658 5669 Cur
2686 5622 2865 5669 autem
2915 5627 3022 5667 non
3049 5620 3338 5682 antequam
3396 5612 3843 5682 deSponsaretur,

2245 5709 2463 5780 impleta
2512 5709 2637 5765 est?
2677 5708 2935 5765 Fortasse
2984 5723 3053 5763 ne
3092 5706 3366 5763 diceretur
3393 5706 3537 5778 quod
3578 5721 3845 5776 concepe-

2243 5816 2327 5864 rat
2357 5821 2423 5865 ex
2443 5803 2728 5863 adulterio.
2762 5802 2831 5860 Et
2853 5802 2991 5861 bene
3021 5810 3310 5875 utrumque
3342 5799 3521 5874 posuit
3543 5800 3842 5873 Scriptura,
