4014 6468
101 421 306 479 1353
1181 423 1547 484 EXPOSITIO
1588 427 1844 486 EVANG.
1881 427 2030 486 SEC.
2076 428 2231 486 LUC.
2275 431 2404 488 LIB.
2429 432 2496 490 ll.
3349 440 3490 498 1554

95 548 176 591 ιιι
221 551 299 595 et
349 541 675 614 desponsata
715 552 882 611 esset,
931 554 985 599 et
1039 544 1188 614 virgo
1215 559 1234 598 :
1262 544 1437 616 virgo,
1495 553 1553 600 ut
1579 560 1773 616 expers
1804 558 1848 618 Α
1878 556 2047 612 retur,
2101 554 2163 603 ut
2207 565 2471 622 nusquam
2521 551 2858 611 divinitatem
2887 557 3164 626 propriam
3195 558 3481 616 fateretur.

98 631 343 688 Virilis
375 636 633 691 consortii
658 635 932 693 videretur
957 655 970 691 :
997 635 1346 708 desponsata,
1384 652 1450 693 ne
1496 647 1774 694 temerata!
1878 637 1983 693 Sed
2017 650 2197 696 tamen
2233 646 2402 714 magis
2431 643 2612 700 fefellit
2643 646 2940 716 principem
2973 651 3193 717 seculi;
3227 651 3482 708 diabolus

103 723 500 796 virginitatis
529 728 1100 796 adurereturinfamia,
1129 731 1212 785 cui
1243 731 1420 801 gravis
1453 732 1606 787 alvus
1643 747 1772 787 cor-
1872 736 2018 788 enim
2041 735 2142 790 etsi
2164 736 2452 807 aliquando
2482 739 2770 804 dubitavit,
2804 757 2927 798 cum
2960 743 3172 800 diceret
3200 763 3214 799 :
3245 745 3308 800 Si
3331 746 3478 815 ﬁlius

96 823 397 889 ruptelm
446 823 722 880 videretur
767 825 978 896 insigne
1025 825 1302 893 prmferre.
1364 825 1546 881 Maluit
1589 836 1770 881 autem
1872 821 1972 879 Dei
1999 842 2070 888 es,
2121 829 2261 880 mitte
2311 839 2359 882 te
2404 829 2643 885 deorsum
2672 833 2891 905 (Matth.
2931 851 3002 900 Iv,
3036 836 3092 904 6)
3120 853 3133 899 ;
3166 847 3344 892 tamen
3397 837 3487 892 vel

102 910 427 970 Dominus
449 915 662 986 aliquos
689 917 758 973 de
785 934 886 973 suo
917 929 1039 974 ortu
1071 919 1321 984 quamde
1342 921 1534 974 matris
1563 921 1772 990 pudore
1872 933 1998 973 sero
2019 921 2294 989 cognovit,
2327 933 2378 976 et
2410 923 2660 978 discessit
2683 926 2752 979 ab
2774 944 2859 980 eo.
2893 927 3274 999 Cognoveront
3298 930 3482 987 etdze-

96 1002 456 1074 dubitare;
479 1008 685 1064 sciebat
709 1010 852 1064 enim
884 1019 1124 1066 teneram
1161 1026 1280 1066 esse
1311 1021 1334 1047 η
1369 1012 1590 1080 virginis
1618 1028 1772 1068 vere—
1874 1027 2065 1066 mones
2093 1012 2458 1082 quidicebant
2488 1031 2507 1069 :
2535 1027 2556 1053 ο
2590 1015 2843 1071 Norimus
2885 1021 2973 1086 qui
3022 1021 3092 1074 sis
3140 1021 3266 1076 Jcsu
3313 1020 3485 1075 Filius

102 1102 444 1167 cundiam,
489 1113 543 1159 et
586 1102 850 1160 lubricam
878 1105 1074 1160 famam
1106 1105 1373 1174 pudoris:
1407 1121 1508 1161 nec
1563 1106 1772 1176 putavit
1871 1101 1990 1157 Dei.
2050 1105 2192 1170 Quid
2249 1107 2434 1160 venisti
2483 1118 2602 1162 ante
2647 1118 2845 1181 tempus
2877 1121 3114 1182 torquere
3135 1130 3228 1168 nos
3259 1111 3481 1185 (Matth.

99 1205 312 1248 ortus
340 1195 423 1250 sui
443 1194 605 1250 fidem
629 1201 818 1252 matris
839 1197 1047 1266 injuriis
1072 1196 1481 1253 adstruendam.
1504 1198 1772 1254 Servatur
1870 1211 1986 1262 vm,
2011 1197 2142 1269 9.9)?
2166 1199 2228 1253 Et
2255 1201 2379 1254 ideo
2408 1200 2626 1257 venisse
2673 1214 3068 1273 cognoverunt,
3115 1207 3236 1276 quia
3281 1222 3488 1278 praco-

109 1289 348 1362 imque
369 1301 572 1347 sancta:
596 1291 778 1347 Maria:
801 1293 938 1348 sicut
965 1291 1168 1364 pudore
1201 1292 1434 1364 integra,
1492 1293 1565 1349 ita
1594 1293 1771 1348 invio-
1870 1292 2083 1361 gnitun.
2117 1291 2391 1348 habebant
2431 1308 2554 1349 esse
2605 1302 2921 1351 venturum.
2967 1297 3250 1368 Principes
3298 1311 3485 1358 autem

109 1384 349 1440 labilis
398 1387 656 1457 opinione
701 1387 1012 1457 virginitas;
1069 1388 1278 1460 1282
1352 1396 1569 1458 Oportet
1621 1387 1766 1442 enim
1870 1386 2057 1440 saeculi
2083 1401 2188 1440 non
2217 1387 2562 1455 cognovisse,
2592 1405 2698 1458 quo
2733 1389 2940 1460 majore
2975 1405 3268 1461 possumus
3318 1408 3484 1464 quam

114 1486 389 1534 sanctos
420 1489 477 1536 et
503 1479 571 1534 ab
599 1479 682 1535 bis
721 1479 1088 1536 testimonium
1107 1479 1306 1534 habere
1333 1480 1423 1550 qui
1451 1478 1581 1534 foris
1607 1488 1766 1534 sunt:
1871 1478 2206 1546 Apostolicze
2237 1483 2526 1536 sententia:
2565 1483 2796 1553 probare
2841 1483 3211 1541 documento:
3242 1487 3303 1543 Si
3352 1489 3489 1544 enim

119 1585 254 1627 nec
279 1571 476 1628 decuit
496 1573 715 1628 sinistra
745 1571 1044 1644 virginibus
1071 1571 1326 1643 opinione
1349 1571 1653 1628 viventibus
1675 1586 1769 1628 ve-
1869 1573 2249 1644 cognovissent,
2281 1589 2544 1645 nunquam
2575 1573 2856 1630 Dominum
2878 1578 3164 1650 majestatis
3178 1579 3475 1650 cruciﬁxis-

125 1665 346 1722 Iamen
376 1667 741 1724 excusationis
781 1667 1039 1740 relinqui,
1078 1667 1223 1738 quod
1285 1665 1542 1723 infamata
1596 1675 1769 1723 mater
1867 1665 2014 1720 sent?
2045 1663 2362 1722 Daetnonum
2411 1668 2556 1724 enim
2622 1669 2828 1724 malitia
2876 1669 3036 1726 facile
3075 1673 3240 1728 etiam
3273 1674 3490 1727 occulta

120 1773 380 1831 quoque
400 1761 609 1816 Domini
642 1760 940 1818 videretur.
1221 1816 1223 1818 .
1869 1759 2280 1830 deprehendit:
2312 1772 2369 1818 at
2420 1778 2554 1818 vero
2604 1763 2695 1834 qui
2741 1765 3098 1821 saecularibus
3149 1766 3489 1822 vanitatibus

212 1851 282 1909 2.
327 1853 462 1922 Quid
492 1862 672 1910 autem
687 1854 912 1923 ιιιιάιυίε,
945 1855 1074 1926 quid
1103 1854 1302 1912 Herodi
1331 1866 1515 1926 posset
1541 1856 1762 1922 ascribi,
1870 1867 2227 1927 occupantur,
2262 1859 2406 1914 scire
2443 1857 2628 1913 divina
2656 1874 2763 1912 non
2792 1867 3039 1928 possunt.

119 1944 175 1998 si
210 1956 416 2002 natum
444 1947 760 2004 viderentur
780 1965 844 2004 ex
864 1948 1136 2004 adulterio
1155 1949 1763 2019 persecuti?Quemad-
1795 1947 1842 2008 B
1941 1951 1997 2005 4.
2037 1949 2182 2004 Bene
2225 1961 2406 2005 autem
2448 1950 2549 2005 sibi
2607 1949 2912 2006 diviserunt
2962 1949 3327 2021 Evangelistte
3355 1992 3370 2015 ,
3425 1961 3488 2005 ut

120 2038 376 2094 modum
407 2051 592 2096 autem
621 2041 736 2112 ipse
766 2041 973 2098 diceret
1001 2059 1014 2096 :
1045 2041 1170 2097 Non
1193 2043 1306 2098 veni
1334 2042 1523 2116 Legem
1548 2043 1763 2111 solvere,
1870 2050 2092 2097 sanctus
2122 2041 2407 2097 Matthteus
2433 2041 2640 2112 .loseph
2671 2042 2740 2098 ab
2766 2044 2962 2110 angelo
3011 2045 3227 2100 moneri
3261 2043 3492 2100 induce-

117 2131 234 2186 sed
271 2133 566 2202 adimplere
595 2134 809 2208 (Matth.
844 2152 898 2202 v,
933 2137 1022 2208 18)
1051 2153 1067 2202 ;
1097 2137 1142 2192 si
1174 2137 1452 2193 videretur
1479 2138 1714 2208 cmpisse
1735 2152 1765 2191 τι
1869 2145 1954 2190 ret
1975 2131 2001 2172 ιι
2029 2133 2248 2190 Mariam
2274 2135 2560 2205 conjugem
2579 2136 2830 2206 accipere
2854 2134 3069 2207 (Matth.
3089 2152 3130 2203 ι,
3151 2135 3246 2210 20)
3275 2154 3289 2191 :
3315 2136 3493 2192 Lucas

125 2227 323 2298 Legis
354 2228 576 2298 injuria,
606 2245 730 2284 cum
772 2241 962 2300 partus
987 2231 1225 2301 innuptae
1282 2231 1427 2303 Lege
1475 2230 1766 2287 damnetur
1871 2227 1979 2284 illic
2011 2229 2358 2300 Evangelista
2387 2229 2762 2284 teSIimonium
2789 2228 2959 2286 ferret
2986 2230 3131 2301 quod
3157 2247 3264 2286 non
3283 2245 3491 2286 conve-

122 2317 337 2390 (Deut.
366 2335 518 2387 χχιιι,
549 2321 638 2393 17)
667 2322 690 2376 '.'
720 2321 1030 2391 Quinetiam
1063 2323 1386 2393 locupletior
1417 2321 1570 2378 testis
1587 2323 1762 2394 pudo-

120 2413 213 2466 ris
249 2415 490 2468 maritus
516 2413 844 2480 adhibetur,
867 2414 958 2484 qui
992 2424 1178 2486 posset
1205 2425 1257 2470 et
1272 2414 1462 2471 dolere
1486 2415 1761 2487 injuriam,

120 2517 187 2563 et
223 2508 521 2565 vindicare
550 2511 929 2580 opprobrium,
963 2511 1007 2565 si
1065 2527 1172 2565 non
1218 2519 1539 2580 agnosceret
1579 2524 1763 2566 sacra-

120 2610 421 2657 mentum.
456 2601 592 2671 Quid
616 2604 760 2674 quod
792 2603 956 2659 etiam
990 2602 1126 2658 fides
1154 2603 1335 2658 Mariae
1358 2604 1539 2660 verbis
1589 2604 1763 2674 major

91 2739 96 2743 .
121 2694 506 2761 adsciscitur,
529 2706 586 2751 ct
617 2695 1063 2752 mendaciicausa
1098 2699 1446 2752 removetur?
1476 2697 1764 2754 Videretur

122 2790 296 2843 enim
341 2788 555 2860 culpam
579 2788 908 2844 obumbrare
947 2790 1184 2847 voluisse
1228 2790 1510 2845 mendacio
1539 2791 1760 2860 innupta

126 2895 465 2952 praegnans.
510 2879 740 2936 Causam
796 2891 977 2936 autem
1033 2881 1330 2936 mentiendi
1373 2879 1760 2952 indesponsata

129 2974 373 3037 habuit.
397 2973 724 3044 desponsata
778 2990 884 3030 non
926 2974 1150 3040 habuit;
1180 2988 1302 3029 cum
1351 2973 1586 3045 conjugii
1619 2989 1759 3044 pra:-

126 3068 322 3124 mium
352 3077 408 3122 et
437 3068 611 3136 gratia
643 3069 949 3137 nuptiarum
976 3077 1163 3139 partus
1183 3068 1252 3123 sit
1275 3067 1620 3123 feminarum.

208 3161 272 3217 3.
319 3158 439 3215 Non
468 3159 765 3217 mediocris
793 3176 1010 3232 quoque
1057 3175 1220 3217 causa
1255 3171 1360 3228 est,
1387 3172 1448 3216 ut
1479 3160 1761 3230 virginitas

128 3254 334 3310 Maria:
365 3253 580 3310 falleret
602 3255 904 3325 principem
929 3254 1114 3310 mundi
1142 3271 1156 3309 :
1185 3254 1279 3326 qui
1306 3269 1429 3310 cum
1460 3254 1760 3324 deSponsa-

1868 2320 2078 2376 nissent
2111 2339 2123 2375 :
2151 2323 2237 2377 hic
2268 2321 2382 2390 ipsa
2415 2321 2579 2377 Maria
2609 2321 2893 2388 fateretur,
2921 2337 3044 2378 cum
3076 2323 3210 2378 dicit
3231 2324 3432 2391 angelo
3467 2340 3482 2376 :

1871 2412 2139 2480 Quomodo
2161 2414 2249 2483 ﬁet
2279 2413 2439 2480 istud,
2471 2419 2722 2484 quoniam
2744 2415 2910 2468 virum
2939 2431 3043 2468 non
3072 2415 3289 2486 cognovi
3316 2413 3477 2487 (Luc.

1869 2523 1906 2570 ι,
1931 2504 2068 2576 34)?
2094 2506 2158 2560 Et
2183 2507 2299 2571 ipse
2320 2515 2545 2560 sanctus
2569 2504 2745 2561 Lucas
2775 2505 3040 2577 virginem
3073 2505 3376 2561 declaravit
3403 2507 3490 2562 di-

1866 2615 2000 2655 cens
2029 2616 2042 2653 :
2074 2597 2140 2652 Et
2171 2615 2356 2653 nomen
2390 2598 2626 2671 Virginis
2658 2598 2852 2654 Maria.
2881 2601 2948 2654 Et
2971 2599 3236 2670 propheta
3260 2599 3486 2656 edocuit

1866 2691 1955 2762 qui
1987 2695 2062 2744 ait
2093 2709 2106 2746 :
2139 2689 2275 2745 Ecce
2300 2692 2444 2762 virgo
2461 2692 2516 2746 in
2546 2701 2694 2746 utero
2709 2693 2929 2762 accipiet
2955 2691 3126 2765 (Esai.
3150 2707 3248 2760 vn,
3284 2693 3392 2764 14).
3415 2692 3488 2748 Et

1864 2783 2068 2853 Joseph
2102 2782 2432 2852 designavit,
2464 2785 2553 2854 qui
2582 2783 2839 2853 quoniam
2864 2794 3232 2854 praegnantem
3262 2784 3486 2839 videbat

1865 2891 2027 2946 quam
2054 2889 2160 2930 non
2192 2884 2546 2944 cognoverat,
2579 2874 2856 2930 dimittere.
2895 2877 3162 2946 geStiebat
3189 2875 3404 2946 (Matth.
3436 2893 3480 2942 ι,

1867 2967 1982 3036 l9).
2016 2965 2084 3021 Et
2113 2966 2373 3020 Dominus
2405 2966 2522 3034 ipse
2546 2967 2598 3020 in
2629 2981 2794 3022 cruce
2821 2969 3029 3036 positus
3080 2968 3472 3033 manifestavit,

1864 3074 1988 3114 cum
2013 3059 2150 3114 dixit
2178 3059 2337 3114 matri
2371 3057 2621 3126 :Mulier,
2651 3075 2766 3114 ecce
2795 3061 2935 3129 ﬁlius
2963 3070 3101 3114 tuus.
3128 3059 3328 3116 Deinde
3370 3065 3480 3118 dis-

1864 3153 2036 3224 cipulo
2065 3168 2084 3206 :
2107 3150 2240 3206 Ecce
2269 3161 2432 3206 mater
2479 3162 2566 3207 tua
2588 3151 2775 3224 (Joan.
2810 3168 2928 3220 snt,
2957 3151 3029 3208 26
3051 3163 3098 3207 et
3121 3153 3216 3224 27)
3240 3194 3260 3210 .
3295 3152 3475 3209 Etiam

1867 3263 2096 3312 uterque
2153 3257 2380 3302 testatus
2427 3257 2534 3314 est,
2572 3247 2880 3317 Discipulos
2906 3261 2959 3302 et
2986 3247 3177 3311 Mater,
3231 3247 3356 3318 quia
3395 3247 3481 3302 Ea:

129 3358 250 3402 tam
319 3347 436 3402 viro
481 3356 756 3416 cerneret,
809 3356 1022 3419 partum
1051 3363 1156 3404 non
1187 3349 1361 3420 potuit
1393 3348 1596 3404 habere
1632 3362 1753 3402 sus-
1778 3345 1823 3408 C
1857 3343 1950 3398 illa
1970 3343 2098 3397 hora
2125 3342 2345 3414 suscepit
2381 3359 2496 3397 eam
2523 3340 2832 3412 Discipulus
2865 3350 2888 3377 ο
2921 3343 2973 3396 in
2996 3358 3094 3396 sua
3125 3339 3318 3412 (Ibid,
3351 3339 3474 3412 27).

133 3452 395 3514 pectum.
421 3440 669 3498 Fallendi
702 3450 882 3499 autem
908 3443 1170 3512 principis
1213 3442 1402 3498 mundi
1429 3441 1598 3498 fuisse
1620 3455 1756 3497 con-

131 3535 364 3601 silium,
387 3535 557 3606 ipsius
595 3536 805 3590 Domitii
832 3537 994 3602 verba
1019 3535 1322 3599 declarant,
1366 3550 1490 3590 cum
1523 3533 1752 3603 apostoli

130 3628 719 3700 jubenturJacerejde
743 3629 964 3684 Christo
996 3626 1212 3701 (Matth.
1246 3643 1358 3694 xvt,
1388 3628 1508 3698 ΞΟ),
1544 3627 1755 3700 1283

133 3735 268 3778 cum
301 3721 476 3776 sanati
521 3721 880 3793 prohibentur
908 3720 1129 3792 gloriari
1155 3721 1222 3776 de
1264 3721 1504 3778 remedio
1533 3721 1750 3794 (Matth.

136 3831 260 3879 vm,
293 3813 373 3886 4),
388 3830 510 3870 cum
534 3816 812 3872 dmmoues
841 3815 1228 3886 prmcipiuntur
1249 3815 1453 3872 silere”
1468 3816 1536 3871 de
1553 3815 1646 3871 Dei
1663 3815 1748 3870 Fi-

137 3908 216 3964 lio
237 3907 396 3981 (Luc.
432 3923 505 3973 tv,
563 3909 680 3976 55).
709 3907 978 3976 Fallendi,
1004 3920 1060 3962 ut
1088 3908 1228 3974 dixi,
1275 3908 1533 3978 principis
1562 3907 1744 3962 mundi

141 3999 322 4056 fuisse
392 4000 680 4056 consilium
753 4001 916 4056 etiam
968 4003 1267 4069 Apostolus
1313 4001 1617 4057 declaravit
1667 3999 1749 4055 di-

139 4110 277 4150 cens
305 4113 318 4148 :
347 4095 453 4150 Sed
499 4094 758 4160 loquimur
804 4095 900 4150 Dei
928 4097 1240 4167 sapientiam
1279 4097 1335 4150 in
1365 4097 1606 4165 mysterio
1633 4097 1746 4148 abs.

143 4190 503 4243 conditam...
529 4206 683 4260 quam
737 4207 886 4244 nemo
917 4191 1214 4262 principum
1258 4190 1410 4242 istius
1462 4187 1638 4242 steculi
1665 4204 1751 4242 co-

141 4282 346 4355 gnovit.
371 4282 432 4335 Si
459 4285 596 4336 enim
623 4285 996 4357 cognovissent,
1024 4299 1306 4350 numquam
1337 4281 1610 4335 Dominum
1633 4297 1748 4334 ma-

131 4373 350 4447 jestatis
367 4373 744 4442 cruci/ixissent
775 4372 819 4445 (l
847 4372 968 4427 Cor.
1004 4388 1063 4436 ιι,
1096 4373 1126 4428 7
1158 4383 1204 4426 ct
1226 4373 1307 4442 8),
1341 4371 1442 4427 boc
1471 4383 1750 4436 est,uum-

121 4480 309 4534 .quam
340 4481 428 4520 me
467 4465 658 4520 redimi
717 4465 928 4520 Domini
976 4474 1153 4520 morte
1207 4465 1480 4522 fecissent.
1535 4463 1750 4520 Fefellit

145 4573 276 4629 ergo
309 4573 407 4627 pro
434 4557 614 4623 nobis,
649 4556 840 4612 fefellit
865 4558 1203 4624 utvinceret,
1251 4557 1746 4615 fefellitdiabolum

143 4664 267 4706 cum
297 4657 620 4718 tentaretur,
645 4665 769 4706 cum
794 4661 1100 4722 rogaretur,
1132 4666 1256 4706 cum
1285 4652 1378 4708 Dei
1406 4649 1571 4708 Filius
1598 4653 1747 4710 dice-

1855 3436 2056 3509 Utique
2083 3437 2129 3493 si
2157 3437 2530 3501 convenisset,
2580 3449 2855 3504 nunquam
2884 3433 3058 3489 virum
3082 3433 3360 3506 proprium
3390 3449 3479 3490 re-

1855 3531 2126 3602 liquisset,
2154 3546 2255 3584 nec
2278 3530 2363 3584 vir
2387 3545 2508 3584 eam
2535 3528 2716 3600 justus
2748 3543 2942 3598 passus
2970 3540 3115 3585 esset
3143 3546 3172 3584 a
3206 3545 3266 3585 se
3295 3529 3475 3584 disce-

1854 3627 2003 3683 dere.
2037 3625 2322 3694 Quomodo
2348 3635 2528 3681 autem
2555 3625 2814 3679 Dominus
2844 3624 3138 3680 divortium
3173 3625 3471 3696 praecepis-

1856 3728 1962 3788 set,
1993 3735 2117 3776 cum
2151 3719 2319 3790 ipsius
2347 3719 2420 3774 sit
2447 3717 2741 3783 sententia,
2799 3718 2924 3788 quia
2979 3733 3141 3773 nemo
3180 3718 3459 3774 dimittere

1854 3818 2018 3873 debet
2060 3831 2288 3872 uxorem
2322 3856 2338 3882 ,
2377 3825 2609 3883 excepta
2639 3829 2803 3868 causa
2837 3813 3210 3871 fornicationis
3242 3813 3465 3886 (Matth.

1856 3908 2086 3980 v,52)?

1928 4004 1984 4057 5.
2030 4001 2269 4056 Pulchre
2295 4009 2476 4054 autem
2510 3998 2626 4070 (27.
2652 4008 2837 4067 quam.
2879 3999 2940 4065 2,
2979 4018 3026 4054 c.
3063 4002 3218 4069 Quod
3263 4012 3463 4068 autem,

1861 4095 1889 4165 ᾗ
1921 4093 2053 4149 Item
2075 4095 2117 4147 si
2139 4091 2408 4164 conjuges)
2431 4091 2614 4146 docuit
2643 4101 2865 4146 sanctus
2913 4092 3202 4148 Mattbazus
3229 4093 3357 4164 quid
3389 4093 3469 4148 fa-

1857 4202 1984 4241 cere
2011 4184 2206 4240 debeat
2231 4185 2433 4252 justus,
2462 4183 2551 4252 qui
2585 4183 2844 4252 probrum
2876 4185 3125 4256 conjugis
3153 4185 3463 4256 deprehen-

1827 4279 2017 4345 derit,
2047 4289 2104 4332 ut
2130 4277 2473 4333 incruentum
2497 4277 2566 4333 ab
2595 4276 2913 4344 homicidio,
2942 4289 3153 4334 castum
3201 4281 3270 4334 ab
3299 4277 3458 4335 adul-

1855 4373 1992 4430 terio
2016 4382 2272 4444 prmstare
2293 4387 2352 4427 se
2374 4370 2570 4427 debeat
2601 4385 2615 4422 :
2645 4367 2749 4434 Qui
2779 4370 2928 4425 enim
2971 4373 3309 4444 coniungitur
3353 4389 3462 4427 me-

1850 4468 2044 4532 retrici,
2069 4483 2228 4522 unum
2250 4483 2436 4538 corpus
2462 4477 2536 4523 est
2557 4469 2602 4538 (Ι
2632 4459 2766 4524 Cor.
2800 4478 2877 4529 v1,
2925 4463 3041 4536 i6).
3080 4465 3222 4537 Ergo
3263 4465 3461 4537 ubique

1852 4561 1907 4616 in
1928 4558 2130 4628 Joseph
2151 4559 2284 4629 justi
2305 4561 2478 4630 gratia
2503 4571 2557 4616 et
2592 4574 2825 4631 persona
2865 4567 3134 4622 servatur,
3191 4567 3250 4612 ut
3305 4557 3464 4613 testis

1852 4661 2116 4717 ornetur;
2146 4667 2209 4707 os
2255 4653 2400 4708 enim
2430 4652 2562 4723 justi
2591 4651 2936 4709 mendacium
2967 4651 3164 4717 nescit,
3189 4659 3244 4706 et
3270 4649 3460 4721 lingua

126 4802 134 4809 ’
219 4822 244 4849 ιι
295 4810 516 4880 Virginis
545 4810 928 4876 verecundiam,
956 4823 1146 4865 vocem
1199 4809 1442 4864 ultimam
1485 4808 2042 4880 expuuxitDetiam,
2089 4823 2193 4861 non
2249 4810 2620 4878 cognovissent,
2671 4811 2768 4864 hoc
2817 4809 2948 4875 ipsa.
3007 4806 3278 4863 Cmterum
3321 4807 3458 4865 edit.

150 4882 304 4937 Rom.
333 4884 467 4938 edit.

136 4968 140 4976 ’
218 4975 243 5014 b
287 4976 442 5031 Rom.
469 4975 600 5030 edit.
631 4977 858 5030 vocibus
910 4975 1116 5046 aliquot
1159 4975 1421 5030 resecatis
1452 4976 1523 5029 ita
1546 4973 1749 5045 posuit,

151 5048 212 5102 de
236 5047 329 5102 Dei
357 5046 501 5102 Filio
530 5065 548 5102 :
571 5049 710 5118 quod
735 5048 891 5102 etiam
922 5046 1201 5119 Apostolus
1231 5047 1535 5110 declaravit,
1567 5055 1674 5100 etc.

223 5153 244 5180 ε
282 5140 484 5196 Omnes
512 5140 668 5207 edit.,
707 5139 959 5194 Nouimus
987 5150 1054 5204 te,
1079 5141 1202 5210 quia
1223 5155 1276 5192 es
1304 5137 1461 5210 Jesus
1509 5137 1602 5192 Dei
1632 5136 1749 5210 iFi-

152 5214 265 5268 lius.
323 5212 450 5268 Mss.
503 5227 658 5277 vero,
719 5209 973 5266 Nouimus
1011 5214 1097 5282 qui
1123 5213 1194 5266 sis
1219 5211 1346 5265 Iesu
1382 5209 1573 5282 Filius
1614 5209 1750 5266 Dei:

148 5285 332 5354 paucis
363 5287 626 5354 exceptis,
661 5298 892 5351 quorum
924 5280 1268 5346 alii‘habent,
1301 5281 1414 5348 quis
1443 5281 1515 5335 sis
1543 5280 1698 5336 Iesus
1728 5300 1746 5347 ;

155 5357 262 5423 alii,
285 5360 420 5427 quod
438 5358 530 5420 sis,
557 5368 665 5411 etc.

221 5447 246 5485 ιι
284 5448 357 5503 Ita
390 5457 499 5502 vet.
524 5448 738 5503 edit.ac
770 5445 1018 5518 plerique
1040 5462 1172 5500 mss.
1202 5454 1430 5512 excepto
1446 5444 1590 5516 quod
1613 5445 1745 5500 edit.

155 5521 421 5584 omittunt,
452 5521 586 5584 illic,
611 5534 742 5574 mss.
772 5517 982 5580 autem.
1007 5519 1260 5590 accipere.
1289 5517 1634 5590 Quidamialii
1673 5518 1748 5572 le-

157 5603 298 5657 gunt,
347 5592 637 5658 induceret,
683 5608 747 5646 ne
787 5591 1067 5644 dimitteret
1101 5588 1344 5655 Mariam,
1379 5599 1483 5643 ctc.
1523 5588 1748 5652 Unicus,

156 5664 434 5719 induceret.
471 5663 656 5717 Marica
685 5662 855 5715 Lucas
877 5661 989 5713 illic
1009 5663 1356 5713 testimonium
1389 5664 1568 5730 ferret.
1598 5660 1752 5725 Quod

161 5750 254 5806 non
274 5735 627 5806 cognovissent
659 5737 679 5802 (
710 5734 994 5806 Matthzcus
1019 5741 1072 5806 et
1121 5730 1296 5806 Lucas
1326 5731 1620 5806 videlicet)
1653 5730 1750 5784 hoc

159 5805 265 5874 ipsa
291 5803 464 5860 Maria
497 5808 767 5877 fateretur.
822 5805 994 5870 Quam
1058 5803 1345 5877 lectionem
1396 5803 1751 5877 vehementer

160 5873 830 5950 hitspicamur'germnuam
862 5886 1095 5950 esseaet
1125 5873 1485 5950 potissimum,
1524 5873 1668 5950 quod
1693 5875 1744 5930 in

167 5942 353 6017 aliqum
383 5942 666 6019 mssfpro,
699 5962 797 6000 non
829 5942 1202 6010 convenissent,
1261 5942 1345 5999 hic.
1367 5944 1502 6012 ipsa,
1538 5942 1745 6014 legatur

1857 4878 2019 4932 Rom.
2051 4887 2221 4932 tntum
2245 4880 2422 4935 larum
2447 4883 2746 4938 etltendare
2773 4892 2966 4936 cauata
2992 4890 3076 4935 est
3131 4882 3233 4934 Itoc
3275 4891 3459 4950 pacto,

1859 4950 2146 5028 induceret,
2179 4967 2243 5005 ne
2276 4950 2503 5028 Mariam
2532 4957 2801 5028 coiijugem
2824 4955 3020 5028 timeret
3050 4952 3283 5020 accipere
3301 4967 3462 5028 ;_q_u_o

1857 5021 2205 5095 testimonium
2259 5027 2416 5094 [erret
2469 5021 2760 5095 quod'non
2786 5023 3174 5080 convenissent:
3210 5022 3346 5094 quod
3375 5023 3463 5077 hic

1853 5094 1985 5164 ipsa,
2010 5101 2114 5147 etc.

1931 5173 1966 5239 ξ·-
1997 5164 2123 5239 Mss.
2156 5166 2418 5228 nonnulli.
2451 5181 2513 5222 ac
2545 5177 2834 5239 postremm
2851 5167 3169 5224 Paris.edit.
3204 5168 3257 5221 in
3286 5181 3456 5221 suam.

1855 5233 2146 5308 Reliqtti__ct
2169 5252 2297 5291 mss.
2324 5247 2379 5291 et
2399 5239 2528 5295 edit.
2546 5233 2674 5293 cum
2702 5239 2871 5294 sacris
2895 5239 3019 5293 cod.
3047 5239 3101 5291 in
3129 5255 3246 5301 sua,
3281 5253 3460 5308 grzrce

1857 5311 1927 5369 si:
1951 5304 2154 5382 citata
2176 5351 2190 5371 .
2219 5308 2270 5361 id
2303 5319 2386 5382 est
2433 5312 2486 5382 in
2517 5311 2749 5382 propria.
2783 5311 2895 5364 sive
2947 5312 2998 5382 in
3028 5325 3110 5364 res
3148 5304 3458 5382 suasisive,

1859 5390 1915 5432 ut
1954 5379 2042 5431 alii
2074 5380 2279 5445 Volunt,
2329 5380 2382 5435 in
2424 5379 2760 5435 domicilium
2793 5399 2806 5435 :
2837 5396 2939 5444 qua
2967 5380 3035 5434 de
3065 5396 3124 5435 re
3151 5379 3456 5436 \‘iterllill.

1858 5449 2064 5504 Estium
2093 5447 2147 5502 iu
2175 5453 2361 5505 eznlem
2395 5459 2578 5508 verba.
2599 5451 2754 5518 Quod
2778 5467 2906 5506 vero
2939 5451 3136 5506 Doctor
3162 5463 3344 5506 uoster
3374 5449 3438 5504 af
3445 5483 3462 5494 -

1857 5521 2029 5596 ﬁrmat
2056 5518 2352 5588 Josepbnm
2386 5535 2627 5596 tempore
2657 5523 2926 5594 [laSSiOltiS
2973 5521 3314 5596 etiamtunc
3363 5538 3456 5596 su-

1856 5590 2433 5666 perSIiti-mgxtitnssf.
2460 5590 2513 5666 in
2545 5590 2890 5666 bor'quidem
2922 5595 3194 5666 consentit
3227 5608 3353 5666 cum
3391 5593 3452 5666 ll.

1852 5665 1986 5735 Cypt
2003 5662 2126 5717 iano
2150 5663 2335 5735 'l’r-ict.
2366 5663 2446 5720 De
2473 5662 2724 5719 I’assione
2772 5666 2987 5722 Domini
3012 5680 3032 5720 :
3061 5664 3158 5717 Sed
3209 5662 3459 5735 dissentit

1853 5734 1924 5788 ab
1957 5735 2150 5802 Epipb.
2194 5734 2420 5790 lberi-si.
2453 5737 2543 5798 78,
2577 5752 2727 5791 num.
2762 5740 2854 5801 10,
2891 5753 3053 5804 quem
3113 5734 3451 5804 l‘l‘Cl'ltliDl’es

1852 5809 2024 5876 magis
2071 5807 2405 5875 sequendum
2442 5803 3094 5862 existimarunt.Consule
3121 5803 3287 5876 card.
3326 5803 3446 5858 Bar.

1952 5875 2168 5932 Caunum
2195 5877 2394 5933 Christi
2433 5879 2519 5944 12,
2555 5894 2702 5934 num.
2737 5877 2803 5936 9:
2837 5877 3064 5942 Estium,
3098 5876 3218 5928 loco
3243 5875 3364 5936 cit.,
3394 5877 3450 5926 et

1849 5956 1875 5998 tt
1905 5961 2006 5998 ml.

1848 5949 2006 6002 alios.
