4156 6346
551 370 691 430 1555

1913 364 2162 425 SANCTI
2201 365 2526 424 AMBROSII

3720 368 3860 426 12.56

543 490 663 562 ejus
693 491 933 563 loquitur
955 491 1244 562 judicium,
1289 489 1554 562 judicium
1599 492 1716 561 ejus
1746 491 1988 562 loquitur
2010 491 2150 546 veri-
2176 494 2226 553 Α
2255 491 2432 557 batur,
2481 503 2600 560 qute
2630 500 2892 559 nusquam
2939 486 3076 542 lecta
3110 496 3214 554 est,
3267 500 3529 558 nusquam
3562 498 3683 543 ante
3709 503 3861 544 com-

550 595 736 639 tatem.
778 585 888 639 Nec
921 593 972 640 te
999 596 1212 639 moveat
1242 586 1383 653 quod
1412 584 1724 656 frequenter
1765 584 1981 658 1285.
2007 582 2152 639 Scri-

546 685 703 747 ptura
728 677 1009 747 conjugem
1043 677 1205 742 dicit;
1235 691 1340 730 nou
1369 679 1514 732 enim
1540 679 1868 742 virginitatis
1917 677 2147 744 ereptio,

544 771 638 826 sed
666 770 902 838 coniugii
934 769 1266 835 testiﬁcatio,
1300 771 1608 838 nuptiarum
1642 769 1940 825 celebratio
1970 767 2154 824 decla-

549 875 722 918 ratur.
760 862 1001 930 Denique
1031 879 1189 933 quam
1217 879 1321 917 non
1355 863 1584 932 accepit,
1621 878 1781 919 nemo
1807 861 2027 918 dimittit
2057 878 2072 928 ;
2099 870 2154 917 et

550 957 674 1013 ideo
706 959 796 1026 qui
829 957 1043 1013 volebat
1070 957 1369 1023 dimittere,
1404 957 1671 1011 fatebatur
1701 964 2003 1026 acceptam.

621 1051 674 1106 6.
718 1049 893 1107 Simul
918 1053 1082 1106 etiam
1119 1065 1340 1106 movere
1367 1066 1472 1105 non
1498 1050 1658 1107 debet
1701 1049 1844 1121 quod
1873 1049 1949 1104 ait
1981 1049 2156 1104 Evan-

545 1144 770 1214 gellsta:
806 1143 924 1199 Non
947 1145 1184 1217 cognovit
1212 1160 1346 1210 eam,
1379 1145 1539 1199 donec
1571 1144 1769 1215 peperit
1799 1142 1964 1212 ﬁlium
1987 1141 2147 1209 (Mat.

548 1251 592 1303 ι,
623 1237 908 1309 95);illud
960 1239 1105 1292 enim
1157 1237 1242 1292 vel
1291 1238 1488 1293 idioma
1543 1237 1838 1307 Scriptura:
1868 1245 1970 1302 est,
2014 1236 2158 1291 sicut

546 1331 715 1387 habes
736 1332 867 1386 alibi
900 1351 912 1386 :
938 1331 1008 1384 Et
1032 1332 1192 1387 donec
1221 1333 1520 1398 senescatis,
1547 1349 1641 1404 ego
1668 1347 1778 1384 sum
1813 1328 1986 1402 (Esai.
2009 1345 2155 1398 XLVI,

548 1425 626 1497 4).
654 1425 922 1496 Numquid
956 1434 1079 1497 post
1111 1427 1327 1481 illorum
1369 1434 1703 1481 senectutem
1740 1426 1882 1480 Deus
1912 1439 2035 1480 esse
2063 1424 2160 1480 de-

539 1505 720 1573 sivit?
749 1517 815 1571 Et
840 1516 894 1572 in
922 1517 1165 1572 Psalmo:
1190 1517 1336 1573 Dixit
1359 1513 1617 1574 Dominus
1643 1516 1864 1572 Domino
1884 1533 1994 1572 meo
2020 1533 2038 1571 :
2063 1517 2161 1572 Se-

552 1609 616 1662 de
637 1626 668 1661 a
687 1609 880 1664 dextris
898 1613 1022 1664 meis
1048 1627 1066 1666 :
1090 1611 1250 1666 donec
1276 1627 1468 1684 ponam
1509 1611 1748 1664 inimicos
1794 1619 1932 1674 tuos,
1966 1610 2163 1665 scabel-

552 1703 660 1754 lum
711 1703 900 1772 pedum
949 1702 1354 1774 luorum(Psal.
1398 1719 1516 1770 cur,
1563 1701 1638 1774 1).
1676 1702 1944 1774 Numquid
1978 1715 2161 1773 postea

553 1809 659 1849 non
688 1795 935 1850 sedebit?
965 1796 1061 1851 Vel
1091 1797 1348 1868 quoniam
1372 1797 1464 1868 qui
1494 1810 1711 1851 causam
1742 1796 1872 1867 agit,
1898 1796 2030 1851 satis
2064 1811 2162 1867 pu-

2253 597 2425 656 perta.
2457 584 2569 640 Soli
2614 583 2796 639 Maria:
2843 583 2960 639 ha-c
3009 581 3267 637 salutatio
3315 583 3651 638 servabatur.
3713 581 3861 641 Bene

2253 679 2396 734 enim
2421 679 2536 733 sola
2569 678 2737 747 gratia
2773 677 2926 745 plena
2951 675 3168 739 dicitur,
3192 691 3315 746 qua:
3361 676 3476 732 sola
3505 675 3861 749 128501-

2255 773 2382 828 tiam
2432 787 2594 842 quam
2646 770 2790 825 nulla
2839 770 2939 824 alia
2996 779 3294 835 meruerat,
3341 777 3632 825 consecuta
3657 779 3759 831 est.
3793 778 3854 827 ut

2255 868 2442 939 gratia!
2470 867 2774 934 repleretur
2795 875 3039 921 auctore.
3069 863 3096 903 ιι
3131 865 3496 922 Erubescebat
3515 880 3648 934 ergo
3670 865 3861 935 Maria,

2255 959 2612 1016 erubescebat
2639 958 2802 1012 etiam
2833 956 3144 1023 Eiizabeth;
3203 965 3254 1012 et
3315 957 3435 1011 ideo
3471 971 3865 1027 cognoscamus

2257 1054 2382 1125 quid
2417 1053 2630 1108 intersit
2655 1053 2797 1107 inter
2829 1052 3070 1108 mulieris
3099 1061 3153 1107 et
3184 1051 3410 1123 virginis
3455 1052 3865 1111 verecundiam.

2257 1145 2348 1201 illa
2377 1144 2445 1201 de
2476 1159 2640 1200 causa
2669 1144 3052 1209 erubescebat,
3087 1139 3205 1200 hate
3225 1157 3323 1214 per
3348 1144 3730 1200 verecundiam
3763 1162 3778 1200 :
3807 1146 3866 1202 in

2259 1239 2483 1294 muliere
2498 1237 2690 1294 modus
2719 1237 2942 1308 pudoris
2969 1237 3280 1305 adhibetur,
3313 1237 3368 1292 in
3400 1239 3610 1310 virgine
3637 1239 3865 1310 pudoris

2259 1343 2485 1403 augetur
2504 1331 2696 1401 gratia.

2335 1423 2524 1496 (V’ers.
2556 1419 2661 1488 30,
2689 1423 2752 1478 5i
2779 1463 2794 1490 ,
2829 1419 2959 1493 32.)
3000 1421 3068 1478 Et
3097 1425 3170 1478 ait
3203 1421 3422 1497 angelos
3465 1425 3534 1478 ad
3580 1436 3692 1478 eam
3725 1443 3744 1483 :
3780 1425 3867 1482 Ne

2264 1516 2466 1580 timeas,
2496 1513 2700 1579 Maria,
2729 1515 2971 1570 invenisti
2999 1515 3139 1570 enim
3159 1515 3387 1586 gratiam
3415 1516 3561 1585 apud
3583 1515 3783 1583 Deum,
3817 1526 3870 1572 et

2263 1624 2377 1664 ecce
2399 1609 2659 1679 concipiss
2687 1608 2740 1662 in
2768 1618 2934 1674 utero,
2962 1618 3008 1663 et
3035 1607 3208 1680 paries
3232 1609 3425 1680 filium,
3457 1619 3503 1665 et
3535 1610 3740 1666 vocabis
3765 1627 3867 1666 no-

2264 1721 2379 1759 men
2402 1707 2513 1777 ejus
2539 1703 2738 1758 Jesum.
2766 1701 2872 1757 llic
2893 1703 2988 1758 erit
3012 1719 3252 1776 magnus.

2343 1795 2428 1851 l0.
2473 1796 2683 1850 Dictum
2729 1805 2815 1850 est
2842 1794 3060 1866 quidem
3093 1797 3260 1852 etiam
3297 1797 3367 1854 de
3406 1795 3622 1855 Joanne
3669 1799 3742 1855 ab
3768 1816 3868 1857 an-

556 1896 635 1942 tat
657 1885 803 1957 quod
841 1903 1018 1944 causa:
1047 1902 1128 1946 est
1155 1893 1361 1958 dicere,
1390 1890 1744 1946 redundantia
1777 1905 1884 1944 non
1914 1891 2159 1962 requirit;
2193 1891 2240 1952 B
2269 1892 2411 1959 gelo,
2442 1892 2566 1961 quia
2598 1891 2694 1944 erit
2723 1906 2947 1962 magnus
2980 1889 3136 1962 (Luc.
3168 1905 3214 1957 t,
3250 1890 3342 1961 15)
3376 1909 3390 1947 :
3436 1891 3534 1947 sed
3580 1893 3671 1948 ille
3711 1893 3869 1965 quasi

556 1981 689 2036 satis
714 1981 862 2036 enim
893 1991 976 2037 est
1007 1983 1056 2038 ei
1089 1993 1145 2036 ut
1165 1997 1386 2037 causam
1428 1993 1736 2054 susceptam
1767 1991 2000 2046 astruat,
2033 1981 2167 2036 inci-

555 2075 775 2131 dentem
804 2077 1036 2133 dill’erat.
1088 2071 1156 2133 Et
1184 2077 1307 2133 ideo
1333 2078 1424 2148 qui
1457 2077 1848 2134 lucarnationis
1880 2079 2166 2146 incorrup-

559 2178 670 2222 tum
699 2179 1014 2239 susceperat
1043 2169 1274 2236 probare
1299 2169 1640 2242 mysterium,
1671 2186 1776 2224 non
1808 2170 2015 2240 putavit
2037 2172 2168 2226 ube-

556 2266 670 2321 rius
703 2267 1138 2336 prosequendum
1166 2267 1497 2339 virginitatis
1527 2267 1706 2323 Mariae
1759 2268 2165 2337 testimonium;

564 2375 632 2415 ne
663 2359 924 2416 defensor
967 2364 1138 2433 magis
1174 2361 1434 2434 Virginis,
1459 2377 1619 2434 quam
1663 2374 1903 2418 assertor
1923 2363 2168 2436 mysterii

563 2451 903 2508 Crederetur.
931 2452 1093 2510 Certe
1109 2456 1328 2525 quando
1354 2455 1559 2526 justum
1584 2456 1766 2511 docuit
1786 2455 2012 2528 Joscph,
2035 2457 2168 2514 satis

558 2545 860 2601 declaravit
911 2547 1054 2617 quod
1105 2551 1275 2604 sancti
1319 2550 1556 2619 Spiritus
1603 2550 1891 2620 templum,
1953 2559 2167 2607 uterum

561 2641 830 2713 mystcrii,
865 2654 1092 2700 matrem
1128 2644 1341 2700 Domini
1370 2645 1575 2700 violare
1604 2660 1708 2699 non
1755 2645 1946 2714 potuit.

633 2731 684 2790 7.
727 2736 1028 2792 Didicimus
1094 2737 1294 2794 seriem
1341 2738 1611 2802 veritatis,
1653 2737 1944 2793 didicimus
1990 2740 2170 2795 consi-

555 2828 686 2883 lium
721 2847 736 2884 :
769 2830 1040 2886 di~camus
1065 2842 1117 2886 et
1151 2833 1490 2903 mysterium.
1528 2831 1674 2888 Bene
1695 2831 2044 2902 desponsata,
2073 2832 2169 2888 sed

559 2921 744 2992 virgo;
772 2925 896 2992 quia
923 2932 1007 2978 est
1037 2923 1295 2978 Ecclesia:
1324 2935 1505 2995 typus,
1539 2939 1658 2995 qua:
1676 2931 1760 2978 est
1799 2925 2166 2992 immaculata,

560 3015 653 3070 sed
686 3027 872 3084 nupta.
927 3014 1189 3086 Concepit
1226 3031 1325 3071 nos
1357 3019 1508 3084 virgo
1535 3017 1603 3071 de
1635 3016 1864 3086 Spiritu,
1901 3019 2048 3086 parit
2072 3033 2170 3072 nos

560 3106 712 3173 virgo
742 3107 860 3163 sine
878 3110 1102 3177 gemitu.
1158 3106 1226 3162 Et
1255 3107 1375 3163 ideo
1409 3107 1640 3163 fortasse
1666 3120 1853 3162 sancta
1883 3108 2048 3162 Maria
2074 3109 2171 3163 alii

561 3212 747 3269 nupta,
772 3204 841 3255 ab
866 3203 974 3257 alio
997 3204 1232 3272 repleta;
1264 3201 1388 3270 quia
1421 3211 1477 3256 et
1499 3199 1730 3270 singula:
1757 3200 2022 3256 Ecclesiae
2049 3202 2171 3270 Spi-

2272 1985 2438 2040 homo
2478 1999 2727 2055 magnus,
2761 1984 2850 2040 hic
2877 1994 3057 2040 autem
3091 1986 3244 2056 quasi
3278 1986 3421 2042 Deus
3451 2001 3713 2058 magnus;
3749 1987 3870 2045 Ma-

2267 2095 2397 2150 gnus
2427 2079 2569 2132 enim
2604 2077 2859 2134 Dominus
2887 2122 2900 2144 ,
2935 2090 2981 2134 et
3010 2079 3294 2136 laudabilis
3321 2081 3477 2135 nimis
3497 2124 3513 2150 ,
3562 2092 3610 2137 et
3659 2084 3865 2152 magni-

2269 2173 2464 2227 tudinis
2493 2176 2606 2247 ejus
2628 2189 2730 2226 non
2759 2182 2832 2227 est
2863 2174 2985 2244 ﬁnis
3013 2171 3184 2243 (Psut.
3220 2187 3400 2242 cxuv,
3430 2173 3514 2243 5).
3547 2176 3609 2232 Et
3635 2191 3762 2235 vere
3781 2187 3870 2236 est

2271 2263 2362 2319 ille
2392 2279 2651 2334 magnus;
2705 2267 2829 2333 quia
2878 2267 3046 2338 major
3069 2267 3369 2321 internatas
3413 2268 3695 2324 mulierum
3745 2285 3868 2340 pre-

2271 2361 2425 2430 pheta
2453 2357 2662 2415 Joanne
2686 2355 2921 2432 Baptista
2949 2377 3097 2416 nemo
3128 2371 3202 2416 est
3233 2361 3383 2434 (Luc.
3412 2375 3485 2418 vlt
3503 2403 3518 2429 ,
3547 2363 3660 2434 28).
3694 2365 3869 2424 Habet

2273 2463 2454 2509 tamen
2485 2453 2779 2524 majorem;
2813 2455 2936 2525 quia
2985 2456 3072 2523 qui
3117 2455 3285 2510 minor
3327 2465 3400 2511 est
3439 2457 3494 2510 in
3542 2471 3703 2530 regno
3727 2457 3866 2529 Dei,

2271 2551 2443 2622 major
2467 2557 2540 2603 est
2570 2548 2665 2602 illo
2695 2547 2911 2621 (υἱώ).
2963 2547 3187 2620 Magnus
3230 2557 3410 2604 autem
3455 2549 3723 2618 Joannes;
3771 2552 3868 2610 sed

2272 2655 2457 2696 coram
2490 2640 2722 2696 Domino
2747 2651 2772 2680 ο
2804 2655 3054 2711 magnus.
3101 2641 3168 2696 Et
3206 2639 3446 2697 Joannes
3493 2643 3678 2699 vinum
3715 2653 3769 2700 et
3796 2645 3872 2701 si-

2273 2749 2455 2791 ceram
2485 2750 2591 2789 non
2626 2733 2796 2801 bibit,
2828 2735 2916 2789 hic
2936 2749 3059 2791 cum
3087 2736 3392 2808 publicanis
3415 2746 3471 2793 et
3498 2740 3870 2808 peccatoribus

2276 2829 2569 2885 manducat
2597 2838 2652 2884 et
2683 2827 2837 2884 bibit.
2863 2827 2960 2885 ille
2985 2829 3316 2885 abstinentia
3351 2832 3604 2887 meritum
3628 2833 3871 2905 colligat,

2273 2924 2358 2978 cui
2391 2925 2630 2994 potentia
2663 2924 2809 2978 nulla
2842 2935 3080 2978 naturae:
3109 2922 3363 2979 Christus
3383 2937 3567 2981 autem
3599 2927 3689 2983 cui
3719 2926 3746 2964 ά
3771 2943 3872 2982 na-

2276 3017 2522 3071 turaliter
2553 3016 2880 3086 suppetebat
2904 3015 3102 3070 delicta
3146 3014 3355 3072 donare
3377 3057 3391 3084 ,
3435 3029 3536 3073 cur
3563 3032 3658 3074 eos
3702 3019 3874 3075 decil-

2277 3119 2452 3176 narct,
2478 3123 2616 3179 quos
2646 3109 3050 3164 abstinentibus
3073 3118 3285 3179 poterat
3302 3120 3564 3181 prmstare
3591 3113 3871 3170 meliores.

2351 3201 2436 3256 ll.
2479 3199 2651 3255 Simul
2690 3201 2922 3270 mystice
2967 3215 3075 3255 non
3107 3199 3436 3272 dedignatur
3461 3218 3652 3258 eorum
3684 3203 3874 3261 convi-

565 3291 668 3346 ritu
697 3291 913 3363 quidem
939 3295 1220 3362 replentur
1260 3302 1314 3348 et
1345 3293 1514 3363 gratia
1545 3300 1607 3357 ;n
1636 3291 1940 3362 junguntur
1980 3299 2164 3346 tamen
2193 3287 2238 3349 C
2273 3294 2418 3348 vium
2447 3334 2461 3357 ,
2509 3293 2706 3364 quibus
2751 3293 2978 3347 daturus
3007 3302 3095 3348 est
3136 3304 3560 3351 sacramentum.
3605 3296 3706 3352 ilic
3741 3313 3873 3368 ergo

565 3384 632 3439 ad
657 3386 971 3456 temporalis
1000 3388 1240 3457 speciem
1271 3386 1591 3442 sacerdotis.

634 3479 814 3549 (Vers.
837 3481 929 3546 28,
961 3482 1052 3537 ΞΕ).
1081 3481 1099 3552 )
1144 3480 1207 3534 Et
1237 3483 1497 3551 ingressus
1521 3480 1590 3534 ad
1611 3495 1724 3534 eam
1761 3482 1974 3552 angelus
1996 3482 2128 3537 dixit
2155 3500 2174 3539 :

564 3577 667 3632 Ave
690 3623 704 3638 .
735 3580 904 3649 gratia
935 3577 1108 3646 plena,
1159 3576 1414 3631 Dominus
1460 3585 1644 3642 tecum,
1672 3575 1937 3631 benedicta
1965 3587 2019 3630 tu
2041 3577 2174 3631 inter

561 3673 822 3728 mulieres.
850 3669 975 3740 Ipsa
1006 3681 1177 3726 autem
1200 3682 1256 3726 ut
1286 3672 1411 3725 vidit
1442 3687 1580 3737 eum,
1622 3675 1763 3723 mota
1794 3679 1866 3724 est
1892 3669 1944 3723 in
1964 3670 2176 3724 introitu

563 3765 697 3838 ejus.

635 3864 689 3914 8.
735 3857 891 3914 Disce
915 3857 1173 3928 virginem
1202 3855 1466 3923 moribus,
1519 3854 1668 3908 disce
1722 3851 1986 3923 virginem
2020 3866 2175 3908 vere-

560 3951 781 4019 cundia,
810 3951 961 4006 disce
987 3951 1251 4022 virginem
1283 3948 1525 4013 oraculo,
1551 3946 1700 4000 disce
1729 3941 2006 4016 mysterio.
2039 3942 2174 4001 Tre-

559 4045 748 4116 pidare
773 4047 1038 4116 virginum
1062 4053 1164 4110 est,
1201 4051 1256 4097 et
1281 4041 1346 4095 ad
1370 4055 1558 4096 omnes
1603 4039 1705 4094 viri
1764 4038 2044 4108 ingressus
2073 4053 2168 4107 pa-

563 4150 714 4203 vere,
749 4151 942 4193 omnes
988 4136 1088 4190 viri
1141 4133 1335 4189 allatus
1384 4133 1580 4188 vereri.
1645 4131 1865 4186 Discant
1912 4131 2170 4188 mulieres

559 4232 898 4303 propositum
951 4230 1174 4302 pudoris
1225 4229 1447 4284 imitari.
1509 4227 1634 4284 Sola
1687 4229 1738 4281 in
1773 4225 2164 4297 penetralibus,

559 4329 717 4397 (manu
750 4339 910 4380 nemo
933 4323 1174 4378 virorum
1219 4321 1451 4385 videret,
1510 4320 1657 4374 solus
1697 4319 1927 4388 angelus
1958 4322 2166 4389 reperi-

558 4429 641 4474 ret
675 4438 688 4474 :
717 4419 831 4474 stula
855 4417 972 4474 sine
997 4419 1214 4480 comite,
1244 4417 1358 4472 sola
1387 4417 1508 4470 sine
1538 4423 1708 4478 teste;
1753 4429 1821 4468 ne
1846 4427 1954 4484 quo
2001 4415 2166 4485 dege-

561 4511 677 4567 neri
711 4513 1103 4583 depravaretur
1124 4510 1308 4581 aliato,
1350 4513 1419 4567 ab
1449 4507 1646 4578 angelo
1661 4505 1948 4562 salutatur.
1983 4507 2160 4577 Disce,

559 4599 738 4674 virgo,
763 4609 1051 4662 verborum
1106 4606 1279 4660 vitare
1327 4602 1604 4660 lasciviam
1638 4617 1652 4656 :
1684 4601 1847 4658 Maria
1879 4601 2042 4658 etiam
2074 4617 2164 4660 sa-

557 4704 872 4758 lutationem
903 4701 1076 4772 angeli
1108 4703 1415 4757 verebatur.

2277 3387 2593 3450 manducat,
2629 3387 2720 3441 ille
2745 3387 2954 3456 jejunat
2986 3404 3000 3440 :
3047 3396 3070 3424 ο
3101 3388 3383 3459 utriusque
3416 3389 3599 3460 populi
3628 3399 3790 3461 typus
3819 3393 3872 3448 in

2276 3481 2372 3535 illo
2399 3479 2638 3551 jejunat,
2676 3481 2729 3534 in
2763 3479 2864 3535 hoc
2896 3483 3159 3552 pascitur.
3207 3481 3314 3537 Sed
3343 3481 3608 3552 jejunavit
3632 3493 3687 3540 et
3713 3485 3875 3539 Chri-

2277 3581 2395 3629 stus
2416 3612 2433 3638 ,
2466 3587 2535 3627 ne
2580 3570 2598 3610 ί
2637 3582 2970 3643 ιπωςεριιιῐη
3002 3572 3306 3629 declinares
3341 3592 3353 3628 :
3381 3575 3724 3631 manducavit
3750 3592 3874 3634 cum

2280 3666 2660 3737 peccatoribus
2687 3707 2701 3733 ,
2729 3676 2788 3720 ut
2811 3663 3043 3738 gratiam
3093 3682 3351 3724 cerneres
3376 3710 3391 3736 ,
3425 3683 3755 3741 agnosceres
3779 3685 3876 3742 pu-

2282 3769 2554 3815 testatem.
2587 3759 2810 3831 Magnus
2831 3776 2962 3831 ergo
2991 3770 3046 3816 et
3064 3761 3322 3830 Joannes,
3359 3763 3454 3818 sed
3482 3763 3645 3833 hujus
3667 3770 3878 3838 magni-

2277 3854 2406 3907 tudo
2441 3853 2603 3909 habet
2645 3853 2967 3924 principium
2995 3896 3008 3920 ,
3045 3854 3213 3910 habet
3246 3854 3443 3910 linem:
3477 3857 3743 3914 Dominus
3774 3876 3875 3917 auo

2275 3954 2382 4001 tem
2431 3946 2588 4002 Jesus
2622 3946 2764 4000 idem
2812 3956 2894 4002 est
2944 3948 3066 4002 linis
3102 3958 3268 4020 atque
3313 3948 3636 4020 principium
3663 3995 3677 4018 ,
3729 3953 3874 4011 idem

2277 4044 2484 4113 primus
2528 4049 2584 4097 et
2625 4041 2952 4096 novissimus
2979 4041 3032 4114 (I
3075 4041 3208 4096 Tim.
3256 4058 3341 4111 v1,
3375 4041 3504 4113 16).
3551 4042 3694 4100 Nihil
3747 4057 3876 4105 ante

2273 4138 2529 4208 primum,
2561 4136 2694 4191 nihil
2727 4136 2865 4190 ultra
2899 4137 3272 4192 novissimum.

2345 4227 2434 4284 12.
2477 4227 2665 4300 Neque
2687 4239 2740 4283 te
2764 4229 3143 4299 generationis
3171 4228 3423 4286 humanas
3447 4232 3791 4288 consuetudo
3816 4233 3870 4290 in

2275 4322 2466 4376 vitium
2502 4323 2700 4388 trahat,
2730 4331 2788 4376 ut
2814 4330 2974 4391 putes
3002 4336 3110 4376 non
3137 4322 3370 4392 primum
3393 4337 3539 4390 esse,
3570 4325 3695 4395 quia
3725 4325 3872 4383 illius

2271 4424 2375 4471 est.
2413 4415 2653 4486 Sequere
2683 4415 3026 4485 Scripturas,
3069 4423 3127 4468 ut
3151 4429 3337 4471 errare
3365 4430 3471 4472 non
3505 4419 3704 4488 possis.
3747 4418 3872 4474 Pri-

2270 4521 2390 4563 mus
2423 4507 2590 4562 Filius
2620 4506 2835 4564 dicitur.
2881 4508 3110 4564 Lectum
3154 4517 3238 4563 est
3266 4509 3431 4564 etiam
3461 4509 3586 4578 quia
3619 4519 3674 4565 et
3713 4511 3869 4570 solus

2268 4603 2450 4668 Pater,
2480 4603 2566 4670 qui
2596 4600 2758 4657 Solus
2785 4602 2935 4657 habet
2967 4603 3409 4657 immortalitatem
3430 4645 3444 4668 ,
3489 4614 3536 4658 et
3577 4607 3741 4659 lucem
3773 4607 3869 4660 Ita-

2266 4698 2390 4751 bitat
2410 4694 2816 4749 inaccessibilem
2834 4713 2852 4761 ;
2883 4695 3022 4749 sicut
3047 4694 3222 4764 legisti
3251 4716 3262 4751 :
3295 4695 3361 4749 Et
3382 4697 3663 4751 immortali
3691 4699 3870 4764 soli...

626 4795 755 4852 Erat
772 4754 1190 4866 tamenfinquit,
1235 4797 1486 4867 cogitans,
1536 4797 1706 4866 qualis
1733 4808 1860 4855 esset
1883 4798 1991 4853 hac
2017 4796 2160 4850 salu-
2183 4754 2237 4815 υ
2266 4786 2378 4844 Deo
2402 4785 2459 4860 (1
2486 4785 2620 4842 Tim.
2655 4802 2702 4854 ι,
2731 4786 2820 4858 i7)
2856 4804 2869 4839 :
2901 4786 3000 4842 sed
3029 4802 3206 4857 neque
3232 4787 3436 4857 primus
3465 4797 3592 4844 ante
3618 4787 3864 4858 Patrem,

555 4890 700 4944 tatio.

624 4981 679 5036 9.
724 4977 791 5035 Et
822 4978 946 5034 ideo
977 4991 1098 5032 cum
1158 4977 1528 5048 verecundia;
1564 4979 1689 5051 quia
1723 4979 1950 5051 pavebat
1984 4997 1996 5033 :
2028 4993 2152 5033 cum

548 5074 867 5145 prudentia;
897 5070 1017 5142 quia
1044 5068 1442 5127 benedictionis
1464 5088 1656 5128 novam
1686 5070 1974 5127 ferundam
1990 5071 2153 5126 mira-

617 5219 644 5250 ⁸
682 5209 758 5268 Ita
800 5210 933 5279 edit.
993 5215 1108 5264 ant.
1155 5220 1209 5264 et
1265 5209 1505 5279 potiores
1547 5224 1677 5265 mss.
1707 5207 1866 5265 Rom.
1901 5215 2155 5264 autemet

550 5283 670 5338 Vat.
704 5281 853 5344 c0d.,
885 5271 1190 5350 Iunguntur
1217 5271 1385 5354 tamen
1418 5281 1692 5354 temporali
1721 5283 1789 5335 ad
1812 5282 2154 5354 specientsa-

543 5357 761 5410 cerdoti.
821 5353 1162 5423 Ῐὶιτιίιμιῆν...Δ
1191 5352 1258 5405 ad
1314 5352 1561 5420 temporis
1615 5355 1838 5423 speciem
1867 5352 2150 5419 sacerdoti,

540 5427 648 5492 vel,
681 5421 984 5480 sacerdotis.
1017 5421 1333 5479 Lectionem
1358 5439 1487 5478 vero
1510 5421 1751 5479 nostram
1790 5428 2151 5489 interpretare

542 5500 645 5554 hoc
672 5513 857 5560 sensu,
883 5493 1138 5550 sacerdoti
1165 5497 1386 5551 exterius
1430 5498 1702 5566 npparcnti
1720 5497 2036 5570 junguntur.

614 5608 644 5647 δ
685 5611 782 5665 llic
830 5619 1144 5680 sequentem
1177 5602 1460 5679 Evangelii
1489 5617 1694 5665 textum
1746 5619 1954 5681 ponunt
2006 5623 2147 5665 non-

549 5684 677 5739 nulli
707 5699 838 5737 mss.
873 5683 968 5735 sed
1001 5697 1107 5734 non
1140 5681 1526 5750 ﬂlliitllliaSillli.

618 5791 640 5852 ὲ
673 5778 825 5852 Quod
855 5777 959 5834 hoc
982 5778 1102 5832 loco
1124 5775 1326 5848 legitur
1350 5778 1556 5852 incdit.
1580 5768 1766 5837 Ῐὶοηι..
1795 5777 2019 5852 Magnus
2041 5778 2147 5852 hic,

543 5851 634 5906 sed
663 5847 957 5908 Dominus.
995 5847 1259 5918 optimam
1297 5850 1513 5920 quidem
1548 5867 1767 5906 sensum
1807 5847 2004 5918 eili'eit,
2049 5851 2144 5909 sed

538 5921 685 5986 nulla
716 5921 825 5982 alia
857 5919 990 5986 edit.
1021 5925 1104 5979 vel
1128 5937 1262 5982 mss.
1292 5923 1672 5987 conﬁrmatur.

2267 4899 2442 4954 neque
2471 4883 2622 4937 solus
2651 4881 2770 4935 sine
2807 4879 2967 4935 Filio.
2997 4880 3052 4935 Si
3083 4880 3309 4936 alterum
3340 4897 3504 4952 negas
3529 4923 3543 4950 ,
3573 4892 3596 4928 8
3627 4882 3862 4941 alterum

2262 4974 2484 5042 astruis,
2519 4984 2816 5044 utrumque
2843 4987 3071 5044 sequere
3091 5013 3106 5040 ,
3137 4982 3194 5030 et
3224 4981 3514 5045 utrumque
3541 4974 3859 5035 conﬁrmas.

2260 5069 2378 5125 Non
2410 5067 2548 5123 dixit
2588 5084 2602 5121 :
2633 5066 2749 5137 Ego
2786 5067 2958 5136 prior,
3003 5076 3058 5122 et
3095 5082 3197 5137 ego
3227 5069 3533 5138 posterior,
3569 5068 3665 5125 sed
3697 5088 3709 5124 :
3743 5071 3859 5143 Ego

2328 5203 2353 5243 ἀ
2400 5205 2760 5269 Naturaliter,
2791 5204 3045 5261 nimirum
3086 5205 3155 5264 ad
3198 5207 3568 5266 ministrorum
3598 5208 3859 5271 diﬂ‘eren—

2258 5279 2383 5333 tiam
2418 5275 2782 5333 indicandam.

2324 5361 2354 5433 ,ο
2373 5349 2525 5433 ωδε.
2555 5348 2761 5419 aliquot
2789 5363 2896 5402 non
2931 5347 3130 5404 inﬁma:
3159 5359 3302 5406 nota:
3327 5393 3341 5417 ,
3368 5353 3632 5424 utriusque
3669 5357 3855 5427 populi

2253 5431 2488 5476 spiritus.

2410 5441 2437 5472 il
2478 5461 2488 5475 α

2281 5441 2616 5547 ρ’ἶιδιῗδρτνει
2645 5498 2974 5560 praeceptum
2997 5491 3210 5564 jejuni],
3235 5506 3300 5550 ac
3325 5493 3442 5566 ejus
3463 5495 3851 5566 obligatinttem

2255 5565 2760 5635 nnvunrinventum
2792 5579 3129 5635 uequaqmm
3155 5580 3276 5620 esse
3307 5563 3365 5620 in
3397 5563 3657 5622 Ecclesia.

2328 5645 2352 5681 ε
2398 5633 2540 5689 lidit.
2574 5635 2796 5688 Atnerh.
2828 5645 2881 5688 et
2913 5633 3035 5690 Era.
3061 5679 3074 5703 ,
3109 5635 3340 5691 Alterum
3367 5639 3605 5691 destruis.
3632 5635 3761 5694 Gill.
3797 5649 3852 5698 ct

2251 5706 2411 5761 R'sm.
2455 5722 2575 5778 cum
2622 5704 2901 5774 potissima
2929 5716 3081 5778 parte
3122 5723 3291 5775 tuss.,
3330 5709 3558 5763 Alterum
3595 5710 3846 5768 adstruis.

2256 5778 2504 5850 iieliqui,
2539 5775 2767 5830 Alterttttt
2815 5775 3208 5850 non'adstruis.
3258 5777 3323 5835 Et
3366 5795 3554 5836 rursus
3601 5777 3848 5848 nonnulli

2249 5848 2468 5935 habent,
2501 5861 2545 5906 et
2574 5862 2849 5935 utrumque
2873 5848 3145 5930 conﬁrma.
3171 5852 3278 5919 Sed
3305 5863 3446 5920 totus
3469 5854 3621 5922 locus
3650 5851 3845 5925 obscu.

2246 5930 2405 5984 ritate
2428 5937 2534 5982 nou
2559 5930 2728 5984 caret.
