4156 6346
372 335 513 395 1557

1362 334 1726 397 EXPOSITIO
1766 332 2021 394 EVANG.
2068 330 2215 394 ΒΕΘ.
2258 331 2419 395 LUC.
2458 336 2591 396 LIB.
2632 336 2699 396 Il.

3530 338 3679 435 issi

368 456 605 525 primus,
635 462 685 512 et
709 470 805 528 ego
830 454 1141 514 novissimus
1175 456 1372 530 (Apoc.
1405 470 1458 523 ι,
1485 446 1551 512 17
1586 464 1634 511 et
1663 468 1815 522 uti,
1848 450 1969 527 i3).
1997 453 2052 517 Α
2079 448 2205 507 dicit
2236 451 2517 510 Dominum
2539 449 2726 511 Iesum
2748 498 2764 525 ,
2808 457 2913 513 nisi
2940 457 2994 514 in
3028 452 3234 532 Spiritu
3258 466 3441 521 sancto
3469 465 3522 538 (ι
3554 466 3676 524 Cor.

367 548 591 606 Primus
615 560 697 607 est
721 551 925 618 Filius,
968 560 1025 608 et
1053 550 1177 608 ideo
1223 560 1566 617 coaeternus;
1617 547 1781 605 habet
1823 550 1967 605 enim

369 641 622 707 Patrem,
664 658 788 698 cum
818 658 926 715 quo
961 640 1032 699 sit
1072 654 1333 701 retentus.
1368 640 1559 698 Audeo
1594 641 1800 698 dicere.
1848 638 1970 696 Pri-

366 749 491 789 mus
522 747 609 790 est
635 735 838 802 Filius,
866 736 961 792 sed
992 735 1148 792 solus
1177 753 1285 792 non
1324 728 1438 801 est;
1473 746 1528 789 et
1549 733 1693 790 bene
1722 733 1845 790 dico
1867 776 1883 802 ,
1918 745 1973 791 et

364 826 631 900 religiose
655 828 801 884 dico.
832 828 973 896 Quid
1001 829 1213 900 erigitis
1257 829 1325 883 ad
1372 827 1710 899 impietatem
1733 870 1749 895 ,
1797 829 1972 883 haere-

365 924 491 992 tici,
549 928 753 984 aures?
799 927 855 982 in
907 926 1135 998 laqueos
1182 942 1320 999 quos
1369 925 1636 993 tenditis,
1677 925 1965 981 incidistis.

365 1018 585 1075 Primus
627 1029 711 1075 est
742 1018 913 1075 Filius
938 1062 953 1088 ,
984 1028 1040 1075 et
1084 1018 1233 1075 solus
1264 1035 1371 1075 non
1403 1029 1487 1074 est
1519 1036 1533 1072 :
1566 1017 1778 1090 primus
1798 1061 1813 1085 ,
1845 1019 1970 1090 quia

362 1125 487 1166 cum
524 1112 690 1168 Patre
716 1128 938 1183 semper
966 1130 980 1167 :
1009 1113 1158 1169 Solus
1198 1129 1304 1168 non
1346 1120 1459 1178 est;
1489 1111 1618 1179 quia
1660 1112 1780 1166 sine
1810 1110 1972 1166 Patre

360 1219 670 1275 numquam
701 1215 805 1261 est.
838 1206 954 1261 Non
986 1222 1087 1277 ego
1113 1205 1216 1262 hoc
1245 1206 1391 1272 dico,
1424 1204 1519 1261 sed
1544 1205 1660 1275 ipse
1686 1204 1825 1259 dixit
1857 1220 1871 1257 :
1900 1199 1971 1258 Et

361 1313 464 1350 non
491 1314 614 1351 sum
633 1300 799 1363 solus,
828 1299 952 1369 quia
985 1296 1143 1353 Pater
1160 1314 1358 1353 mecura
1386 1307 1463 1353 est
1496 1294 1679 1369 (Joan.
1708 1312 1819 1360 xvx,
1851 1292 1967 1369 52).

360 1387 529 1445 Solus
561 1389 747 1456 Pater,
780 1391 904 1460 quia
935 1407 1076 1446 unus
1106 1390 1251 1447 Deus
1274 1409 1287 1445 :
1313 1390 1461 1446 solus
1493 1390 1675 1457 Pater,
1705 1390 1828 1461 quia
1851 1391 1969 1446 sola

359 1480 623 1538 divinitas
661 1482 878 1556 1286
905 1483 1084 1539 Patris
1114 1491 1170 1539 et
1216 1483 1337 1539 Filii
1382 1494 1438 1539 et
1478 1482 1714 1555 Spiritus
1750 1484 1965 1540 sancti:

358 1580 414 1629 et
441 1574 594 1644 quod
643 1590 808 1629 unum
854 1583 968 1640 est,
1003 1574 1179 1630 solum
1225 1586 1329 1631 est.
1372 1573 1539 1631 Solus
1580 1574 1773 1645 Pater,
1818 1576 1969 1633 solus

360 1665 693 1737 linigenitus
714 1708 730 1734 ,
773 1668 927 1723 solus
957 1676 1011 1724 et
1037 1666 1275 1738 Spiritus
1314 1676 1569 1736 sanctus;
1611 1684 1790 1740 neque
1821 1670 1967 1728 enim

356 1760 447 1830 qui
480 1758 662 1815 Filius
687 1803 702 1827 ,
744 1768 799 1817 et
826 1762 988 1817 Pater
1018 1779 1033 1816 ε
1064 1769 1160 1817 aut
1187 1765 1278 1833 qui
1306 1760 1506 1829 Pater,
1537 1769 1596 1818 et
1625 1761 1799 1819 Filius
1828 1780 1841 1817 :
1873 1773 1968 1820 aut

2076 561 2149 600 xu
2172 587 2188 613 ,
2223 545 2302 617 5).
2330 544 2576 619 Ahyssos
2605 549 2864 621 opinione
2908 550 2954 607 si
2985 564 3273 625 penetres,
3312 557 3427 614 illic.
3457 575 3677 631 quoque

2072 635 2258 693 Jesum
2288 636 2499 695 videbis
2525 642 2777 711 operari;
2808 642 3078 714 scriptum
3104 656 3185 702 est
3204 650 3348 704 enim
3377 668 3390 705 :
3418 648 3502 706 Ne
3530 649 3678 707 dixe-

2071 729 2147 784 ris
2169 732 2226 784 in
2252 731 2409 785 corde
2442 740 2531 787 tuo
2557 747 2577 787 :
2603 733 2729 802 Quis
2751 736 2983 791 ascendit
3007 738 3062 792 in
3094 737 3317 796 caelum?
3338 741 3396 796 id
3421 754 3493 797 est
3520 740 3676 800 Chri-

2072 832 2209 878 stum
2230 821 2487 879 deducere
2509 840 2529 880 :
2553 836 2642 880 aut
2668 828 2783 897 quis
2804 826 3069 884 descendit
3090 831 3147 886 in
3168 831 3413 908 abyssum
3434 836 3461 890 .9
3488 838 3586 891 hoc
3607 846 3682 894 est

2073 914 2338 974 Christum
2382 936 2414 974 a
2442 922 2664 976 mortuis
2690 924 2938 980 reducere
2963 925 3150 1000 (Rom.
3182 945 3213 984 ι
3241 971 3256 997 ,
3301 930 3335 987 6
3376 942 3422 987 et
3452 931 3528 1007 7).
3577 934 3678 991 Ubi

2072 1025 2202 1080 ergo
2226 1026 2333 1065 non
2364 1023 2479 1083 est,
2509 1014 2600 1084 qui
2629 1014 2897 1083 cmlestia,
2927 1017 3164 1089 inferna,
3192 1031 3246 1078 et
3276 1032 3493 1081 terrena
3522 1042 3677 1083 com-

2073 1103 2276 1174 plevit?
2305 1104 2452 1161 Bene
2475 1121 2608 1178 ergo
2636 1124 2886 1179 magnus,
2920 1111 3076 1183 cujus
3104 1114 3278 1170 virtus
3304 1118 3566 1173 mundum
3590 1135 3676 1176 res

2076 1194 2271 1267 plevit,
2304 1196 2398 1267 qui
2429 1197 2630 1270 ubique
2655 1208 2776 1270 est,
2826 1209 2883 1259 et
2928 1204 3031 1260 erit
3060 1220 3310 1278 semper;
3358 1210 3484 1282 quia
3530 1213 3677 1286 regni

2073 1291 2188 1360 ejus
2208 1302 2312 1342 non
2334 1290 2429 1342 erit
2451 1289 2595 1359 ﬁnis.

2145 1379 2343 1453 (Vers.
2368 1380 2488 1455 5i.)
2517 1383 2667 1440 Dixit
2687 1394 2863 1441 autem
2891 1384 3068 1443 Maria
3092 1390 3162 1444 ad
3190 1394 3434 1465 angelum
3458 1411 3479 1451 :
3529 1397 3674 1463 Quo-

2073 1474 2227 1529 modo
2255 1476 2341 1546 ﬁet
2367 1477 2544 1545 istud;
2587 1479 2833 1550 quoniam
2858 1480 3025 1537 virum
3065 1500 3169 1539 non
3189 1488 3452 1559 cognovi?

2144 1570 2234 1625 14.
2280 1570 2508 1627 Videtur
2549 1573 2638 1630 hic
2676 1590 2783 1631 non
2815 1576 3119 1637 credidiSse
3164 1578 3366 1652 Maria,
3399 1585 3503 1640 nisi
3551 1585 3675 1642 dili-

2069 1670 2263 1732 genter
2290 1664 2573 1732 advertas;
2604 1682 2781 1738 neque
2801 1670 2948 1725 enim
2975 1672 3056 1727 fas
3083 1683 3166 1729 est
3194 1684 3252 1730 ut
3278 1676 3454 1733 electa
3481 1678 3548 1734 ad
3579 1695 3675 1750 ge-

2071 1754 2375 1809 nerandum
2409 1756 2749 1828 unigenitum
2784 1762 2879 1817 Dei
2912 1760 3142 1831 Filium,
3172 1767 3339 1825 fuisse
3362 1767 3392 1808 δ
3424 1770 3673 1827 videatur

356 1857 450 1923 qui
495 1852 743 1925 Spiritus
775 1863 1000 1911 sanctus
1021 1897 1036 1921 ,
1068 1864 1125 1910 et
1154 1852 1348 1910 Filius.
1399 1856 1556 1911 Alius
1587 1855 1750 1912 Pater
1774 1897 1789 1921 ,
1822 1854 1961 1912 alios

2076 1846 2287 1919 1287
2309 1848 2611 1906 incredula.
2632 1851 2753 1920 Quo
2775 1865 2957 1912 autem
2987 1857 3149 1915 modo
3174 1860 3292 1917 tleri
3312 1870 3500 1934 posset
3516 1864 3673 1929 (licet

359 1944 553 2012 Filius,
587 1945 978 2016 aliusSpiritus
1009 1957 1251 2013 sanctus;
1286 1946 1515 2019 legimus
1536 1949 1683 2004 enim
1712 1966 1724 2001 :
1754 1948 1967 2020 Rogabo

359 2037 602 2107 Patrem,
632 2049 682 2093 et
711 2039 874 2095 alium
920 2038 1248 2095 Paraclitum
1289 2040 1430 2095 dabit
1461 2040 1601 2096 vobis
1631 2040 1813 2113 (Joan.
1843 2058 1966 2111 λιν,

360 2131 471 2204 18).
505 2132 677 2189 Solus
706 2133 866 2189 Pater
888 2175 905 2200 ,
945 2134 1067 2205 quia
1100 2149 1241 2189 unus
1277 2134 1424 2191 Deus
1445 2177 1460 2203 ,
1492 2151 1559 2190 ex
1591 2151 1698 2205 quo
1729 2136 1914 2191 omnia
1949 2153 1964 2191 :

360 2226 513 2283 solus
546 2227 746 2293 Filius,
780 2228 907 2298 quia
938 2243 1077 2283 unus
1108 2228 1401 2294 Dominus,
1438 2244 1535 2299 per
1564 2243 1726 2299 quem
1759 2229 1963 2288 omnia.

364 2321 558 2378 Solum
592 2320 851 2378 divinitas
878 2321 1039 2390 iacit,
1072 2322 1353 2393 generatio
1390 2331 1446 2379 et
1491 2323 1713 2380 Patrem
1764 2323 1964 2381 testiﬁ-

355 2423 515 2471 catur
540 2421 601 2471 et
633 2413 869 2483 Filium;
900 2424 958 2470 ut
985 2430 1252 2486 nusquam
1290 2415 1461 2471 Filius
1492 2418 1609 2473 sine
1637 2417 1798 2473 Patre
1823 2460 1837 2484 ,
1870 2426 1965 2475 aut

355 2509 524 2567 Pater
546 2525 678 2566 esse
712 2511 963 2566 videatur
993 2510 1114 2567 sine
1137 2509 1297 2567 Filio.
1326 2510 1471 2585 Ergo
1504 2527 1604 2568 nec
1631 2512 1801 2577 solus,
1835 2512 1963 2585 quia

358 2619 463 2660 non
495 2605 657 2660 solus
681 2604 1049 2660 immortalis:
1076 2621 1177 2662 nec
1202 2604 1352 2662 solus
1377 2605 1555 2661 lucem
1585 2606 1789 2662 habitat
1813 2607 1962 2664 inac-

356 2696 710 2765 cessibilem;
733 2698 857 2770 quia
871 2695 1057 2754 ~Drum
1085 2717 1233 2755 nemo
1262 2698 1391 2756 vidit
1415 2718 1682 2773 umquam,
1711 2703 1817 2758 nisi
1844 2703 1965 2758 uni-

354 2791 561 2860 genitas
594 2787 774 2846 Filius
818 2791 908 2857 qui
950 2800 1025 2847 est
1066 2791 1123 2846 in
1168 2795 1287 2847 sinu
1319 2791 1497 2848 Patris
1529 2790 1711 2867 (Joan.
1739 2810 1791 2862 ι,
1828 2795 1959 2868 18),

355 2883 445 2954 qui
474 2887 640 2940 sedet
668 2883 735 2939 ad
766 2883 1048 2940 dexteram
1089 2885 1290 2940 Patris.
1335 2885 1405 2941 Et
1446 2885 1570 2941 hinc
1598 2884 1818 2958 quidam
1866 2902 1963 2943 au-

356 2977 486 3033 dent
511 2978 705 3034 dicere
733 2977 1166 3036 inaccessibilem
1199 2980 1377 3035 lucem
1412 2995 1535 3036 esse
1566 2997 1729 3051 quam
1757 2979 1964 3037 habitat

354 3071 542 3128 Pater.
579 3070 851 3144 Numquid
900 3073 991 3129 lux
1021 3072 1219 3129 melior
1248 3074 1447 3130 Patre?
1487 3074 1619 3142 Qua:
1659 3084 1840 3132 autem
1871 3076 1961 3133 lux

355 3162 760 3222 inaccessibilis
789 3165 871 3235 ei,
907 3166 992 3222 cui
1045 3183 1150 3222 non
1197 3177 1276 3223 est
1334 3168 1728 3223 inaccessibilis
1759 3169 1959 3225 Pater?

2071 1942 2220 1997 salva
2262 1943 2619 2013 praerogativa
2663 1948 2737 2003 sit
2767 1951 2992 2018 matris,
3024 1953 3111 2008 cui
3144 1952 3391 2025 proiecto
3420 1957 3522 2014 fuit
3550 1975 3672 2014 am-

2071 2033 2214 2102 plius
2244 2033 2597 2092 deferendum
2629 2039 2762 2096 :sed
2788 2051 2848 2096 ut
2871 2046 3230 2116 pra-rogativa
3262 2048 3466 2121 major,
3497 2052 3674 2122 major

2071 2127 2234 2181 etiam
2266 2127 2403 2183 ﬁdes
2427 2130 2478 2184 ei
2499 2130 2688 2188 debuit
2716 2137 3170 2209 reservari),quo
3199 2155 3333 2212 ergo
3365 2142 3527 2198 modo
3551 2143 3676 2201 fieri

2069 2227 2357 2288 posset,ut
2370 2220 2662 2279 Zacharias
2687 2228 2781 2297 qui
2813 2243 2920 2284 nou
2951 2229 3284 2300 crediderat,
3310 2236 3530 2291 silentio
3543 2253 3676 2292 con-

2070 2310 2433 2368 demnat‘etur
2477 2332 2490 2367 :
2523 2308 2689 2372 Maria
2722 2331 2903 2377 autem
2930 2323 2976 2378 si
3016 2339 3126 2381 non
3155 2324 3517 2397 credidisset,
3548 2328 3674 2402 Spi-

2069 2405 2207 2461 ritus
2248 2408 2424 2463 sancti
2469 2408 2743 2469 inl‘usione
2785 2414 3157 2474 exaltaretur?
3185 2414 3291 2477 Sed
3332 2437 3509 2494 neque
3561 2440 3672 2482 non

2068 2498 2296 2556 credere
2326 2500 2515 2569 Maria,
2540 2519 2717 2575 neque
2747 2515 2857 2562 tam
2889 2518 3097 2568 temere
3126 2512 3312 2569 debuit
3342 2529 3609 2587 usurpare
3643 2536 3658 2573 :

2070 2608 2178 2647 non
2208 2593 2442 2651 credere
2489 2597 2687 2667 angelo
2708 2640 2723 2667 ,
2755 2614 3023 2672 usurpare
3051 2602 3256 2663 divina.
3294 2604 3480 2677 Neque
3522 2611 3672 2666 enim

2068 2686 2225 2741 facile
2265 2694 2385 2742 erat
2419 2688 2563 2745 scire
2591 2694 2914 2763 mysterium
2946 2697 3328 2753 absconditum
3375 2716 3404 2754 a
3447 2702 3668 2757 smculis

2068 2780 2120 2834 in
2156 2780 2296 2845 Deo,
2325 2782 2468 2852 quod
2497 2797 2596 2838 nec
2631 2787 2941 2855 superiores
2966 2788 3279 2847 Potestates
3310 2794 3452 2848 scire
3475 2802 3671 2864 potue-

2065 2882 2211 2929 runt.
2241 2873 2307 2930 Et
2335 2882 2515 2931 tamen
2544 2893 2651 2932 non
2684 2879 2846 2934 tidem
2879 2885 3079 2951 renuit,
3114 2900 3223 2939 non
3250 2882 3495 2941 ofﬁcium
3523 2884 3672 2943 refu-

2068 2967 2203 3043 tavit
2227 2987 2239 3022 :
2263 2967 2360 3024 sed
2388 2971 2822 3028 accommodavit
2851 2973 3107 3030 affectum
3131 3017 3146 3041 ,
3176 2979 3475 3049 spopondit
3509 2981 3673 3036 obse-

2066 3061 2272 3133 quium.
2306 3062 2523 3118 Etenim
2554 3078 2679 3120 cum
2711 3066 2847 3121 dicit
2876 3082 2889 3121 :
2928 3066 3197 3135 Quomodo
3228 3070 3317 3139 ﬁet
3348 3066 3526 3126 istud?
3554 3087 3667 3128 non

2065 3156 2134 3211 de
2155 3155 2350 3211 eti'ectu
2378 3156 2685 3228 dubitavit,
2714 3159 2812 3215 sed
2853 3162 3171 3233 qualitatem
3213 3158 3386 3235 ipsius
3416 3160 3674 3236 quaesivit

356 3256 417 3311 Et
446 3258 575 3327 ipse
604 3258 695 3313 lux
740 3272 865 3314 vera
886 3301 901 3325 ,
934 3267 991 3315 et
1028 3259 1246 3330 genitor
1288 3258 1429 3315 lucis
1467 3268 1689 3315 internae
1709 3301 1725 3327 ,
1756 3267 1824 3315 de
1852 3276 1955 3331 qua
1988 3263 2033 3328 ρ
2064 3249 2311 3305 επθεῑυδ.

353 3347 567 3405 dictum
608 3359 693 3406 est
725 3371 739 3407 :
770 3350 901 3406 Erat
952 3351 1043 3407 tua:
1082 3367 1200 3406 vera
1228 3393 1243 3419 ,
1276 3367 1393 3423 qua:
1439 3352 1704 3408 illuminat
1757 3369 1961 3408 omnem

355 3443 623 3499 hominem
654 3446 937 3501 venientem
984 3446 1039 3500 in
1088 3444 1227 3501 hunc
1269 3447 1523 3501 mundum
1550 3446 1748 3519 (Joan.
1782 3462 1832 3516 ι,
1859 3444 1955 3521 9).

355 3535 491 3595 Vide
518 3554 591 3595 ne
623 3539 711 3594 illa
739 3540 810 3595 sit
844 3539 935 3594 lux
977 3540 1376 3596 inaccessibilis
1413 3558 1575 3612 quam
1608 3541 1817 3598 habitat
1850 3542 1957 3598 Pa-

357 3642 473 3701 ter,
510 3630 727 3688 habitat
754 3642 808 3689 et
837 3630 1047 3701 Filius;
1076 3634 1201 3705 quia
1233 3633 1392 3690 Pater
1416 3635 1469 3690 in
1497 3633 1672 3704 Filio,
1700 3645 1755 3692 et
1784 3635 1957 3696 Filius

355 3725 407 3781 in
436 3725 625 3781 Patre.

428 3819 520 3875 15.
568 3818 719 3876 Bene
758 3835 893 3891 ergo
937 3836 1195 3892 magnus;
1249 3820 1359 3877 late
1406 3820 1554 3877 enim
1588 3820 1832 3878 funditur
1864 3823 1959 3880 Dci

356 3911 565 3979 virtus,
599 3911 710 3968 late
734 3912 978 3969 cmlestis
1026 3913 1347 3969 substantia:
1384 3915 1699 3985 magnitudo
1724 3916 1959 3987 porrigi-

358 4019 461 4064 tur.
492 4007 643 4064 Nihil
676 4008 1079 4078 prtescriptum,
1116 4008 1252 4063 nihil
1277 4009 1788 4081 circumscriptum,
1820 4009 1956 4065 nihil

356 4116 666 4168 emensum,
698 4100 832 4157 nihil
861 4101 1169 4158 dimensum
1197 4102 1436 4158 Trinitas
1469 4101 1654 4158 habet.
1687 4101 1804 4159 Non
1835 4102 1957 4159 loco

355 4196 652 4263 clauditur,
682 4212 789 4252 non
816 4196 1077 4267 opinione
1113 4196 1626 4266 comprehenditur,
1657 4213 1765 4251 non
1810 4197 1958 4251 msti-

358 4296 600 4347 iuatioue
631 4290 1001 4355 concluditur,
1034 4306 1139 4346 non
1169 4299 1330 4346 astate
1353 4290 1610 4344 variatur.
1646 4287 1804 4345 Dedit
1835 4286 1957 4361 qui-

358 4384 480 4440 dem
523 4383 785 4439 Dominus
827 4382 986 4438 Jesus
1036 4366 1353 4437 hominibus
1382 4381 1857 4453 magnitudinem:
1888 4382 1957 4438 lu

357 4492 559 4534 omnem
600 4478 745 4533 enim
781 4488 970 4532 (errant
1014 4479 1169 4532 exivit
1198 4493 1356 4531 sonus
1401 4492 1608 4540 eorum,
1655 4485 1703 4532 et
1741 4479 1794 4531 in
1825 4478 1957 4547 ﬁnes

357 4573 490 4626 orbis
521 4580 676 4625 terra:
702 4571 853 4625 verba
884 4586 1063 4626 eorum
1092 4567 1266 4643 (Psal.
1292 4583 1453 4633 xm],
1480 4567 1568 4641 5);
1600 4586 1704 4625 non
1736 4572 1787 4624 in
1818 4568 1957 4626 fines

2136 3344 2227 3401 15.
2268 3347 2482 3416 Quanto
2549 3350 2903 3420 temperatior
2959 3351 3061 3409 ista
3123 3355 3449 3427 responsio,
3501 3372 3666 3430 quam

2064 3443 2227 3498 verba
2255 3455 2381 3499 sunt
2408 3444 2747 3502 sacerdotis?
2777 3446 2905 3504 Haec
2934 3450 3013 3503 ait
3037 3466 3049 3503 :
3078 3449 3351 3518 Quomodo
3370 3450 3462 3525 ﬁet
3483 3453 3622 3507 istud
3640 3453 3669 3507 .9

2061 3536 2158 3595 ille
2193 3539 2511 3611 respondit:
2550 3539 2702 3597 Unde
2728 3544 2826 3598 hoc
2854 3544 3018 3599 sciam
3048 3544 3234 3625 (Sup.,
3266 3563 3315 3602 υ.
3352 3542 3480 3621 18)?
3532 3548 3662 3607 Hzec

2056 3631 2168 3702 jam
2197 3632 2268 3687 de
2300 3633 2519 3704 negotio
2550 3643 2746 3692 tractat
2777 3655 2790 3691 :
2826 3638 2918 3693 ille
2950 3637 3130 3695 adhuc
3169 3639 3238 3696 de
3268 3643 3461 3697 nuntio
3496 3642 3658 3698 dubi-

2061 3734 2157 3782 tat.
2187 3726 2360 3799 Negat
2388 3729 2479 3783 ille
2509 3745 2570 3785 se
2597 3730 2824 3787 credere
2844 3773 2860 3799 ,
2890 3732 2984 3803 qui
3030 3743 3192 3805 negat
3212 3735 3395 3803 scire;
3430 3746 3485 3791 et
3510 3739 3668 3808 quasi

2062 3818 2189 3876 ﬁdei
2233 3821 2412 3878 adhuc
2440 3823 2605 3878 alium
2654 3826 2848 3897 quierit
2890 3838 3169 3884 auctorem
3202 3846 3215 3883 :
3251 3831 3349 3885 ista
3393 3847 3453 3887 se
3486 3834 3668 3888 facere

2061 3915 2387 3983 proﬁtetur,
2421 3930 2522 3970 nec
2551 3915 2764 3971 dubitat
2809 3933 2933 3973 esse
2975 3916 3306 3988 iaciendum,
3339 3922 3487 3993 quod
3519 3938 3661 3993 quo-

2060 4003 2225 4059 modo
2257 4008 2371 4060 licri
2425 4008 2627 4076 possit,
2674 4007 2929 4079 inquirit;
2963 4011 3043 4066 sic
3090 4013 3234 4067 enim
3270 4013 3437 4069 habes
3472 4032 3485 4068 :
3521 4013 3665 4083 Quo-

2060 4096 2214 4150 modo
2254 4096 2341 4166 ﬁet
2378 4095 2558 4163 istud;
2588 4100 2832 4168 quoniam
2861 4102 3028 4155 virum
3055 4119 3159 4156 non
3190 4105 3454 4177 cognovi?
3487 4104 3670 4163 incre-

2059 4187 2243 4243 dibilis
2268 4199 2324 4244 et
2366 4188 2609 4246 inaudita
2639 4194 2924 4263 generatio
2965 4205 3093 4250 ante
3121 4196 3297 4251 audiri
3336 4198 3559 4268 debuit,
3608 4209 3670 4256 ut

2059 4278 2402 4337 crederetur.
2461 4280 2737 4354 Virginem
2805 4299 3037 4356 parere,
3093 4286 3263 4343 divini
3310 4298 3394 4344 est
3447 4293 3668 4362 signum

2064 4374 2311 4446 mysterii
2336 4416 2349 4440 ,
2378 4390 2486 4430 non
2521 4374 2767 4432 humani.
2804 4376 3071 4450 Denique,
3105 4378 3315 4453 Accipe,
3341 4384 3535 4454 inquit,
3571 4384 3667 4442 tibi

2061 4471 2266 4539 signum
2289 4485 2309 4523 :
2335 4466 2471 4526 Ecce
2492 4471 2635 4545 virgo
2661 4472 2714 4526 in
2740 4482 2887 4528 utero
2917 4475 3171 4545 accipiet,
3214 4486 3260 4531 et
3300 4480 3465 4550 pariet
3492 4481 3665 4550 ﬁlium

2062 4559 2235 4629 (Esai.
2271 4577 2384 4629 vn,
2419 4563 2530 4634 14).
2562 4565 2791 4633 Legerat
2818 4565 2923 4621 hoc
2949 4566 3140 4635 Maria,
3169 4568 3291 4625 ideo
3320 4572 3554 4627 credidit
3580 4572 3665 4630 fu-

360 4676 541 4723 tamen
576 4665 802 4733 mundi,
849 4682 955 4721 non
985 4666 1036 4721 in
1067 4665 1202 4721 lines
1243 4665 1401 4730 coeli,
1440 4680 1547 4719 non
1592 4664 1731 4719 ultra
1759 4665 1950 4721 cados.

2067 4663 2243 4708 turum
2274 4671 2287 4707 :
2313 4653 2408 4709 sed
2437 4656 2712 4725 quomodo
2753 4659 2905 4714 lieret
2926 4700 2942 4726 ,
2976 4668 3104 4715 ante
3148 4676 3255 4717 non
3288 4664 3521 4733 legerat;
3553 4683 3665 4724 non

360 4758 428 4814 At
455 4776 591 4816 vero
619 4761 672 4814 in
707 4761 935 4815 Domino
966 4759 1092 4815 Jesu
1125 4761 1300 4814 omnia
1328 4758 1537 4814 condita
1565 4767 1687 4812 sunt
1730 4759 1781 4812 in
1813 4759 1954 4813 aclis

359 4862 404 4907 et
436 4854 490 4908 in
528 4862 670 4909 terra
693 4891 708 4919 ,
758 4852 982 4909 uisibilia
1021 4863 1069 4907 et
1107 4850 1483 4908 inuisibilia....
1523 4859 1570 4905 et
1596 4850 1711 4919 ipse
1736 4860 1809 4905 est
1837 4860 1958 4904 ante

359 4961 553 5011 omnes,
578 4954 629 4999 et
652 4944 899 4998 omniain
928 4946 1040 5015 ipso
1062 4951 1299 4998 constant
1330 4939 1555 5012 (Coloss.
1587 4956 1634 5007 l,
1659 4941 1728 4996 16
1758 4950 1804 4994 et
1836 4939 1953 5011 17).

360 5035 571 5094 Caelum
597 5036 807 5103 aspice,
835 5036 995 5092 Jesus
1018 5035 1127 5092 illic
1153 5045 1237 5090 est
1261 5052 1275 5090 τ
1310 5042 1508 5089 terram
1541 5034 1772 5097 intuere,
1798 5032 1955 5088 Jesus

360 5130 512 5187 ade~t
543 5152 557 5188 :
589 5131 827 5187 ascende
859 5138 885 5168 ει
914 5130 1084 5186 verbo
1123 5129 1176 5185 in
1202 5129 1399 5187 ctelum
1423 5169 1437 5194 ,
1473 5127 1745 5186 descende
1785 5126 1954 5182 verbo

362 5224 413 5278 in
441 5224 717 5281 infernum
743 5265 758 5291 ,
792 5224 954 5279 Jesus
982 5223 1158 5279 adest.
1202 5221 1420 5277 Etenim
1461 5222 1506 5279 si
1554 5219 1870 5276 ascenderis
1900 5220 1955 5275 in

362 5320 581 5385 cmlum,
611 5317 772 5374 Jesus
805 5317 920 5373 illic
949 5327 1029 5371 est
1056 5334 1070 5371 :
1104 5316 1151 5371 si
1179 5315 1538 5372 descenderis
1568 5315 1620 5369 in
1654 5314 1954 5380 infernum,

362 5415 531 5471 adest.
584 5415 761 5471 Hodie
813 5430 936 5470 cum
983 5414 1210 5485 loquor,
1260 5429 1468 5470 mecum
1514 5422 1629 5481 est,
1661 5413 1799 5468 intra
1849 5411 1955 5468 hoc

367 5518 617 5577 punctum
642 5550 658 5575 ,
694 5506 834 5562 intra
870 5508 975 5561 hoc
1020 5515 1374 5562 momentum.
1422 5504 1490 5561 Et
1518 5505 1563 5560 si
1595 5505 1647 5559 iu
1691 5504 1955 5560 Armenia

366 5616 503 5655 nunc
530 5600 771 5672 loquitur
807 5596 1174 5665 Christianus,
1200 5597 1359 5655 Jesus
1387 5598 1540 5653 adest
1566 5612 1585 5652 :
1608 5594 1779 5651 Nemo
1807 5594 1953 5651 enim

462 5751 489 5781 ι
542 5741 736 5805 Verbo,
770 5740 822 5796 id
856 5750 974 5804 est,
1005 5740 1220 5795 ratione
1246 5749 1301 5794 et
1332 5737 1700 5805 cogitatione;
1729 5745 1780 5788 ut
1805 5733 1945 5790 inira
1969 5774 1986 5801 ,

386 5815 602 5889 Abyssgs
625 5813 811 5889 opinio
821 5828 884 5867 ne
908 5814 953 5867 si
974 5822 1235 5889 penetres,
1261 5818 1316 5866 et
1335 5810 1461 5889 alibi
1493 5810 1823 5889 frequenter.

452 5879 480 5944 β
530 5879 693 5966 Boni.
725 5884 886 5958 edib,
915 5879 1180 5947 censeatur
1220 5881 1503 5939 incredula.
1539 5879 1650 5961 Quo
1680 5896 1801 5953 ergo
1835 5879 1989 5941 modo

2064 4748 2208 4803 enim
2238 4748 2696 4817 quemadmodum
2727 4753 3009 4819 llerct,vel
3038 4760 3190 4808 tanto
3218 4756 3502 4827 propheta:
3544 4754 3667 4815 i‘ue-

2065 4850 2151 4898 rat
2196 4842 2522 4898 revelatum.
2553 4843 2713 4900 Tanti
2760 4861 2998 4918 namque
3047 4849 3289 4904 mandati
3341 4851 3665 4922 mysterium

2066 4952 2173 4991 non
2208 4935 2445 4993 hominis
2471 4937 2604 5007 fuit,
2633 4938 2730 4994 sed
2750 4940 2927 5012 angeli
2954 4956 3048 4996 ore
3071 4944 3456 5011 promendum.
3491 4946 3662 5004 llodie

2066 5030 2298 5099 primum
2332 5030 2548 5086 auditur
2574 5047 2594 5086 :
2626 5030 2858 5104 Spiritus
2895 5043 3104 5088 sanctus
3132 5038 3451 5107 superveniet
3496 5037 3550 5092 in
3589 5046 3660 5095 te.

2063 5123 2130 5179 Et
2160 5124 2396 5190 auditur,
2425 5133 2480 5179 et
2509 5128 2771 5181 creditur.
2809 5128 3051 5197 Denique
3084 5145 3097 5182 :

2133 5216 2314 5288 (Vers.
2367 5216 2485 5290 56.)
2535 5215 2707 5282 Ecce,
2738 5218 2953 5287 inquit,
3016 5221 3211 5276 ancilla
3240 5218 3490 5294 Domini,
3534 5232 3662 5280 cort-

2064 5309 2226 5380 tingat
2253 5308 2377 5362 mihi
2405 5310 2684 5363 secundum
2712 5308 2918 5365 verbum
2945 5321 3112 5368 tuum.

2132 5404 2226 5460 16.
2268 5401 2407 5459 Vide
2436 5403 2824 5472 humilitatem,
2852 5405 2972 5462 vide
2995 5406 3366 5465 devotionem.
3392 5409 3666 5469 Ancillam

2056 5512 2119 5554 se
2145 5498 2278 5553 dicit
2305 5496 2555 5565 Domini,
2586 5513 2710 5570 quae
2738 5508 2913 5555 mater
2935 5500 3158 5573 eligitur
3189 5520 3203 5556 :
3230 5519 3331 5559 nec
3362 5506 3658 5575 repentino

2058 5591 2297 5650 exaltata
2358 5594 2631 5664 promisso
2688 5598 2791 5650 est.
2853 5594 3027 5651 Simul
3075 5597 3330 5653 ancillam
3380 5597 3659 5672 dicendo,

2095 5733 2212 5803 ﬁeri
2226 5741 2403 5814 posset
2423 5734 2448 5814 _l
2461 5733 2557 5789 salt
2572 5750 2604 5814 a
2633 5735 2969 5805 prterogativa
2990 5736 3191 5814 matris,
3223 5738 3307 5789 cui
3327 5736 3556 5814 profecto
3576 5742 3681 5814 fuit

2095 5807 2320 5891 αηιριηιξ
2335 5806 2673 5891 deferendum
2712 5821 2731 5861 :
2759 5818 2806 5860 et
2838 5809 3255 5891 ut‘prqriggatiua
3282 5806 3482 5891 maior,
3506 5806 3679 5891 major

2096 5868 2247 5933 etiam
2273 5868 2602 5953 ﬁdes'debuit
2628 5877 2879 5935 reservari
2894 5868 3003 5955 ut
3027 5868 3333 5947 Zioharias,
3365 5868 3471 5951 etc.
