4156 6346
441 338 465 395 1
476 338 581 395 559

1817 329 2061 387 SANC‘I‘I
2100 326 2427 387 AMBROSH

3609 335 3635 390 ‘I
3648 333 3752 388 560

449 456 651 511 nullam
691 454 797 511 sibi
827 452 1244 527 pramgativam
1288 461 1452 509 tantae
1487 455 1675 525 gratiae
1710 451 2046 519 vindicavit,
2077 454 2132 515 Α
2155 452 2467 517 nuntiaret,
2521 461 2581 508 ut
2633 454 2766 510 fides
2814 462 3156 512 astrueretur
3198 456 3486 526 exemplo,
3520 456 3753 511 senioris

454 564 576 620 quae
605 548 813 604 faceret
853 547 997 619 quod
1038 548 1342 616 juberetur.
1375 545 1555 603 Mitem
1587 547 1733 603 enim
1767 545 2053 601 humilem-

449 657 558 713 que
584 645 867 715 paritura,
913 640 1276 696 humilitatem
1318 640 1509 694 debuit
1538 640 1699 695 etiam
1752 639 1866 711 ipsa
1914 654 2055 710 pra:—

454 736 619 791 ferre.
654 734 791 789 Ecce
815 734 1008 789 ancilla
1038 732 1284 800 Domini,
1308 733 1573 805 contingat
1608 732 1735 785 milii
1768 732 2057 801 secundum

452 829 659 883 verbum
690 840 855 882 tuum.
888 826 1068 882 Habes
1098 825 1420 896 obsequium
1440 868 1454 889 ,
1489 826 1642 881 vides
1669 834 1875 881 votum.
1921 823 2057 878 Ecce

452 924 598 977 enim
625 923 819 976 ancilla
846 919 1096 987 Domini,
1124 932 1420 992 apparatus
1446 920 1610 976 officii
1640 929 1724 976 est
1748 940 1760 973 :
1792 921 2057 990 contingat

453 1017 582 1071 milii
610 1016 892 1069 secundum
916 1018 1124 1070 verbum
1155 1025 1337 1080 tuum,
1370 1024 1672 1085 conceptus
1700 1025 1786 1069 cst
1814 1014 1947 1069 voti.

532 1110 620 1163 17.
654 1108 826 1177 Quam
854 1110 962 1163 cito
991 1122 1123 1179 ergo
1144 1108 1312 1163 etiam
1340 1116 1365 1144 α
1394 1108 1461 1163 de
1484 1107 1680 1178 impari
1702 1106 2059 1177 conceptione

456 1202 689 1257 credidit
719 1202 918 1259 Maria!
946 1201 1087 1270 Quid
1111 1202 1256 1257 enim
1289 1212 1397 1256 tam
1425 1202 1599 1271 impar
1626 1216 1787 1272 quam
1820 1201 2061 1272 Spiritus

454 1307 704 1358 saueius.
730 1304 786 1349 et
809 1295 1046 1364 corpus?
1071 1294 1211 1363 Quid
1235 1304 1342 1349 tam
1368 1294 1692 1359 inauditum,
1722 1311 1879 1367 quani
1909 1295 2062 1365 virgo

457 1404 749 1460 pra-gnatis
800 1398 991 1443 contra
1042 1390 1258 1458 legem,
1309 1398 1499 1445 contra
1566 1389 2059 1455 consuetudinem,

460 1491 651 1536 contra
686 1482 947 1551 pudorem
976 1526 991 1547 ,
1024 1482 1181 1550 cujus
1206 1480 1385 1535 carior
1412 1496 1541 1536 cura
1584 1491 1668 1535 est
1698 1480 1927 1551 virgini?
1958 1480 2060 1535 Za-

362 1584 367 1590 '
462 1574 679 1629 charias
710 1584 890 1631 autem
916 1590 1023 1629 non
1051 1574 1119 1631 de
1154 1576 1348 1645 impari
1373 1574 1689 1631 conditione
1708 1618 1721 1639 ,
1748 1577 1843 1630 sed
1886 1575 1954 1630 de
1982 1589 2066 1629 se-

463 1670 558 1723 nili
592 1678 755 1725 :etate
798 1685 903 1724 non
934 1670 1197 1735 credidit;
1233 1670 1449 1743 1288
1489 1686 1613 1725 nam
1654 1669 1896 1725 conditio
1938 1683 2067 1725 con-

465 1762 718 1833 gruebat.
748 1762 829 1817 Ex
862 1764 979 1817 viro
1007 1773 1059 1818 et
1091 1764 1289 1819 femina
1320 1765 1583 1819 solemnis
1603 1775 1685 1821 est
1712 1774 1902 1832 partus
1928 1784 1940 1819 :
1973 1780 2073 1819 nec

2156 543 2373 600 femina:
2414 545 2729 616 sterilisque
2774 556 3098 619 conceptum
3141 548 3334 620 virgini
3383 548 3568 604 Mariae
3618 565 3755 604 nuu—

2157 638 2345 703 tiavit;
2397 648 2458 693 ut
2514 639 2775 708 possibile
2824 640 2937 696 Deo
2965 656 3127 697 omne
3167 642 3310 712 quod
3352 641 3403 697 ei
3454 642 3753 712 placuerit,

2158 741 2450 787 assereret.
2488 732 2585 790 Ubi
2618 734 2825 790 audivit
2868 736 2969 791 hoc
3000 736 3163 791 Maria
3185 777 3202 803 ,
3236 752 3343 793 nou
3376 737 3535 808 quasi
3577 736 3755 793 incre—

2159 824 2287 881 dula
2321 826 2389 881 de
2428 828 2687 893 oraculo,
2732 843 2831 884 nec
2874 830 3031 899 quasi
3061 832 3267 885 incerta
3296 831 3364 886 de
3408 832 3628 897 nuntio,
3659 846 3759 887 nec

2160 919 2313 990 quasi
2343 918 2600 974 dubitans
2623 920 2691 976 de
2714 922 2969 993 exemplo
3000 940 3011 975 :
3044 923 3139 978 sed
3169 923 3324 993 quasi
3347 924 3465 977 laeta
3489 938 3584 992 pro
3610 932 3757 990 voto,

2161 1012 2418 1083 religiosa
2450 1028 2550 1083 pro
2580 1014 2783 1079 officio,
2818 1015 3016 1069 festina
3042 1030 3141 1085 pro
3170 1015 3392 1085 gaudio,
3425 1016 3477 1069 iu
3505 1025 3760 1070 montana

2162 1107 2431 1180 perrexit.
2462 1109 2584 1176 Quo
2610 1110 2756 1164 enim
2784 1108 2892 1179 jam
2926 1110 3035 1163 Deo
3063 1111 3239 1180 plena,
3266 1108 3371 1164 nisi
3393 1109 3458 1164 ad
3483 1110 3759 1181 superiora

2162 1214 2283 1254 cum
2334 1199 2687 1255 festinatione
2717 1200 3111 1255 centcndcret?
3161 1200 3347 1256 Nescit
3400 1200 3551 1256 tarda
3605 1202 3767 1255 moli-

2164 1294 2309 1349 mina
2344 1295 2517 1349 sancti
2547 1294 2787 1365 Spiritus
2808 1296 3005 1365 gratia.

2234 1384 2327 1441 ΞΟ.
2372 1386 2574 1440 Discite
2605 1394 2663 1441 et
2686 1400 2808 1451 vos,
2850 1395 3055 1441 sancta:
3085 1387 3366 1455 mulieres,
3417 1385 3763 1442 sedulitatem

2166 1494 2326 1549 quam
2360 1478 2765 1548 pricgnaiitibus
2791 1479 3040 1535 debeatis
3070 1479 3335 1535 exhibere
3363 1479 3632 1549 cognatis.
3660 1479 3769 1534 Ma-

2167 1574 2343 1636 riam,
2390 1588 2512 1643 qua:
2535 1581 2660 1628 ante
2705 1573 2821 1627 sola
2858 1575 2908 1627 iii
2945 1574 3152 1629 intimis
3186 1573 3557 1644 penetralibus
3583 1589 3770 1629 versa-

2171 1669 2348 1735 batur,
2382 1683 2491 1722 non
2516 1682 2545 1721 a
2575 1667 2796 1738 publico
2828 1667 3157 1738 virginitatis
3190 1668 3397 1737 pudor,
3428 1683 3537 1721 non
3566 1668 3633 1721 ab
3659 1678 3772 1721 stti-

2172 1762 2261 1817 dio
2291 1759 2559 1831 asperitas
2590 1762 2881 1822 montium,
2914 1774 3023 1815 non
3049 1761 3119 1814 ah
3148 1758 3330 1814 officio
3371 1758 3662 1829 prolixitas
3686 1760 3774 1813 iti-

463 1856 786 1913 incredibile
812 1857 976 1913 debet
1006 1857 1207 1923 videri,
1242 1858 1328 1913 ubi
1356 1867 1550 1914 natura
1577 1859 1898 1914 concordat.
1932 1858 2065 1913 Cum
2098 1850 2145 1910 Β
2175 1856 2320 1910 neris
2348 1853 2666 1909 retardavit.
2700 1852 2757 1907 lii
2790 1862 3046 1908 montana
3076 1854 3229 1923 virgo
3251 1868 3373 1907 cum
3401 1852 3771 1913 festinatione.

467 1950 611 2004 enim
658 1960 790 2005 aitas
838 1962 1046 2007 natura:
1078 1953 1182 2018 sit,
1215 1968 1321 2008 non
1371 1964 1563 2007 natura
1606 1953 1821 2019 aetatis,
1854 1953 1911 2008 lit
1957 1953 2068 2024 ple-

468 2057 698 2113 rumque
749 2053 806 2097 ut
835 2054 969 2099 tetas
999 2045 1258 2113 impediat
1304 2054 1584 2110 naturam;
1633 2060 1741 2099 non
1771 2053 1856 2100 est
1887 2054 2069 2100 tamen

470 2135 844 2191 irrationabile
868 2145 926 2190 ut
955 2136 1134 2191 mitior
1165 2136 1325 2191 cedat
1357 2151 1519 2191 causa
1552 2137 1775 2207 majori,
1809 2146 1863 2192 et
1894 2138 2073 2208 potior

470 2229 831 2300 prterogativa
859 2240 1069 2285 naturae
1102 2245 1257 2284 usum
1293 2229 1568 2285 inferioris
1593 2231 1847 2286 excludat
1874 2232 2069 2287 artatis.

477 2322 599 2377 lluc
623 2323 837 2378 accedit
857 2324 1001 2394 quod
1026 2323 1302 2380 Abraham
1331 2333 1387 2379 et
1417 2324 1549 2381 Sara
1578 2325 1743 2379 tilium
1786 2325 1838 2379 in
1884 2339 2076 2381 senec-

470 2425 587 2469 tute
629 2425 986 2485 susceperant
1028 2434 1042 2470 :
1078 2426 1133 2472 et
1167 2415 1372 2487 .Ioseph
1426 2416 1569 2471 filius
1619 2417 1914 2479 senectutis
1967 2428 2071 2473 est.

471 2509 627 2576 Quod
658 2510 736 2575 si,
768 2509 893 2580 quia
919 2510 1044 2565 risit
1070 2509 1204 2565 Sara
1224 2552 1239 2576 ,
1273 2510 1698 2583 reprehenditur
1727 2512 1883 2584 (Gen.
1911 2528 2039 2567 xviii
2058 2555 2072 2579 ,

471 2604 566 2673 15)
597 2621 610 2657 :
638 2604 840 2673 justius
867 2604 1272 2659 condemnatur
1297 2604 1389 2675 qui
1416 2620 1516 2659 nec
1548 2606 1773 2659 oraculo
1801 2605 2033 2661 credidit
2057 2648 2073 2674 ,

478 2711 578 2752 nec
605 2698 877 2767 exemplo.
913 2698 1082 2753 Maria
1113 2710 1293 2754 autem
1326 2714 1448 2753 cum
1480 2699 1613 2754 dicit
1641 2718 1653 2755 :
1691 2699 1962 2767 Quomodo
1991 2700 2080 2770 ﬁet

469 2791 641 2857 istud;
687 2792 935 2861 quoniam
965 2794 1130 2845 virum
1186 2808 1289 2845 non
1340 2792 1556 2862 cognovi
1582 2791 1786 2862 (Supra
1811 2834 1826 2859 ,
1858 2809 1906 2846 υ.
1942 2792 2079 2863 '54)?

479 2900 589 2940 non
618 2886 837 2941 videtur
859 2886 1146 2942 dubitasse
1167 2886 1234 2941 de
1260 2885 1425 2951 facto,
1449 2885 1545 2941 sed
1571 2886 1640 2942 de
1663 2885 1790 2942 facti
1816 2886 2080 2956 qualitate

478 2978 762 3047 quaesisse.
811 2978 1007 3048 Liquet
1034 2979 1182 3034 enini
1226 2980 1351 3049 quia
1390 2978 1696 3034 faciendum
1740 2994 1863 3035 esse
1903 2978 2081 3035 credi-

479 3071 666 3135 derat,
700 3083 822 3139 qiiie
869 3069 1147 3139 quomodo
1193 3070 1380 3137 ﬁeret,
1416 3070 1793 3141 interrogavit.
1846 3069 1995 3126 Unde
2027 3081 2081 3126 et

480 3162 685 3216 meruit
731 3162 924 3217 audire
954 3181 965 3215 :
1000 3160 1163 3216 Beata
1192 3178 1306 3231 qua:
1332 3162 1597 3217 credidisti
1644 3162 1854 3237 (Infra,
1883 3181 1930 3218 υ.
1960 3163 2077 3235 45).

2178 1950 2330 2019 virgo
2357 1948 2521 2004 officii
2551 1963 2789 2013 memor,
2818 1944 2843 1983 ἀ
2880 1946 3090 2017 injuria:
3114 1946 3403 2001 immemor
3431 1988 3445 2011 ,
3473 1944 3670 2000 all'ectii
3697 1946 3777 1999 vi-

2176 2050 2359 2111 gente.
2390 2056 2496 2095 non
2522 2055 2679 2102 sexu,
2708 2040 2895 2094 relicta
2924 2039 3162 2110 perrexit
3192 2039 3379 2093 domo.

2249 2138 2340 2192 21.
2385 2136 2625 2201 Discite,
2687 2134 2969 2206 virgines,
3021 2150 3129 2187 non
3182 2136 3617 2189 circunicursare
3682 2148 3779 2204 per

2178 2231 2383 2286 alienas
2410 2229 2592 2297 aedes,
2634 2245 2741 2285 non
2780 2230 3055 2285 demorari
3083 2231 3135 2284 in
3169 2229 3363 2299 plateis
3389 2272 3404 2295 ,
3434 2244 3541 2284 nou
3570 2228 3779 2300 aliquos
3806 2230 3813 2236 “

2179 2326 2231 2381 in
2270 2325 2488 2396 publico
2515 2325 2748 2381 miscere
2787 2340 3093 2382 sermones.
3129 2326 3294 2380 Maria
3324 2326 3377 2380 in
3408 2324 3570 2380 domo
3603 2324 3741 2378 seria
3761 2364 3776 2391 ,

2181 2419 2377 2474 festina
2428 2418 2482 2473 in
2516 2417 2768 2488 publico,
2819 2417 3017 2473 mansit
3061 2417 3202 2488 apud
3240 2426 3526 2488 cognatam
3562 2416 3782 2488 1289

2180 2526 2332 2567 suam
2363 2512 2535 2566 tribus
2568 2511 2867 2565 mensibus.
2894 2509 3113 2565 Etenim
3142 2527 3263 2581 qua:
3295 2520 3517 2581 propter
3540 2514 3779 2564 ol'licitini

2182 2618 2439 2669 venerat,
2481 2602 2785 2658 inhaerebat
2820 2601 3023 2657 officio.
3075 2602 3273 2658 Mansit
3318 2618 3448 2673 ergo
3502 2602 3782 2657 mensibus

2182 2699 2360 2753 tribus
2381 2740 2396 2763 ,
2422 2712 2529 2752 non
2561 2696 2705 2767 quod
2730 2696 2924 2753 domus
2955 2712 3073 2751 eant
3108 2696 3411 2752 delectaret
3441 2696 3616 2751 aliena
3640 2737 3653 2759 ,
3686 2695 3779 2750 sed

2182 2792 2307 2861 quia
2340 2790 2678 2861 frequentius
2700 2789 2871 2845 videri
2906 2791 2957 2844 in
2989 2789 3212 2862 publico
3239 2790 3588 2861 displicebat.

2254 2883 2347 2939 22.
2399 2882 2694 2947 Didicistis,
2728 2882 2983 2953 virgines,
3029 2882 3289 2953 pudorem
3332 2880 3512 2936 Mariai
3543 2899 3556 2935 :
3588 2880 3785 2937 discite

2187 2977 2570 3033 humilitatem.
2612 2975 2775 3032 Venit
2808 2976 3108 3047 [H'Oplnqua
3130 2975 3197 3031 ad
3240 2976 3577 3047 proximam,
3601 2975 3787 3046 junior

2185 3071 2251 3125 ad
2282 3070 2551 3125 seniorem
2585 3088 2598 3123 :
2647 3083 2747 3123 nec
2781 3068 2958 3124 solum
2986 3067 3155 3133 venit,
3205 3068 3299 3122 sed
3331 3068 3494 3122 etiam
3523 3066 3674 3138 prior
3704 3082 3790 3121 sa-

2186 3163 2408 3230 lutavit;
2440 3164 2597 3219 decet
2626 3164 2769 3217 enim
2796 3172 2855 3216 ut
2877 3170 3079 3233 quanto
3106 3161 3491 3231 castiorvirgo,
3510 3168 3662 3216 tanto
3689 3161 3789 3214 liu-

483 3257 552 3313 Et
578 3272 708 3312 vere
739 3257 924 3321 beata,
954 3274 1074 3328 quze
1107 3256 1395 3312 sacerdote
1426 3258 1802 3328 priestantior;
1842 3274 1965 3313 cum
1997 3274 2082 3314 sa-
2111 3244 2155 3307 Β
2189 3257 2373 3311 milior
2410 3255 2503 3310 sit.
2538 3254 2761 3310 Noverit
2790 3254 3054 3309 honorem
3105 3254 3319 3309 deferre
3348 3254 3677 3309 senioribus.
3707 3253 3791 3307 Sit

486 3348 683 3405 cerdos
728 3359 1012 3420 negasset,
1048 3350 1202 3419 virgo
1250 3350 1496 3405 correxit
1536 3365 1801 3408 errorem.
1848 3350 1956 3407 Nec
1987 3354 2089 3406 mi-

484 3458 606 3496 rum
639 3444 683 3497 si
721 3443 981 3497 Dominus
1018 3440 1402 3511 redempturus
1438 3442 1700 3496 mundum
1724 3484 1739 3509 ,
1763 3442 1790 3480 b
1813 3445 2089 3513 operatio-

489 3551 611 3590 nem
641 3551 795 3591 suam
824 3535 1099 3589 inchoavit
1121 3550 1150 3588 a
1182 3533 1380 3599 Maria;
1412 3544 1468 3589 ut
1496 3549 1592 3605 per
1618 3551 1779 3603 quam
1804 3536 1951 3590 salus
1972 3552 2087 3591 om-

490 3629 652 3683 nibus
675 3628 993 3699 parabatur,
1025 3626 1217 3682 eadem
1254 3628 1427 3696 prima
1458 3626 1696 3683 fructum
1728 3628 1926 3684 salutis
1958 3629 2088 3685 lian-

486 3722 622 3777 riret
650 3736 715 3776 ex
749 3722 995 3791 pignore.
1506 3768 1519 3781 ,

562 3814 649 3869 18.
693 3814 761 3869 Ει
812 3814 954 3869 bene
1008 3813 1266 3885 quiesivit
1312 3814 1589 3884 quomodo
1638 3814 1831 3881 fieret;
1883 3817 2091 3887 legerat

483 3911 629 3963 enim
659 3919 680 3946 ε
712 3908 838 3978 quia
852 3908 1006 3977 virgo
1026 3907 1447 3977 generaret,sed
1469 3923 1577 3962 non
1608 3908 2090 3980 legeratquemad-

486 4003 711 4059 modum
741 4012 1055 4074 generaret.
1104 4000 1370 4071 Legerat,
1416 4010 1475 4056 ut
1504 4001 1615 4057 dixi
1649 4020 1659 4055 :
1694 4002 1825 4057 Ecce
1851 4005 1995 4075 virgo
2036 4006 2088 4059 in

458 4108 635 4175 ~utero
660 4098 881 4168 accipiet
927 4094 1113 4169 (Esai.
1159 4112 1271 4161 vn,
1310 4095 1401 4168 l4)
1428 4114 1439 4148 :
1469 4097 1744 4167 quomodo
1785 4109 1965 4153 autem
1996 4114 2088 4155 ac-

486 4195 737 4263 ciperet,
772 4192 825 4245 in
860 4190 1157 4260 Evangelia
1202 4189 1438 4259 primum
1472 4189 1702 4260 angelus
1743 4200 1825 4244 est
1856 4191 2089 4247 locutus.

563 4284 744 4357 (Vers.
776 4285 846 4339 59
865 4324 882 4350 ,
910 4282 1027 4353 40.)
1091 4281 1392 4351 Exsurgens
1420 4292 1592 4335 autem
1620 4280 1795 4336 Maria
1834 4284 1885 4336 in
1913 4284 2093 4338 diebus

489 4379 631 4442 illis,
674 4376 795 4430 abiit
831 4376 886 4429 in
921 4385 1163 4430 montana
1212 4390 1329 4427 cum
1375 4374 1702 4445 festinatione
1742 4376 1794 4427 in
1841 4377 2093 4431 civitatem

488 4471 669 4533 Iudae,
698 4480 746 4524 et
771 4470 978 4524 intravit
1007 4468 1057 4521 in
1082 4466 1295 4521 domum
1318 4465 1612 4533 Zachariae,
1642 4476 1688 4521 et
1713 4467 1957 4522 salutavit
1985 4468 2095 4523 Eli-

492 4562 695 4616 zabet/t.

2191 3352 2446 3421 magistra
2478 3348 2817 3416 humilitatis,
2851 3348 2902 3403 in
2936 3364 3040 3420 qua
3077 3357 3162 3403 est
3206 3347 3473 3418 professio
3502 3347 3786 3401 castitatis.

2194 3446 2291 3501 Est
2330 3458 2384 3501 et
2433 3462 2594 3502 causa
2640 3445 2878 3514 pietatis,
2910 3453 2997 3500 est
3047 3444 3214 3499 etiam
3265 3457 3451 3496 norma
3502 3440 3787 3496 doctrinm.

2191 3536 2566 3594 Coiituendum
2606 3548 2689 3592 est
2736 3537 2880 3591 enim
2914 3535 3035 3606 quia
3081 3534 3333 3605 superior
3359 3533 3506 3587 venit
3542 3531 3609 3587 ad
3655 3531 3792 3587 infe-

2191 3634 2416 3697 riorem,
2449 3643 2508 3688 ut
2553 3632 2777 3687 inferior
2814 3631 3141 3702 adjuvetur:
3179 3630 3345 3685 Maria
3384 3627 3451 3683 ad
3490 3627 3791 3694 Elizabeth,

2191 3729 2439 3785 Christus
2466 3728 2531 3781 ad
2560 3726 2849 3784 Joannem.
2884 3724 3126 3795 Denique
3152 3726 3313 3778 etiam
3344 3731 3554 3792 postea,
3586 3732 3644 3775 ut
3668 3735 3792 3775 san-

2192 3821 2459 3877 ctificaret
2486 3820 2812 3890 baptismum
2841 3818 3091 3884 Joannis,
3128 3815 3390 3870 Dominus
3420 3817 3566 3869 venit
3599 3814 3664 3868 ad
3694 3814 3791 3868 ba-

2195 3916 2473 3985 ptismum.
2521 3912 2639 3971 Cito
2667 3928 2883 3985 quoque
2909 3911 3175 3966 adventus
3219 3908 3425 3975 Mariie,
3476 3917 3529 3963 et
3558 3922 3795 3980 praesen-

2193 4008 2383 4064 scntiae
2413 4005 2700 4061 dominica:
2731 4004 2987 4059 beneficia
3015 4004 3383 4058 declarantur.

2271 4100 2452 4174 (Vers.
2509 4100 2629 4167 41.)
2688 4099 2857 4155 Simul
2912 4100 3045 4151 enim
3086 4108 3141 4151 ut
3187 4097 3386 4151 audivit
3434 4096 3794 4151 salutationem

2199 4193 2384 4249 Maria:
2429 4190 2713 4256 Elizabeth,
2738 4190 3014 4245 exsultavit
3058 4189 3235 4260 infans
3286 4189 3340 4241 in
3372 4196 3518 4242 utero
3547 4190 3680 4260 ejus.
3730 4184 3795 4240 Et

2196 4287 2390 4357 repleta
2416 4296 2490 4339 est
2519 4285 2723 4356 Spiritu
2752 4292 2949 4337 sancto.

2266 4379 2355 4433 2'5.
2394 4377 2527 4432 Vide
2559 4376 2989 4441 diStinctionem,
3033 4374 3474 4445 singulorumque
3504 4373 3792 4429 verborum

2196 4471 2579 4539 proprietates.
2631 4468 2835 4524 Vocem
2895 4468 3040 4537 prior
3096 4466 3379 4521 Elizabeth
3425 4466 3653 4533 audivit,
3701 4466 3795 4521 sed

2196 4564 2435 4620 Joannes
2463 4564 2611 4633 prior
2634 4562 2860 4632 gratiam
2899 4561 3072 4615 sensit
3097 4578 3109 4614 :
3136 4560 3227 4615 illa
3253 4570 3462 4615 naturae
3489 4559 3677 4614 ordine
3705 4575 3799 4613 att-

466 4718 471 4723 I
567 4655 655 4709 i9.
701 4654 905 4708 Morale
933 4664 1017 4709 est
1059 4652 1343 4717 omnibus,
1375 4661 1432 4707 iit
1472 4652 1564 4721 qui
1609 4650 1769 4707 fidem
1817 4653 2086 4725 exigunt,
2115 4640 2168 4700 D
2198 4656 2353 4719 divit,
2401 4656 2505 4710 iste
2550 4654 2840 4708 exsultavit
2868 4653 3079 4708 ratione
3126 4652 3367 4724 mysterii
3416 4652 3550 4707 :illa
3595 4651 3793 4717 ltlariic,

495 4746 656 4803 fidem
704 4746 1009 4802 adstruant.
1047 4746 1114 4802 Et
1153 4746 1276 4802 ideo
1322 4746 1549 4817 angelus
1596 4760 1717 4800 cum
1773 4746 2090 4802 abscondita

570 4899 595 4926 ⁸
638 4889 711 4945 [ta
744 4887 924 4941 cuncti
958 4901 1091 4940 mss.
1141 4894 1197 4939 et
1240 4895 1349 4939 vet.
1393 4885 1526 4942 edit.
1571 4886 1625 4940 in
1673 4900 1924 4955 corpore.
1961 4887 2087 4942 Era.

495 4974 677 5019 autem
703 4975 765 5013 ac
796 4959 922 5015 Gill.
958 4960 1009 5009 iii
1044 4971 1214 5023 marg.
1246 4967 1300 5011 et
1328 4956 1486 5011 Rom.
1533 4958 1591 5012 in
1621 4972 1774 5027 corp.
1805 4960 1869 5011 de
1906 4960 2093 5028 impari

493 5033 790 5089 conditione
824 5048 841 5085 :
873 5030 1017 5099 quod
1041 5028 1203 5083 etiam
1233 5028 1449 5082 videtur
1469 5042 1535 5082 eo
1565 5029 1877 5082 confirmari
1902 5072 1915 5091 ,
1948 5031 2089 5098 quod

496 5110 633 5161 infra
660 5119 793 5158 mss.
827 5098 1033 5155 et’edit.
1063 5100 1283 5168 legunt,
1308 5114 1409 5151 non
1440 5098 1503 5152 de
1544 5100 1734 5168 impari
1756 5100 2052 5153 conditione
2077 5117 2093 5163 ;

497 5193 607 5233 uno
634 5185 837 5230 tantum
870 5173 993 5227 Cod.
1029 5182 1259 5241 excepto
1282 5211 1296 5235 ,
1333 5170 1421 5224 tibi
1458 5185 1589 5239 pro,
1622 5170 1921 5224 conditione
1944 5212 1958 5234 ,
2002 5169 2096 5223 lia-

470 5250 582 5305 -bei
596 5265 658 5301 tir
688 5246 1035 5317 conceptione.

568 5318 597 5357 δ
630 5318 706 5373 Ex
738 5311 854 5371 Imc'
872 5319 991 5369 loco
1013 5313 1359 5369 manifestum
1385 5322 1468 5367 est
1489 5328 1596 5367 non
1619 5312 1799 5366 minus
1821 5311 2095 5369 Christum

499 5406 622 5446 cum
653 5399 867 5458 peccata
898 5402 964 5440 ne
989 5387 1139 5449 ﬁant,
1170 5388 1357 5458 gratiae
1381 5384 1636 5453 prﬂBSile
1661 5384 1908 5458 impedit,
1932 5402 2093 5449 quam

499 5478 624 5519 cum
650 5455 866 5514 dimittit
895 5465 1227 5527 perpetrata,
1254 5456 1652 5524 redemptorem
1676 5470 1817 5510 esse.
1853 5455 2094 5527 Namque

500 5554 530 5589 a
568 5544 742 5588 matre
779 5529 975 5584 dicitur
1007 5529 1292 5582 inchoasse
1334 5527 1766 5592 redemptionem
1791 5570 1804 5589 .
1838 5532 2093 5596 quoniam

502 5621 570 5661 ne
600 5603 874 5659 incredula
896 5612 1039 5655 esset
1058 5598 1251 5667 Angeli
1278 5599 1481 5662 verbis,
1513 5599 1629 5667 ipse
1652 5598 1945 5668 prohibuit.
1976 5600 2094 5668 Quo

500 5678 720 5749 quidem
740 5688 912 5749 cuneo
938 5686 1123 5726 eorum
1146 5672 1236 5741 qui
1263 5672 1662 5749 immaculataiii
1698 5668 1943 5749 Deiparie
1964 5686 2096 5725 con-

500 5740 810 5817 ceptionem
835 5740 1179 5817 impugnant,
1200 5742 1644 5817 tiodosissitiium,
1674 5749 1732 5794 iit
1754 5740 1854 5809 ipsi
1881 5751 2090 5817 putant,

504 5811 880 5889 argumentum
915 5811 1069 5871 facili
1104 5816 1321 5883 negotio
1358 5811 1689 5883 dill‘ringittir
1734 5811 1897 5881 atque
1941 5813 2095 5883 disji-

502 5891 665 5948 ritur.

2201 4751 2304 4806 iste
2343 4749 2557 4804 Domini
2604 4749 2777 4804 sensit
2819 4747 3110 4804 adventum
3142 4764 3155 4801 :
3190 4745 3391 4802 femina
3437 4746 3704 4813 mulieris,
3743 4756 3800 4802 et

2271 4899 2292 4926 ο
2334 4888 2537 4943 Omnes
2564 4887 2722 4954 edit.,
2752 4889 2873 4959 quia
2892 4887 3034 4960 virgo
3061 4888 3390 4958 conciperet;
3417 4900 3609 4942 omnes
3636 4901 3794 4953 mss.,

2196 4961 2315 5032 quia
2347 4962 2485 5032 uirgo
2505 4973 2792 5028 generaret.

2269 5028 2295 5067 ά
2338 5028 2578 5104 Ιιιίιιιὶίιν,
2603 5048 2707 5101 qua
2742 5031 3016 5104 nimirum
3038 5028 3265 5104 virginis
3285 5028 3479 5104 ipudor
3522 5028 3759 5085 afficitur
3780 5073 3793 5094 ,

2199 5102 2327 5156 dum
2360 5101 2572 5173 cogitur
2606 5103 2822 5173 prodire
2855 5104 2906 5155 iii
2930 5101 3229 5172 publicum.
3262 5103 3673 5171 Consequentur
3700 5118 3797 5155 aii-

2202 5182 2308 5227 tcm
2341 5172 2499 5229 Rom.
2527 5175 2683 5241 edit.,
2715 5172 2904 5239 affectu
2944 5188 3178 5242 urgente.
3208 5173 3349 5228 Alite
3370 5214 3385 5236 ,
3417 5188 3479 5225 ac
3509 5188 3638 5227 mss.
3673 5188 3793 5228 om-

2204 5259 2322 5307 nes,
2356 5246 2546 5310 allectu
2583 5247 2798 5315 vigente.
2841 5243 3034 5313 Aptius
3066 5260 3216 5315 sane,
3250 5254 3311 5298 ut
3335 5245 3616 5299 charitaiis
3638 5247 3796 5315 vigor

2206 5316 2433 5385 puellari
2457 5313 2720 5372 debilitati
2750 5324 3074 5384 opponatur.
3107 5313 3248 5370 Infra
3280 5331 3413 5370 vero
3440 5331 3630 5369 omnes
3657 5313 3792 5372 edit.

2205 5404 2326 5441 cum
2356 5389 2546 5455 majori
2598 5400 2777 5457 parte;
2798 5402 2929 5441 mss.
2968 5388 3255 5457 legebant.
3311 5386 3485 5441 Maria
3536 5389 3587 5440 in
3642 5387 3795 5441 domo

2203 5476 2362 5513 sera:
2396 5460 2481 5513 tibi
2514 5476 2543 5513 e
2570 5458 2690 5511 cod.
2727 5456 2848 5513 Vat.
2880 5456 3047 5512 Corli.
3079 5468 3136 5512 et
3173 5459 3292 5512 aliis
3326 5459 3602 5513 nonnullis
3637 5475 3797 5529 repo-

2202 5532 2433 5597 suimus,
2464 5530 2636 5583 Maria
2664 5530 2715 5583 in
2739 5530 2891 5584 domo
2913 5531 3068 5583 seria.
3096 5530 3256 5583 Corb.
3288 5530 3507 5597 quidem
3532 5532 3583 5583 in
3615 5533 3791 5601 glos.~a

2204 5602 2447 5656 indicans
2472 5600 2754 5669 legendum
2786 5616 2907 5657 esse
2924 5618 3057 5665 sera,
3080 5600 3249 5665 addit,
3274 5602 3328 5654 id
3349 5613 3420 5656 est
3442 5603 3609 5667 tarda,
3630 5600 3793 5671 quam

2201 5676 2593 5729 correctionem
2621 5673 2717 5727 alii
2741 5674 2878 5727 forte
2909 5674 3076 5727 secuti
3106 5684 3249 5726 stitit.
3285 5674 3389 5729 Sed
3417 5685 3596 5728 tamen
3622 5677 3795 5743 magis

2201 5746 2395 5812 placet,
2428 5747 2563 5799 seria
2584 5788 2597 5811 ,
2646 5744 2750 5801 hoc
2777 5754 2888 5810 est,
2921 5744 3131 5813 gravis;
3162 5759 3283 5798 nam
3331 5745 3585 5814 gravitati
3626 5746 3793 5802 etiam

2198 5818 2471 5872 contraria
2503 5831 2557 5871 iit
2582 5816 2872 5887 plurimum
2900 5826 3154 5870 censetur
3188 5815 3484 5871 festinatio.
