4014 6472
13 387 201 448 1561

1097 380 1463 440 EXPOSITIO
1501 378 1761 439 EVANG.
1800 373 1947 435 SEO.
1988 375 2144 434 LUC.
2182 373 2315 432 LIB.
2354 373 2423 434 ll.

3261 370 3404 430 1562

13 502 294 578 pignus
328 507 591 581 pignoris.
625 505 746 563 Ista:
775 500 1003 577 gratiam
1046 500 1366 571 loquuntur,
1424 498 1499 553 illi
1548 497 1695 552 intus
1722 510 1777 572 Α
1798 494 1944 553 enim
1966 494 2146 550 anima
2169 492 2367 564 accipit
2391 491 2482 549 Dei
2516 489 2774 557 Verbum,
2801 488 2844 544 si
2861 495 3040 546 tamen
3062 487 3407 544 immaculata

13 610 422 671 operantur,
457 599 778 671 pietatisque
798 595 1120 669 mysterium
1153 590 1419 648 maternis
1443 589 1701 645 adoriun-

20 700 144 748 tur
176 691 581 762 profectibus;
610 689 919 761 duplicique
946 686 1210 742 miraculo
1231 684 1561 755 prophetant
1586 695 1700 736 ma-

19 792 178 841 tres
237 786 449 857 Spiritu
477 782 849 855 parvulorum.
887 778 1201 835 Exsultavit
1246 775 1447 839 infans,
1496 773 1701 843 repleta

21 887 140 932 est
204 888 427 933 mater.
460 875 581 933 Non
637 875 790 947 prius
820 881 998 929 mater
1037 870 1267 942 repleta,
1309 882 1469 939 quam
1514 865 1699 920 illius:

20 971 152 1026 sed
195 986 350 1029 curn
381 972 526 1027 ﬁlius
551 979 700 1026 esset
730 966 972 1039 repletus
997 963 1200 1034 Spiritu
1227 970 1438 1027 sancto,
1468 957 1704 1027 replevit

25 1080 102 1125 et
158 1080 451 1127 matrem.
488 1065 799 1123 Exsultavit
825 1063 1088 1129 Joannes,
1117 1057 1413 1116 exsultavit
1441 1066 1497 1112 et
1518 1054 1702 1111 Mariae

23 1163 344 1235 spiritus.
400 1164 721 1220 Exsultantc
766 1159 996 1226 Joanne,
1054 1156 1299 1227 repletur
1369 1150 1698 1208 Elizabeth:

30 1257 326 1315 Mariam
384 1266 569 1312 tamen
618 1269 727 1310 non
767 1251 967 1323 repleri
1011 1248 1238 1321 Spiritu,
1288 1245 1385 1304 sed
1448 1246 1702 1317 spiritum

38 1350 205 1422 ejus
272 1350 560 1407 exsultare
627 1346 1044 1420 cognovimus;
1129 1338 1704 1413 incomprehensibilis

39 1448 235 1503 enim
324 1432 947 1516 incomprehensibiliter
1012 1436 1344 1509 operabatur
1392 1434 1446 1490 in
1502 1442 1700 1489 matre.

47 1540 135 1596 Et
199 1540 316 1596 illa
356 1549 480 1610 post
500 1546 823 1609 conceptum
881 1534 1141 1605 repletur,
1163 1533 1264 1589 ista
1305 1540 1435 1587 ante
1460 1543 1702 1597 concep-

46 1641 227 1689 tum.

142 1728 358 1799 (νει-δ.
382 1729 473 1796 42,
501 1724 620 1798 43.)
644 1725 923 1780 Benedicta
952 1731 1006 1778 tu
1029 1722 1165 1777 inter
1195 1719 1460 1784 mulieres,
1485 1727 1532 1773 et
1554 1718 1702 1774 bene-

53 1822 269 1878 dictus
297 1825 492 1894 [ructus
523 1822 711 1875 ventris
746 1820 839 1873 tui.
884 1817 952 1872 Et
981 1816 1121 1871 unde
1149 1814 1248 1869 hoc
1278 1813 1405 1867 milti
1452 1821 1509 1867 ut
1534 1812 1704 1866 ueniat

52 1925 260 1970 mater
293 1914 503 1970 Domini
532 1916 634 1971 mei
659 1915 729 1969 ad
757 1913 881 1968 me?

138 2008 257 2064 24.
292 2008 457 2066 Novit
505 2024 817 2065 sermonem
849 2021 1007 2062 suum
1038 2003 1278 2076 Spiritus
1306 2011 1552 2066 sanctus,
1601 2014 1704 2056 nec

56 2100 734 2170 umquamobliviscitur.
761 2099 828 2156 Et
858 2097 1144 2171 prophetia
1170 2110 1279 2152 non
1309 2096 1489 2151 solum
1519 2109 1700 2151 rerum

53 2195 406 2265 completur
452 2193 753 2258 miraculis,
806 2191 905 2248 sed
934 2192 1097 2246 etiam
1131 2190 1469 2262 proprietate
1508 2185 1706 2242 verbu-

60 2301 249 2343 rum.
282 2286 418 2355 Quis
462 2296 549 2343 est
601 2288 705 2342 iste
732 2284 942 2341 fructus
973 2284 1202 2351 ventris,
1236 2283 1339 2339 nisi
1372 2282 1466 2337 ille
1497 2280 1566 2337 de
1595 2294 1706 2352 quo

57 2379 307 2436 dictum
334 2387 450 2436 est:
474 2378 610 2435 Ecce
632 2378 912 2435 hazreditas
934 2376 1145 2433 Domini
1166 2377 1287 2447 ﬁlii,
1301 2391 1491 2431 merces
1505 2378 1706 2447 {ructus

59 2474 291 2529 uentris
313 2470 491 2547 (Peal.
508 2487 692 2536 cxxvt,
707 2470 791 2543 '5)?
811 2471 922 2526 Hoc
934 2479 1039 2536 est,
1065 2469 1358 2525 luereditas
1370 2466 1583 2523 Domini
1609 2462 1703 2518 lilii

67 2567 353 2638 sunt,qui
378 2580 592 2622 merces
607 2561 1502 2633 sutttl‘ruetusillius,quideMaria:
1516 2566 1707 2612 ventre

67 2659 392 2728 processit.
417 2657 537 2728 Ipse
561 2656 769 2713 fructus
786 2655 990 2712 ventris
1019 2666 1122 2718 est,
1150 2656 1251 2710 tios
1272 2654 1487 2718 radicis,
1504 2651 1571 2706 de
1599 2664 1707 2721 quo

69 2751 237 2806 bene
261 2751 622 2821 prephetavit
639 2750 831 2805 Esaias
849 2748 1041 2804 dicens
1064 2765 1079 2801 :
1106 2746 1259 2801 Exiet
1279 2748 1423 2817 virga
1442 2744 1506 2798 de
1534 2742 1710 2796 radice

69 2843 270 2911 Iesse,
301 2853 349 2899 et
375 2846 551 2915 [ιοεεαῖ
574 2845 750 2900 radice
775 2847 889 2917 ejus
905 2844 1146 2899 ascendet
1171 2840 1342 2913 (Esai.
1379 2838 1539 2911 xt,i);
1558 2837 1708 2893 radix

73 2938 246 2994 enim
279 2947 368 2993 est
406 2937 609 2993 familia
629 2936 969 3003 Judatorum,
988 2937 1139 3006 virga
1170 2932 1335 2989 Maria
1358 2974 1374 3001 ,
1401 2933 1501 2988 llos
1526 2929 1710 2987 Μαι-ιω

76 3030 361 3087 Christus
391 3047 404 3084 :
433 3031 524 3100 qui
554 3030 720 3086 veluti
754 3029 910 3084 bonae
934 3026 1149 3084 arboris
1173 3025 1376 3082 fructus
1392 3040 1487 3094 pro
1511 3031 1711 3078 nostrae

79 3122 321 3179 virtutis
339 3137 603 3193 processu
626 3137 767 3178 nunc
785 3121 1114 3187 ﬂoret,uunc
1140 3118 1432 3175 fruetiiicat
1453 3117 1505 3171 in
1531 3114 1709 3182 nobis,

84 3232 251 3274 nunc
279 3216 528 3273 rediviva
551 3216 801 3287 corporis
826 3213 1229 3270 resurrectione
1255 3222 1566 3282 reparatur.

169 3310 242 3367 Et
266 3310 408 3366 unde
435 3310 532 3365 Itoc
554 3310 699 3375 mihi,
720 3319 776 3364 ut
798 3309 969 3363 ueniat
989 3317 1150 3362 mater
1166 3305 1377 3362 Domini
1404 3304 1503 3360 mei
1517 3302 1587 3357 ad
1605 3304 1712 3358 me?

172 3409 400 3483 1290
437 3407 529 3465 25.
564 3406 679 3463 Non
708 3405 859 3477 quasi
909 3405 1163 3474 ignorans
1207 3402 1378 3467 dicit;
1427 3402 1530 3456 scit
1564 3399 1708 3456 enim

86 3519 223 3561 esse
253 3502 492 3574 Spiritus
522 3501 696 3557 sancti
726 3500 956 3571 gratiam
988 3506 1045 3553 et
1076 3495 1468 3568 operationem,
1500 3504 1558 3548 ut
1599 3507 1710 3548 ma-

94 3610 182 3657 ter
219 3600 514 3672 PrOphette
542 3614 573 3653 a
607 3607 781 3654 matre
814 3595 1029 3651 Domini
1080 3593 1146 3649 ad
1186 3592 1487 3666 profectum
1518 3590 1599 3646 sui
1631 3589 1711 3660 pi-

91 3697 293 3767 gnoris
313 3694 619 3749 salutetur:
652 3691 747 3747 sed
769 3690 924 3761 quasi
956 3704 1063 3744 non
1107 3688 1324 3743 humani
1348 3686 1452 3743 hoc
1488 3684 1707 3753 meriti,

93 3789 197 3845 sed
222 3788 424 3845 divinae
463 3787 653 3858 gratiae
680 3800 876 3839 munus
905 3798 1027 3839 csse
1060 3788 1392 3852 cognoscat,
1423 3780 1497 3833 ita
1530 3777 1661 3832 dicit
1694 3794 1708 3830 :

101 3879 261 3937 Unde
324 3882 423 3934 hoc
475 3876 642 3933 mihi?
668 3875 927 3948 Hoc‘cst,
961 3884 982 3911 υ
1010 3882 1270 3945 quantum
1313 3872 1515 3927 bonum
1577 3867 1710 3923 mihi

95 3974 334 4040 accidit;
365 3981 424 4028 ut
476 3979 650 4026 tnater
703 3968 917 4025 Domini
967 3968 1071 4023 tnei
1123 3966 1305 4021 veniat
1346 3965 1413 4020 ad
1438 3963 1562 4018 me?
1590 3961 1711 4017 Non

99 4082 381 4140 cognosco
437 4082 639 4122 mcum.
706 4063 858 4119 Unde
922 4063 1019 4116 hoc
1075 4061 1235 4122 mihi.
1305 4074 1408 4129 qua
1450 4058 1657 4128 juStitia
1694 4098 1710 4124 ,

101 4162 311 4235 quibus
340 4159 516 4226 laetis,
548 4174 646 4228 pro
701 4158 898 4228 quibus
950 4154 1195 4210 meritis?
1222 4152 1339 4208 Non
1369 4151 1565 4207 usitata
1599 4150 1714 4205 htec

103 4254 290 4309 ofticia
344 4251 669 4308 feminarum
720 4260 887 4306 sunt:
948 4247 1015 4304 Ut
1063 4247 1230 4301 ueniat
1286 4254 1449 4298 mater
1501 4238 1717 4297 Domini

104 4349 206 4405 mei
237 4348 305 4403 ad
341 4362 441 4401 me.
477 4345 791 4402 Miraculunt
824 4343 1030 4409 sentio,
1060 4353 1334 4411 cognosco
1356 4336 1671 4409 mysterium
1697 4351 1711 4391 :

107 4451 286 4500 mater
309 4440 524 4496 Domini
561 4439 737 4495 Verbo
766 4437 917 4504 ﬂeta,
948 4437 1058 4492 Deo
1086 4436 1245 4505 plena
1273 4441 1377 4488 est.

183 4533 368 4608 (Vers.
393 4533 485 4597 M,
516 4530 633 4602 45.)
655 4531 784 4585 Ecce
808 4530 943 4585 enim
973 4538 1030 4583 ut
1059 4528 1200 4600 [acta
1223 4535 1295 4581 est
1316 4539 1417 4579 vox
1445 4521 1718 4577 salutatio-

100 4629 193 4699 nis
223 4638 322 4681 tua:
347 4626 404 4681 in
450 4626 666 4680 auribus
713 4624 859 4690 nteit,
892 4621 1165 4678 multavit
1207 4616 1401 4690 gaudio
1442 4615 1619 4687 infans
1664 4613 1718 4667 in

115 4732 258 4777 utero
285 4737 398 4775 meo
431 4736 449 4776 :
479 4729 527 4775 et
558 4719 705 4774 beata
728 4735 843 4789 quin
870 4717 1155 4773 credidisti.

186 4814 276 4870 26.
301 4813 468 4869 Vides
506 4827 615 4868 non
656 4811 933 4867 dubitasse
969 4809 1214 4872 Mariam,
1255 4805 1349 4862 sed
1379 4801 1718 4865 credidisse;

117 4914 172 4961 et
202 4906 318 4960 ideo
346 4904 580 4959 fructum
614 4902 743 4957 ﬁdei
772 4909 1138 4957 consecutam.
1166 4898 1351 4964 Beata,
1377 4896 1574 4969 inquit,
1605 4910 1720 4965 qua:

121 4996 511 5053 credidisti.Scd
541 5006 595 5053 et
624 5010 721 5051 vos
739 4995 904 5061 beati,
923 4991 1280 5061 quiaudistis,
1303 4998 1357 5046 et
1383 4986 1713 5046 credidisds:

124 5108 467 5163 qumcumque
537 5091 684 5147 enim
736 5088 1030 5145 crediderit
1072 5087 1251 5141 anima
1309 5082 1623 5152 ctconcipit
1662 5091 1712 5137 ct

126 5196 343 5255 generat
396 5187 488 5242 Dei
542 5182 797 5248 Verbum,
854 5191 911 5237 et
945 5196 1111 5252 opera
1144 5179 1264 5250 ejus
1306 5178 1576 5249 agnoscit.
1631 5174 1714 5230 Sit

130 5280 180 5336 in
210 5281 434 5352 singulis
459 5278 638 5334 Mariae
670 5276 869 5336 anima,
903 5283 961 5329 ut
983 5273 1287 5344 magnilicet
1303 5272 1621 5325 Dominum:
1646 5269 1718 5321 sit

132 5372 181 5427 in
206 5373 426 5445 singulis
455 5369 682 5444 spiritus
713 5367 915 5433 Mariae,
944 5374 1003 5420 ut
1024 5365 1264 5420 exsultet
1290 5363 1346 5418 in
1368 5361 1504 5417 Deo.
1535 5360 1592 5415 Si
1626 5374 1715 5414 se-

114 5467 352 5522 cundum
400 5480 622 5521 carnem
659 5478 763 5518 una
799 5470 976 5516 mater
1005 5468 1090 5515 est
1139 5454 1376 5520 Christi;
1418 5452 1717 5511 secundum

139 5559 282 5617 fidem
309 5570 487 5617 tamen
536 5557 780 5613 omnium
836 5552 1044 5609 fructus
1092 5558 1177 5606 est
1207 5548 1478 5605 Christus.
1529 5545 1721 5601 Omnis

141 5735 227 5849 ὄπι
255 5726 394 5782 Edit.
426 5726 588 5794 Rom,
624 5723 761 5789 sola,
813 5736 916 5793 quo
954 5725 1154 5773 tantttm
1179 5684 1379 5771 bonum.
1413 5711 1541 5767 mihi
1574 5710 1714 5765 aeri.

175 5806 228 5849 tt.
255 5810 356 5849 etc.

175 5806 229 5908 ul:
255 5810 376 5925 ἓιξὶἰ
403 5883 593 5925 omnes
624 5885 638 5922 :
672 5865 779 5923 Sed
811 5862 997 5918 Mariae
1021 5877 1147 5925 quo.
1177 5858 1307 5915 Mss.
1336 5858 1544 5927 aliquot
1574 5872 1586 5908 :
1623 5852 1720 5909 Se-

143 5941 292 6009 quitur
318 5941 450 5997 enim
483 5949 536 5994 ut
567 5930 776 6006 Mariis,
798 5950 921 6007 quo.
951 5934 1077 6001 Alii,
1109 5932 1200 6002 qui
1232 5938 1287 5985 et
1316 5927 1563 5984 melioris
1586 5936 1718 5981 eata-

1800 598 1857 645 et
1891 590 2196 645 immunisa
2225 587 2396 656 vitiis,
2428 587 2755 645 intemerato
2780 584 3164 642 castimoniam
3198 582 3407 656 pudore

1800 684 2090 743 custodiat.

1870 803 1965 859 27.
1997 804 2365 873 Quacumque
2402 801 2566 874 igitur
2595 800 2721 857 talis
2766 812 2891 855 esse
2927 796 3166 870 potuerit
3202 794 3405 863 anima,

1803 895 2114 968 magniﬁcat
2137 895 2452 959 Dominum,
2482 893 2625 949 sicut
2660 891 2843 947 anima
2871 889 3058 947 Mariae
3094 887 3409 958 magniﬁca-

1802 992 1881 1047 vit
1912 993 2221 1053 Dominum,
2248 998 2307 1045 et
2333 988 2629 1044 exsultavit
2658 987 2884 1057 spiritus
2909 984 3029 1055 ejus
3059 983 3113 1039 in
3128 983 3243 1039 Deo
3264 980 3413 1037 salu—
3470 1016 3477 1023 ς

1804 1086 1929 1142 tari.
1957 1083 2335 1155 Magttilicatur
2354 1081 2500 1138 enim
2529 1080 2815 1147 Dominus,
2847 1078 2988 1135 sicut
3009 1085 3065 1134 et
3086 1075 3213 1133 alibi
3240 1074 3409 1146 legis:

1806 1178 2139 1252 Magni/irate
2164 1176 2448 1231 Dominum
2480 1189 2679 1228 mecum
2710 1171 2885 1244 (Psal.
2917 1187 3110 1235 xxxttt,
3142 1168 3271 1239 44);
3305 1181 3412 1224 non

1805 1273 1950 1347 quod
1995 1272 2225 1328 Domino
2260 1268 2463 1339 aliquid
2496 1267 2734 1323 humana
2781 1278 2915 1321 voce
2957 1264 3131 1334 possit
3167 1260 3413 1332 adjungi,

1806 1367 1900 1424 sed
1944 1366 2072 1438 quia
2121 1362 2501 1435 magttilicatur
2544 1360 2601 1416 in
2654 1358 2836 1432 nobis.
2883 1357 3068 1427 Imago
3119 1354 3265 1411 enim
3318 1353 3414 1408 Dei

1805 1463 2062 1522 Christus
2105 1468 2227 1529 est;
2256 1469 2313 1515 et
2349 1458 2473 1514 ideo
2516 1456 2561 1511 si
2606 1454 2738 1526 quid
2762 1453 2969 1524 justutn
3018 1448 3210 1506 fecerit
3234 1447 3414 1503 anima

1806 1565 1901 1614 aut
1927 1556 2266 1628 religiosum,
2294 1551 2446 1607 illam
2476 1547 2766 1619 imaginem
2801 1544 2918 1612 Dei,
2950 1541 3018 1598 ad
3045 1541 3200 1611 cujus
3229 1549 3315 1596 est
3339 1540 3416 1594 si-

1808 1650 2172 1709 militudinem
2203 1654 2412 1709 creata,
2445 1641 2780 1713 magnilicat.
2814 1637 2882 1694 Et
2902 1635 3026 1691 ideo
3051 1635 3181 1688 dum
3209 1631 3417 1703 magni-

1809 1744 1937 1801 llcat
1978 1757 2129 1809 eum,
2179 1734 2570 1810 magnitudinis
2586 1732 2704 1803 ejus
2735 1729 2967 1801 quadam
2999 1723 3418 1799 participatione

1808 1835 2093 1894 sublimior
2154 1832 2245 1897 ﬁt;
2298 1839 2358 1885 ut
2426 1827 2574 1883 illam
2646 1822 2934 1895 imaginem
2979 1816 3267 1890 splendido
3314 1814 3416 1871 ho-

1733 1931 2003 1993 Bnornm
2075 1931 2261 1988 colore
2313 1927 2619 1989 laetorum,
2661 1931 2717 1978 et
2763 1917 2997 1992 quadam
3064 1911 3419 1971 aemulatione

1804 2028 2018 2085 virtutis
2061 2026 2114 2080 in
2170 2038 2231 2079 se
2276 2020 2522 2076 videatur
2562 2013 2890 2084 exprimere.
2947 2005 3258 2078 Magniﬁcat
3317 2016 3418 2058 au-

1806 2132 1915 2178 tem
1956 2120 2139 2174 anima
2191 2114 2373 2171 Maria:
2432 2108 2743 2173 Dominum,
2791 2114 2848 2161 et
2904 2103 3141 2159 exsultat
3193 2097 3422 2169 spiritus

1806 2213 1927 2284 ejus
1951 2212 2004 2266 in
2019 2210 2133 2265 Deo
2153 2225 2168 2273 ;
2196 2220 2264 2262 co
2277 2204 2421 2277 quod
2434 2211 2486 2257 et
2503 2204 2687 2257 anima
2713 2207 2768 2254 et
2790 2196 2986 2269 spiritu
3005 2192 3151 2249 Patri
3167 2188 3422 2260 Filioque

1804 2281 2026 2373 devota,
2063 2317 2232 2358 unum
2256 2300 2427 2355 Deum
2472 2312 2539 2353 ex
2566 2310 2674 2367 quo
2704 2292 2887 2349 omnia
2911 2333 2927 2358 ,
2958 2298 3015 2344 ct
3036 2302 3205 2344 unum
3232 2281 3422 2339 Domi-

1808 2417 1936 2459 num
1963 2415 2056 2470 per
2079 2411 2241 2469 quem
2260 2392 2478 2491 Pmnia,
2507 2390 2603 2462 pio,
2626 2394 2921 2444 veneretur
2947 2381 3166 2439 aﬂ‘ectu.

1879 2519 1972 2575 28.
2018 2516 2047 2556 ι’
2083 2514 2341 2587 Sequitur
2387 2509 2593 2573 Marizc,
2648 2521 2758 2578 quo
2800 2515 3037 2576 persona
3088 2497 3303 2561 melior,
3351 2506 3421 2548 eo

1809 2609 2096 2685 prophetia
2122 2607 2356 2678 plenior.
2382 2603 2494 2659 Nec
2527 2603 2764 2657 otiosum
2794 2595 3010 2652 videtur
3035 2589 3181 2662 quod
3208 2597 3265 2644 et
3295 2595 3423 2642 ante

1810 2678 2076 2761 .loanncm
2110 2694 2392 2753 Elizabeth
2421 2690 2736 2765 prophetat.
2769 2697 2824 2744 et
2854 2684 3020 2742 Maria
3049 2691 3179 2738 ante
3206 2678 3420 2735 Domini

1812 2794 2258 2868 generationem;
2288 2794 2513 2855 serpunt
2537 2783 2684 2838 enim
2718 2780 2829 2851 jam
2862 2783 3193 2833 tentamenta
3227 2770 3426 2827 salutis

1816 2865 2093 2945 humanae.
2136 2882 2270 2938 Nam
2312 2879 2453 2935 sicut
2494 2884 2777 2946 peccatum
2808 2887 2839 2927 a
2869 2866 3192 2926 mulieribus
3214 2865 3424 2935 coepit:

1814 2982 1889 3037 ita
1917 2976 2083 3034 etiam
2115 2975 2257 3031 bona
2288 2986 2316 3026 a
2348 2967 2671 3026 mulieribus
2708 2962 3071 3024 inchoantur;
3113 2968 3173 3014 ut
3202 2956 3424 3012 femina:

1814 3084 2035 3143 quoque
2062 3064 2351 3124 muliebria
2397 3074 2563 3132 opera
2591 3058 2949 3130 deponcnles,
2994 3048 3297 3107 inﬁrmitati
3340 3062 3428 3102 rc-

1815 3137 2106 3220 nunt—ieot:
2139 3167 2195 3214 et
2218 3156 2400 3212 anima
2437 3168 2560 3225 qua:
2594 3166 2698 3205 non
2732 3148 2899 3203 habet
2923 3158 3135 3208 sexum,
3177 3149 3236 3195 ut
3261 3137 3427 3194 Maria

1817 3272 1939 3330 quze
1968 3254 2144 3311 nescit
2178 3264 2450 3316 errorem,
2482 3245 2738 3318 religioso
2766 3242 3010 3298 imitetur
3054 3234 3237 3292 studio
3262 3232 3429 3290 casti-

1738 3323 1784 3388 C
1818 3323 2008 3409 tatem.

1887 3465 2071 3540 (Vers.
2100 3460 2219 3531 56.)
2250 3457 2448 3515 Mansit
2470 3465 2639 3510 autem
2672 3450 2847 3506 Maria
2889 3463 3005 3503 cum
3045 3444 3140 3500 illa
3169 3437 3429 3496 mensibus

1816 3562 1981 3617 tribus
2012 3574 2032 3613 :
2059 3566 2109 3613 et
2135 3570 2339 3611 reversa
2363 3561 2439 3605 est
2464 3549 2518 3603 in
2550 3547 2760 3601 domum
2790 3558 2960 3596 suam.

1890 3673 2104 3748 129].
2128 3669 2224 3726 99.
2256 3667 2403 3722 Bene
2433 3661 2706 3719 inducitur
2736 3665 2922 3711 sancta
2962 3651 3154 3717 Maria,
3183 3658 3237 3704 et
3267 3645 3426 3702 exhi-

1814 3738 2291 3827 buistavorlicittm,
2327 3769 2347 3793 θ
2381 3764 2437 3813 et
2462 3753 2752 3827 mysticum
2783 3758 3071 3803 numerum
3102 3738 3424 3795 custodisse.

1814 3859 1933 3917 Non
1975 3855 2122 3912 enim
2171 3854 2287 3909 sola
2343 3842 2732 3903 familiaritatis
2778 3848 2866 3896 est
2911 3851 3071 3892 causa
3129 3830 3277 3903 quod
3332 3828 3426 3884 ditt

1814 3952 2031 4013 mansit,
2066 3945 2165 4003 sed
2196 3945 2363 4000 etiam
2397 3939 2531 3995 tanti
2556 3936 2700 3991 vatis
2744 3931 3041 4002 profectus.
3077 3926 3207 3982 Nam
3242 3922 3288 3977 si
3320 3922 3432 3992 pri-

1817 4061 1906 4100 tno
1925 4042 2173 4112 ingressu
2207 4046 2389 4090 tantus
2407 4042 2696 4101 processus
2726 4023 2940 4087 extitit;
2965 4030 3024 4073 ιιι
3050 4018 3117 4073 ad
3147 4015 3431 4072 salutatio-

1818 4151 1943 4192 nem
1986 4109 2168 4189 hlariae
2216 4125 2519 4184 exsultaret
2568 4118 2746 4175 infans
2793 4117 2848 4171 itt
2899 4123 3075 4175 utero,
3129 4109 3431 4179 repleretur

1816 4229 2024 4299 Spiritu
2048 4230 2242 4279 sancto
2265 4226 2439 4274 mater
2461 4213 2685 4269 infantis
2714 4228 2726 4264 :
2760 4214 3020 4279 quantum
3053 4211 3308 4275 putamus
3331 4212 3430 4252 usu

1821 4288 1956 4378 tanti
1987 4314 2251 4388 temporis
2275 4318 2482 4367 sanctae
2519 4304 2702 4361 Mat-ite
2732 4297 3007 4355 addidisse
3037 4290 3383 4362 prmseutiam
3409 4288 3434 4341 ?

1823 4414 2021 4472 Mansit
2056 4382 2224 4467 autem
2263 4404 2438 4462 Maria
2475 4416 2592 4456 cum
2627 4396 2722 4451 illa
2746 4391 3002 4448 mensibus
3027 4386 3211 4442 tribus.
3243 4382 3430 4454 Unge-

1820 4510 1982 4568 batur
2012 4508 2217 4577 itaque,
2248 4513 2303 4559 et
2332 4497 2487 4571 quasi
2518 4496 2692 4551 houus
2719 4488 2926 4544 athleta
2967 4478 3327 4538 exercebatur
3373 4478 3429 4530 in

1821 4613 1981 4662 utero
2007 4567 2214 4657 mat-risi
2229 4567 2530 4669 propheta;
2564 4584 2903 4656 amplissimo
2939 4576 3083 4632 enim
3113 4572 3285 4627 virtus
3310 4567 3433 4639 ejus

1745 4713 1798 4776 ι)
1822 4660 2106 4756 certamini
2136 4660 2453 4765 parabatur.
2489 4681 2740 4751 Denique
2768 4671 2973 4731 tamdiu
3012 4666 3213 4776 mansit
3242 4660 3428 4776 M’aria;

1825 4790 2084 4865 quamdiu
2130 4756 2410 4841 lilizabeth
2443 4773 2689 4850 pariendi
2725 4781 2940 4840 tempus
2971 4763 3243 4833 impleret.
3274 4756 3430 4862 Quod

1823 4848 1869 4941 si
1900 4883 2192 4953 diligenter
2219 4875 2498 4938 advertas,
2540 4865 2785 4924 invenies
2827 4862 2931 4914 hoc
2976 4867 3240 4924 nusquam
3288 4848 3436 4920 posi-

1823 4988 1959 5041 tum,
1991 4942 2099 5032 nisi
2130 4975 2185 5028 in
2215 4966 2575 5042 generatione
2608 4961 2906 5033 justnrutn.
2950 4949 3190 5019 Denique
3219 4942 3430 5014 impleti

1817 5083 1945 5129 sunt
1971 5071 2108 5134 dies,
2154 5075 2213 5121 ιιι
2243 5071 2458 5135 pareret
2492 5056 2657 5112 Maria
2696 5069 2710 5109 :
2747 5046 3031 5118 impletum
3076 5047 3161 5095 est
3190 5046 3426 5117 tempus,

1823 5178 1880 5225 ut
1927 5168 2147 5238 pareret
2192 5134 2475 5213 Elizaheth
2522 5166 2537 5210 ;
2577 5144 2858 5216 impletum
2902 5145 2987 5191 est
3016 5134 3141 5187 vita:
3189 5139 3431 5197 tempus,

1821 5224 1945 5318 cuni
1974 5254 2148 5313 sancti
2179 5251 2281 5308 viri
2328 5264 2393 5305 ex
2428 5245 2529 5301 hoc
2558 5242 2683 5297 vita;
2731 5229 3001 5293 curriculo
3033 5224 3426 5318 demigrarunt.

1827 5350 2229 5411 Plenitudinem
2269 5341 2400 5412 justi
2445 5339 2557 5392 vita
2605 5331 2790 5392 habet,
2836 5327 3029 5380 inanes
3080 5323 3261 5371 autem
3312 5309 3432 5366 dies

1823 5456 1953 5506 sunt
1980 5440 2291 5513 impiorum.

1898 5494 2245 5605 SDrii’eperit
2288 5541 2421 5597 ergo
2454 5521 2621 5578 lilium
2653 5510 2964 5576 Elizabcth,
2996 5514 3051 5561 ct
3078 5494 3427 5570 congratula-

1818 5707 1930 5762 tis:
1962 5701 2207 5769 Sequitur
2235 5692 2443 5769 Mariae,
2475 5701 2600 5769 quo,
2628 5692 2771 5769 etc.,_
2797 5671 3279 5769 tit-nos

1895 5749 1930 5817 θ’
1952 5741 2341 5832 ’ἀυδξῖ
2428 5741 2501 5814 ’σι’
2533 5741 2775 5832 implesse
2799 5741 3424 5832 rugaterit-ritu;“tt‘tnetl

1819 5802 2687 5916 ulla?"(ierié'ﬁiténléni'V'éi
2695 5802 2769 5892 ’ῥὸ
2778 5802 3131 5916 ιιιιζιίιξιιιριιι)
3149 5822 3252 5862 non
3281 5802 3427 5856 dese-

1821 5892 2357 5985 };£3,"ec‘h}ginéum
2377 5914 2644 5959 numerum
2666 5892 2963 5948 custodiret.
