4156 6346
528 364 670 424 1363

1883 360 2129 423 ΒΑΝΟΤΙ
2166 354 2491 422 AMBROSII

3693 361 3833 422 εδει

527 486 724 541 bantur
749 493 775 523 ⁸
802 480 988 543 vicini.
1023 483 1196 541 liabet
1225 494 1534 542 sanctorum
1557 483 1724 542 editio
1746 484 1987 541 lmtitiam
2013 483 2131 555 plu-
2154 488 2204 548 Α
2303 482 2395 539 3%.
2424 483 2489 538 Et
2513 482 2653 539 bene
2683 481 2904 538 additur
2920 483 3046 554 quia
3074 495 3235 537 nemo
3269 480 3324 537 in
3362 482 3691 554 cognatione
3719 457 3838 551 ejus

526 582 811 648 rimorum,
845 584 968 652 quia
1014 596 1304 637 commune
1352 588 1437 637 est
1478 581 1710 647 bonum;
1741 578 1949 652 justitia
1983 580 2127 635 enim

529 675 839 732 communis
890 684 974 731 est
1005 675 1194 733 virtus.
1232 675 1299 731 Et
1339 676 1464 731 ideo
1505 676 1559 732 in
1596 688 1718 731 ortu
1744 676 1900 748 justi,
1935 674 2131 731 futura:

530 770 661 825 vita
683 770 898 839 insigne
925 769 1298 840 praemittitur,
1329 779 1384 825 ct
1412 771 1585 842 gratia
1617 764 1887 827 secutura:
1914 770 2133 826 virtutis

531 862 902 919 exsultatione
934 862 1242 919 vicinorum
1272 863 1651 935 praetigurante
1694 867 1958 936 signatur.
2006 860 2138 919 Pul-

533 955 666 1012 chre
689 964 874 1011 autem
915 962 1130 1027 tempus
1159 971 1271 1027 quo
1296 955 1397 1011 luit
1431 959 1484 1012 in
1530 966 1685 1013 utero
1714 957 2010 1029 Propheta,
2041 957 2137 1014 deo

534 1048 831 1115 scribitur;
865 1064 932 1105 ne
959 1049 1141 1106 Maria:
1167 1050 1459 1121 pm-sentia
1489 1059 1730 1107 taceatur
1757 1066 1771 1105 :
1802 1050 1897 1108 sed
1926 1059 2139 1120 tempus

534 1139 564 1184 ι’
595 1142 788 1199 siletur
810 1142 1074 1207 infantiae,
1103 1157 1170 1199 eo
1197 1142 1343 1214 quod
1371 1144 1658 1214 presenti:
1687 1144 1919 1212 Domini,
1952 1144 2141 1200 matris

536 1234 591 1292 in
643 1244 799 1290 utero
849 1238 1164 1303 roboratur,
1196 1236 1289 1308 qui
1331 1236 1574 1293 infantiae
1610 1237 1998 1310 impedimenta
2041 1252 2142 1294 ne-

537 1328 717 1383 scivit.
748 1327 821 1384 Et
847 1328 972 1386 ideo
1003 1330 1057 1385 in
1085 1328 1386 1401 Evangelia
1417 1328 1553 1385 nihil
1593 1345 1756 1401 super
1791 1346 1859 1386 eo
1891 1330 2143 1401 legimus,

536 1421 641 1477 nisi
663 1430 843 1478 ortum
871 1423 1012 1493 ejus,
1033 1433 1089 1479 et
1112 1424 1420 1490 oraculum,
1446 1424 1867 1482 exsultationem
1886 1426 1941 1482 in
1963 1435 2142 1493 utero,

540 1531 729 1573 vocem
762 1517 815 1571 iu
843 1517 1086 1574 deserto.
1126 1518 1317 1590 Neque
1345 1519 1489 1575 enim
1514 1520 1679 1575 ullam
1711 1519 1952 1577 infantia:
1977 1521 2150 1577 sensit

543 1617 779 1676 tetatem,
810 1610 901 1681 qui
933 1625 1097 1682 supra
1125 1621 1397 1678 naturam,
1427 1627 1592 1682 supra
1623 1621 1840 1668 mtatem
1894 1614 1951 1668 in
1992 1623 2148 1670 utero

543 1701 680 1759 situs
718 1704 930 1769 matris.
983 1719 1012 1759 a
1052 1720 1307 1761 mensura
1351 1704 1607 1777 perfecta:
1644 1705 1807 1778 cepit
1839 1708 2017 1763 aetatis
2043 1706 2151 1778 ple

545 1796 807 1854 nitudinis
836 1809 859 1839 α
884 1796 1108 1854 Christi.

618 1888 800 1963 (Vera.
826 1889 917 1959 60,
945 1891 1066 1965 64.)
1094 1890 1164 1949 Et
1187 1894 1455 1966 respondit
1501 1905 1664 1950 mater
1703 1899 1840 1971 ejus,
1868 1906 1919 1952 et
1963 1897 2097 1952 dixit
2134 1913 2154 1952 :

554 1982 698 2054 Non,
724 1984 814 2041 sed
833 1989 1098 2043 vocabitur
1117 1987 1370 2044 Joannes.
1401 1989 1470 2046 Et
1486 1992 1863 2061 responderunt
1886 1992 1956 2046 ad
1977 1992 2155 2048 illam:

554 2076 724 2134 Nemo
767 2090 846 2136 est
888 2081 943 2136 in
969 2083 1276 2154 cognatione
1301 2091 1392 2139 tua
1418 2084 1511 2154 qui
1546 2095 1755 2140 vocetur
1799 2085 1896 2140 hoc
1926 2087 2153 2144 nomine.

548 2172 860 2228 Annuebant
887 2190 1010 2247 ergo
1039 2177 1178 2249 patri
1203 2180 1337 2250 ejus,
1363 2193 1513 2249 quens
1541 2178 1690 2235 uellet
1718 2180 1894 2233 uocari
1923 2195 2061 2235 eum.
2091 2177 2160 2236 Et

554 2267 753 2339 accepit
780 2267 1084 2339 pugillares,
1117 2279 1163 2323 et
1196 2270 1425 2339 scripsit,
1455 2270 1630 2326 dicens
1662 2288 1681 2327 :
1706 2269 1939 2326 Joannes
1962 2281 2037 2327 est
2065 2287 2160 2328 που

553 2377 665 2414 men
692 2361 825 2430 eius.
857 2360 926 2415 Et
948 2363 1125 2418 mirati
1153 2372 1274 2419 sunt
1302 2379 1500 2422 omnes.
1534 2364 1796 2421 Continuo
1825 2376 1996 2421 autem
2018 2383 2160 2422 reso-

552 2451 661 2507 luta
690 2462 766 2509 est
792 2454 971 2526 lingua
992 2458 1127 2530 ejus,
1157 2466 1205 2512 et
1225 2467 1463 2530 apertum
1492 2468 1564 2517 est
1594 2476 1650 2515 os
1676 2461 1813 2532 ejus,
1842 2469 1890 2517 et
1918 2460 2162 2533 loqueba-

548 2552 636 2599 tur
666 2544 974 2603 benedicens
1001 2546 1190 2604 Deum.

621 2638 715 2694 51.
770 2639 907 2696 Mire
955 2653 1178 2696 sanctus
1207 2641 1556 2713 Evangelista
1599 2643 2036 2714 prmmittendum
2064 2660 2163 2718 pu-

549 2730 704 2796 tavit,
735 2732 881 2800 quod
910 2733 1131 2805 plurimi
1159 2734 1420 2791 infantem
1446 2738 1616 2808 patris
1639 2736 1860 2795 nomine
1883 2738 2162 2796 Zachariae

551 2827 941 2898 appellandum
973 2830 1326 2901 putaverint;
1354 2843 1412 2887 ut
1439 2832 1691 2889 advertas
1721 2835 1879 2890 matri
1923 2850 2031 2890 non
2061 2851 2161 2891 no-

553 2936 676 2977 men
724 2921 958 2991 alicujus
1006 2923 1358 2994 displicuisse
1402 2926 1715 2997 degeneris,
1744 2926 1842 2985 sed
1879 2927 1932 2983 id
1969 2936 2162 2987 sancto

551 3011 788 3068 infusum
825 3012 1029 3084 Spiritu
1061 3015 1208 3086 quod
1256 3016 1325 3072 ab
1355 3017 1551 3089 angelo
1580 3029 1706 3077 ante
1736 3017 2017 3075 Zacharias
2049 3021 2164 3077 lue-

552 3113 636 3161 rat
669 3108 1120 3175 praenuntiatum.
1179 3108 1248 3168 Et
1294 3110 1513 3179 quidem
1560 3110 1652 3169 ille
1687 3121 1869 3167 mutus
1909 3112 2163 3169 intimare

554 3199 877 3257 vocabulum
910 3201 1004 3258 lilii
1038 3202 1287 3275 nequivit
1316 3204 1476 3261 uxori
1519 3222 1533 3258 :
1565 3204 1662 3261 sed
1702 3220 1799 3274 per
1823 3205 2161 3276 prophetiam

556 3291 838 3348 Elizabeth
906 3293 1118 3361 didicit,
1168 3296 1314 3366 quod
1379 3312 1488 3352 non
1546 3296 1813 3352 didicerat
1850 3313 1878 3351 a
1922 3298 2158 3352 marito:

550 3383 782 3441 Joannes
808 3395 901 3453 est,
944 3386 1141 3459 inquit,
1174 3405 1361 3445 nomen
1392 3391 1525 3462 ejus,
1560 3389 1663 3445 hoc
1698 3401 1800 3456 est,
1833 3407 1940 3446 non
1971 3405 2068 3445 nos
2107 3392 2156 3446 ei

552 3496 751 3536 nomen
804 3481 1161 3552 impOnimus,
1207 3484 1294 3554 qui
1322 3484 1434 3555 jant
1466 3501 1494 3537 a
1539 3484 1652 3539 Deo
1684 3500 1884 3538 nomen
1928 3484 2157 3554 accepit.

552 3573 726 3631 Habet
750 3577 1072 3633 vocabulum
1104 3579 1316 3652 1292
1333 3594 1486 3632 suum
1511 3578 1653 3648 quod
1675 3578 2022 3649 agnovimus,
2053 3594 2161 3634 non

551 3666 699 3740 quod
718 3667 1222 3740 elegitttus.Habent
1248 3674 1349 3724 hoc
1374 3670 1564 3724 merita
1592 3679 1995 3737 sanctorum,ut
2016 3670 2162 3726 aDeo

554 3779 750 3820 nomen
776 3764 1066 3835 accipiant.
1093 3764 1183 3819 Sic
1204 3761 1374 3819 Jacob
1401 3763 1565 3819 Israel
1589 3765 1786 3820 dicitur
1814 3762 1969 3836 (Gen.
1989 3780 2159 3832 xxx",

552 3857 802 3930 ‘28),qttia
822 3859 987 3914 Deum
1018 3858 1172 3913 vidit.
1190 3858 1281 3914 Sic
1307 3857 1571 3914 Dominus
1593 3868 1780 3915 noster
1801 3859 1960 3915 Jesus
1982 3856 2161 3914 nunti-

555 3959 714 4006 natus
743 3960 849 4022 est,
874 3959 1163 4023 antequam
1199 3960 1387 4006 natus:
1421 3952 1505 4007 cui
1539 3966 1644 4007 non
1673 3953 1917 4024 angelus,
1943 3952 2037 4009 sed
2062 3952 2165 4008 Pa-

554 4054 638 4101 ter
665 4059 865 4100 nomen
896 4043 1177 4116 imposuit.
1215 4043 1544 4100 Revelabitur
1588 4046 1748 4112 enim,
1797 4044 1989 4115 inquit,
2022 4044 2163 4114 ﬁlius

556 4156 699 4195 meus
729 4137 882 4195 Jesus
909 4156 1023 4194 cum
1052 4141 1116 4195 iis
1142 4141 1230 4210 qui
1258 4156 1374 4195 cum
1404 4156 1461 4195 eo
1485 4139 1939 4213 jucundobuntur,
1969 4141 2059 4213 qui
2080 4156 2164 4197 re-

557 4237 670 4293 licti
713 4245 833 4291 sunt
873 4238 925 4291 in
967 4236 1117 4292 annis
1156 4234 1570 4307 quadringentis.
1606 4232 1674 4289 Et
1703 4236 1797 4290 erit
1833 4244 1949 4307 post
1995 4251 2162 4291 annos

554 4329 667 4397 Iros,
701 4337 750 4384 et
778 4329 1025 4383 morietur
1051 4326 1222 4382 Filius
1249 4342 1391 4383 meus
1415 4324 1653 4382 Christus
1696 4324 1922 4382 Iesus...
1957 4337 2004 4380 et
2038 4344 2165 4381 con-

550 4431 774 4479 vertatur
795 4420 1041 4478 steculum
1062 4420 1147 4493 (IV
1180 4418 1334 4474 Esdr.
1360 4435 1453 4485 vn,
1478 4417 1694 4492 28—50).
1727 4417 1893 4474 Vides
1916 4419 2159 4490 angelos,

552 4534 673 4591 qua:
699 4519 991 4584 audierint,
1026 4535 1133 4573 non
1157 4532 1278 4588 qua:
1307 4515 1714 4587 usurpaverint,
1740 4513 2015 4570 nuntiare.
2051 4514 2163 4572 Nec

555 4612 771 4667 mireris
801 4612 845 4665 si
878 4627 1075 4666 nomen
1104 4610 1301 4666 mulier
1321 4609 1467 4683 quod
1494 4624 1602 4664 non
1633 4604 1861 4677 audivit,
1892 4609 2158 4675 aSseruit;

2235 578 2534 633 vocabatur
2545 578 2649 632 hoc
2662 577 2901 643 nomine;
2920 586 2977 631 ut
2996 574 3269 645 intelligas
3283 590 3481 631 nomen
3501 591 3609 631 non
3621 576 3840 646 generis

2233 685 2373 737 esse,
2405 670 2500 726 sed
2530 667 2687 725 vatis.
2717 667 3007 725 'Ltcltarias
3029 684 3245 741 quoque
3274 678 3406 724 nutu
3432 671 3799 740 interrogatur
3822 709 3838 735 ,

2235 762 2331 819 sed
2371 764 2495 835 quia
2528 763 2879 819 incredulitas
2923 761 2972 818 ei
3018 761 3237 817 atratum
3268 762 3542 832 eripuerat
3587 772 3643 817 et
3683 760 3841 817 audi-

2239 866 2374 923 tum,
2409 855 2551 927 quod
2582 870 2713 912 voce
2741 869 2850 911 non
2876 863 3112 926 poterat,
3142 870 3306 909 manu
3333 865 3389 910 et
3414 854 3613 910 litteris
3638 864 3724 911 est
3755 855 3843 908 lo-

2238 961 2424 1017 cutus;
2454 949 2673 1021 scripsit
2692 948 2836 1006 enim
2866 949 3053 1004 dicens
3080 966 3093 1002 :
3122 945 3354 1003 Joannes
3385 957 3461 1002 est
3488 963 3673 1002 nomen
3702 949 3843 1021 ejus.

2241 1045 2310 1101 Et
2335 1044 2439 1100 hoc
2467 1061 2664 1100 nomen
2710 1060 2818 1100 non
2858 1045 3176 1115 imponitur,
3206 1043 3305 1099 sed
3341 1041 3639 1097 astruitur:
3675 1040 3848 1096 nteri-

2245 1153 2405 1213 taque
2432 1141 2692 1196 continuo
2729 1139 2970 1195 resoluta
3000 1146 3084 1195 est
3126 1137 3308 1208 lingua
3349 1136 3497 1206 ejus;
3530 1135 3656 1205 quia
3683 1148 3849 1221 quam

2249 1236 2497 1293 vinxerat
2538 1234 2910 1299 incredulitas,
2954 1233 3091 1288 ﬁdes
3119 1233 3301 1288 solvit.
3347 1229 3645 1287 Credamus
3670 1239 3725 1284 et
3752 1242 3855 1285 nos

2248 1331 2430 1402 igitur,
2464 1338 2521 1384 ut
2547 1328 2853 1399 loquamur,
2888 1338 2945 1383 ut
2984 1327 3163 1399 lingua
3191 1335 3377 1382 nostra
3406 1341 3528 1397 qua:
3550 1322 3855 1380 increduli-.-

2251 1426 2375 1481 tatis
2407 1426 2638 1481 vinculis
2665 1433 2751 1481 est
2781 1425 2963 1496 ligata,
2999 1423 3225 1479 rationis
3260 1436 3395 1477 voce
3417 1421 3681 1477 solvatur.
3702 1419 3858 1475 Scri-

2252 1519 2443 1575 hamus
2466 1520 2658 1591 spiritu
2686 1518 2969 1592 mysteria,
2993 1520 3036 1572 si
3063 1516 3312 1573 volumus
3332 1517 3482 1587 loqui
3506 1533 3521 1570 :
3551 1514 3860 1572 scribamus

2252 1618 2617 1688 praenuntiam
2647 1613 2850 1670 Christi
2881 1628 2987 1668 non
3041 1613 3094 1667 in
3127 1611 3326 1667 tabulis
3372 1610 3622 1682 lapideis,
3662 1607 3757 1663 sed
3800 1608 3859 1664 in

2256 1711 2452 1767 tabulis
2481 1709 2660 1766 cordis
2708 1706 3034 1764 carnalibus.
3074 1707 3290 1762 Etenim
3333 1706 3424 1774 qtti
3470 1703 3737 1761 Joannem
3778 1701 3864 1757 lo-

2257 1809 2458 1878 quitur,
2493 1805 2767 1862 Christum
2800 1801 3105 1875 prophetat.
3133 1801 3444 1872 Loquatnur
3462 1798 3748 1865 JOanuem,
3773 1796 3862 1851 lo-

2259 1916 2488 1972 quamur
2516 1909 2569 1955 et
2613 1896 2911 1964 Christum,
2949 1905 3007 1951 ut
3048 1903 3293 1950 nostrum
3333 1907 3548 1963 quoque
3596 1905 3656 1944 os
3689 1888 3864 1961 possit

2260 1994 2481 2068 aperiri,
2513 1992 2656 2065 quod
2687 1993 2739 2048 in
2768 1989 3051 2047 sacerdote
3084 1998 3233 2044 tanto
3277 1984 3669 2042 irrationabilis
3699 1982 3866 2039 modo

2260 2087 2482 2160 pecudis
2513 2086 2664 2141 frena
2699 2083 2937 2140 nutantis
2970 2080 3096 2138 fidei
3123 2080 3472 2138 coercebant.

2333 2179 2509 2255 (\‘crs.
2537 2177 2654 2251 67.)
2693 2175 2763 2232 Et
2811 2177 3097 2233 Zacharias
3146 2185 3291 2247 pater
3337 2174 3449 2245 ejus
3500 2170 3740 2245 impletus
3792 2177 3870 2225 est

2263 2275 2471 2349 Spiritu
2497 2283 2698 2339 sancto,
2728 2283 2776 2327 et
2799 2270 3137 2345 prophetabat
3166 2269 3361 2324 dicens.

2336 2369 2426 2424 55.
2466 2366 2595 2422 Vide
2628 2381 2792 2437 quant
2846 2365 3019 2421 bonus
3060 2364 3230 2430 Deus,
3278 2368 3336 2417 et
3382 2358 3560 2416 facilis
3590 2357 3873 2429 indulgere

2265 2463 2508 2534 peccatis
2542 2479 2554 2515 :
2588 2475 2696 2515 non
2725 2458 2903 2515 solum
2941 2457 3118 2514 ablata
3162 2454 3420 2518 restituit,
3454 2453 3548 2508 sed
3597 2453 3762 2507 etiam
3790 2452 3876 2506 in-

2262 2564 2477 2626 Sperata
2506 2552 2781 2609 concedit.
2814 2552 2913 2608 Ille
2941 2550 3145 2607 dudum
3179 2557 3359 2604 mutus
3397 2545 3717 2618 prophetat;
3757 2543 3877 2601 hac

2264 2649 2407 2704 enim
2433 2648 2607 2719 gratia
2632 2646 2722 2702 Dei
2754 2646 3009 2710 maxima,
3036 2643 3178 2715 quod
3208 2657 3332 2697 eum
3356 2637 3381 2677 ἀ
3405 2641 3495 2711 qui
3520 2647 3872 2710 negaverant,

2262 2740 2617 2797 conﬁtentur.
2644 2738 2813 2794 Nemo
2840 2753 2969 2809 ergo
2995 2736 3227 2796 dillidat.
3262 2749 3425 2790 nemo
3466 2743 3714 2788 veterum
3736 2747 3875 2787 catt-

2265 2833 2410 2889 scius
2432 2832 2754 2889 delictorum
2803 2831 3025 2902 praemia
3054 2827 3234 2884 divina
3264 2826 3540 2897 deSperet.
3576 2824 3736 2880 Novit
3767 2823 3879 2879 Do-

2264 2927 2447 2983 minus
2487 2936 2700 2981 mutare
2726 2925 3077 2991 sententiam,
3127 2924 3170 2978 si
3209 2932 3263 2977 tu
3295 2922 3515 2977 noveris
3574 2917 3877 2975 emendare

2263 3021 2523 3076 delictum
2558 3016 2662 3091 (De
2700 3019 2907 3083 posuit,
2931 3017 3056 3073 dist.
3087 3017 3142 3082 1,
3175 3032 3292 3086 cap.
3323 3012 3483 3069 Novit
3513 3008 3823 3083 Dominus).

2333 3114 2512 3186 (Vers.
2543 3113 2655 3184 76.)
2689 3110 2754 3167 Et
2784 3125 2837 3167 tu
2864 3130 2991 3186 puer
3018 3109 3267 3184 propheta
3297 3109 3554 3163 Altissimi
3593 3106 3876 3163 vocaberis.

2337 3210 2426 3264 5t.
2448 3205 2682 3262 Pulchre
2708 3222 2830 3262 cum
2853 3215 2877 3242 ε
2900 3204 2968 3262 de
2994 3206 3224 3261 Domino
3256 3201 3629 3273 prophetaret,
3654 3200 3719 3254 ad
3755 3216 3881 3272 pro-

2188 3346 2230 3404 Ο
2266 3303 2483 3373 pltctam
2526 3316 2622 3357 sua
2657 3302 2819 3359 verba
2851 3301 3153 3366 convertit;
3188 3307 3246 3354 ut
3287 3297 3390 3353 hoc
3419 3312 3639 3368 quoque
3670 3295 3881 3351 beneﬁ-

2264 3393 2404 3447 cium
2433 3408 2557 3449 esse
2581 3392 2795 3448 Domini
2825 3392 3169 3464 designaret;
3203 3408 3404 3450 necum
3423 3392 3636 3465 publice
3651 3403 3881 3444 einunc-

2269 3495 2417 3541 tarct
2443 3502 2536 3541 sua
2550 3489 2723 3558 ,qnasi
2744 3489 2987 3559 ingratus
3009 3490 3245 3544 tacuisse
3263 3505 3383 3560 quas
3399 3496 3686 3559 acceperat
3715 3487 3881 3543 henc-

2269 3581 2391 3637 hcia
2424 3582 2728 3648 videretur,
2761 3598 2883 3652 qua:
2912 3584 3250 3655 agnoscebat
3274 3585 3327 3639 in
3360 3584 3493 3639 ﬁlio.
3524 3584 3629 3639 Sed
3644 3582 3885 3640 fortasse

2266 3674 2432 3745 aliqui
2462 3674 2615 3745 quasi
2658 3675 3088 3731 irrationabilem
3120 3677 3319 3733 mentis
3353 3692 3634 3733 exceSsum
3662 3682 3878 3747 putent,

2266 3767 2410 3838 quod
2442 3778 2565 3823 octo
2591 3767 2801 3824 dierum
2833 3767 3133 3839 alloquitur
3162 3768 3449 3825 infantem.
3494 3768 3693 3825 Verum
3722 3770 3768 3825 si
3801 3778 3881 3825 te-

2269 3875 2496 3915 neamus
2532 3858 2552 3897 τ
2582 3902 2596 3926 ,
2626 3861 2984 3930 intelligimus
3014 3860 3260 3931 profecto
3300 3862 3446 3931 quod
3485 3862 3659 3934 potuit
3691 3872 3881 3919 vocem

2266 3957 2436 4027 patris
2465 3966 2624 4010 natus
2677 3954 2891 4030 1293
2918 3956 3125 4023 audire,
3160 3957 3249 4028 qui
3281 3957 3464 4012 Mariis
3491 3956 3880 4011 salutationem

2267 4061 2559 4125 antequam
2630 4064 2970 4117 nasceretur,
3041 4053 3269 4110 audivit.
3344 4052 3562 4109 Sciebat
3614 4051 3882 4124 propheta

2266 4147 2402 4203 alias
2470 4162 2595 4205 esse
2674 4162 2835 4204 aures
2883 4146 3216 4219 prophetae,
3270 4163 3393 4217 qua:
3461 4146 3670 4220 Spiritu
3742 4147 3881 4213 Dei,

2267 4259 2374 4298 non
2404 4242 2650 4314 corporis
2679 4250 2839 4298 aetate
2870 4249 3212 4297 reserantur.
3247 4239 3492 4296 Habebat
3540 4236 3881 4310 intelligendi

2265 4350 2511 4403 sensum,
2542 4336 2630 4406 qtti
2664 4336 2971 4391 exsultandi
3015 4333 3246 4390 habebat
3269 4332 3542 4389 allectum.

2338 4429 2429 4483 55.
2472 4428 2645 4484 Simul
2679 4429 2809 4483 illud
2843 4428 3071 4483 adverte
3120 4442 3280 4497 quam
3333 4426 3519 4498 paucis
3567 4421 3884 4493 Elizaheth,

2266 4536 2429 4592 qnam
2456 4520 2641 4576 multis
2670 4520 2964 4576 Zacharias
2989 4520 3303 4591 propltetet;
3336 4529 3391 4575 et
3424 4530 3652 4589 uterque
3693 4525 3884 4572 sancto

2271 4614 2529 4684 impletus
2559 4613 2764 4686 Spiritu
2796 4614 3119 4685 loquebatur
3145 4631 3157 4667 :
3185 4613 3279 4669 sed
3305 4608 3592 4682 disciplina
3613 4618 3883 4673 servatur,

551 4705 768 4778 quando
798 4705 1038 4777 Spiritus
1087 4708 1135 4761 ei
1167 4716 1385 4762 sanctus
1413 4706 1505 4777 qui
1542 4705 1754 4777 Angelo
1783 4703 2159 4773 mandaverat,
2192 4745 2247 4807 Ι)
2270 4717 2330 4763 ut
2356 4708 2556 4764 mulier
2584 4709 2798 4765 discere
2852 4710 3023 4778 magis
3053 4722 3173 4777 quae
3221 4705 3401 4761 divina
3434 4716 3560 4761 sunt
3581 4744 3596 4769 ,
3628 4701 3884 4770 studeat,

554 4796 836 4854 revelavit.
872 4798 1055 4870 Neque
1093 4807 1306 4868 poterat
1344 4798 1558 4854 Domini
1616 4800 1869 4870 ignOt-are
1914 4814 2167 4870 praenun-

556 4892 713 4960 tittm,
740 4908 861 4965 qua:
887 4892 1308 4963 prophetaverat
1335 4890 1636 4947 Christum.

627 5020 654 5048 ⁸
679 5009 819 5066 Vict.
854 5009 1004 5074 cod.,
1027 5007 1206 5081 uicini.
1230 5006 1299 5081 ln
1317 5006 1411 5063 illo
1438 5018 1663 5081 tempore
1691 5008 1962 5081 Elizabetlt
1986 5007 2171 5081 imple-

557 5092 665 5137 tum
690 5093 765 5138 est
792 5090 995 5152 tempus
1026 5079 1285 5151 pariendi,
1326 5089 1375 5134 et
1405 5078 1598 5151 peperit
1632 5080 1821 5150 ﬁlium.
1857 5078 2025 5136 Habet
2052 5078 2170 5136 san-

558 5164 779 5218 ciorum,
811 5163 918 5208 etc.

627 5225 655 5264 ι)
688 5222 848 5280 Rom.
872 5223 1005 5280 edit.
1018 5265 1032 5288 ,
1050 5223 1242 5296 siletur
1256 5224 1311 5277 in
1319 5222 1521 5296 (antire,
1539 5223 1668 5296 quia
1687 5222 1935 5296 infantia,
1950 5223 2175 5295 impedi-

556 5309 732 5353 menta
765 5296 997 5353 nescivit.
1028 5295 1141 5350 Cur
1172 5307 1351 5351 tamen
1392 5293 1693 5362 iuterjecta:
1733 5293 1896 5352 voses
1917 5293 2174 5366 jugulen-

559 5382 666 5435 tur,
704 5368 836 5424 nihil
870 5383 1047 5423 causze
1074 5377 1178 5423 est.
2154 5394 2161 5397 -

634 5452 655 5480 ο
694 5439 843 5497 Unus
876 5456 907 5496 e
950 5439 1133 5503 Colb.,
1167 5438 1381 5495 Christi.
1412 5435 1481 5491 Et
1512 5447 1636 5493 nota
1664 5439 1801 5508 quod
1845 5435 1909 5491 de
1948 5435 2175 5494 Joannis

558 5512 807 5569 vocabulo
839 5522 947 5567 erat
986 5512 1275 5566 vicinorum
1322 5510 1597 5565 limitatio.
1633 5510 1784 5567 Unde
1820 5508 2174 5566 indubitanter

560 5587 770 5650 scimus,
803 5586 924 5656 quia
955 5587 1109 5655 cujus
1149 5599 1335 5656 nomen
1375 5582 1561 5651 angelo
1601 5587 1873 5638 nuntiante
1900 5585 1953 5636 in
1984 5583 2177 5656 templo

563 5654 871 5729 cognoverat
896 5654 1457 5730 ejusdemsocabulunt
1486 5658 1705 5722 spiritus
1742 5655 2031 5730 prophetiae
2059 5654 2178 5710 Eli-

573 5726 756 5783 za'beth
798 5726 951 5782 matri
998 5728 1332 5783 recelaverat.
1389 5727 1541 5784 Unde
1583 5739 1951 5800 conquerentes
1979 5726 2180 5800 dicunt,

581 5802 705 5870 quia
749 5815 898 5873 nemo
945 5809 1017 5854 est
1052 5801 1105 5853 in
1134 5801 1443 5873 cognatione
1480 5812 1571 5857 tua
1598 5798 1703 5872 qui
1730 5811 1936 5857 voretur
1967 5798 2064 5853 hac
2093 5815 2187 5873 no-

585 5874 742 5948 mine.
773 5872 841 5931 Et
890 5870 1326 5948 responditfetc.
1364 5872 1471 5935 Sed
1510 5870 1627 5935 haec
1673 5888 1781 5936 non
1813 5883 1920 5947 tam
1949 5870 2191 5943 auctoris

574 5943 764 6020 verba,
789 5960 951 6024 quam
979 5943 1347 6028 paraphrasim

2274 4818 2436 4872 quam
2482 4802 2702 4859 docere.
2736 4803 2844 4858 Nec
2875 4801 3038 4857 facile
3070 4801 3235 4854 ullam
3268 4796 3621 4869 prophetasse
3663 4793 3888 4849 uberius

2273 4912 2436 4968 quam
2486 4907 2715 4954 matrem
2770 4896 2984 4951 Domini
3033 4894 3357 4967 reperimus.
3391 4889 3739 4959 Prophetissa
3769 4888 3888 4958 ipsa

2346 5011 2373 5051 ἀ
2399 5015 2545 5070 Edit.
2576 5015 2703 5071 Era.
2738 5026 2792 5070 et
2813 5030 2925 5084 seq.
2958 5028 3022 5068 ac
3053 5013 3207 5084 pauci
3241 5027 3397 5079 mss.,
3427 5011 3551 5084 qui;
3579 5006 3889 5084 alii‘plurcs

2273 5102 2422 5157 quem
2451 5096 2748 5157 negaverat,
2776 5079 3069 5157 conﬁtetur:
3102 5084 3405 5151 Amerbaet
3435 5079 3728 5157 cod.Corh.
3761 5094 3886 5157 cuin

2274 5151 2396 5230 aliis
2423 5151 2747 5229 probatioris
2771 5151 2912 5213 notio
2934 5200 2948 5222 ,
2982 5158 3069 5223 qui
3099 5165 3427 5230 negaverant,
3455 5155 3782 5230 conﬁtentur.
3804 5151 3888 5230 _Et

2276 5229 2379 5285 hoc
2425 5224 2565 5286 sane
2608 5246 2714 5285 non
2758 5238 2868 5285 tam
2912 5230 3111 5285 dicitur
3148 5224 3218 5285 de
3246 5226 3528 5292 Zacharia,
3561 5240 3724 5296 quam
3767 5224 3889 5291 ejus

2276 5304 2568 5358 occasione
2600 5301 2899 5357 universim
2929 5300 3225 5370 colligitur.

2352 5384 2375 5410 ε’
2408 5374 2535 5429 Mss.
2569 5372 2759 5439 Corh.,
2791 5371 2855 5426 de
2884 5366 3083 5436 domo,"
3104 5371 3197 5426 alii
3227 5370 3457 5440 aliquot,
3491 5369 3554 5423 de
3583 5367 3738 5421 dono.
3776 5366 3887 5421 lic-

2279 5443 2413 5515 liqui
2451 5460 2573 5499 rum
2623 5454 2736 5499 ant.
2784 5445 2915 5500 edit.
2966 5444 3019 5499 in
3060 5445 3346 5515 lectionem
3382 5450 3623 5515 nostram
3653 5452 3889 5515 corusco-

2285 5510 2426 5571 tiunt
2456 5535 2469 5569 :
2502 5517 2606 5572 nisi
2630 5517 2771 5588 quod
2798 5517 2850 5571 iu
2876 5532 2982 5571 uno
3010 5533 3039 5570 e
3064 5514 3186 5571 Vat.
3213 5514 3402 5588 cod'et
3432 5511 3759 5588 llom._edit.
3788 5510 3888 5588 de-

2286 5588 2615 5652 siderantur,
2651 5582 2786 5658 ’τιμαί
2831 5596 3097 5657 acceperat
3145 5587 3406 5657 beneﬁcia.
3444 5583 3703 5653 Quaedam
3751 5582 3889 5635 edit.

2290 5661 2459 5717 Paris.
2494 5661 2656 5717 linem
2690 5663 2790 5717 loci
2824 5661 2982 5729 hujus
3025 5666 3091 5714 ita
3120 5661 3556 5729 immutaverant,
3589 5665 3636 5709 et
3660 5669 3775 5725 qua:
3803 5669 3891 5707 ac-

2289 5746 2490 5804 ceperat
2518 5735 2781 5803 beneﬁcia,
2813 5734 3068 5788 rideretur
3091 5746 3363 5803 agnoscere
3389 5730 3442 5783 in
3471 5728 3601 5804 filio.

2377 5805 2394 5845 ῖ
2430 5806 2561 5863 Post
2603 5799 2791 5863 vocent
2824 5799 3251 5877 teneamusfuon
3287 5803 3441 5877 pauci
3487 5799 3697 5857 addunt
3737 5812 3887 5868 snpe-

2294 5878 2472 5951 riora;
2502 5895 2663 5950 unus,
2690 5894 2803 5959 qua:
2824 5876 3058 5953 legimus.
3296 5878 3297 5881 “
