4156 6346
355 398 372 451 l
383 393 482 455 565

1286 391 1652 452 EXPOSITIO
1691 392 1950 452 EVANG.
1991 395 2138 454 SEC.
2183 394 2337 454 LUC.
2381 396 2509 454 LIB.
2556 397 2618 456 ll.

3493 400 3632 458 1566

349 513 506 569 Maria
532 523 684 570 soror
714 514 896 569 Aaron
925 529 1084 586 quain
1113 513 1222 570 cito
1251 515 1444 571 cantici
1478 515 1638 571 verba
1667 515 1932 573 conclusit
1959 528 2013 587 Α
2037 517 2238 574 Christi
2284 535 2566 576 censorem
2588 563 2602 587 ,
2630 520 2719 592 qui
2767 520 2964 578 Christi
3011 531 3276 598 martyres
3327 521 3633 578 ediderunt.

348 609 535 681 (Exod.
572 625 660 676 xv,
691 609 762 664 20
791 620 837 664 et
880 609 1008 683 2|)!
1044 611 1353 681 Eademque
1402 611 1491 667 tibi
1545 613 1806 681 prolixius
1851 622 1934 668 est

347 702 517 757 locuta
548 718 667 757 cum
697 702 867 758 fratre
887 747 900 770 ,
937 719 1278 776 nequaquam
1293 687 1388 760 'sui
1419 719 1636 777 pinnam
1665 707 1934 763 sermonis

346 796 510 851 evasit
540 793 728 869 (Nam.
758 811 856 861 xu,
889 797 914 852 i
947 805 997 852 et
1025 796 1179 868 seq.).

412 887 564 960 (Cap.
593 887 734 943 fl.-
764 887 921 945 Vers.
957 889 1036 962 1.)
1065 889 1288 946 Factum
1337 901 1410 946 est
1439 903 1610 947 autem
1629 935 1644 960 ,
1673 892 1726 947 in
1755 892 1934 949 diebus

343 984 444 1038 illis
468 983 593 1038 exiit
623 983 841 1038 edictum
869 1002 902 1039 a
931 984 1132 1040 Ctesare
1163 985 1424 1057 Augusto,
1456 995 1509 1040 nt
1541 1003 1746 1042 censum
1775 986 1935 1057 pro/i-

343 1083 523 1130 teratur
549 1075 814 1131 universus
845 1077 982 1131 orbis
1006 1089 1177 1133 teme.

407 1169 496 1224 56.
537 1167 616 1224 De
643 1179 766 1225 ortu
794 1170 1092 1227 Salvatoris
1123 1170 1342 1239 dicturi,
1377 1187 1484 1225 non
1521 1179 1772 1243 putamus
1801 1173 1935 1228 alie-

343 1279 462 1318 num
507 1273 567 1318 ut
607 1279 716 1334 quo
739 1275 898 1320 natus
944 1266 1014 1320 sit
1060 1274 1338 1336 tempore,
1379 1267 1741 1337 requiramus.
1793 1267 1933 1336 Quid

339 1360 476 1415 enim
509 1356 780 1425 professio
808 1357 1152 1416 smcularium
1182 1361 1247 1416 ad
1278 1364 1691 1433 generationem
1719 1363 1934 1419 Domini

340 1452 668 1523 pertineret,
702 1452 805 1508 nisi
843 1463 900 1508 ut
932 1455 1278 1510 advertamus
1305 1453 1409 1512 hoc
1437 1470 1650 1528 quoque
1688 1455 1932 1512 divinum

337 1561 453 1603 esse
495 1549 849 1617 mysterium;
879 1548 1002 1620 quia
1034 1550 1158 1604 dum
1192 1549 1460 1621 professio
1508 1550 1789 1607 saecularis
1837 1551 1934 1608 ob—

338 1642 606 1708 tenditur,
671 1641 935 1714 spiritalis
1000 1643 1284 1713 impletur,
1336 1659 1445 1699 non
1497 1653 1770 1700 terrarum
1817 1644 1934 1716 regi

336 1735 584 1804 dicenda,
617 1737 714 1794 sed
742 1739 913 1798 emlL‘l
944 1749 967 1775 τι
1001 1737 1276 1795 Professio
1307 1739 1407 1795 ista
1441 1739 1596 1809 fidei,
1627 1755 1824 1796 census
1849 1749 1936 1796 est

335 1833 681 1900 animorum;
709 1832 916 1887 abolito
945 1833 1089 1889 enim
1132 1832 1434 1906 Syuagogre
1478 1849 1644 1891 censu
1684 1847 1926 1903 vetusto,

2036 611 2105 666 Et
2133 612 2253 668 ideo
2299 614 2529 670 fortasse
2561 628 2657 670 nos
2686 614 2942 681 vincunt,
2977 625 3034 671 ut
3075 615 3365 687 pnescntia
3404 614 3636 681 docent,

2035 707 2290 778 quoniam
2335 725 2494 781 quem
2542 710 2621 767 illi
2666 711 2942 766 oblatione
2978 711 3254 781 sanguinis
3297 708 3636 778 fatebantur,

2037 799 2162 854 huic
2186 800 2372 856 Ariani
2403 803 2758 874 qumstionem
2790 803 3004 874 generis
3034 803 3359 858 inferebant.

2110 891 2291 966 (Vers.
2324 893 2406 963 2.)
2442 893 2591 964 Utve,
2623 897 2818 967 inquit,
2850 897 3106 970 professio
3132 897 3301 967 prima
3329 900 3469 970 facta
3497 904 3591 954 est.

2106 986 2197 1042 58.
2241 987 2402 1056 Atqui
2456 987 2740 1060 plerasque
2790 987 2901 1058 jam
2953 998 3137 1060 partes
3184 995 3454 1043 terrarum
3495 1001 3642 1059 saepe

2033 1075 2205 1134 fuisse
2251 1078 2553 1151 descriptas
2585 1080 2882 1150 loquuntur
2924 1079 3186 1134 historiae.
3217 1079 3344 1135 llaec
3372 1089 3455 1134 cst
3504 1095 3639 1151 ergo

2037 1167 2352 1240 professiotl
2384 1172 2587 1241 prima,
2619 1171 2713 1227 sed
2762 1173 3025 1228 mentium
3063 1190 3075 1225 :
3109 1174 3194 1227 cui
3245 1188 3434 1229 omnes
3475 1173 3640 1244 profi-

2037 1271 2241 1329 tentur,
2270 1265 2395 1334 quia
2426 1264 2610 1320 nullus
2653 1250 2951 1336 excipitur,
2982 1280 3087 1320 non
3126 1265 3390 1335 prmeouis
3441 1280 3639 1320 evoca-

2037 1358 2216 1423 tione,
2261 1357 2356 1414 sed
2407 1359 2543 1414 ratis
2588 1359 2679 1430 qui
2721 1359 2893 1413 multo
2941 1367 3066 1414 ante
3113 1358 3408 1432 pra-dixit:
3447 1357 3638 1414 Omnes

2034 1463 2208 1524 gentes
2239 1452 2476 1523 plaudite
2517 1452 2751 1506 manibus
2784 1469 2802 1508 :
2820 1452 3046 1524 jubilate
3075 1449 3184 1507 Deo
3213 1453 3267 1508 in
3295 1469 3414 1510 voce
3457 1455 3637 1509 exsul-

2037 1549 2267 1615 tationis,
2293 1549 2534 1617 quoniam
2562 1545 2703 1604 Deus
2725 1565 2976 1614 summus,
3008 1549 3278 1614 terribilis,
3301 1566 3394 1604 rea:
3421 1565 3637 1622 magnus

2034 1662 2188 1715 super
2232 1661 2431 1700 onmem
2476 1654 2665 1702 terram
2691 1643 2710 1718 (
2737 1644 2880 1700 Psal.
2919 1660 3065 1712 χινι,
3099 1644 3134 1698 2
3162 1654 3207 1699 et
3250 1646 3282 1700 ὅ
3308 1646 3349 1715 ).
3388 1645 3635 1717 Denique

2037 1749 2095 1794 ut
2142 1740 2284 1794 scias
2311 1754 2536 1795 censum
2581 1753 2704 1794 esse
2731 1737 2954 1810 iustitia:
2979 1781 2993 1805 ,
3023 1739 3253 1794 veniunt
3279 1738 3345 1793 ad
3394 1754 3518 1794 eum
3545 1737 3637 1796 Jo-

2034 1835 2246 1907 sephet
2295 1835 2494 1904 Maria,
2527 1834 2628 1890 hoc
2669 1845 2773 1903 est,
2817 1834 2999 1906 justus
3045 1845 3099 1890 et
3142 1835 3339 1906 virgo:
3374 1835 3498 1901 ille,
3546 1835 3640 1905 qui

334 1938 501 1980 novus
529 1939 731 1981 census
762 1925 1025 1981 Ecclesiae
1055 1928 1374 2000 parabatur,
1403 1929 1492 1998 qui
1522 1937 1792 1984 tormenta
1823 1943 1928 1984 non
1962 1928 2006 1988 B
2034 1927 2272 1983 Verbum
2307 1937 2551 1985 servaret
2586 1944 2598 1981 :
2635 1928 2767 1994 ista,
2797 1944 2920 1999 qua:
2966 1936 3200 1998 pareret.
3239 1927 3340 1984 Ubi
3380 1928 3640 1998 profiten-

335 2018 616 2089 exigcret,
647 2019 742 2074 sed
771 2021 1010 2076 auferret
1042 2038 1055 2072 :
1085 2030 1139 2075 et
1168 2019 1483 2091 spiritaliter
1532 2021 1583 2074 in
1614 2031 1741 2094 typo
1779 2021 1935 2092 plebs

335 2125 425 2165 sua
451 2111 567 2181 jam
599 2112 818 2167 Christo
865 2113 1081 2168 nomina
1125 2112 1461 2168 conferebat.
1493 2113 1614 2169 Non
1643 2114 1730 2168 hic
1759 2114 1933 2186 spatia

335 2216 644 2275 terrarum,
675 2208 769 2264 sed
820 2211 1082 2266 mentium
1128 2211 1542 2281 animorumque
1590 2220 1932 2267 censentur:

339 2316 433 2356 nec
461 2302 849 2358 describuntur
874 2303 1098 2371 limites,
1131 2306 1225 2359 sed
1256 2304 1600 2375 proferuntur
1631 2323 1646 2360 :
1676 2319 1776 2360 nec
1803 2314 1936 2363 aetas

336 2394 438 2449 ulla
486 2395 874 2468 distinguitur,
932 2396 1028 2452 sed
1083 2397 1260 2452 omnis
1310 2398 1632 2463 ascribitur;
1679 2395 1707 2435 ι»
1754 2396 1935 2452 nullus

334 2489 472 2545 enim
525 2493 601 2546 ab
652 2491 754 2547 hoc
783 2491 1041 2547 immunis
1071 2503 1155 2547 est
1179 2508 1380 2558 censu,
1409 2493 1533 2564 quia
1575 2491 1752 2547 omnis
1803 2502 1936 2548 tetas

335 2584 588 2640 munitlca
615 2581 833 2642 Christo
867 2597 984 2653 est,
1043 2603 1203 2658 quem
1248 2591 1524 2659 vagientes
1590 2588 1743 2658 pueri
1791 2604 1936 2644 tuar-

335 2680 469 2754 tyrio
499 2681 863 2750 confitentur,
894 2698 1053 2754 quem
1086 2683 1225 2738 intra
1259 2694 1474 2738 uterum
1505 2684 1662 2754 positi
1695 2684 1936 2738 exsulta-

335 2778 475 2832 tione
508 2783 804 2832 testantur.
836 2775 978 2831 Nihil
1005 2778 1058 2832 in
1091 2775 1197 2832 hoc
1223 2791 1388 2831 censu
1418 2791 1642 2832 vereare
1667 2773 1929 2842 terribile,

335 2871 458 2927 nihil
511 2872 761 2939 immite,
793 2871 924 2928 nihil
955 2874 1144 2940 triste;
1173 2873 1288 2928 sola
1330 2886 1770 2942 unumquemque
1801 2869 1936 2926 fides

334 2967 525 3040 signat.
565 2966 664 3023 Vis
690 2965 892 3023 Christi
915 2967 1103 3023 audire
1131 2969 1432 3023 censores?
1459 2967 1778 3046 C‘Jubentur
1801 2982 1936 3022 cen-

336 3077 453 3117 sere
474 3061 600 3117 sine
624 3060 821 3133 virgis:
844 3078 945 3118 nec
971 3073 1203 3128 terrore,
1226 3062 1323 3118 sed
1350 3061 1520 3131 gratia
1545 3060 1754 3133 plebem
1788 3077 1936 3130 qure-

336 3171 479 3210 rere:
499 3153 1197 3226 reconderegladium,non
1219 3155 1498 3226 possidere
1516 3153 1929 3229 aurum(lllatth.

336 3265 365 3304 ι
384 3292 397 3316 ,
426 3251 458 3304 9
486 3259 534 3305 et
568 3250 692 3321 10).
724 3249 946 3307 Talibus
967 3251 1292 3306 censoribus
1314 3252 1614 3322 acquisitus
1645 3259 1729 3306 est
1757 3249 1931 3304 orbis.

2037 2029 2123 2076 tur
2149 2020 2324 2092 justus
2352 2030 2405 2076 et
2429 2022 2604 2093 virgo,
2629 2021 2729 2076 nisi
2760 2020 2849 2076 ubi
2878 2022 3121 2077 nascitur
3140 2019 3426 2077 Christus?
3451 2020 3636 2077 Omnis

2037 2115 2182 2168 enim
2211 2115 2422 2186 spiritus
2452 2117 2539 2188 qui
2586 2116 2860 2185 conﬁtetur
2887 2113 2920 2168 .1
2928 2133 3070 2170 esum
3107 2115 3370 2170 Christum
3399 2116 3452 2170 in
3483 2133 3636 2172 carne

2036 2209 2252 2276 venisse,
2289 2207 2352 2262 de
2379 2207 2488 2262 Deo
2515 2219 2587 2262 est
2615 2207 2660 2280 (Ι
2685 2205 2842 2263 Joan.
2875 2224 2955 2275 tv,
2985 2209 3020 2262 2
3049 2249 3062 2262 .
3093 2203 3194 2266 Ubi
3225 2218 3406 2264 autem
3440 2223 3638 2263 secun-

2036 2301 2164 2358 dum
2214 2303 2465 2359 altiorem
2497 2304 2764 2359 rationem
2816 2303 3060 2360 nascitur
3107 2302 3390 2369 Christus,
3437 2303 3537 2358 nisi
3581 2302 3636 2359 in

2036 2395 2200 2452 corde
2231 2406 2340 2464 tuo,
2376 2406 2432 2452 et
2464 2398 2516 2452 in
2549 2409 2771 2470 pectore
2795 2397 2924 2454 tuo?
2950 2395 3122 2466 Prope
3142 2406 3214 2452 est
3231 2397 3377 2453 enim
3418 2395 3636 2452 Verbum

2035 2492 2090 2546 in
2120 2507 2206 2545 ore
2232 2499 2342 2559 tuo,
2375 2500 2423 2545 et
2451 2491 2504 2545 in
2535 2491 2687 2545 corde
2719 2501 2802 2546 tuo
2835 2491 3010 2564 (Rom.
3045 2507 3100 2557 χ,
3134 2490 3214 2563 8).

2104 2585 2195 2642 59.
2240 2584 2469 2640 Pulchre
2497 2595 2676 2641 autem
2707 2585 2850 2657 quod
2891 2595 2946 2642 et
2976 2585 3226 2658 praesidis
3257 2601 3453 2642 nomen
3485 2586 3640 2642 addi-

2035 2679 2134 2745 dit,
2161 2689 2217 2732 ut
2248 2678 2445 2734 seriem
2490 2679 2746 2751 temporis
2777 2677 3112 2749 designaret.
3145 2677 3402 2744 Prwside,
3426 2679 3636 2750 inquit,

2038 2774 2208 2848 Syria:
2237 2773 2426 2846 Cyrino
2458 2778 2598 2847 facta
2629 2785 2702 2828 est
2733 2774 2843 2828 htec
2870 2776 3038 2846 prima
3069 2776 3348 2846 professio.
3385 2773 3452 2830 Ut
3483 2775 3638 2844 quasi

2035 2870 2318 2924 consulem
2349 2869 2671 2942 quemdam,
2698 2869 2836 2940 signi
2885 2871 3056 2942 gratia
3079 2909 3095 2938 ,
3131 2867 3257 2924 huic
3282 2867 3423 2924 libro
3459 2867 3641 2924 Evan-

2034 2963 2226 3034 gelista
2275 2963 2596 3034 ascripsisse
2624 2961 2897 3018 videatur.
2927 2961 3059 3017 Nam
3101 2962 3146 3016 si
3175 2962 3430 3016 consules
3469 2961 3642 3016 ascri-

2037 3057 2236 3112 buntur
2265 3057 2458 3112 tabulis
2491 3056 2809 3127 emptionis,
2843 3065 3045 3126 quanto
3077 3055 3248 3126 magis
3275 3053 3640 3123 redemptioni

2035 3151 2278 3207 omnium
2324 3149 2512 3206 debuit
2552 3159 2763 3220 tempus
2789 3148 3029 3204 ascribi?
3056 3147 3238 3204 Habes
3288 3163 3420 3219 ergo
3456 3147 3638 3203 omnia

2035 3259 2155 3316 quae
2184 3243 2237 3298 in
2265 3241 2633 3297 contractibus
2664 3256 2784 3295 esse
2829 3248 3239 3298 consueverunt
3270 3259 3283 3296 :
3313 3239 3639 3296 vecabulum

400 3342 488 3397 37.
534 3341 783 3414 Denique
818 3352 876 3398 ut
907 3344 1049 3398 scias
1073 3358 1296 3398 censum
1346 3361 1451 3398 non
1494 3343 1717 3416 Augusti
1763 3357 1922 3408 esse,
1951 3325 1998 3388 C
2031 3352 2299 3393 summam
2351 3336 2460 3391 illic
2512 3343 2836 3406 potestatem
2891 3334 3164 3404 gerentis,
3214 3332 3394 3400 diem,
3430 3333 3640 3398 locum,

334 3435 423 3489 sed
473 3431 714 3500 Christi,
757 3443 900 3490 totus
950 3436 1104 3492 orbis
1153 3434 1661 3508 profiterijubetur.
1707 3435 1937 3506 Quando

335 3529 576 3583 nascitur
607 3526 884 3597 Christus,
914 3543 1105 3583 omnes
1135 3528 1458 3598 profitentur
1485 3548 1497 3582 :
1529 3529 1746 3599 quando
1783 3545 1938 3584 mun-

334 3620 430 3677 ilus
458 3619 845 3688 concluditur,
881 3636 1073 3676 omnes
1121 3622 1514 3691 periclitantur.
1554 3618 1770 3696 1294
1805 3621 1936 3688 Quis

335 3729 460 3784 ergo
502 3721 724 3785 poterat
754 3715 1146 3784 professionem
1179 3713 1344 3767 totius
1373 3713 1519 3769 orbis
1546 3718 1796 3785 exigere,
1832 3714 1934 3769 nisi

334 3808 422 3878 qui
451 3808 622 3864 totius
670 3808 904 3863 habebat
948 3808 1096 3864 orbis
1148 3807 1472 3878 imperium?
1501 3807 1617 3863 Non
1647 3809 1793 3865 enim
1821 3813 1931 3864 An-

334 3901 502 3972 gusli,
558 3900 656 3956 sed
699 3899 909 3956 Domini
937 3912 1011 3956 est
1043 3911 1178 3955 terra
1199 3944 1212 3968 ,
1246 3912 1290 3955 et
1319 3901 1588 3972 plenitudo
1616 3903 1728 3972 ejus
1752 3943 1766 3968 ,
1795 3901 1930 3956 orbis

334 4006 612 4060 terrarum,
645 4003 692 4048 et
716 3993 938 4048 universi
963 3994 1050 4065 qui
1075 3993 1307 4049 habitant
1325 3995 1378 4048 in
1403 4011 1460 4049 eo
1483 3993 1656 4066 (Psal.
1682 4010 1833 4062 nni,
1856 3992 1927 4067 l).

333 4083 525 4142 Gothis
555 4104 661 4142 non
685 4087 985 4158 imperabat
1017 4089 1290 4158 Augustus
1311 4131 1325 4155 ,
1358 4105 1464 4143 non
1504 4088 1807 4158 imperabat
1832 4093 1934 4144 Ar-

334 4184 569 4239 menis:
635 4179 941 4252 imperabat
1004 4179 1274 4236 Christus.
1342 4180 1684 4252 Acceperunt
1745 4181 1934 4253 utique

402 4325 426 4353 ·
458 4315 626 4370 Rom.
659 4314 794 4369 edit.
818 4323 940 4384 post
965 4327 1160 4379 voces,
1193 4313 1465 4385 Professio
1504 4315 1636 4378 ista,
1665 4314 1786 4369 loco
1814 4329 1936 4369 mo-

331 4396 482 4443 verat
530 4386 821 4440 dictionem
849 4387 1002 4456 ﬁdei,
1033 4402 1155 4456 qure
1187 4396 1364 4442 tamen
1392 4388 1632 4441 omnium
1661 4395 1769 4443 vet.
1799 4387 1931 4442 edit.

332 4474 391 4515 ac
425 4473 561 4515 mss.
592 4457 912 4513 auctoritate
943 4468 1330 4528 propugnator.
1358 4457 1552 4512 lterum
1580 4459 1768 4514 eadem
1799 4459 1932 4513 edit.

332 4545 426 4600 pro
446 4572 463 4598 ,
495 4529 588 4599 qui
639 4539 1022 4602 tormentainon
1069 4531 1318 4602 exigeret,
1348 4541 1697 4598 reposuerat.
1727 4530 1815 4596 qui
1844 4532 1937 4585 tri-

331 4604 450 4657 buta
477 4618 593 4674 non,
627 4603 869 4674 exigeret.
898 4601 1222 4674 Perperam;
1252 4602 1454 4674 etenim
1503 4603 1792 4656 obscurum
1827 4619 1934 4674 non

331 4685 413 4730 est
437 4673 764 4728 allusiouein
798 4673 914 4728 fieri
941 4674 1006 4726 ad
1036 4673 1338 4727 censoriam
1368 4673 1735 4728 [tertianorum
1766 4673 1929 4730 disci-

331 4744 530 4810 plinam
559 4787 573 4811 ,
620 4761 782 4816 quam
827 4753 1039 4799 constat
1088 4743 1253 4816 fuisse
1300 4745 1460 4814 longe
1505 4745 1931 4802 severissimam.
1963 4730 2014 4791 υ

333 4817 560 4888 Ipseque
609 4815 932 4872 Ambrosius
977 4816 1079 4871 hoc
1133 4815 1271 4870 infra
1300 4820 1435 4872 satis
1478 4825 1667 4886 aperte
1699 4817 1930 4888 iudicat,

328 4904 449 4944 cum
478 4888 558 4944 illi
588 4903 872 4958 opponens
910 4887 1109 4942 Christi
1156 4902 1442 4944 censuram
1475 4890 1605 4944 dicit
1635 4907 1650 4943 :
1682 4887 1835 4943 Nihil
1878 4890 1932 4944 in

327 4963 422 5016 hoc
453 4977 608 5015 censu
638 4976 842 5014 vereare
879 4959 1104 5015 terribile
1123 5001 1137 5018 .
1169 4959 1301 5014 nihil
1337 4961 1561 5028 immite,
1594 4962 1724 5015 nihil
1755 4963 1931 5030 triste,

327 5036 436 5087 sola
464 5048 876 5102 unumquemque
918 5033 1051 5103 ﬁdes
1095 5033 1293 5102 signat,
1323 5044 1430 5088 etc.
1459 5032 1554 5088 His
1580 5044 1759 5087 autem
1803 5035 1930 5089 ulti-

329 5105 429 5160 mis
462 5103 642 5176 verhis
692 5103 936 5159 innuitur
987 5104 1077 5160 ille
1123 5115 1276 5158 vetus
1303 5120 1590 5160 censorum
1623 5108 1790 5169 ritus,
1822 5121 1930 5176 quo

327 5175 618 5230 nonnullos
651 5176 958 5243 ignominiae
981 5190 1141 5230 causa
1172 5176 1410 5232 Ceritum
1443 5178 1586 5231 ceris
1626 5178 1741 5231 sive
1777 5175 1929 5232 tabu-

424 5239 817 5303 ascribebant:
877 5264 984 5318 quo
1031 5257 1243 5318 spectat
1291 5249 1424 5304 illud
1458 5249 1663 5304 Horatii
1703 5251 1864 5320 epist.
1894 5249 1928 5305 6

347 5334 364 5373 ι
407 5359 422 5374 .
459 5335 474 5374 ι
508 5337 522 5374 :

347 5334 522 5376 ιυ.ι;

449 5431 574 5498 Quid
593 5433 787 5495 deceat,
813 5433 929 5498 quid
953 5445 1070 5496 non,
1090 5431 1229 5484 obliti
1251 5447 1264 5483 :
1288 5433 1454 5486 Cerite
1475 5447 1594 5485 cera

457 5497 606 5560 Digni
625 5531 640 5556 ,
669 5505 764 5547 etc.

329 5598 516 5728 ioQua'
535 5599 688 5726 dest-ie
719 5601 977 5671 parmmia
1009 5608 1186 5657 exstat
1217 5601 1359 5672 apud
1382 5599 1542 5658 Eras.
1563 5600 1694 5658 chil.
1720 5619 1760 5670 ι,
1785 5611 1930 5660 cent.

403 5714 417 5727 .
453 5688 480 5725 a
521 5688 572 5726 a.
679 5714 691 5725 .

403 5714 417 5727 .
453 5688 572 5726 ana.
602 5688 663 5726 δι
679 5714 691 5725 .

396 5741 422 5780 δ
452 5743 626 5798 Mares
668 5753 796 5799 ante
839 5759 1061 5799 annum.
1101 5742 1201 5811 Η,
1232 5744 1448 5800 feminas
1497 5753 1623 5801 ante
1672 5747 1774 5812 12,
1821 5760 1927 5804 non

326 5815 664 5882 cogebantur
692 5815 834 5886 apud
865 5831 1119 5872 censores
1151 5816 1426 5887 profiteri,
1459 5832 1580 5872 cum
1614 5831 1741 5874 ante
1781 5819 1926 5876 illam

329 5895 541 5967 nitatem
573 5889 831 5967 tributum
860 5892 928 5967 ab
951 5893 1155 5967 eisdem
1181 5908 1288 5967 non
1319 5895 1654 5967 exigeretur.
1687 5893 1926 5956 Consule

329 5971 490 6038 super
517 5962 622 6042 hoc
650 5963 700 6024 δ.
731 5961 994 6044 Lipsium,
1027 5966 1119 6026 lib.
1152 5980 1187 6046 ti
1218 5966 1286 6025 de
1314 5961 1454 6050 stag.
1485 5965 1642 6035 Rom.
1675 5983 1795 6047 cap.
1827 5968 1884 6030 τι.

2037 3450 2280 3492 causam.
2312 3432 2501 3490 Testes
2529 3446 2748 3504 quoque
2775 3429 3020 3486 abhiberi
3051 3430 3229 3485 solent
3258 3446 3272 3483 :
3301 3428 3398 3484 hos
3422 3443 3642 3500 quoque

2039 3529 2306 3588 nativitati
2354 3543 2504 3594 sure,
2557 3535 2612 3581 et
2665 3523 3008 3598 generationi
3059 3523 3359 3580 secundum
3417 3537 3640 3580 carnem

2040 3623 2287 3682 Christus
2314 3621 2582 3686 adhibuit,
2607 3619 2698 3689 qui
2722 3621 3004 3690 signarent
3028 3617 3400 3688 Evangelium,
3431 3616 3639 3673 dicens:

2050 3717 2152 3774 Vos
2175 3716 2316 3774 eritis
2342 3716 2465 3770 mihi
2492 3722 2639 3770 testes
2668 3714 2722 3768 in
2751 3711 3083 3767 Hierusalem
3115 3712 3254 3785 (Act.
3286 3727 3326 3777 ι,
3356 3709 3435 3781 8).

2109 3809 2291 3884 (Vers.
2321 3807 2376 3873 6,
2411 3807 2491 3880 7.)
2533 3805 2752 3861 Factum
2787 3815 2858 3861 est
2883 3815 3072 3871 autem,
3101 3822 3215 3860 cum
3239 3814 3405 3860 essent
3426 3805 3515 3868 ibi,
3546 3805 3644 3858 im-

2038 3905 2161 3974 pleti
2191 3911 2311 3958 sunt
2361 3902 2468 3956 dies
2513 3911 2566 3956 ut
2595 3911 2819 3972 pareret.
2853 3897 2921 3953 Et
2951 3900 3148 3972 peperit
3177 3898 3347 3967 ﬁlium
3386 3901 3645 3972 primoge-

2039 3998 2222 4058 nitum,
2255 4005 2303 4050 et
2337 3996 2524 4066 pannis
2554 4013 2669 4050 eum
2715 3995 2960 4060 involvit,
2986 4003 3032 4048 et
3060 3997 3231 4066 posuit
3264 3994 3317 4048 in
3353 3994 3644 4062 prwsepio;

2043 4099 2066 4126 θ
2096 4091 2220 4156 quia
2252 4105 2353 4144 non
2385 4097 2493 4143 erat
2525 4089 2668 4143 locus
2694 4088 2747 4141 in
2778 4103 2838 4141 eo
2865 4085 3165 4140 diversorio.

2118 4180 2328 4258 1295
2353 4182 2441 4238 40.
2485 4181 2728 4238 Breviter
2755 4191 2977 4235 sanctus
3018 4179 3195 4234 Lucas
3243 4186 3298 4234 et
3336 4177 3642 4250 quomodo,

2113 4324 2136 4353 ο
2165 4312 2255 4370 Sic
2285 4327 2476 4370 omnes
2505 4327 2634 4369 mss.
2658 4311 2856 4368 Contra
2881 4327 3008 4368 vero
3034 4321 3244 4367 cunette
3268 4309 3422 4374 edit..
3452 4312 3646 4368 luben-

2037 4397 2123 4442 tur
2149 4403 2382 4448 censere.
2416 4388 2504 4441 sed
2543 4403 2645 4440 non
2692 4386 2872 4457 virgis.
2904 4385 3274 4457 Miuusbene,
3302 4399 3424 4438 cum
3473 4387 3646 4440 niani-

2039 4459 2177 4515 f'esta
2211 4461 2301 4514 fiat
2325 4459 2518 4513 allusio
2542 4457 2607 4512 ad
2638 4456 2885 4524 Lchx,
2913 4459 2968 4520 ὃ,
3005 4456 3092 4511 ubi
3124 4457 3481 4525 prohibentur
3510 4471 3642 4527 apo-

2039 4533 2200 4598 stoli,
2235 4547 2302 4585 ne
2329 4530 2530 4600 virgam
2581 4528 2792 4596 ferant,
2824 4527 2887 4584 ad
2929 4529 3411 4600 proseminandum
3461 4527 3644 4585 Evano

2039 4603 2237 4673 gelium
2273 4603 2700 4669 proficiscentes.

2110 4673 2138 4711 ά
2172 4673 2310 4729 Edit.
2341 4689 2562 4739 omnes,
2592 4673 2847 4742 professio
2870 4673 3070 4797 prima,
3105 4689 3208 4726 non
3237 4681 3487 4726 terrarum
3507 4709 3524 4738 ,
3554 4675 3644 4728 sed

2110 4747 2314 4797 entiam.
2344 4749 2576 4797 Anertus
2620 4759 2834 4797 sensus.
2913 4760 3064 4797 erttm
3094 4743 3218 4797 uitia
3273 4746 3322 4797 iii
3351 4745 3560 4797 cunctis
3588 4753 3644 4797 et

2043 4747 2314 4802 mentium.
2344 4749 2576 4813 Apertus
2620 4759 2834 4799 sensus.
2870 4743 3064 4798 Verum
3094 4743 3218 4814 quia
3273 4746 3322 4797 in
3351 4745 3560 4800 cunctis
3588 4753 3645 4800 et

2039 4827 2095 4873 et
2122 4815 2318 4873 Gallic.
2352 4828 2405 4872 et
2438 4817 2555 4871 Vat.
2587 4816 2711 4872 cod.
2740 4816 2967 4881 desunt,
2997 4833 3100 4871 non
3125 4828 3408 4878 terrarnnt,
3433 4825 3489 4870 et
3509 4815 3646 4870 alio-

2038 4891 2128 4957 qui
2179 4898 2356 4959 petest
2401 4889 2667 4946 sententia
2734 4901 2989 4943 ιοοιιειςιιθ
3060 4888 3166 4942 illis
3206 4888 3526 4952 expunctis,
3588 4889 3642 4944 in

2040 4961 2141 5015 hoc
2168 4977 2300 5017 nisti.
2331 4976 2653 5016 consensum
2679 4961 2832 5030 sequi
2861 4960 3170 5014 maluimus.
3200 4959 3414 5015 Dicitur
3434 4967 3638 5030 autem,

2038 5033 2291 5104 professio
2323 5034 2522 5103 prima,
2558 5048 2665 5087 non
2718 5033 2968 5087 abSoInte
2994 5073 3007 5093 .
3041 5031 3351 5104 scdgpritna
3396 5031 3496 5084 sub
3531 5033 3640 5103 Cy-

2037 5102 2159 5160 rino
2181 5145 2194 5170 ,
2226 5116 2278 5159 ιιι
2312 5102 2617 5174 Opponatnr
2647 5105 2902 5159 secundm
2932 5105 3032 5157 sub
3062 5102 3253 5156 eodem
3287 5113 3516 5171 peractze
3541 5145 3553 5163 ,
3581 5102 3642 5161 ut

2033 5177 2197 5232 docet
2238 5176 2499 5232 Barunius
2543 5175 2743 5247 Appar.
2773 5177 2840 5229 ad
2886 5174 3112 5229 Annales
3133 5175 3323 5247 eccles.
3363 5190 3481 5244 pag.
3533 5176 3635 5247 29,

2034 5247 2182 5303 Jans.
2216 5247 2396 5304 Gand.
2423 5245 2637 5318 aliique
2674 5252 2996 5316 interpretes
3029 5250 3079 5318 in
3127 5246 3274 5300 hunc
3302 5247 3502 5318 locum.
3528 5245 3636 5303 Sed

2035 5320 2322 5375 litteralem
2357 5317 2576 5375 sensum
2601 5322 2744 5376 unde
2767 5335 2952 5389 parum
2983 5317 3446 5389 tttilitatisredire
3485 5330 3640 5388 pote-

2036 5402 2117 5446 rat
2147 5390 2210 5445 ad
2243 5405 2370 5445 suos
2402 5392 2653 5458 lectores,
2676 5388 2778 5446 hoe
2807 5391 2924 5446 loco
2949 5407 3054 5444 non
3083 5388 3286 5444 exemit
3309 5388 3369 5443 Β.
3407 5392 3639 5445 Ambro-

2037 5464 2172 5517 sius.
2205 5463 2358 5530 Quod
2391 5479 2552 5530 porro
2595 5463 2868 5528 subditur,
2899 5479 3000 5516 non
3029 5463 3280 5533 prteconis
3307 5463 3633 5531 evocatione,

2039 5533 2143 5589 hoc
2170 5533 2300 5590 satis
2327 5534 2565 5590 declarat
2595 5550 2725 5591 suos
2758 5532 3040 5603 pravcones
3078 5532 3244 5588 fuisse
3273 5533 3593 5588 censoribus
3613 5573 3631 5601 ,

2039 5605 2166 5662 licet
2193 5608 2294 5660 hoc
2327 5617 2552 5677 urgetur
2577 5623 2609 5662 a
2640 5607 2932 5664 nonnullis.
2961 5605 3064 5672 Qui
3093 5605 3159 5658 de
3189 5619 3417 5658 censura
3437 5647 3452 5669 ,
3487 5606 3633 5677 ejus-

2037 5694 2144 5745 que
2209 5676 2594 5745 (illicioiplttt‘a
2668 5680 2926 5741 voluerit,
2977 5677 3158 5731 adeat.
3211 5677 3302 5745 lib.
3358 5691 3449 5730 xm
3496 5676 3629 5733 Cod.

2035 5744 2270 5812 Thcod.,
2303 5750 2359 5804 tit
2393 5744 2480 5815 10,
2513 5754 2574 5804 de
2601 5749 2798 5814 Censu,
2827 5764 2882 5804 et
2920 5751 3003 5803 tit.
3039 5748 3098 5802 11
3129 5788 3142 5808 .
3171 5748 3234 5800 de
3273 5744 3497 5812 Censit.,'
3525 5747 3635 5804 Ro-

2033 5822 2346 5898 sitiaAntiq.
2380 5821 2535 5898 liam.
2565 5824 2784 5898 lib.vn,
2817 5837 2939 5898 cap.
2977 5821 3078 5884 10;
3112 5819 3273 5879 Laur.
3301 5818 3507 5894 Polyni.
3539 5821 3629 5884 ιη).

2032 5910 2111 5966 ιιι.
2143 5896 2277 5972 S_yn.
2310 5897 2366 5965 4,
2394 5895 2509 5972 54,
2534 5907 2589 5956 et
2614 5897 2766 5958 alibi.

2389 5913 2976 6050 adit’fticai‘elgentiores
3003 5984 3137 6032 mss.
3166 5967 3290 6048 quia
3308 5981 3412 6038 non
3438 5979 3545 6054 erat
3573 5967 3622 6049 of
