4156 6346
466 302 492 362 1
503 302 608 361 567

1810 300 2057 364 SANCTI
2098 304 2425 364 AMBROSII

3642 308 3782 370 4568

462 434 519 481 et
563 438 674 494 quo
723 431 1001 498 tempore,
1054 433 1112 482 et
1155 438 1263 497 quo
1314 424 1437 480 loco
1493 423 1799 481 secundum
1840 438 2065 480 carnem
2092 442 2370 501 Apauper
2396 429 2567 498 factus
2593 437 2712 495 est;
2742 436 2797 483 ut
2828 428 2972 485 illius
3015 428 3194 499 inopia
3238 445 3329 486 nos
3359 430 3659 487 ditaremini
3701 431 3785 503 (ll

464 515 718 576 Christus
747 527 907 575 natus
949 520 1056 589 sit,
1103 518 1420 590 explicavit.
1453 517 1525 573 At
1569 533 1702 574 vero
1748 516 1815 574 de
1859 516 2073 574 caelesti

464 612 822 683 generatione
850 611 896 667 si
926 613 1150 684 qnmris,
1182 614 1299 684 lege
1324 610 1677 683 Evangelium
1704 610 1879 667 sancti
1910 609 2076 666 Joan-

465 704 578 772 nis,
609 704 701 776 qui
726 719 758 760 a
787 705 1103 762 ctelestibus
1132 719 1363 761 exorsus
1392 704 1459 759 ad
1509 712 1727 760 terrena
1759 702 2072 760 descendit.

470 799 588 856 Illic
617 801 862 857 invenies
890 810 945 858 et
988 802 1205 873 quando
1234 812 1347 858 erat
1370 843 1385 869 ,
1414 810 1471 858 et
1515 801 1789 873 quomodo
1833 809 1953 857 erat
1973 841 1987 867 ,
2021 809 2077 856 et

467 895 600 967 quid
629 903 779 960 erat,
808 896 940 969 quid
967 906 1173 968 egerat,
1207 895 1335 969 quid
1368 896 1597 968 agebat,
1632 905 1685 952 et
1717 894 1814 951 ubi
1840 904 1992 963 erat,
2024 901 2080 950 et

467 1002 575 1059 quo
602 988 850 1059 venerit,
884 1000 938 1045 et
965 989 1241 1062 quomodo
1265 992 1511 1057 venerit,
1544 1004 1653 1060 quo
1693 998 1942 1060 tempore
1983 1003 2079 1044 ve-

469 1083 614 1138 nerit
636 1124 651 1149 ,
683 1098 791 1156 qua
820 1097 984 1139 causa
1031 1083 1265 1141 venerit.
1299 1081 1368 1139 In
1416 1084 1705 1158 principio,
1736 1083 1937 1153 inquit,
1968 1092 2080 1138 erat

476 1177 706 1233 Verbum
734 1176 917 1248 (Ioan.
951 1194 989 1245 ι,
1022 1178 1099 1252 l);
1135 1178 1304 1234 habes
1324 1178 1541 1251 quando
1562 1187 1682 1235 erat
1709 1196 1722 1233 :
1751 1177 1817 1233 Et
1857 1176 2083 1233 Verbum

472 1282 584 1330 erat
611 1274 753 1346 apud
790 1271 994 1338 Deum;
1021 1273 1193 1329 habes
1221 1273 1494 1344 quomodo
1535 1282 1677 1329 erat.
1711 1272 1889 1329 [labes
1916 1271 2083 1328 etiam

472 1365 603 1437 quid
641 1375 762 1423 erat
792 1384 806 1420 :
837 1365 903 1421 Et
935 1365 1096 1433 Deus,
1129 1366 1339 1439 inquit,
1366 1376 1475 1422 erat
1510 1365 1757 1423 Verbum.
1790 1364 1928 1435 Quid
1959 1379 2084 1437 ege-

475 1465 611 1512 rat:
665 1456 855 1511 Omnia
896 1473 989 1530 per
1033 1459 1204 1528 ipsum
1249 1462 1391 1530 facta
1419 1467 1539 1513 sunt
1590 1456 1787 1531 (Ibid.,
1816 1455 1913 1529 5)..
1946 1455 2086 1526 Quid

474 1551 712 1621 agebat:
747 1550 877 1606 Erat
923 1551 1015 1608 luit:
1058 1569 1177 1608 vera
1220 1569 1338 1625 quae
1365 1553 1627 1608 illuminat
1668 1568 1871 1607 onmem
1921 1551 2088 1606 homi-

476 1659 594 1699 nem
637 1644 923 1700 venientem
967 1646 1021 1700 in
1045 1644 1182 1701 hunc
1224 1645 1476 1700 mundum
1525 1642 1717 1714 (Ibid.,
1768 1642 1846 1716 9).
1879 1640 1948 1697 Et
1994 1641 2085 1697 ubi

476 1745 598 1792 erat
627 1754 640 1790 :
676 1735 742 1791 In
773 1736 871 1792 hoc
901 1738 1093 1792 mundo
1136 1747 1245 1792 erat
1288 1736 1476 1810 (Ibid.,
1520 1736 1631 1810 10).
1661 1735 1781 1806 Quo
1831 1734 2044 1790 venerit
2071 1752 2083 1788 :

2175 516 2297 575 Cor.
2334 533 2451 586 vnt,
2480 519 2560 589 9).
2591 519 2768 576 Meum
2808 535 2939 590 ergo
2970 532 3258 593 paupertas
3285 516 3378 579 illa
3400 523 3786 595 patrimonium

2177 623 2289 680 eSt;
2321 621 2378 669 et
2408 612 2696 671 inﬁrmitas
2730 613 2943 671 Domini
2976 632 3095 670 mea
3127 626 3214 673 est
3241 618 3434 673 virtus.
3465 617 3654 674 Maluit
3680 618 3789 674 sibi

2178 719 2376 775 egere,
2430 713 2488 761 ut
2535 707 2788 763 omnibus
2834 707 3155 765 abundaret.
3216 708 3300 765 Me
3346 709 3493 766 illius
3543 710 3790 767 infantiae

2181 796 2444 867 vagientis
2494 798 2722 855 abluunt
2761 800 2920 856 tletus
2942 842 2959 868 ,
2995 817 3115 859 mea
3147 802 3401 877 lacryma:
3443 805 3548 860 illa:
3577 805 3780 861 delicta

2180 887 2455 945 laverunt.
2506 889 2634 946 Plus
2679 891 2874 962 igitur,
2926 893 3155 950 Domine
3196 895 3366 961 Jesu,
3421 897 3633 967 injuriis
3682 898 3792 953 tuis

2182 981 2358 1037 debeo
2407 983 2551 1054 quod
2602 983 2916 1056 redemptus
2964 1002 3115 1053 sum,
3152 1003 3315 1058 quam
3356 990 3616 1060 operibus
3641 988 3792 1061 quod

2182 1083 2398 1131 creatus
2427 1091 2568 1132 sum.
2603 1076 2723 1133 Non
2756 1079 3044 1150 prodesset
3073 1082 3260 1150 nasci,
3295 1081 3398 1139 nisi
3436 1082 3630 1140 redimi
3664 1097 3798 1156 pro-

2186 1165 2401 1222 fuisset.

2256 1258 2348 1316 42.
2389 1259 2496 1316 Sed
2527 1276 2686 1317 nemo
2715 1262 2858 1319 intra
2908 1280 3065 1322 usum
3095 1265 3347 1339 corporis
3398 1267 3627 1324 formam
3674 1282 3798 1326 om-

2186 1369 2309 1410 nem
2342 1354 2639 1411 divinitatis
2666 1357 2926 1413 includat.
2958 1359 3077 1414 Alia
3109 1369 3302 1417 natura
3332 1361 3515 1417 carnis
3541 1372 3658 1428 est,
3684 1362 3795 1420 alia

2185 1443 2483 1501 divinitatis
2514 1448 2706 1518 gloria.
2738 1447 2969 1520 Propter
2999 1460 3052 1506 te
3077 1451 3362 1509 infirmitas
3383 1494 3399 1519 ,
3436 1454 3490 1508 in
3516 1469 3577 1512 se
3603 1464 3796 1526 poten-

2189 1537 2262 1592 tia
2293 1555 2307 1594 :
2337 1549 2557 1610 pr0pter
2604 1549 2657 1595 te
2702 1540 2921 1612 inopia,
2964 1541 3020 1597 in
3063 1556 3125 1598 se
3172 1544 3471 1614 opulentia.
3518 1545 3639 1601 Noli
3687 1547 3795 1603 hoc

2189 1631 2461 1690 :eStitnare
2490 1634 2637 1705 quod
2667 1636 2849 1691 cernis
2869 1676 2885 1703 ,
2915 1637 3012 1693 sed
3040 1637 3185 1709 quod
3227 1639 3440 1712 1296
3468 1640 3755 1696 redimeris
3775 1682 3795 1710 ,

2191 1742 2446 1799 agnosce.
2482 1727 2619 1798 Quia
2672 1729 2724 1784 in
2754 1731 2949 1801 pannis
2996 1740 3112 1797 est,
3149 1722 3303 1788 vides
3335 1749 3349 1786 :
3376 1734 3506 1802 quia
3555 1733 3609 1788 in
3638 1734 3798 1790 cmlis

480 1828 548 1883 In
578 1845 674 1883 sna
702 1830 917 1901 propria
951 1830 1085 1885 venit
1113 1828 1312 1905 (Ibid.,
1344 1829 1460 1903 tl).
1504 1827 1792 1898 Quomodo
1832 1829 2085 1892 venerit,
2116 1848 2165 1909 Β
2192 1831 2296 1887 est,
2342 1837 2449 1877 non
2498 1823 2694 1878 vides:
2729 1823 2953 1879 infantis
2997 1822 3154 1879 audis
3202 1826 3449 1897 vagitus,
3484 1840 3591 1881 non
3641 1826 3800 1881 audis

488 1922 713 1981 Verbum
742 1942 866 1981 caro
887 1927 1093 1997 ffactnm
1119 1937 1194 1982 est
1234 1926 1428 2001 (lbid.,
1456 1926 1570 1998 14).
1598 1925 1829 1995 Quando
1855 1924 2087 1992 venerit,
2195 1916 2347 1972 bovis
2375 1916 2662 1972 Dominum
2690 1916 3040 1988 agnoscentis
3083 1919 3317 1989 mugitus
3349 1936 3363 1972 :
3397 1918 3623 1991 Agnovit
3649 1920 3798 1975 cnim

478 2018 718 2076 Joannes
751 2020 1125 2078 testimonium
1170 2020 1423 2092 perhibet
1465 2020 1535 2076 de
1579 2020 1698 2091 ipso
1732 2018 1963 2074 dicens:
1991 2016 2092 2072 Hic
2190 2007 2281 2062 bos
2326 2024 2672 2079 possessorem
2713 2026 2899 2076 suum.
2930 2020 2978 2065 et
3008 2008 3159 2064 asina
3188 2027 3419 2084 prwsepe
3455 2008 3671 2066 Domini
3717 2013 3804 2067 sui

482 2120 559 2168 est
595 2114 660 2167 de
699 2129 799 2184 quo
826 2114 936 2168 dixi
953 2156 968 2181 ,
994 2115 1084 2185 qui
1110 2123 1229 2187 post
1256 2130 1338 2169 me
1361 2115 1520 2179 venit,
1547 2124 1667 2168 ante
1684 2129 1765 2167 me
1794 2116 1961 2185 factus
1985 2122 2091 2179 est;
2191 2100 2363 2174 (Esai.
2394 2119 2434 2171 ι,
2464 2103 2543 2171 5);
2577 2102 2743 2158 ἰιιιιιιο
2770 2105 3083 2176 ρηεδερίιιηι
3109 2103 3347 2161 dixerim
3364 2145 3378 2168 ,
3407 2106 3548 2161 sicut
3575 2107 3801 2177 scripsit

482 2204 605 2276 quia
632 2208 775 2276 prior
804 2222 884 2262 me
928 2215 1036 2261 erat
1082 2204 1273 2279 (Ῑιιῑάη
1302 2205 1419 2279 50),
1464 2206 1577 2275 Qua
1629 2220 1792 2260 causa
1841 2203 2087 2269 venerit,
2191 2197 2281 2268 qui
2312 2197 2622 2264 transtulit;
2656 2198 2788 2254 nihil
2834 2198 2979 2254 enim
3011 2197 3152 2269 apud
3179 2214 3267 2255 me
3306 2199 3472 2255 distat
3504 2200 3556 2255 in
3586 2201 3758 2257 verbo
3780 2243 3799 2267 ,

480 2296 720 2354 Joannes
746 2298 865 2368 ipse
897 2308 1151 2355 testatur.
1187 2296 1322 2354 Ecce
1347 2316 1514 2372 agnus
1546 2298 1667 2365 Dei,
1700 2316 1816 2354 ecce
1839 2300 1928 2368 qui
1958 2298 2092 2354 tollit

2196 2293 2335 2362 quod
2386 2306 2490 2346 non
2540 2291 2708 2347 distat
2757 2293 2809 2347 in
2864 2306 3052 2348 sensu.
3086 2291 3219 2348 Nam
3271 2293 3317 2348 si
3366 2302 3552 2349 orator
3582 2293 3802 2351 illorum

482 2400 693 2461 peccata
742 2391 923 2447 mundi
968 2390 1160 2464 (Ibid.,
1198 2390 1318 2463 29).
1362 2392 1420 2448 Si
1468 2392 1632 2462 igitur
1679 2391 2090 2463 generationem

484 2492 772 2557 utramque
796 2486 1176 2557 cognovimus,
1206 2496 1261 2543 et
1285 2496 1311 2525 α
1347 2485 1632 2559 utriusque
1663 2500 1864 2542 munus
1888 2500 2052 2541 unum
2073 2527 2089 2552 ,

482 2586 538 2632 et
565 2592 782 2633 causam
812 2592 917 2648 qua
940 2579 1089 2634 venit
1114 2578 1490 2645 advertimus;
1516 2589 1575 2632 ut
1599 2578 1881 2649 pereuntis
1904 2577 2091 2632 mundi

483 2681 707 2741 peccata
732 2671 1040 2743 suscipiens
1060 2713 1074 2738 ,
1109 2672 1317 2741 peccati
1343 2670 1524 2728 labem
1544 2712 1562 2740 ,
1595 2680 1651 2726 ct
1679 2672 1922 2727 omnium
1952 2685 2094 2725 mor-

481 2771 593 2817 tem
640 2762 694 2817 in
744 2777 836 2829 se,
868 2763 959 2835 qui
986 2762 1131 2819 vinci
1179 2779 1286 2817 non
1319 2772 1545 2832 posset,
1579 2762 1865 2818 aboleret:
1899 2775 2094 2817 conse—

479 2868 653 2925 quens
680 2862 766 2910 est
792 2858 849 2911 ut
874 2871 1019 2911 nunc
1047 2871 1264 2928 quoque
1294 2866 1517 2912 sanctus
1548 2855 1720 2911 Lucas
1754 2856 2090 2927 evangelista

482 2961 585 3002 nos
609 2946 834 3013 doceat,
874 2957 931 3004 et
957 2951 1071 3004 vias
1105 2949 1314 3004 Domini
1357 2948 1654 3006 secundum
1684 2963 1903 3005 carnem
1944 2963 2093 3003 cres-

484 3039 663 3094 centis
696 3039 968 3095 ostendat.

554 3131 645 3187 41.
687 3129 799 3186 Nec
851 3148 1179 3203 quemquam
1231 3148 1450 3189 movere
1498 3133 1658 3190 debet
1710 3132 1854 3203 qtmd
1906 3131 2091 3187 altiori

2194 2384 2454 2454 (Demost.
2490 2385 2642 2442 Orat.
2690 2404 2786 2458 pro
2839 2383 3101 2459 Ctesiplt.)
3150 2386 3245 2459 qui
3288 2386 3544 2461 phaleras
3591 2402 3804 2444 sermo-

2195 2496 2324 2536 num
2368 2492 2674 2553 sequuntur
2697 2523 2713 2548 ,
2747 2493 2905 2554 neget
2933 2483 2987 2538 in
3019 2482 3122 2539 hoc
3161 2483 3366 2554 positas
3402 2498 3525 2540 esse
3554 2484 3804 2543 fortunas

2193 2571 2422 2629 Grteeire
2443 2615 2461 2643 ,
2497 2574 2599 2630 hoc
2627 2589 2697 2630 an
2725 2575 2817 2629 illo
2845 2575 3015 2630 verbo
3041 2590 3174 2631 usus
3212 2577 3313 2642 sit;
3342 2577 3438 2633 sed
3483 2593 3599 2634 rem
3646 2592 3807 2648 spec-

2196 2664 2412 2721 laudant
2464 2675 2660 2738 putat:
2693 2667 2739 2721 si
2787 2667 2888 2739 ipsi
2941 2667 3250 2738 philosophi
3279 2683 3469 2725 eorum
3515 2671 3608 2742 qui
3661 2680 3808 2727 totos

2193 2757 2311 2814 dies
2358 2760 2411 2814 in
2460 2759 2828 2830 disputatione
2873 2771 3238 2829 consmnunt,
3281 2762 3462 2818 minus
3516 2762 3723 2818 Latinis
3751 2777 3808 2820 et

2195 2856 2434 2925 receptis
2461 2856 2542 2911 usi
2574 2854 2920 2911 sermonibus
2949 2865 3099 2921 sunt;
3122 2865 3181 2910 ιιι
3208 2856 3443 2927 propriis
3474 2868 3759 2913 uterentur
3788 2875 3803 2910 :

2194 2956 2397 3019 quanto
2447 2947 2619 3019 magis
2652 2962 2750 3002 nos
2800 2946 3075 3020 negligere
3112 2948 3284 3005 verba
3317 2948 3580 3005 debemus
3602 2989 3619 3016 ,
3651 2965 3809 3021 spec-

2198 3052 2313 3096 tare
2343 3043 2624 3113 mysteria,
2658 3041 2855 3113 quibus
2887 3042 3056 3097 vincit
3086 3042 3362 3098 sermonis
3409 3040 3593 3098 vilitas
3614 3084 3631 3110 ,
3659 3042 3805 3114 quod

2195 3146 2421 3203 opermn
2456 3133 2713 3189 miracula
2741 3134 3052 3192 divinorum
3083 3136 3248 3192 nullis
3277 3145 3564 3194 venustata
3597 3153 3806 3193 sermn-

482 3225 716 3281 consilio
742 3225 969 3282 Joannis
1024 3226 1311 3283 infantiam
1358 3228 1594 3284 diximus
1626 3227 2047 3298 praetermissam
2072 3269 2088 3293 ,
2119 3241 2165 3306 ρ
2198 3225 2357 3282 nibus
2382 3271 2397 3295 ,
2432 3226 2677 3283 veritatis
2724 3243 2837 3284 suae
2880 3229 3090 3286 lumine
3135 3229 3511 3285 refulserunt?
3557 3230 3807 3301 Denique
3838 3220 3854 3233 ’

486 3315 513 3357 δ
533 3318 737 3375 Christi
764 3334 895 3376 vero
939 3320 1221 3377 infantiam
1253 3322 1551 3377 asserimus
1573 3336 1696 3377 esse
1723 3321 2052 3392 descriptam
2071 3362 2085 3386 ,

481 3427 591 3467 non
642 3412 789 3467 enim
818 3412 1061 3467 omnium
1102 3423 1185 3469 est
1211 3413 1395 3469 dicere
1427 3431 1441 3468 :
1474 3411 1672 3468 Factus
1712 3428 1827 3467 sum
1866 3412 2091 3480 inﬁrmis

483 3505 749 3575 iniimus,
769 3515 825 3560 ut
852 3507 1090 3577 inﬁrmos
1118 3507 1443 3579 lurrifariam
1471 3524 1489 3559 :
1519 3506 1756 3561 omnibus
1784 3506 1955 3561 omnia
1983 3510 2095 3578 fac-

489 3609 571 3655 tus
598 3617 713 3655 sum
747 3601 799 3674 (l
829 3600 951 3657 Cor.
983 3617 1059 3669 rx,
1090 3600 1186 3673 22)
1223 3619 1235 3655 :
1269 3616 1447 3672 neque
1476 3601 1545 3657 de
1569 3615 1841 3673 quoquam
1867 3601 1978 3655 alio
2020 3600 2093 3654 ita

486 3694 593 3751 dici
622 3705 837 3766 potest,
868 3696 994 3767 quia
1041 3695 1360 3751 Vulneratus
1407 3706 1481 3751 est
1521 3706 1734 3767 propter
1775 3694 2095 3767 iniquitatem

486 3798 737 3853 nostram,
770 3797 817 3841 et
843 3788 1141 3856 inﬁrmatus
1161 3796 1237 3843 est
1256 3797 1464 3860 prapter
1487 3796 1697 3859 peccata
1717 3796 1897 3841 nostra
1919 3783 2093 3858 (Esai.

486 3896 601 3948 mu,
635 3881 714 3952 5).
750 3879 846 3937 llle
895 3881 1059 3953 igitur
1090 3883 1345 3950 parvulus
1368 3923 1385 3948 ,
1413 3881 1504 3936 ille
1535 3879 1833 3936 infantulus
1871 3878 2001 3944 fuit;
2037 3887 2093 3933 ut

491 3984 548 4032 ιιι
597 3976 683 4032 vir
714 3976 893 4047 possis
942 3992 1065 4032 esse
1095 3978 1372 4048 perfectus
1401 3994 1415 4032 :
1446 3975 1537 4032 ille
1578 3974 1857 4032 involutus
1883 3976 1934 4030 in
1966 3989 2098 4046 pan-

485 4069 606 4133 nis;
641 4079 702 4124 ut
730 4078 788 4124 tu
821 4069 1015 4124 mortis
1048 4069 1257 4141 laqueis
1282 4069 1359 4124 sis
1390 4069 1674 4123 absolutus
1705 4085 1719 4123 :
1750 4067 1843 4123 ille
1870 4067 1924 4122 in
1957 4082 2094 4137 prte-

486 4163 741 4235 sepibus;
777 4174 801 4202 ο
834 4171 894 4218 ιιι
926 4173 981 4219 ιιι
1013 4164 1066 4219 in
1095 4163 1362 4220 altaribus
1394 4181 1409 4220 :
1438 4164 1530 4219 ille
1560 4163 1617 4218 in
1642 4162 1833 4227 terris;
1863 4173 1921 4217 ut
1948 4170 2001 4217 tu
2038 4162 2090 4216 in

488 4256 647 4313 cmlis
676 4274 692 4314 :
724 4256 815 4313 ille
843 4255 1011 4312 alium
1060 4257 1236 4312 locum
1268 4257 1321 4312 in
1345 4271 1411 4311 eo
1440 4255 1745 4312 diversorio
1776 4270 1885 4310 non
1930 4253 2097 4311 habe-

490 4348 620 4416 bat;
671 4358 732 4405 nt
783 4360 837 4406 tu
886 4350 1071 4420 plures
1118 4349 1348 4404 haberes
1401 4349 1455 4404 in
1503 4348 1819 4405 coelestibus
1875 4347 2097 4403 sedibus

493 4442 827 4499 mansiones.
863 4441 967 4509 Qui
995 4457 1112 4497 cum
1140 4441 1312 4510 dives,
1341 4440 1551 4513 inquit,
1578 4449 1728 4506 esset,
1763 4448 1977 4513 propter
2010 4455 2098 4495 vos

2190 3325 2397 3379 asinam
2416 3325 2561 3380 illam
2586 3320 3176 3381 irrationabilemdnon
3208 3324 3332 3381 fuco
3349 3325 3688 3391 deliciarum,
3710 3326 3807 3383 sed

2192 3431 2357 3472 succo
2378 3416 2641 3472 naturalis
2663 3417 2936 3473 alimoniae
2957 3420 3224 3489 przesepia
3247 3428 3435 3474 sancta
3469 3429 3752 3489 paverunt.

2265 3509 2357 3566 45.
2403 3510 2500 3566 llic
2541 3522 2624 3567 est
2670 3511 2980 3579 Dominus,
3015 3513 3117 3567 hoc
3165 3527 3443 3584 praesepe,
3494 3529 3604 3583 quo
3649 3513 3808 3569 nobis

2195 3604 2440 3661 divinum
2491 3606 2809 3677 mysterium
2861 3605 3161 3661 revelatum
3206 3616 3291 3662 est
3337 3624 3350 3662 :
3398 3606 3805 3662 irrationabiles

2200 3704 2413 3770 gentes,
2442 3698 2710 3771 pecudum
2740 3703 2881 3754 intra
2914 3701 3180 3771 praesepia
3216 3714 3368 3756 more
3397 3700 3677 3762 viventes,
3709 3698 3811 3754 ali-

2202 3793 2399 3848 moniae
2425 3806 2595 3848 sacras
2617 3792 2864 3848 ubertate
2880 3797 3200 3863 pascendos.
3215 3792 3451 3864 Agnovit
3477 3809 3611 3865 ergo
3632 3795 3810 3861 asina,

2200 3887 2407 3960 species
2440 3889 2669 3953 scilicet,
2700 3896 2758 3944 et
2785 3888 2955 3943 forma
2987 3888 3294 3960 gentilium,
3319 3904 3567 3960 praesepe
3597 3891 3811 3948 Domini

2200 3982 2308 4037 sui.
2340 3980 2408 4060 Et
2437 3980 2558 4036 ideo
2583 3980 2718 4036 dicit
2745 3998 2758 4034 :
2792 3979 3047 4036 Dominus
3078 3983 3240 4050 pascit
3264 3999 3378 4047 me,
3409 3993 3455 4038 et
3482 3982 3613 4039 nihil
3653 3983 3815 4039 deerit

2203 4073 2379 4149 (Psal.
2413 4090 2552 4137 χχιι,
2577 4073 2656 4143 2).
2683 4074 2763 4128 An
2812 4073 3175 4129 mediocribus
3220 4075 3389 4146 signis
3419 4075 3562 4133 Deus
3609 4078 3811 4147 proba-

2202 4179 2323 4236 tur,
2356 4168 2498 4241 quod
2529 4169 2704 4241 angeli
2755 4169 3110 4234 ministrant,
3156 4171 3302 4241 quod
3350 4171 3488 4242 Magi
3538 4171 3810 4238 adorant,

2200 4264 2345 4334 quod
2379 4272 2647 4334 martyres
2674 4264 3041 4319 confitentur?
3067 4263 3144 4318 Ex
3176 4273 3335 4320 utero
3366 4263 3635 4333 funditur,
3672 4274 3696 4302 ε
3719 4266 3815 4321 sed

2201 4368 2452 4416 coruscat
2501 4373 2533 4413 e
2578 4358 2764 4415 creto:
2800 4369 3022 4415 terreno
3079 4358 3135 4414 in
3179 4358 3487 4416 diversorio
3509 4358 3687 4431 jacet,
3720 4361 3816 4416 sed

2203 4453 2415 4511 cmlesti
2447 4452 2654 4509 lumine
2678 4452 2847 4524 viget.
2876 4452 3051 4525 Nupta
3084 4451 3298 4525 peperit
3319 4493 3334 4521 ,
3366 4453 3466 4511 sed
3506 4454 3659 4526 virgo
3688 4469 3822 4511 con-

492 4639 638 4698 locus
664 4643 719 4698 in
745 4643 1052 4700 diversorio.
1078 4644 1292 4715 Reliqui
1322 4686 1337 4710 ,
1365 4643 1486 4715 quia
1510 4656 1614 4696 non
1640 4648 1750 4715 erat
1774 4638 1920 4694 locus
1959 4637 2014 4692 in
2044 4651 2102 4715 eo
2134 4636 2180 4696 ῐ)
2208 4636 2264 4690 in
2289 4630 2626 4715 .quibusdam
2675 4628 3072 4715 recentioribus
3118 4628 3415 4686 emendare
3460 4629 3642 4686 conati
3691 4641 3821 4687 sunt

492 4715 775 4769 diversorio
803 4731 822 4771 :
852 4730 977 4785 qum
1003 4717 1166 4771 lectio
1209 4707 1387 4771 etiam'
1422 4730 1488 4770 eo
1531 4712 1930 4785 conﬁrmatur_,
1955 4707 2102 4780 quod

495 4787 635 4840 intra
667 4801 798 4840 mss.
831 4779 887 4840 et
914 4787 1050 4843 edit.
1098 4802 1295 4855 magno
1320 4800 1593 4842 consensu
1642 4799 1753 4854 prae
1783 4797 1863 4855 se,
1885 4779 2068 4855 lerant
2087 4820 2102 4844 ,

494 4857 587 4912 ille
632 4857 795 4911 alium
844 4856 1017 4911 locum
1060 4858 1116 4912 in
1143 4850 1213 4911 eo
1253 4858 1536 4913 diversorio
1563 4850 1666 4911 non
1711 4854 1909 4909 habuit.
1952 4850 2108 4908 Unde

496 4928 769 4996 intelligas
793 4928 1138 4984 Ambrosium
1159 4929 1210 4982 in
1234 4928 1439 4985 Graecis
1463 4928 1689 4982 vocibus
1715 4928 1763 4981 ἓν
1785 4932 1859 4999 τῷ
1883 4924 2108 4999 gazam:

497 5022 623 5073 ματ-ι
660 4994 940 5076 accepisse
973 5001 1291 5076 particulam
1336 5008 1409 5072 τῷ
1440 5013 1545 5053 ιιοιι
1575 5013 1676 5076 pro
1709 4994 1940 5051 articulo
1967 5036 1981 5076 ,
2011 4994 2105 5076 sed

501 5066 599 5141 pro
645 5066 1116 5139 demonstrativo,
1151 5079 1211 5125 ut
1257 5066 1535 5125 nou'raro
1580 5066 1749 5141 etiam
1802 5082 1831 5120 a
1864 5066 2109 5141 probatis

496 5136 808 5220 auctoribus
862 5136 1346 5220 usurpatur._lline
1377 5139 1932 5220 praetereaadvertas
1980 5136 2108 5220 licet

499 5215 749 5270 eumdem
797 5208 1044 5269 sanctum
1076 5208 1424 5269 Ambrosium
1465 5213 1534 5267 ab
1578 5212 1837 5281 opinione
1884 5208 2104 5281 Eusebii

499 5286 764 5342 Demonst.
793 5286 996 5356 Euang.
1030 5287 1124 5341 lib.
1164 5301 1235 5340 \‘ll
1257 5330 1271 5349 ,
1315 5301 1435 5353 cap.
1468 5285 1535 5349 5;
1571 5277 1836 5356 Epiphan.
1884 5277 2094 5356 liaeresi

498 5356 600 5425 20;
640 5352 963 5429 Hieronymi
999 5360 1160 5424 epist.
1191 5357 1285 5421 28.
1310 5352 1746 5429 adMarcellain,
1779 5361 1834 5429 et
1873 5352 2104 5407 aliorum

500 5424 1287 5500 dissentire;quandoquidem
1335 5428 1389 5484 hi
1437 5442 1629 5500 otnnes
1674 5424 1964 5500 Christum
1999 5440 2108 5478 non

501 5501 555 5556 in
587 5494 1024 5573 stabuto'domus
1052 5494 1354 5573 eitjuspiam
1375 5498 1517 5573 ,_sed
1556 5500 1608 5553 in
1648 5512 1811 5573 saxea
1849 5494 2109 5573 spelunca

502 5582 689 5629 natum
720 5572 927 5628 volunt.
959 5567 1147 5643 Neque
1177 5567 1355 5626 tamen
1386 5570 1585 5643 desunt
1610 5572 1699 5640 qui
1736 5567 1955 5643 Doctori
1980 5580 2112 5620 nos-

500 5653 588 5700 tro
641 5637 1086 5714 patrocinentur",
1138 5658 1276 5714 quos
1323 5642 1509 5698 videre
1561 5637 1713 5712 potes
1763 5637 1905 5711 apud
1942 5638 2112 5692 inter-

542 5728 713 5774 rctes.

503 5730 724 5845 prius};
768 5803 902 5844 mss.
942 5787 1153 5858 aliquot
1197 5784 1444 5842 melioris
1488 5792 1657 5840 notae.
1697 5780 1813 5858 ΔΑιῖί
1864 5780 2110 5858 nanti!!!“

505 5861 929 5932 praetermittunt
964 5852 1257 5916 dictionem
1278 5897 1291 5923 ,
1318 5873 1533 5924 munus,
1566 5853 1711 5927 quod
1761 5854 1901 5910 haud
1951 5852 2111 5910 dubie

2210 4702 2741 4777 qui'reposuerunt,
2790 4712 2837 4756 et
2885 4702 3158 4773 utriusque
3200 4718 3359 4757 unam
3407 4718 3820 4777 esset-ausam,

2210 4773 2316 4834 etc.
2349 4773 2509 4842 quam
2537 4773 2828 4830 lectionem
2857 4780 3059 4829 secutae
3088 4782 3215 4829 sunt
3238 4789 3430 4829 omnes
3458 4773 3589 4828 edit.

2281 4847 2310 4887 δ
2336 4848 2500 4903 Rom.
2530 4846 2689 4903 edit..
2719 4843 2916 4900 Christi
2945 4860 3063 4900 vero
3087 4855 3326 4917 oportere
3351 4861 3462 4900 esse
3483 4846 3819 4917 descriptam.

2287 4931 2309 4960 ο
2341 4918 2407 4975 Ut
2436 4919 2564 4972 tuin
2591 4917 2849 4973 altaribus
2870 4960 2886 4982 ,
2916 4931 3111 4985 nempe
3158 4916 3224 4971 ad
3269 4916 3661 4986 accipiendum
3699 4934 3826 4973 eor—

2212 4990 2363 5062 poris
2410 4988 2702 5062 Dominiei‘
2739 4997 3161 5062 sacramentum.
3202 4988 3334 5062 Quo
3364 4988 3826 5062 Ailludusimiliter

2213 5059 2468 5134 pertinet,
2501 5061 2642 5133 quod
2670 5059 2765 5116 lib.
2795 5060 2864 5134 de
2890 5059 3015 5134 luit.
3040 5075 3161 5134 cap.
3192 5059 3490 5134 8,_dieitur,
3522 5059 3620 5134 His
3645 5061 3826 5116 abluta

2216 5130 2379 5204 plebs.
2428 5175 2442 5189 .
2487 5173 2501 5188 .
2521 5130 2561 5188 ’.
2603 5131 2866 5204 contendit
2897 5131 2966 5184 ad
2995 5131 3206 5186 altaria.
3242 5130 3314 5187 Et
3338 5147 3444 5187 nou
3474 5133 3645 5187 multo
3677 5144 3821 5202 post,

2211 5202 2349 5260 uenit
2380 5207 2559 5274 igitur,
2593 5214 2640 5257 et
2667 5202 2853 5274 videns
2866 5214 3252 5258 sacrosanctum
3273 5204 3439 5258 altare
3459 5206 3822 5274 compositum.

2212 5277 2315 5335 Ubi
2363 5272 2515 5345 plura
2560 5276 2775 5331 dicendi
2825 5272 2892 5328 de
2941 5275 3045 5329 ritu
3093 5291 3200 5344 quo
3252 5275 3305 5329 in
3349 5275 3525 5343 prisca
3576 5272 3821 5331 Ecclesia

2212 5349 2612 5406 divinissimum
2665 5345 2798 5401 illud
2851 5356 3252 5402 sacramentum
3298 5347 3821 5415 administrabatur,

2215 5423 2365 5477 locus
2391 5421 2497 5474 erit
2523 5418 2905 5490 Opportunior.

2286 5490 2313 5531 ά
2343 5493 2568 5547 Cuncta:
2595 5491 2726 5546 edit.
2755 5504 2819 5544 ac
2848 5503 2981 5545 mss.
3013 5503 3122 5544 non
3152 5490 3343 5557 pauci,
3377 5507 3479 5545 non
3508 5506 3663 5545 succo
3692 5491 3825 5546 deli-

2214 5566 2435 5619 ciarum.
2469 5562 2607 5617 Cod.
2635 5578 2766 5617 vero
2793 5561 3038 5616 melioris
3063 5562 3186 5624 arvi,
3209 5578 3315 5615 non
3343 5565 3463 5631 fuco
3492 5562 3820 5627 deliciarum,

2218 5634 2271 5692 id
2301 5644 2406 5701 est,
2441 5635 2586 5689 laute
2628 5648 2693 5690 ac
2739 5633 2963 5704 opipare
2992 5631 3228 5687 conditis
3257 5633 3415 5689 cibis.
3446 5632 3644 5702 Quidni
3673 5637 3823 5689 enim

2214 5707 2479 5765 delicatas
2523 5705 2645 5762 illas
2688 5704 2986 5777 cupedias,
3019 5705 3267 5760 ciborum
3296 5704 3475 5761 fucum
3526 5720 3633 5761 non
3665 5705 3832 5763 lieeat

2216 5778 2493 5852 appellare
2514 5778 2539 5830 ἲ

2292 5861 2316 5888 ε
2345 5849 2513 5917 Bdit.,
2538 5847 2632 5903 sed
2656 5848 2851 5903 caelesti
2881 5848 3078 5904 lumine
3111 5848 3293 5917 fulget.
