4156 6346
279 247 398 307 15:39
1227 245 1589 305 EXPOSI'IIO
1628 244 1884 304 LVANG.
1927 246 2076 303 SEC.
2123 245 2278 303 LUC.
2320 245 2450 301 LIB.
2495 246 2557 300 ll.
3437 250 3575 306 1570

274 369 399 437 cepit
427 385 441 419 :
474 374 636 436 nupta
666 365 953 436 concepit,
984 364 1081 422 sed
1127 366 1282 436 virgo
1324 364 1626 434 generavit.
1668 363 1862 418 Docuit
1890 369 1936 426 Α
1968 364 2112 417 nibus
2143 361 2377 417 Christus
2406 361 2632 435 (Coloss.
2656 378 2748 428 ιιι,
2788 362 2898 433 ll).
2930 362 3094 419 Vides
3123 363 3266 420 cuitn
3309 364 3435 436 quia
3467 381 3574 420 non

273 462 402 518 enim
450 475 549 515 nos
593 469 813 516 sanctus
861 459 1147 516 Mattltaaus
1194 474 1300 514 non
1347 457 1623 513 mediocre
1660 466 1865 530 myste-
1969 455 2165 518 otiose,
2197 454 2283 509 vel
2338 455 2406 510 de
2455 455 2749 520 Chaldaeis,
2773 456 2866 526 qui
2916 455 3211 526 peritiores
3251 457 3303 512 in
3336 458 3579 514 numeris

274 553 398 611 riunt
421 595 436 620 ,
465 553 610 625 quod
655 562 876 608 sanctus
910 552 1117 620 Lucas,
1145 551 1270 623 quia
1308 550 1470 621 plene
1491 549 1602 618 jam
1631 560 1865 605 eratex-
1971 543 2261 611 habentur,
2292 546 2564 602 Abraham
2607 547 2722 604 Deo
2761 546 2997 603 credidit
3029 565 3043 602 :
3091 549 3176 605 vel
3221 548 3356 620 Magi
3388 549 3480 615 qui
3518 549 3582 604 li-

275 647 520 718 positum,
548 644 820 704 silendum
851 645 1090 716 putavit,
1119 645 1252 699 satis
1278 658 1338 698 se
1368 642 1590 698 divitem
1616 641 1731 696 fore
1751 656 1870 696 cre-
1972 647 2060 692 cet
2092 635 2119 674 ιι
2168 638 2394 706 magicis
2425 638 2658 705 artibus,
2689 655 2814 696 cum
2848 641 3267 697 reconcilianda:
3307 641 3412 697 sibi
3445 642 3582 697 divi-

274 739 416 805 dens,
444 739 490 794 si
518 751 761 809 praesepe
792 736 1004 793 Domini
1026 737 1132 793 sibi
1151 752 1216 793 ex
1240 735 1493 791 omnibus
1515 733 1866 790 vindicasset.
1972 731 2128 785 uitali
2156 731 2396 786 stttdium
2438 732 2796 803 impendunt,
2848 743 3027 788 ortum
3073 733 3125 789 in
3158 734 3318 790 terris
3370 735 3583 792 Domini

330 831 426 888 id.
469 830 633 888 Istum
665 831 828 902 igitur
856 831 1164 900 parvulum,
1195 843 1355 898 quem
1388 836 1442 883 tu
1474 826 1630 898 quasi
1670 825 1866 892 vilem,
1972 823 2363 880 crediderunt:
2399 839 2508 879 non
2529 864 2545 892 ,
2580 824 2822 895 inquam,
2849 826 3048 892 otiose,
3074 826 3168 882 sed
3198 834 3256 881 ut
3279 841 3348 882 ex
3387 827 3586 882 adver-

273 925 351 995 qui
381 923 619 980 inlldelis
644 939 706 980 es
729 964 744 988 ,
779 922 1090 990 arbitraris,
1126 921 1263 992 Magi
1291 937 1358 977 ex
1397 920 1622 977 Oriente
1649 919 1872 976 venien-
1973 917 2134 972 sariis
2159 917 2414 989 gentibus
2442 929 2646 974 sanctae
2665 919 2946 990 religionis
2968 921 3346 978 testiinonium
3396 936 3585 978 sumc-

275 1026 376 1082 tes,
420 1026 529 1072 tam
585 1016 750 1086 longo
797 1016 978 1086 spatio
1027 1025 1371 1085 sequuntur,
1425 1023 1480 1068 et
1525 1010 1872 1084 procidentes
1975 1021 2146 1077 retur,
2171 1010 2408 1066 etdivini
2439 1010 2652 1066 timoris
2673 1014 3009 1083 exemplum.

272 1111 530 1177 adurant,
557 1118 612 1165 et
639 1124 823 1180 regem
873 1107 1188 1179 appellant,
1213 1117 1269 1163 et
1309 1113 1749 1163 resurrecturum
1794 1105 1871 1159 fa-
2047 1106 2138 1167 48,
2172 1105 2279 1162 Sed
2312 1116 2491 1162 tamen
2515 1107 2606 1178 qui
2629 1120 2756 1162 sunt
2785 1107 2874 1162 isti
2904 1109 3074 1180 Magi,
3107 1110 3209 1166 nisi
3238 1111 3353 1183 qui,
3385 1121 3441 1168 ut
3465 1109 3578 1170 his-

276 1216 472 1271 tcutur,
499 1202 792 1260 oﬂerentes
821 1201 892 1257 dc
919 1201 1195 1258 thesauris
1219 1200 1335 1256 suis
1361 1214 1551 1254 aurum
1573 1240 1587 1264 ,
1625 1198 1749 1253 thus
1771 1238 1786 1262 ,
1819 1205 1875 1252 et
1980 1198 2115 1252 toria
2148 1197 2396 1267 quaedam
2425 1197 2589 1254 docet
2614 1239 2628 1263 ,
2655 1215 2684 1254 a
2716 1199 2934 1256 Balaam
2958 1217 3132 1273 genus
3153 1202 3384 1269 ducunt,
3419 1222 3447 1260 a
3478 1221 3588 1275 quo

272 1299 544 1371 myrrham
576 1295 796 1365 (Matth.
831 1310 892 1361 tt,
927 1295 953 1350 1
985 1303 1030 1348 et
1056 1294 1214 1365 seq.).
1245 1293 1378 1360 Qum
1419 1301 1546 1346 sunt
1598 1291 1698 1346 ista
1729 1305 1876 1346 vera:
1991 1289 2375 1361 pmphetatum
2404 1305 2489 1348 est
2521 1311 2534 1346 :
2569 1291 2782 1348 Orietur
2811 1297 2962 1350 stella
3003 1312 3068 1351 ex
3095 1296 3308 1353 Iacob?
3337 1299 3434 1354 lati
3461 1315 3591 1371 ergo

273 1391 395 1447 ﬁdei
445 1388 711 1446 munera?
740 1390 948 1442 Aurum
991 1387 1135 1456 regi,
1167 1385 1291 1441 thus
1336 1385 1450 1440 Deo
1471 1424 1486 1449 ,
1518 1382 1736 1455 myrrha
1783 1381 1878 1437 de-
1979 1396 2107 1442 sunt
2137 1403 2245 1443 non
2274 1389 2452 1443 minus
2504 1388 2630 1444 fidei
2652 1430 2666 1455 ,
2700 1406 2864 1461 quam
2912 1392 3281 1448 successionis
3315 1392 3590 1449 haeredes.

273 1485 488 1551 functo;
521 1482 672 1539 aliud
701 1483 845 1537 enim
879 1478 1024 1552 regis
1051 1479 1269 1550 insigne
1289 1519 1305 1546 ,
1336 1477 1482 1532 aliud
1510 1476 1708 1532 divina:
1738 1483 1764 1512 ει
1791 1491 1880 1530 sa-
1980 1479 2075 1535 llle
2099 1481 2315 1535 stellam
2354 1481 2490 1535 vidit
2521 1482 2572 1535 in
2605 1482 2829 1552 spiritu,
2860 1482 2950 1537 isti
2981 1481 3232 1538 viderunt
3277 1483 3482 1551 oculis,
3539 1495 3594 1539 ct

274 1580 532 1636 erilicium
564 1575 872 1648 potestatis,
905 1573 1053 1630 aliud
1087 1575 1261 1630 honor
1286 1584 1371 1628 eSt
1400 1572 1728 1642 sepulturas,
1757 1585 1880 1641 quae
1981 1572 2355 1628 crediderunt.
2389 1573 2660 1629 Viderunt
2691 1590 2884 1630 novam
2918 1575 3155 1641 stellam,
3180 1590 3304 1647 quae
3341 1591 3452 1631 non
3478 1585 3598 1633 erat

274 1691 377 1731 non
430 1681 748 1743 corrumpat
795 1685 996 1740 corpus
1046 1667 1288 1735 mortui,
1323 1667 1418 1724 sed
1470 1674 1734 1723 reservet.
1772 1663 1882 1721 Nos
1983 1665 2098 1720 visa
2123 1681 2152 1718 a
2183 1676 2438 1720 creatura
2472 1667 2685 1721 tttundi.
2715 1666 2982 1723 Viderunt
3010 1682 3206 1722 novam
3235 1677 3548 1725 creaturam
3576 1714 3590 1739 ,

275 1783 491 1838 quoque
537 1765 631 1837 qui
681 1766 798 1820 haec
828 1763 1082 1818 audimus
1126 1770 1182 1816 ct
1208 1759 1440 1832 legimus
1465 1801 1478 1824 ,
1508 1759 1577 1814 de
1619 1758 1892 1815 thesauris
1918 1758 1968 1821 B
1994 1768 2050 1817 et
2079 1775 2187 1816 non
2224 1761 2405 1816 solum
2458 1761 2511 1817 itt
2559 1771 2724 1829 terra,
2749 1762 2842 1818 sed
2874 1763 3037 1818 etiam
3087 1763 3141 1819 in
3193 1764 3334 1821 coelo
3368 1766 3601 1835 gratiam

277 1860 479 1916 nostris
527 1858 690 1922 talia,
724 1857 958 1922 fratres,
989 1870 1214 1911 munera
1264 1852 1652 1924 proferamus:
1706 1850 1890 1907 Habe-
1992 1859 2118 1915 novi
2145 1860 2386 1914 hominis
2413 1861 2802 1931 requirebant,
2851 1861 3148 1916 secundum
3194 1861 3338 1932 quod
3382 1862 3601 1933 Moyses

277 1973 390 2011 mas
419 1955 563 2009 enim
594 1954 895 2008 thesaurum
916 1953 972 2005 in
999 1951 1132 2005 uasis
1158 1949 1408 2020 ﬁctilibus
1431 1946 1510 2020 (ll
1536 1947 1657 2003 Cor.
1692 1964 1767 2015 tv,
1798 1946 1878 2018 7).
1994 1953 2314 2024 prophetice
2350 1953 2564 2023 posuit,
2608 1955 2733 2024 quia
2789 1953 3000 2009 Orietur
3031 1954 3182 2010 stella
3234 1970 3299 2009 ea:
3325 1953 3513 2020 Iacob,
3553 1963 3605 2010 et

276 2049 328 2106 Si
356 2050 528 2120 igitur
555 2048 609 2102 itt
661 2046 835 2116 teipsu
875 2044 1019 2116 quod
1047 2061 1106 2101 es
1128 2085 1144 2111 ,
1175 2059 1284 2100 non
1314 2059 1382 2100 ex
1415 2053 1467 2099 te
1521 2042 1691 2099 debes
1739 2041 1890 2097 sesti-
1995 2055 2236 2117 exsurget
2269 2045 2422 2099 homo
2455 2061 2517 2100 ea:
2548 2043 2742 2100 Israel.
2777 2045 2842 2100 Et
2880 2056 3257 2116 cngnoverunt
3300 2046 3439 2101 hanc
3482 2033 3628 2102 esse-

279 2161 464 2209 mare,
493 2142 590 2200 sed
616 2157 684 2199 ex
716 2140 936 2197 Christo
970 2159 983 2196 :
1015 2149 1220 2212 quanto
1249 2138 1420 2212 magis
1446 2137 1500 2194 in
1538 2136 1756 2195 Christo
1784 2152 1892 2194 non
1995 2139 2235 2203 stellam,
2272 2154 2394 2209 qua:
2413 2137 2694 2194 hominem
2711 2139 2990 2211 Deumque
3016 2139 3308 2211 signillcat.
3329 2138 3605 2196 Adorave-

283 2249 367 2294 tua
402 2236 572 2293 debes
601 2236 900 2298 aestimare,
931 2233 1026 2290 sed
1053 2231 1276 2288 Christi.
1998 2240 2127 2286 runt
2156 2232 2438 2300 parvuluut
2467 2249 2482 2288 :
2511 2231 2700 2303 utique
2720 2248 2828 2288 non
2855 2231 3182 2290 adorassent
3205 2274 3220 2301 ,
3251 2233 3297 2289 si
3321 2234 3606 2305 parvulum

348 2334 447 2390 45.
492 2331 639 2402 Ergo
664 2330 803 2402 Magi
836 2328 904 2384 de
930 2328 1206 2384 thesauris
1233 2327 1347 2384 suis
1376 2326 1613 2382 oﬂ'erunt
1643 2340 1892 2382 munera.
2001 2324 2375 2380 tantummodo
2424 2324 2810 2382 credidissent.
2864 2339 2886 2365 ι·
2930 2326 3116 2398 Magus
3172 2343 3305 2399 ergo
3355 2325 3609 2398 intelligit

287 2425 466 2481 Vultis
491 2428 636 2479 scire
663 2438 825 2494 quam
858 2421 1060 2477 bonum
1108 2421 1366 2476 meritum
1399 2419 1678 2475 habeant?
1725 2418 1898 2474 Stella
2000 2431 2129 2472 suas
2161 2432 2381 2473 cessare
2427 2429 2600 2482 artes,
2655 2428 2708 2474 tu
2753 2435 2861 2474 non
2914 2420 3172 2491 intelligis
3214 2431 3304 2474 tua
3328 2419 3469 2475 dona
3515 2435 3609 2475 ve-

286 2519 351 2573 ab
380 2517 474 2572 his
503 2516 722 2572 videtur
752 2534 765 2569 :
797 2525 852 2571 et
898 2514 987 2569 ubi
1037 2512 1283 2568 Herodes
1329 2521 1454 2580 est,
1489 2528 1612 2566 none
1645 2510 1891 2566 videtur:
2003 2511 2196 2566 uisse?
2220 2511 2530 2567 lllefatctur
2549 2513 2855 2579 alienum,d
2877 2521 2933 2568 tu
2965 2529 3073 2569 non
3101 2513 3352 2584 agnoscis
3382 2510 3612 2583 promis.

290 2611 374 2667 ubi
408 2609 662 2665 Christus
687 2616 774 2664 est
813 2621 1001 2662 rursus
1043 2605 1256 2661 videtur
1281 2646 1297 2671 ,
1329 2615 1383 2659 et
1419 2605 1560 2660 viam
1608 2611 1899 2659 monstrat.
2002 2605 2156 2659 sum?
2189 2604 2284 2660 Ille
2313 2616 2502 2662 contra
2530 2623 2590 2662 se
2611 2607 2826 2676 credit,
2858 2617 2911 2661 tu
2942 2621 3043 2678 pro
3073 2615 3126 2663 te
3154 2623 3261 2662 non
3305 2616 3464 2678 putas
3487 2620 3613 2662 esse

290 2703 439 2776 Ergo
486 2702 648 2757 stella
697 2701 812 2756 haec
864 2700 951 2755 via
978 2708 1098 2766 est,
1139 2708 1195 2754 et
1222 2698 1306 2752 via
1356 2698 1566 2771 1297
1615 2697 1899 2764 Christus;
2003 2699 2386 2755 credendum?

292 2799 418 2869 quia
447 2795 748 2854 secundum
773 2793 1166 2850 lncarnationis
1197 2794 1514 2865 mysterium
1547 2790 1796 2847 Christus
1821 2800 1905 2846 est
2075 2794 2167 2850 49.
2206 2793 2402 2850 Natum
2430 2811 2562 2866 ergo
2593 2795 2731 2867 Magi
2758 2796 3030 2852 'nuntiant
3060 2811 3246 2868 regem
3289 2814 3303 2851 :
3332 2795 3620 2868 perturba-

294 2894 452 2950 stella
476 2910 492 2946 :
527 2890 739 2946 Orietur
757 2890 900 2945 enim
921 2888 1074 2944 stella
1091 2903 1158 2942 ea:
1175 2886 1340 2941 Jacob
1358 2929 1373 2951 ,
1391 2896 1440 2941 et
1475 2895 1714 2958 exsurget
1755 2884 1906 2939 Itomo
2007 2898 2094 2944 tur
2125 2888 2366 2944 llcrodcs
2389 2933 2402 2956 ,
2425 2900 2722 2960 congregat
2749 2889 2964 2944 scribas
2987 2899 3043 2945 et
3063 2889 3338 2961 principes
3361 2889 3621 2946 sacerdo-

296 3003 358 3044 ea:
380 2984 555 3040 Israel
593 2981 780 3057 (Nunt.
815 2996 970 3050 xxtv,
1005 2981 1117 3051 l7).
1155 2980 1402 3050 Denique
1430 2978 1518 3034 ubi
1556 2978 1824 3041 Christus,
1853 2987 1911 3033 rt
2008 2990 2156 3048 tum,
2185 2992 2239 3037 et
2264 2981 2566 3052 interrogat
2589 2983 2677 3037 ubi
2701 2982 2951 3038 Christus
2975 2983 3202 3038 oriatur.
3223 2981 3360 3053 Magi
3386 2991 3622 3038 tantum-

297 3081 462 3137 stella
493 3087 609 3144 est;
642 3076 760 3146 ipse
799 3076 944 3131 enim
972 3083 1056 3130 est
1101 3073 1259 3129 stella
1287 3071 1569 3144 splendida
1595 3117 1608 3142 ,
1634 3081 1689 3128 et
1734 3081 1910 3127 matu-
2009 3075 2174 3132 modo
2205 3091 2387 3148 regem
2412 3075 2666 3132 nuntiant
2696 3094 2710 3130 :
2762 3077 3008 3133 Herodes
3042 3077 3320 3133 Christum
3367 3078 3617 3151 requirit.

302 3172 432 3228 tina.
472 3171 585 3228 Sua
616 3169 777 3240 igitur
808 3168 923 3238 ipse
945 3167 1067 3224 luce
1094 3182 1153 3223 se
1181 3167 1380 3236 signat.
1937 3171 1943 3208 ι

1979 3158 1982 3217 ἰ
2016 3167 2193 3240 lpsum
2242 3169 2407 3240 igitur
2446 3185 2630 3241 regem
2661 3170 2729 3225 de
2774 3187 2883 3242 quo
2923 3171 3221 3243 interrOgat
3249 3214 3264 3239 ,
3303 3172 3620 3229 confitetur.

371 3264 469 3320 t6.
513 3263 717 3332 Accipe
746 3259 892 3316 aliud
917 3259 1327 3316 documentum.
1358 3258 1477 3313 Alia
1513 3267 1784 3314 venerunt
1826 3259 1913 3315 via
2020 3261 2230 3318 Deinde
2249 3278 2372 3317 cum
2399 3263 2492 3318 ubi
2513 3264 2662 3320 nasci
2686 3264 2915 3320 haberet
2946 3265 3256 3337 inquiritur,
3285 3265 3470 3337 utique
3486 3282 3626 3340 prte-

305 3361 489 3432 Magi,
541 3359 647 3414 alia
690 3356 960 3424 redeunt;
1004 3355 1094 3427 qui
1134 3355 1278 3410 enim
1319 3353 1595 3410 Christum
1627 3353 1914 3421 viderant,
2020 3353 2302 3409 nuntiatus
2348 3355 2691 3422 ostenditur;
2745 3372 2921 3428 neque
2972 3361 3117 3413 enim
3168 3359 3337 3428 qureri
3377 3367 3625 3431 poterat,

305 3454 590 3512 Christum
620 3449 1036 3514 intellexerant,
1068 3447 1328 3504 meliores
1357 3446 1544 3517 utique
1566 3463 1728 3517 quam
1756 3462 1920 3503 vene-
2021 3445 2115 3516 qui
2164 3461 2274 3501 non
2313 3457 2431 3502 erat
2475 3448 2772 3504 nuntiatus.
2816 3449 2860 3505 0
2885 3459 3133 3506 amentes
3173 3450 3344 3506 Judaei
3366 3496 3379 3521 ,
3413 3453 3627 3509 venisse

310 3560 470 3615 rant,
523 3554 892 3602 revertuntur.
932 3544 1059 3599 Duas
1099 3542 1302 3612 quippe
1344 3549 1472 3596 sunt
1497 3542 1601 3596 via:
1626 3559 1639 3596 :
1666 3557 1770 3596 una
1801 3557 1922 3612 qua:
2025 3554 2135 3594 non
2162 3538 2386 3595 creditis
2412 3583 2426 3606 ,
2455 3557 2621 3613 quem
2670 3533 2868 3599 videtis
2901 3560 2914 3595 :
2970 3544 3187 3599 venisse
3221 3560 3328 3600 non
3361 3545 3587 3602 creditis
3615 3588 3629 3614 ,

311 3643 470 3700 ducit
496 3639 569 3696 ad
607 3637 921 3705 interitum,
970 3637 1142 3691 altera
1182 3650 1304 3706 quae
1348 3633 1497 3689 ducit
1545 3633 1612 3688 ad
1642 3649 1868 3705 regnum
1905 3649 1917 3685 :
2028 3647 2186 3704 quem
2243 3635 2456 3708 1298
2503 3635 2687 3692 dicitis
2714 3652 2836 3694 esse
2866 3640 3186 3694 venturum!
3231 3638 3520 3708 Nuntiate,
3554 3642 3638 3696 itt-

314 3738 406 3794 illa
452 3743 801 3807 peccatorum
835 3739 944 3798 est,
986 3745 1109 3803 quas
1150 3728 1305 3785 ducit
1345 3728 1412 3783 ad
1443 3727 1712 3784 Herodem
1749 3747 1762 3782 :
1808 3728 1922 3783 haec
2029 3726 2180 3797 quit,
2215 3728 2376 3794 mihi,
2412 3741 2468 3783 ut
2496 3731 2708 3786 veniam
2733 3773 2749 3799 ,
2778 3740 2834 3787 et
2872 3730 3093 3787 adorent
3128 3748 3354 3802 puerum
3407 3732 3628 3806 (Matth.

316 3833 402 3889 via
431 3829 687 3886 Christus
723 3835 843 3892 est,
869 3841 978 3897 qua
1008 3823 1217 3879 reditur
1250 3822 1318 3877 ad
1351 3821 1614 3891 patriam;
1661 3821 1748 3876 hic
1775 3820 1921 3878 enim
2033 3835 2108 3887 tt,
2136 3819 2532 3890 8).lnsidiatur
2573 3822 2792 3894 quidem
2836 3823 3110 3892 llerodes,
3163 3825 3261 3880 sed
3303 3825 3473 3882 Deum
3525 3842 3633 3883 non

318 3922 642 3993 temporalis
667 3929 753 3977 est
801 3919 1102 3982 incolatus,
1134 3915 1279 3972 sicut
1319 3915 1580 3985 scriptum
1611 3924 1695 3970 est
1738 3930 1752 3969 :
1787 3913 1931 3968 Mut—
2035 3924 2226 3983 negat,
2261 3929 2422 3983 quem
2455 3926 2720 3971 memorat
2747 3917 3107 3974 adorandum.
3144 3917 3352 3976 Deinde
3399 3919 3637 3977 infantes

323 4028 432 4074 tum
479 4015 654 4071 incola
700 4012 839 4082 facta
863 4019 936 4065 est
979 4009 1157 4064 anima
1183 4025 1295 4062 utea
1323 4006 1500 4080 (Psal.
1541 4022 1687 4074 crux,
1722 4007 1800 4078 6).
1826 4006 1931 4063 Ca-
2039 4004 2213 4059 occidi
2242 4005 2398 4075 jubet
2420 4005 2610 4079 (lbid.,
2647 4007 2764 4080 16).
2791 4007 2888 4064 Cui
2918 4009 3009 4064 alii
3044 4011 3148 4065 nisi
3181 4011 3295 4068 Deo
3332 4012 3456 4068 talis
3487 4012 3642 4069 victi-

323 4122 554 4166 veamus
581 4107 742 4175 igitur
767 4103 1035 4160 Herodem
1067 4099 1357 4170 mundanae
1388 4099 1456 4155 ad
1487 4108 1698 4170 tempus
1729 4114 1933 4168 praesu-
2040 4113 2126 4152 tua
2152 4096 2452 4154 debebatur
2481 4100 2505 4153 l
2537 4099 2754 4171 Expers
2789 4100 2916 4157 licet
2946 4117 3142 4158 sensus
3173 4103 3398 4161 infantia
3421 4147 3436 4172 ,
3470 4105 3638 4163 Deunt

324 4204 437 4260 lem
466 4199 784 4272 potestatis;
827 4206 887 4252 ut
926 4195 1114 4266 patriae
1161 4191 1405 4250 cmlestis
1442 4200 1705 4248 aeternum
1736 4206 1933 4246 conseo
2042 4201 2220 4247 tamen
2251 4206 2348 4261 pro
2369 4207 2479 4264 quo
2514 4192 2871 4261 interimitur,
2913 4194 3228 4252 confitetur.
3267 4197 3394 4255 llaec
3419 4199 3488 4256 de
3506 4200 3642 4256 Mat-

327 4310 568 4368 quamur
591 4289 981 4348 habitaculum.
2040 4282 2181 4338 threo
2205 4298 2372 4353 pauca
2397 4284 2716 4353 lihavimus;
2741 4295 2798 4342 ttt
2825 4287 3060 4344 clareret
3087 4289 3324 4347 infantiae
3349 4300 3593 4365 tempora
3611 4310 3643 4350 ιι

403 4389 497 4446 47.
539 4385 657 4443 Non
701 4383 893 4442 electis
953 4391 1160 4439 tantum
1225 4380 1448 4452 praemia
1498 4378 1602 4436 ista
1655 4377 1934 4448 preposita
2039 4377 2340 4434 divinitatis
2369 4379 2627 4451 operibus
2656 4396 2763 4439 non
2786 4397 3031 4440 vacasse.
3057 4385 3212 4454 Quod
3239 4387 3286 4442 si
3307 4396 3440 4444 attas
3461 4390 3644 4446 carnis

332 4490 484 4548 sunt,
504 4478 606 4537 sed
630 4477 795 4535 etiam
816 4476 1108 4542 omnibus;
1143 4474 1401 4547 quoniam
1434 4471 1642 4538 Omnia,
1674 4473 1795 4528 etin
1826 4489 1934 4526 om-
2043 4483 2066 4512 ο
2095 4475 2288 4548 ignava
2312 4477 2494 4547 operis
2516 4475 2614 4532 fuit
2636 4519 2651 4545 ,
2683 4479 2932 4549 profecto
2961 4479 3105 4537 Deus
3142 4491 3291 4549 erat,
3339 4483 3431 4554 qui
3453 4484 3650 4542 divini-

410 4611 436 4637 .
461 4599 668 4656 Omnes
697 4595 853 4659 edit.,
883 4603 1258 4668 sacramentum
1274 4601 1363 4668 _e_st
1409 4589 1713 4660 potestatis;
1750 4603 1941 4668 omnes
1970 4593 2026 4656 1)
2052 4605 2181 4645 vero
2206 4590 2295 4668 “ad
2317 4663 2330 4668 _
2351 4592 2721 4668 cognitionem
2774 4609 3126 4651 numerorum
3150 4636 3165 4659 ,
3199 4613 3360 4667 quam
3393 4603 3646 4668 proxime

339 4690 502 4734 mss.,
557 4668 873 4744 sacriﬁcium
930 4665 1217 4744 potestatis.
1274 4659 1584 4744 Utrumque
1634 4659 1941 4744 commode.
2048 4671 2175 4716 ante
2194 4659 2470 4744 Chaldaeis
2502 4663 2779 4744 adjudicat
2822 4677 3044 4744 sanctus
3079 4659 3298 4734 Doctor.
3333 4659 3646 4744 id'intelligi

339 4731 614 4802 Cmtcrum
669 4731 900 4818 titystica
930 4731 1038 4793 'illa
1081 4750 1366 4818 [nunerum
1391 4732 1616 4818 anMag-is
1657 4731 1940 4818 allatorum
2048 4742 2271 4818 oportet
2309 4733 2378 4789 de
2431 4736 2678 4818 numeris
2717 4737 3099 4818 astrologicis,
3140 4731 3440 4818 exquibus
3459 4731 3650 4818 genet-

339 4803 1050 4883 interpretatio'decantata
1077 4807 1248 4883 fuitAa
1281 4816 1360 4862 tot
1409 4805 1658 4883 Patribus
1682 4843 1700 4872 ,
1728 4813 1787 4858 ut
1833 4819 1940 4859 non
2047 4803 2380 4883 liacifutura
2409 4805 2711 4883 praedicere
2743 4803 3055 4883 posse'sibi
3087 4803 3429 4871 Vvideb'antur
3459 4803 3652 4873 Funde

343 4875 600 4945 videatur
626 4884 682 4939 in
713 4883 779 4939 iis
806 4879 1158 4939 recensendis
1189 4875 1605 4934 immorandum.
2044 4886 2130 4933 est
2157 4876 2288 4932 illud
2319 4876 2501 4933 Flacci
2525 4877 2622 4934 lib.
2651 4895 2670 4934 ι
2690 4920 2707 4946 ,
2733 4875 2850 4937 Ode
2879 4881 2967 4938 ll.

419 4958 450 4998 ι)
475 4957 622 5013 Edit.
657 4969 848 5012 omnes
871 4995 886 5019 ,
940 4968 1004 5008 ac
1051 4950 1225 5018 major
1253 4964 1511 5005 numerus
1561 4962 1693 5019 mss.
1727 4947 1943 5019 magicis
2445 4981 2550 5019 ΝΜ,
2573 4981 2862 5019 “nmmum.
2883 4986 3061 5019 mm”;

348 4981 919 5086 ..;;-;::‘.":..:::;t::::.2.
940 4981 1942 5078 1a.-'t:.:;;:s.:;;::‘t';..:"a.amas:
2445 4981 2551 5033 Nec
2572 4981 2862 5047 θευγιοιιίοε

349 5102 524 5158 nitati.
551 5098 690 5156 Cod.
731 5113 864 5154 vero
893 5094 1057 5152 Corb.
1105 5092 1253 5165 Prat.
1279 5092 1444 5165 Carn.
1484 5106 1549 5147 ac
1586 5089 1746 5165 Gem.
1793 5099 1851 5165 u_t
1894 5091 1948 5144 in
2053 5086 2205 5165 Hanc
2250 5086 2538 5144 scientiam
2580 5087 2651 5143 ab
2677 5087 2988 5146 Abraltamo
3018 5090 3085 5146 ad
3132 5091 3416 5165 Egyptios
3444 5094 3649 5154 illatam

354 5185 529 5231 textu.
580 5171 815 5237 Melius,
867 5182 992 5224 cum
1046 5163 1485 5237 superiorlectio
1515 5161 1951 5228 :equivocatione
2053 5159 2351 5237 scribunt:
2386 5168 2724 5237 nos__tamen
2778 5177 2887 5216 non
2934 5159 3366 5234 superstitiosam
3420 5165 3570 5222 illam
3623 5186 3654 5224 a

354 5262 466 5302 non
481 5253 687 5300 careat.
709 5231 986 5298 Caeterum
1008 5231 1151 5310 quod
1173 5237 1250 5292 illi
1271 5236 1608 5310 Magiortunt
1630 5248 1660 5310 a
1687 5237 1951 5310 propheta
2058 5231 2371 5310 Patriarclta
2405 5231 3179 5310 traditamautumamnstsed
3211 5248 3417 5294 tantum
3447 5248 3653 5296 rectant

354 5301 582 5374 Balaam
625 5314 847 5371 duxisse
891 5301 1415 5382 mem'oratttur.ho_c
1460 5322 1568 5382 non
1600 5301 1832 5360 obscure
1863 5304 1958 5382 de:
2059 5313 2224 5382 atque
2267 5301 2842 5382 h9uesl_am_side_rum
2885 5304 3262 5382 disciplinam,
3291 5326 3451 5378 quant
3509 5322 3658 5382 post-

355 5373 640 5458 sutnptum
681 5396 768 5442 est
794 5401 858 5441 ex
886 5383 1040 5458 Oirig.
1069 5381 1349 5458 llottt._l:’)_,
1381 5377 1732 5458 iunNumeros
1762 5392 1779 5430 :
1811 5376 1957 5448 quod
2062 5373 2288 5458 moduni
2317 5373 2557 5458 inquieta
2578 5375 2856 5458 hominum
2877 5373 3166 5436 curiositas
3195 5380 3264 5437 ad
3293 5373 3488 5454 pravas
3509 5373 3657 5441 artes

359 5446 542 5517 autem
577 5458 802 5530 magicis
821 5446 1033 5530 artibus
1067 5453 1265 5530 imbuti
1288 5449 1690 5530 signiﬁcantur,
1719 5446 1958 5530 hoeltmn
2062 5446 2303 5530 deleti-stt
2323 5462 2388 5501 ac
2410 5447 2680 5530 traduxit:

359 5514 542 5591 solum
575 5514 789 5586 vidEtur
829 5527 1055 5595 petitum
1104 5541 1181 5598 est
1219 5514 1462 5598 ejusdem
1507 5521 1962 5598 Adamantiiuloco
2142 5528 2164 5555 ⁸
2194 5514 2379 5573 Codex
2410 5517 2620 5589 Rentig.
2650 5517 2838 5595 Μαρια
2867 5539 2988 5597 ergo
3015 5524 3260 5598 intelligit
3287 5543 3378 5596 per
3411 5544 3533 5583 suas
3575 5544 3663 5582 ar-

362 5607 532 5661 citato
583 5623 596 5657 :
649 5602 744 5658 sed
789 5591 954 5656 etiam
1009 5591 1295 5652 manifeste
1343 5593 1542 5664 legitur
1576 5594 1758 5664 ipsius
1790 5591 1962 5655 lib.t,
2068 5600 2168 5664 tes,
2193 5599 2400 5664 t_u.etc.

366 5657 752 5733 conLCeIsam
779 5687 799 5726 :
821 5673 872 5727 in
897 5685 1006 5736 quo
1031 5669 1182 5742 illum
1208 5657 1538 5742 secuti—sunt
1558 5657 1804 5742 Justinus
1826 5679 1966 5742 mar-
2145 5657 2169 5696 δ
2205 5661 2363 5742 ﬁunt.
2385 5662 2552 5742 edit”
2586 5675 2638 5719 tu
2667 5683 2768 5721 non
2796 5669 3038 5742 agnoscis
3069 5670 3360 5741 premium.

365 5757 474 5816 1)".
508 5747 657 5804 Πῖσιι·
690 5755 826 5799 τοηι·
862 5733 1321 5816 TtiPh-;_lgnnl_._
1344 5738 1493 5811 epist.
1546 5736 1615 5791 ad
1669 5735 1920 5816 Ephesios
1949 5751 1964 5816 ;_
2106 5807 2117 5816 .
2147 5733 2540 5816 εΔΙξιΙὶι.ῠίὶοιιι.
2576 5755 2696 5816 ριιιιι
2728 5733 3146 5816 utto'autaltero
3167 5733 3310 5798 'tttss.
3329 5743 3525 5816 ignara
3547 5760 3667 5816 open

423 5806 517 5880 'tér.
542 5821 599 5876 in
647 5816 866 5887 Isaiam,
897 5806 1017 5888 cap.
1050 5813 1116 5873 l9
1143 5806 1210 5872 ct
1252 5810 1347 5882 47,
1374 5806 1481 5868 nec
1527 5826 1632 5867 non
1665 5806 1778 5866 alii.
1811 5809 1965 5878 Quod
2071 5807 2145 5865 ris
2168 5809 2284 5881 fuit.
2309 5806 2462 5878 Alias,
2492 5824 2557 5866 ac
2577 5810 2770 5882 t'cliqui
2797 5826 2929 5870 mss.
2953 5813 3160 5886 ignava,
3181 5823 3289 5874 etc.
3315 5806 3671 5890 concinnitas;
