4156 6346
541 296 681 353 i575

1901 282 2144 340 SANCTI
2182 280 2503 338 AMBROSII

3471 266 3483 294 ‘
3702 264 3838 322 1576

540 426 700 481 usque
729 409 796 462 ad
835 408 1135 463 diuisionem
1176 405 1385 466 animm,
1417 412 1463 457 et
1490 402 1720 474 spiritus,
1764 409 2069 467 artuumque
2091 407 2137 451 et
2166 405 2213 460 Α
2243 400 2493 464 mittitur,
2526 397 2773 469 indigere
2804 412 2816 448 :
2852 391 3113 463 numquid
3135 401 3191 449 et
3214 391 3455 446 humano
3477 384 3841 459 egebatauxi-

540 503 913 563 medullarum,
960 499 1302 573 cegitationes
1334 496 1527 562 cordis,
1576 506 1621 549 et
1652 504 1847 548 secreta
1876 501 2139 547 scrutatur

538 599 832 651 animorum
883 593 1042 667 (Heb.
1095 609 1168 659 tv,
1222 591 1345 662 l2);
1386 593 1511 661 qnla
1550 587 1693 644 nuda
1743 586 2025 650 mentium,
2083 592 2140 638 et

540 700 732 762 aperta
770 699 898 745 sunt
928 688 1111 743 omnia
1149 686 1245 742 Dei
1275 684 1438 750 Filio,
1469 699 1627 755 quem
1672 681 2024 739 conscientia:
2052 694 2139 735 se-

540 796 687 842 creta
720 799 825 840 neu
851 783 1060 838 fallunt.

612 879 702 935 62.
755 878 1109 949 Prophetavit
1169 875 1349 947 itaque
1400 875 1652 939 Simeon,
1719 872 2139 944 prephetaverat

542 976 726 1046 Virgo,
750 973 1173 1046 prephetaverat
1189 970 1441 1040 cepulata
1463 968 1737 1039 conjugio,
1758 967 1950 1024 debuit
1970 966 2136 1022 etiam

541 1069 730 1133 vidua;
762 1081 831 1121 ne
876 1081 981 1138 qua
1011 1074 1105 1120 aut
1136 1062 1407 1135 professio
1439 1061 1681 1127 deesset,
1716 1068 1809 1116 aut
1854 1074 2036 1115 sexus.
2073 1059 2139 1114 Et

542 1160 665 1218 ideo
712 1160 865 1216 Anna
898 1170 953 1215 et
982 1156 1271 1228 Stipendiis
1309 1155 1614 1221 viduitatis,
1651 1160 1708 1210 et
1738 1154 1985 1208 moribus
2013 1153 2139 1207 talis

541 1254 848 1320 inducitur;
892 1261 948 1308 ut
972 1252 1134 1321 digna
1165 1249 1324 1319 plane
1363 1248 1530 1303 fuisse
1570 1246 1848 1311 credatur,
1883 1260 2006 1316 qum
2050 1260 2138 1299 re-

541 1347 881 1418 demptorem
903 1344 1144 1400 omnium
1175 1342 1393 1397 venisse
1425 1341 1721 1395 intutiaret.
1749 1338 1917 1408 Cujus
1944 1337 2137 1393 merita

538 1455 663 1495 cum
702 1438 834 1494 alibi
873 1436 1350 1508 descripserimus,
1399 1449 1522 1489 cum
1572 1433 1763 1489 viduas
1795 1430 2139 1486 bortaremur

537 1532 682 1606 (Lib.
726 1532 791 1587 de
827 1529 1031 1597 Viduis,
1075 1546 1192 1601 cap.
1228 1527 1305 1599 l),
1333 1530 1435 1584 hoc
1483 1528 1604 1583 loco
1632 1527 1890 1598 quoniam
1936 1524 2003 1580 ad
2035 1524 2138 1580 alia

540 1637 917 1695 properamus,
947 1637 1057 1677 non
1082 1630 1336 1691 putamus
1359 1619 1632 1675 iteranda.
1676 1618 1793 1674 Non
1837 1618 2013 1673 otiose
2055 1627 2136 1672 ta-

540 1732 665 1771 men
693 1730 865 1771 annos
885 1714 1159 1785 octoginta
1190 1722 1425 1784 quatuor
1451 1712 1735 1767 viduitatis
1767 1711 1885 1781 ejus
1915 1724 2139 1780 expres-

2244 494 2348 556 lio;
2381 504 2441 549 ut
2470 502 2715 547 materno
2742 489 2973 545 serviret
2997 486 3260 559 imperio?
3284 482 3578 540 Deferebat
3606 480 3839 547 homini,

2241 588 2520 645 deferebat
2550 586 2762 642 ancillae
2796 585 2939 657 (ipsa
2968 585 3114 641 enim
3146 581 3278 638 dicit
3305 579 3462 651 (Luc.
3482 595 3519 645 ι,
3547 576 3644 648 58)
3670 594 3682 629 :
3705 574 3843 630 Ecce

2241 682 2436 738 ancilla
2463 680 2722 750 Domini),
2754 675 3335 735 deferebatsimulato
3369 674 3506 745 patri
3542 689 3556 726 :
3586 680 3640 728 et
3670 671 3839 725 mira-

2242 779 2319 835 ris
2362 778 2408 833 si
2441 779 2551 834 Deo
2592 776 2829 833 detulit?
2874 777 2955 831 An
3003 771 3211 827 homini
3243 770 3462 827 deferre
3511 769 3683 840 pietas
3730 775 3839 833 est,

2242 873 2356 928 Deo
2392 870 2609 926 deferre
2644 869 2930 927 infirmitas
2972 867 3091 923 est?
3117 864 3217 920 Vel
3258 880 3324 920 ex
3372 862 3629 918 humanis
3655 859 3839 917 divina

2242 965 2540 1037 perpende,
2572 963 2601 1003 ι)
2633 972 2689 1018 et
2718 962 2844 1035 quid
2870 961 3008 1032 patri
3036 959 3240 1015 amoris
3267 958 3553 1023 debeatur,
3579 969 3836 1025 agnosce.

2239 1059 2401 1116 Pater
2428 1056 2751 1113 honorificat
2792 1055 2989 1111 Filium
3019 1052 3201 1121 (Joan.
3239 1068 3354 1116 vm,
3396 1049 3466 1104 54
3505 1058 3555 1104 et
3575 1046 3695 1118 49),
3728 1061 3839 1101 non

2243 1152 2323 1207 vis
2350 1161 2409 1206 ut
2436 1150 2605 1205 Filius
2633 1147 2959 1204 honorificet
2986 1146 3201 1202 Patrem
3229 1162 3242 1198 :
3277 1144 3438 1200 Pater
3465 1159 3599 1198 voce
3622 1140 3838 1197 cmlesti

2242 1247 2294 1302 in
2325 1246 2463 1301 Filio
2492 1260 2552 1300 se
2586 1244 2928 1312 complacare
2968 1242 3254 1313 profitetur
3278 1238 3429 1309 (Luc.
3475 1254 3554 1305 ιιι,
3577 1235 3693 1307 2‘2),
3728 1251 3838 1290 non

2240 1341 2322 1395 vis
2365 1346 2425 1395 ut
2465 1337 2637 1394 Filius
2668 1337 2921 1392 humanae
2964 1334 3146 1390 carnis
3194 1332 3412 1388 indutus
3453 1330 3677 1396 amictu,
3712 1343 3838 1383 cum

2242 1433 2478 1489 humana
2506 1446 2661 1495 voce,
2704 1430 2942 1485 humano
2974 1429 3229 1498 loquatur
3272 1422 3486 1490 affectu,
3518 1420 3735 1477 Patrem
3763 1418 3841 1474 di-

2240 1537 2329 1584 cat
2358 1542 2480 1583 esse
2508 1525 2769 1595 majorem
2808 1522 2988 1592 (Joan.
3029 1538 3141 1587 XIV,
3185 1517 3318 1587 28)?
3342 1516 3479 1573 Nam
3522 1516 3567 1571 si
3612 1513 3840 1586 Magnus

2242 1620 2516 1683 Dominus,
2545 1632 2591 1672 et
2621 1615 2905 1671 laudabilis
2933 1614 3107 1680 nimis,
3137 1621 3187 1666 et
3209 1608 3583 1682 magnitudinis
3600 1608 3712 1676 eius
3734 1622 3837 1660 non

2240 1724 2314 1767 est
2343 1711 2464 1782 ﬁnis
2490 1708 2665 1782 (Psal.
2700 1723 2877 1771 cutv,
2905 1705 2964 1774 3)
2999 1722 3013 1759 :
3050 1704 3236 1774 utique
3276 1699 3591 1772 magnitudo
3620 1714 3740 1770 qua:
3768 1697 3839 1752 fi-

538 1810 649 1875 sil;
678 1812 801 1883 quia
831 1819 885 1863 el
916 1816 1125 1878 seplem
1153 1805 1481 1870 dOdecadeS,
1525 1814 1578 1859 el
1614 1803 1736 1858 dum
1776 1801 2128 1874 quadragesi-
2161 1794 2209 1855 Β
2240 1821 2361 1862 nem
2393 1820 2500 1859 non
2533 1804 2717 1869 habet,
2752 1817 2852 1857 nec
2873 1808 3223 1871 augmentum
3254 1796 3437 1852 habet.
3468 1794 3576 1851 Sed
3605 1810 3703 1848 cur
3728 1807 3837 1848 non

539 1917 643 1958 ma:
665 1916 879 1957 sacrum
905 1900 1159 1955 videntur
1187 1913 1470 1954 numerum
1502 1897 1816 1967 designare.

607 1997 789 2069 (Vers.
814 1996 931 2066 42.)
976 1995 1043 2050 Et
1084 2011 1201 2049 cum
1226 1994 1351 2066 {acti
1388 2002 1553 2048 essent
1582 1992 1662 2047 illi
1686 1990 1807 2046 anni
1837 1990 2128 2044 duodecim.

610 2091 699 2146 6'5.
734 2090 780 2145 A
802 2088 1127 2145 duodecimo
1156 2101 1323 2152 anno,
1346 2098 1406 2141 ut
1435 2086 1689 2157 legimus,
1724 2084 2018 2139 Dominicae
2042 2097 2134 2137 su-

536 2182 702 2238 mitur
757 2179 1148 2251 disputationis
1193 2178 1511 2243 exordium;
1572 2177 1662 2232 hic
1710 2177 1857 2233 enim
1920 2175 2131 2248 1302

537 2273 898 2343 praedicanda;
928 2272 1052 2329 fidei
1085 2270 1573 2342 evangelizantium
1607 2285 1866 2325 numerus
1897 2269 2134 2324 debeba—

535 2376 645 2422 tur.
675 2366 789 2422 Nec
815 2366 988 2422 otiose
1014 2365 1301 2420 immemor
1330 2377 1556 2419 suorum
1586 2361 1885 2418 secundum
1908 2376 2129 2416 carnem

536 2468 845 2530 parentum,
863 2457 953 2529 qui
975 2456 1277 2514 secundum
1295 2470 1518 2511 carnem
1540 2455 1725 2525 utique
1741 2453 2008 2524 sapientia
2034 2453 2129 2507 Dei

531 2554 863 2623 implebatur
892 2562 947 2608 et
973 2551 1174 2623 gratia,
1202 2561 1326 2622 post
1359 2550 1593 2605 triduum
1628 2549 1901 2619 reperitur
1924 2548 1976 2602 in
1999 2556 2134 2603 tem-

534 2644 661 2715 plo;
695 2654 750 2700 ut
777 2653 925 2701 esset
947 2643 1151 2700 indicio
1201 2642 1324 2714 quia
1351 2650 1473 2713 post
1513 2641 1752 2697 triduum
1788 2639 2133 2711 triumphalis

524 2738 672 2795 illius
722 2738 992 2809 passionis
1046 2738 1099 2793 in
1146 2735 1279 2793 sede
1305 2736 1539 2801 caelesti,
1571 2743 1629 2791 et
1673 2734 1885 2790 honore
1941 2732 2131 2789 divino

532 2831 658 2888 fidei
687 2842 890 2887 nostra:
932 2845 993 2889 se
1037 2837 1450 2886 resurrecturus
1477 2827 1730 2894 offerret,
1762 2827 1853 2897 qui
1882 2834 2129 2881 mortuus

531 2924 884 2980 credebatur.

560 3054 565 3061 -
605 3018 789 3090 (Vers.
814 3016 935 3089 49.)
963 3016 1101 3086 Quid
1138 3026 1211 3072 est
1240 3014 1379 3086 quod
1417 3031 1497 3069 me
1535 3012 1883 3085 quwrcbatis?
1914 3011 2129 3067 Nescie-

529 3110 662 3165 batis
687 3110 808 3180 quia
831 3110 884 3164 in
912 3110 1128 3180 propria
1156 3110 1319 3179 patris
1349 3107 1447 3162 mei
1476 3115 1677 3178 oportet
1702 3122 1781 3159 me
1803 3107 1949 3161 esse?

604 3202 695 3260 64.
745 3203 882 3259 Duae
920 3210 1051 3259 sunt
1081 3202 1134 3257 in
1177 3200 1398 3256 Christo
1432 3200 1818 3271 generationes
1861 3216 1873 3252 :
1908 3213 2015 3253 una
2045 3193 2197 3255 estC

529 3306 776 3367 paterna,
816 3304 1063 3351 materna
1094 3294 1265 3349 altera
1298 3311 1311 3349 :
1342 3304 1570 3364 paterna
1604 3292 1692 3349 illa
1716 3292 1976 3357 divinior,
2007 3308 2124 3347 ma-

528 3397 681 3446 terna
734 3404 865 3444 vero
896 3403 1018 3458 qua:
1060 3387 1114 3443 in
1148 3396 1395 3442 nostrum
1443 3386 1686 3442 laborem
1731 3400 2002 3455 usumque
2032 3385 2128 3442 de-

526 3486 756 3542 scendit.
782 3485 848 3541 Et
878 3485 1002 3541 ideo
1027 3500 1149 3556 qua:
1177 3499 1340 3555 supra
1372 3492 1646 3549 naturam,
1677 3496 1840 3554 supra
1882 3489 2124 3550 aetatem,

526 3595 692 3653 supra
719 3576 1171 3638 consuetudinem
1196 3578 1352 3638 fiuut.
1380 3592 1488 3633 non
1514 3576 1772 3632 humanis
1800 3576 2127 3647 assignanda

526 3673 839 3739 virtutibus,
870 3671 965 3729 sed
994 3670 1195 3727 divinis
1238 3670 1524 3727 referenda
1573 3679 1701 3726 sunt
1730 3672 2118 3740 potestatibus.

527 3767 672 3824 Alibi
702 3782 826 3823 eum
858 3776 885 3805 α
911 3766 977 3822 ad
1004 3765 1326 3838 mysterium
1371 3776 1547 3820 mater
1578 3765 1811 3837 impellit
1842 3783 1853 3819 :
1890 3765 1977 3821 hic
2008 3782 2118 3821 ma-

526 3870 610 3916 ter
639 3859 885 3932 arguitur
930 3858 1109 3932 (loan.
1142 3876 1199 3927 ιι,
1231 3860 1322 3929 3);
1352 3859 1478 3931 quia
1530 3858 1709 3914 adhuc
1738 3875 1859 3927 qua:
1890 3860 2123 3915 humana

519 3963 678 4021 sunt,
730 3955 933 4024 exigat.
972 3952 1081 4009 Sed
1130 3968 1253 4007 cum
1313 3952 1401 4007 hic
1442 3951 1730 4007 duodecim
1762 3952 2123 4020 ,describatur

525 4062 816 4117 annorum,
865 4046 978 4101 illic
1022 4045 1324 4116 discipulos
1372 4043 1579 4101 habere
1626 4045 1925 4112 doceatur;
1972 4045 2126 4101 vides

525 4150 754 4197 matrem
788 4139 1048 4195 didicisse
1079 4138 1149 4195 de
1196 4136 1359 4206 Filio,
1395 4146 1453 4193 ut
1492 4137 1740 4208 exigeret
1780 4153 1809 4191 a
1859 4138 2124 4194 validiore

523 4233 867 4307 mysterium,
894 4248 1017 4304 quae
1041 4231 1293 4303 stupebat
1320 4231 1607 4302 injuniore
1633 4231 1977 4288 miraculum.

466 4314 475 4320 l
596 4328 776 4402 (Vers.
801 4326 920 4397 51.)
946 4324 1012 4380 Et
1034 4326 1167 4382 venit
1199 4323 1494 4390 Nazaret/t,
1524 4334 1574 4379 et
1598 4334 1709 4380 erat
1736 4325 1969 4379 subditus
1990 4326 2118 4380 illis.

588 4419 678 4476 65.
711 4418 849 4488 Quid
873 4420 1021 4474 enim
1048 4418 1306 4488 magister
1334 4418 1575 4483 virtutis,
1607 4416 1711 4472 nisi
1732 4417 1972 4473 officium
2003 4418 2117 4488 pie-

525 4513 651 4568 tatis
678 4512 965 4582 impleret?
994 4510 1063 4568 Et
1090 4511 1351 4567 miramur
1381 4511 1426 4565 si
1453 4510 1598 4567 Patri
1628 4510 1826 4579 defert,
1865 4512 1957 4583 qui
1987 4511 2119 4567 sub-

2238 1900 2500 1970 accipiam
2530 1896 2803 1967 religiosis
2831 1894 3056 1951 auribus
3096 1893 3296 1948 Filium
3326 1889 3477 1947 Patri
3512 1889 3566 1944 in
3608 1903 3837 1956 suscep-

2239 1996 2387 2049 tione
2412 1992 2660 2059 corporis
2700 1990 3073 2057 obedientem,
3123 2003 3247 2044 cum
3282 1985 3540 2056 religiose
3567 1980 3836 2053 accipiam

2238 2087 2453 2143 Patrem
2482 2086 2619 2141 Filio
2640 2083 3020 2141 deferentem?

2309 2206 2399 2261 66.
2428 2205 2584 2260 Disce
2616 2203 2795 2275 potius
2817 2210 2923 2257 tua:
2955 2200 3205 2256 utilitatis
3235 2207 3529 2270 prtecepta,
3560 2206 3613 2253 et
3645 2212 3835 2253 exem-

2236 2300 2322 2370 pla
2353 2298 2573 2371 pietatis
2610 2311 2869 2367 agnosce.
2908 2294 3060 2349 Disce
3091 2291 3216 2361 quid
3249 2291 3569 2361 parentibus
3600 2289 3705 2344 luis
3736 2288 3834 2344 dc-

2237 2391 2387 2459 beas,
2414 2406 2536 2446 cum
2566 2390 2703 2460 legis
2734 2404 2764 2443 a
2804 2388 2967 2442 Patre
2998 2385 3197 2441 Filium
3240 2400 3349 2440 non
3391 2383 3693 2448 voluntate,
3722 2397 3831 2436 non

2235 2500 2424 2556 opere,
2456 2499 2561 2540 non
2592 2494 2835 2553 tempore
2873 2481 3189 2550 discrepare
3226 2496 3238 2533 :
3268 2478 3371 2535 etsi
3401 2477 3650 2548 personis
3698 2475 3831 2541 duo,

2237 2590 2503 2651 potestate
2545 2594 2709 2633 untnn
2754 2586 2899 2632 sunt.
2950 2574 3021 2631 Et
3068 2577 3254 2644 utique
3296 2572 3506 2626 nullum
3538 2570 3698 2626 Pater
3739 2569 3836 2624 ille

2235 2673 2477 2729 caelestis
2497 2672 2739 2727 laborem
2772 2667 3144 2740 generationis
3177 2665 3387 2739 1303
3415 2672 3676 2731 expertus
3703 2672 3786 2718 est
3816 2679 3830 2715 :

2236 2774 2291 2821 tu
2318 2765 2473 2820 matri
2504 2763 2671 2819 debes
2699 2762 2923 2833 pudoris
2955 2759 3229 2829 injuriam,
3261 2757 3584 2826 virginitatis
3614 2753 3835 2826 dispen-

2236 2861 2410 2929 dium,
2448 2870 2635 2929 partus
2665 2856 2988 2928 periculum,
3022 2853 3181 2908 matri
3206 2852 3368 2923 longa
3393 2835 3835 2917 fastidia,lmatri

2234 2957 2391 3027 longa
2423 2951 2761 3017 discrimina,
2787 2950 2873 3005 cui
2899 2950 3113 3005 misera:
3152 2948 3204 3001 in
3238 2947 3373 3015 ipsis
3407 2953 3657 3000 votorum
3686 2944 3834 2997 fruco

2235 3047 2380 3102 tibus
2419 3044 2595 3115 majus
2645 3042 2948 3115 perieulum
3003 3048 3087 3096 est
3126 3057 3137 3093 :
3169 3048 3375 3095 etcum
3418 3035 3651 3092 ediderit
3689 3036 3833 3106 quod

2232 3139 2457 3211 optavit,
2487 3145 2643 3208 partu
2690 3134 3016 3201 absolvitur,
3068 3149 3175 3187 non
3204 3131 3420 3186 timore.
3462 3128 3603 3197 Quid
3640 3129 3836 3185 anxios

2231 3241 2412 3304 patres
2440 3232 2628 3302 loquar
2659 3245 2756 3301 pro
2786 3229 3017 3283 filiorum
3060 3225 3326 3297 profectu,
3359 3233 3414 3279 et
3443 3221 3833 3294 multiplicatos

2233 3329 2428 3383 alienis
2455 3325 2642 3381 usibus
2668 3338 2887 3389 census,
2908 3321 3163 3393 jactaque
3190 3318 3447 3391 agricolae
3468 3318 3677 3373 semina
3704 3330 3831 3387 pos-

2232 3432 2472 3478 terorum
2503 3418 2754 3474 aetatibus
2776 3414 3099 3487 profutura?
3125 3411 3317 3469 Nonne
3337 3426 3436 3483 pro
3465 3410 3551 3465 his
3573 3409 3831 3480 obsequia

2229 3515 2421 3571 saltem
2452 3520 2669 3584 oportet
2699 3509 2965 3581 rependi?
3003 3506 3114 3563 Cur
3160 3506 3331 3577 impio
3357 3505 3529 3577 patris
3559 3504 3670 3559 vita
3703 3518 3835 3573 pro-

2232 3608 2411 3669 lixior,
2444 3614 2500 3661 et
2528 3604 2891 3661 communitas
2924 3601 3239 3673 patrimonii
3270 3598 3491 3655 videtur
3524 3596 3830 3668 angustior,

2229 3715 2353 3754 cum
2380 3698 2631 3755 Christus
2654 3712 2760 3754 non
2784 3696 3013 3769 refugiat
3045 3691 3407 3751 cohazredes?

2302 3838 2457 3910 (Cap.
2492 3836 2579 3891 Ill.
2603 3867 2673 3876 -—
2699 3836 2850 3892 Vers.
2883 3836 2963 3906 ‘2.)
2990 3833 3218 3890 Factum
3262 3842 3337 3889 est
3368 3832 3576 3888 verbum
3614 3830 3831 3886 Domini

2228 3950 2387 4005 super
2410 3930 2668 3987 Joannem
2694 3930 2969 3986 Zacharia:
2997 3930 3165 3998 ﬁlium
3194 3929 3249 3982 in
3281 3927 3501 3983 deserto.

2300 4047 2846 4119 67.Congregaturus
2874 4046 3172 4101 Ecclesiam
3197 4044 3292 4099 Dei
3323 4043 3511 4111 Filius,
3542 4051 3667 4098 ante
3699 4058 3829 4112 (ψει

2226 4143 2449 4199 raturin
2477 4141 2720 4198 servulo.
2755 4141 2824 4196 Et
2844 4139 2967 4195 ideo
3007 4139 3145 4194 bene
3172 4138 3356 4209 posuit
3399 4146 3621 4192 sanctus
3652 4135 3830 4190 Lucas

2228 4236 2428 4293 factum
2444 4250 2566 4292 esse
2591 4234 2814 4293 verbum
2844 4232 3061 4288 Domini
3084 4247 3249 4303 super
3264 4231 3528 4288 Joannem
3545 4229 3825 4286 Zachariae

2226 4331 2393 4386 tilium
2425 4332 2477 4385 iu
2508 4329 2765 4395 deserto;
2797 4336 2856 4383 ut
2884 4326 3127 4383 Ecclesia
3157 4342 3265 4381 non
3296 4325 3365 4380 ab
3395 4325 3618 4382 homine
3637 4339 3825 4394 cmpe-

2222 4428 2314 4491 rit,
2347 4427 2444 4482 sed
2475 4442 2504 4480 a
2539 4425 2738 4481 Verbo.
2770 4424 2892 4496 ipsa
2929 4424 3075 4481 enim
3106 4433 3189 4478 est
3214 4422 3516 4488 desertum,
3548 4422 3678 4492 quia
3710 4422 3828 4491 plu-

2224 4535 2307 4574 res
2334 4519 2435 4588 lilii
2470 4518 2706 4585 desertw,
2756 4518 2921 4589 magis
2960 4533 3115 4587 quam
3166 4520 3279 4586 ejus
3322 4531 3436 4584 qua:
3467 4515 3619 4570 habet
3656 4516 3824 4575 virum

519 4602 669 4661 ditur
694 4606 893 4661 matri?
916 4604 1034 4662 Non
1063 4606 1249 4676 utique
1282 4604 1635 4670 infirmitatis,
1666 4603 1763 4660 sed
1790 4604 2008 4675 pietatis
2037 4614 2122 4660 est
2146 4608 2201 4669 D
2227 4609 2396 4684 (Εεαὶ,
2430 4626 2539 4678 Liv,
2572 4610 2644 4682 1),
2689 4611 2933 4681 Denique
2977 4608 3079 4680 ipsi
3121 4607 3322 4663 dicitur
3352 4627 3365 4663 ε
3394 4607 3597 4663 ιωιανε
3637 4607 3827 4660 διέτηξε

520 4697 623 4756 ista
670 4698 972 4770 subjectio;
1004 4702 1219 4756 attollat
1254 4699 1383 4757 licet
1426 4699 1585 4756 saevis
1629 4698 1861 4755 emissus
1897 4698 2121 4755 latebris

518 4789 743 4847 coluber
788 4790 1029 4862 perfidia:
1058 4800 1245 4861 caput,
1300 4801 1358 4849 et
1405 4791 1742 4862 serpentinis
1786 4801 2002 4847 evomat
2030 4807 2121 4847 ve-

518 4898 657 4939 nena
733 4884 1064 4956 pectoribus.
1123 4884 1259 4940 Cum
1307 4884 1442 4940 dicit
1507 4899 1567 4939 se
1645 4883 1815 4940 Filius
1889 4884 2115 4940 missum

522 4975 705 5050 (Joan.
764 4994 877 5043 vni,
928 4975 1050 5049 29),
1094 4976 1369 5065 majorem
1400 4976 1688 5032 haereticus
1734 4977 1972 5049 appellat
2018 4978 2119 5034 Pa—
2181 4982 2184 4985 ’

517 5082 696 5139 trem;
741 5081 801 5128 ut
835 5070 1216 5143 imperfectum
1254 5070 1453 5126 Filium
1482 5070 1652 5135 dicat,
1687 5070 1777 5140 qui
1812 5080 1991 5141 potest
2019 5072 2115 5127 ha-

517 5169 648 5226 bere
682 5168 979 5240 majorem;
1010 5177 1069 5225 ut
1112 5167 1309 5224 alienis
1353 5166 1572 5222 auxiliis
1614 5176 1826 5223 asserat
1865 5170 2111 5240 eumqui

519 5283 589 5339 tis
636 5281 942 5349 hujusmodi
994 5280 1380 5343 locationibus,
1426 5279 1491 5334 de
1536 5280 1734 5348 quibus
1781 5280 1984 5338 videsis
2016 5281 2111 5337 Fr.

519 5353 723 5410 Sanctii
757 5352 1063 5418 Minervam,
1094 5353 1158 5407 de
1181 5362 1469 5421 comparat.
1501 5361 1670 5406 const.

596 5435 621 5462 ἰ
646 5425 789 5481 Edit.
821 5425 973 5492 Era.,
1004 5424 1132 5481 Gill.
1168 5440 1231 5480 ac
1259 5424 1571 5479 Rom.'cutu
1604 5439 1735 5479 mss.
1767 5425 1995 5493 aliquot,
2022 5427 2118 5480 mi-

519 5498 808 5553 nisterium.
846 5497 922 5553 Ita
953 5498 1115 5553 etiam
1160 5496 1369 5553 emdem
1411 5496 1520 5551 illa:
1547 5496 1704 5550 infra.
1750 5496 1895 5551 Edit.
1935 5509 2114 5553 autem

518 5569 741 5626 Amerb.
783 5569 837 5624 in
870 5584 1130 5639 corpore;
1163 5569 1290 5624 Era.
1337 5577 1394 5624 et
1423 5567 1549 5623 Gill.
1584 5568 1639 5623 in
1678 5584 1848 5639 marg.
1883 5578 2112 5637 utmque

520 5641 644 5696 loco
674 5641 875 5697 habent
900 5657 1021 5698 cum
1062 5641 1322 5697 tredecim
1365 5641 1589 5709 optimis
1631 5655 1759 5694 mss.
1790 5642 2107 5711 mysterium,

519 5721 578 5768 et
611 5722 805 5770 cetera
847 5723 904 5768 ιιι
934 5730 1033 5769 nos
1079 5714 1130 5768 in
1175 5722 1347 5778 textu,
1379 5711 1483 5765 nisi
1509 5711 1653 5780 quod
1697 5712 1747 5765 in
1792 5711 1925 5765 solis
1972 5727 2104 5767 mss.

521 5799 643 5855 pro,
662 5802 692 5838 a
720 5786 850 5853 ﬁlio,
882 5786 1093 5855 legitur,
1122 5785 1185 5839 de
1210 5786 1340 5849 ﬁlio.
1366 5784 1517 5849 Quod
1540 5792 1723 5855 autem
1753 5782 1838 5855 hic
1859 5781 2105 5855 legimus,

523 5852 686 5913 viator
705 5852 964 5930 arguitur,
992 5858 1100 5915 noli
1126 5856 1250 5913 hinc
1269 5855 1470 5913 inferre
1490 5869 1612 5912 cum
1635 5853 1859 5913 Calvino
1877 5854 1935 5911 S.
1961 5852 2106 5912 Prte-

2223 4703 2437 4778 (lbid.),
2465 4714 2519 4760 et
2545 4703 2767 4760 Exsulta
2792 4705 3049 4759 desertum
3086 4702 3258 4775 (Esai.
3293 4719 3386 4770 ιιι,
3420 4701 3516 4773 9);
3548 4701 3677 4772 quia
3706 4701 3827 4756 nul-

2223 4798 2290 4853 lis
2316 4796 2496 4854 adhuc
2518 4812 2780 4853 convenae
2811 4796 2986 4867 plebis
3015 4796 3276 4866 operibus
3318 4795 3622 4862 colebatur,
3647 4810 3829 4865 neque

2223 4891 2393 4946 ullum
2440 4890 2618 4946 adhuc
2667 4891 2895 4947 arbores
2926 4890 3053 4952 illas,
3098 4904 3219 4961 qua:
3251 4887 3487 4944 fructum
3520 4886 3666 4943 ferre
3716 4902 3823 4942 non

2224 4995 2495 5058 poterant,
2528 4988 2849 5043 meritorum
2880 4999 3101 5041 suorum
3133 4984 3392 5040 verticem
3432 4982 3820 5055 praeferebant.

2224 5079 2472 5135 Nondum
2502 5087 2724 5134 venerat
2761 5078 2852 5148 qui
2884 5076 3092 5133 diceret
3122 5094 3135 5130 :
3163 5075 3278 5147 Ego
3306 5088 3480 5132 autem
3525 5078 3657 5133 sicut
3686 5078 3826 5132 oliva

2223 5171 2491 5243 fructifera
2514 5170 2569 5224 in
2595 5170 2745 5224 domo
2776 5168 2989 5223 Domini
3014 5168 3183 5237 (Psal.
3212 5186 3283 5236 ιι,
3317 5170 3428 5240 10).
3457 5168 3711 5226 Nondum
3744 5169 3828 5224 vi-

2221 5285 2355 5342 sulis
2382 5285 2522 5341 hanc
2561 5295 2799 5359 mentem
2831 5299 2973 5359 esse,
3003 5295 3061 5341 ut
3091 5287 3372 5355 Deiparam
3405 5302 3660 5359 peccasse
3685 5289 3826 5344 indi-

2221 5370 2369 5413 caret
2406 5372 2551 5428 :quo
2600 5357 2731 5411 nihil
2765 5372 2794 5411 a
2845 5357 2905 5411 Β.
2941 5359 3058 5413 viro
3104 5359 3273 5428 magis
3317 5357 3576 5424 aliénum,
3623 5362 3821 5426 utjam

2223 5445 2329 5503 non
2361 5430 2527 5503 semel
2558 5429 2710 5483 licuit
2736 5428 3040 5503 advertere.
3083 5428 3329 5501 lntellige
3372 5446 3523 5502 ergo,
3554 5434 3818 5503 arguitur,

2225 5501 2335 5554 lato
2374 5500 2535 5555 modo
2579 5503 2811 5570 positum
2853 5517 2949 5569 pro
2991 5502 3227 5567 docetur,
3272 5500 3365 5556 aut
3393 5500 3501 5557 alio
3544 5500 3819 5559 consimili

2223 5572 2390 5643 verbo
2419 5590 2432 5626 :
2463 5572 2604 5643 quod
2633 5589 2661 5625 a
2686 5574 2959 5628 communi
2984 5589 3083 5627 usu
3114 5588 3220 5628 non
3251 5574 3528 5629 abhorret.

2285 5642 2493 5719 ὶξιὶριιι.
2538 5642 2669 5699 edit.
2698 5646 2835 5719 sola,
2876 5658 2920 5699 et
2945 5644 3069 5715 quid
3096 5645 3307 5719 honoris
3336 5647 3472 5719 patri
3510 5646 3811 5701 debeamus.

2213 5716 2319 5791 _Sed
2345 5714 2478 5791 nihil
2513 5715 2849 5791 mutandum,
2878 5714 2999 5791 eum
3029 5731 3185 5771 amor
3221 5717 3273 5772 in
3303 5714 3556 5790 parentes
3586 5733 3813 5791 semper

2212 5785 2405 5844 honori
2435 5787 2758 5858 conjunctus
2785 5789 3144 5860 intelligatur.
