4014 6464
67 341 229 399 577
1110 354 1476 415 EXPOSITIO
1518 359 1699 418 EVAN

1822 363 1965 422 SEC.
2008 365 2164 425 LUC.
2208 369 2340 428 LIB.
2383 374 2447 430 ll.
3302 388 3444 447 1578

48 455 134 512 is
180 457 300 514 illa
341 458 606 518 caelestis
645 463 856 522 fructus
896 466 1209 538 palmitibus
1261 470 1396 536 suis,
1443 473 1735 531 verborum
1766 481 1812 538 Α
1914 478 2000 533 71.
2049 481 2216 537 Cibus
2243 499 2456 556 quoque
2488 487 2843 559 propheticus
2892 494 3054 552 index
3083 495 3269 564 ofﬁcii,
3303 517 3444 558 nun-

47 555 357 624 quodam
418 573 646 616 suorum
678 562 922 631 traduce,
971 564 1335 620 ministrabat.
1381 567 1605 624 Factum
1653 579 1737 628 est
1845 569 2059 642 tiusque
2084 555 2331 648 mysterii
2369 555 2472 636 est.
2496 555 2634 650 Quid
2658 586 2805 644 enim
2848 598 2954 644 tam
2981 590 3216 647 otiosum
3244 555 3310 648 ad
3345 555 3444 652 ho-

47 662 224 722 ergo
268 652 546 722 verbum,
579 665 637 711 ut
655 672 778 730 quae
803 669 923 716 erat
952 669 1079 718 ante
1102 661 1342 732 deserta,
1375 663 1609 722 fructum
1638 683 1736 722 no-
1839 663 2002 721 minis
2033 667 2292 739 ofﬁcium,
2318 688 2477 745 quam
2507 675 2748 734 locustas
2776 697 3023 753 quaerere
3051 700 3064 739 :
3099 686 3304 754 etquid
3331 697 3440 742 tam

48 743 171 800 sis
210 755 386 803 terra
416 761 730 820 generaret.
766 751 988 810 Factum
1017 765 1101 812 est
1130 757 1379 828 verbum,
1408 774 1514 816 vox
1549 769 1735 819 secuta
1839 759 2058 829 plenum
2107 762 2176 818 ad
2218 743 2355 822 vatis
2401 772 2766 844 mysterium?
2794 743 2949 833 'Nam
3005 795 3114 851 quo
3163 782 3334 853 magis
3373 781 3445 838 ad

47 846 164 893 est
191 855 210 905 ;
239 840 502 897 verbum
533 844 681 900 enim
703 847 857 918 prius
885 847 1030 904 intus
1058 860 1338 919 operatur,
1365 853 1614 924 sequitur
1639 870 1736 911 vo-
1837 853 2069 912 lructum
2095 857 2337 930 inutiles,
2376 873 2399 902 ο
2423 840 2491 920 ad
2537 882 2696 924 usum
2742 870 2949 941 laboris
2996 840 3221 940 inertes,
3251 840 3324 931 ad
3365 884 3446 932 ta-

47 931 158 987 :is
222 933 526 992 ol'licium.
572 936 727 997 Unde
771 950 829 997 et
858 941 1032 998 David
1057 942 1191 1000 dicit
1222 962 1236 1000 :
1269 943 1481 1000 Credidi
1522 957 1735 1019 prapter
1838 959 1987 1007 ctum
2001 951 2408 1027 fngaces,vag:e
2428 961 2591 1029 saltu,
2622 979 2720 1021 ore
2751 939 2995 1024 stridulae
3020 979 3149 1026 sunt
3177 931 3442 1039 locustae;

47 1027 238 1138 quod
271 1029 502 1088 locutus
544 1049 659 1090 sum
687 1034 862 1108 (Psal.
910 1052 1039 1107 cxv,
1073 1037 1146 1111 l).
1178 1038 1337 1097 Prius
1379 1041 1633 1112 credidit,
1677 1054 1736 1099 ut
1837 1059 1904 1101 eo
1933 1047 2345 1106 convenientius
2388 1050 2471 1107 his
2506 1027 2692 1124 populi
2735 1058 2906 1130 ﬁgura
2947 1064 3170 1136 gentilis
3197 1027 3441 1138 aptatur;

47 1118 254 1192 loqui
292 1133 525 1196 posset.
1837 1139 1931 1211 qui
1961 1141 2110 1197 nullo
2149 1159 2250 1200 usu
2293 1144 2518 1214 laboris,
2568 1150 2716 1205 nullo
2741 1156 2922 1222 aperis
2947 1118 3052 1214 vsui
3080 1118 3276 1228 fructu,
3325 1165 3444 1220 sine

1837 1236 2125 1306 gravitate,
2151 1239 2270 1296 sine
2304 1256 2436 1299 voce
2476 1257 2672 1300 sonum
2701 1250 2940 1317 querela:
2969 1253 3180 1320 ederet.
3215 1257 3440 1314 verbum

1835 1333 1958 1389 vitae
1988 1335 2286 1406 ignoraret.
2314 1336 2416 1394 llic
2456 1339 2618 1411 igitur
2642 1345 2877 1414 populus
2911 1347 3067 1403 cibus
3093 1359 3177 1405 cst
3199 1353 3439 1423 prophe-

1839 1435 2045 1496 tarum;
2094 1445 2216 1486 nam
2249 1447 2357 1503 quo
2389 1447 2649 1490 numerus
2699 1437 2874 1508 major
2918 1442 3099 1512 populi
3147 1458 3444 1517 congrega-

1839 1529 1945 1590 tur,
1977 1537 2044 1578 eo
2074 1523 2296 1583 uberior
2322 1525 2626 1598 pr0phetici
2658 1529 2772 1586 oris
2813 1548 2943 1589 usus
2973 1544 3223 1604 augetur.
3251 1539 3443 1597 Eccle-

1836 1617 1932 1675 sia:
1966 1635 2184 1692 quoque
2229 1622 2402 1693 gratia
2443 1623 2821 1696 prmﬁguratur
2863 1627 2918 1683 in
2969 1629 3132 1686 melle
3173 1632 3439 1704 silvestri,

156 1215 276 1276 68.
331 1218 568 1278 Factum
615 1234 700 1281 est
745 1234 925 1284 autem
981 1227 1230 1295 verbum,
1275 1237 1333 1285 ut
1374 1239 1596 1287 sanctus
1635 1230 1734 1286 Ba-

51 1313 276 1383 ptista
309 1314 567 1375 Joannes
592 1321 963 1389 paenitentiam
979 1324 1319 1395 praedicaret.
1338 1325 1544 1384 Etideo
1573 1327 1736 1398 pleri-

55 1426 215 1480 que
254 1422 468 1470 sancto
487 1413 682 1472 Joanni
713 1427 898 1490 typum
944 1419 1105 1493 Legis
1137 1421 1453 1494 imponunt;
1496 1439 1564 1479 eo
1587 1421 1734 1494 quod

62 1503 223 1562 Lex
255 1518 561 1579 peccatum
593 1509 918 1568 denuntiare
943 1514 1140 1584 potuit,
1167 1514 1375 1572 donare
1400 1531 1505 1573 non
1540 1517 1731 1588 potuit.

63 1598 224 1657 Lex
266 1602 430 1659 enim
461 1621 898 1679 unumquemque
944 1609 1034 1680 qui
1083 1609 1222 1666 viam
1267 1613 1511 1682 gentium
1540 1627 1736 1685 seque-

69 1691 298 1757 batur,
331 1707 557 1753 revocat
582 1697 650 1755 ab
683 1714 895 1765 errore,
927 1701 1211 1774 restringit
1251 1719 1280 1757 a
1313 1705 1584 1761 crimine:
1617 1720 1733 1777 pte-
1836 1726 1946 1768 non
1989 1691 2132 1768 intra
2183 1691 2482 1772 alvearinm
2516 1717 2650 1788 legis
2694 1720 2868 1790 plebis
2910 1721 3151 1781 Judaicaa
3196 1727 3306 1782 fetu
3353 1745 3442 1786 reo

71 1786 411 1844 nitentiam
445 1790 673 1858 suadet,
709 1803 766 1848 ut
795 1795 1024 1866 gratiam
1055 1807 1439 1868 consequatur.
1489 1797 1601 1854 Lea:
1636 1815 1733 1855 au-
1837 1817 2011 1875 perta,
2042 1805 2138 1862 sed
2168 1808 2220 1862 in
2249 1809 2480 1880 campis,
2508 1786 2739 1868 etioliis
2767 1814 2918 1870 silvae
2939 1818 3225 1888 gentilium
3249 1836 3445 1880 errore

75 1889 224 1937 tem
273 1893 325 1937 et
355 1882 642 1956 PrOpheta:
671 1904 833 1961 usque
853 1889 921 1944 ad
955 1888 1211 1946 Joannem
1243 1891 1398 1965 (Luc.
1432 1909 1553 1961 xvr,
1591 1895 1680 1968 16)
1713 1913 1726 1949 :
1759 1913 1807 1975 Β
1836 1897 2054 1969 diﬂ'usa,
2076 1900 2232 1973 juxta
2258 1904 2402 1975 quod
2429 1905 2692 1978 scriptum
2740 1918 2826 1965 est
2853 1927 2865 1962 :
2895 1882 3198 1971 Invenimus
3241 1933 3356 1972 eam
3387 1916 3443 1973 in

69 1972 359 2033 Joannes
387 1992 520 2034 vero
544 1982 882 2051 praenuntius
903 1983 1127 2041 Christi.
1160 1994 1186 2024 ι
1209 1985 1286 2040 Ita
1315 1986 1429 2042 Lex
1459 1997 1514 2043 et
1541 1987 1727 2045 Eccle-
1759 1972 1798 1975 Γ
1832 1998 2029 2062 campis
2059 1972 2206 2054 silva:
2233 1972 2406 2072 (Psal.
2429 1972 2623 2071 CXX-XI,
2657 2002 2736 2078 6).

74 2069 203 2124 sia:
239 2072 575 2140 prienuntia,
604 2084 659 2131 et
683 2077 873 2148 gratia:
901 2079 1218 2149 poenitentia
1239 2089 1342 2136 est.
1370 2080 1518 2139 Bene
1545 2082 1727 2154 itaque
1903 2088 1994 2144 72.
2029 2088 2097 2145 Et
2135 2069 2483 2165 hic-quidem
2513 2069 2620 2154 mel
2664 2069 2915 2156 silvestre
2959 2104 3179 2174 edebat,
3224 2122 3439 2164 annun-

73 2174 345 2222 sanctus
374 2165 555 2223 Lucas
582 2172 906 2242 compendio
935 2189 1065 2230 usus
1105 2184 1209 2244 est,
1232 2185 1291 2232 ut
1319 2175 1583 2234 Joannem
1624 2177 1726 2234 de-
1831 2181 1972 2239 tians
1997 2187 2224 2256 populos
2246 2187 2316 2246 de
2341 2198 2508 2260 petrae
2545 2191 2708 2250 melle
2733 2197 3097 2267 saturandos,
3123 2165 3265 2258 sicut
3305 2205 3443 2261 scri-

76 2259 356 2318 clararet
396 2263 741 2336 prophetam,
787 2266 975 2325 dicens
1019 2269 1218 2326 factum
1259 2285 1382 2327 esse
1411 2287 1576 2344 super
1600 2289 1724 2330 eum
1829 2279 2194 2347 ptumestzEt
2219 2281 2283 2336 de
2309 2259 2457 2353 petra
2476 2284 2649 2342 mellis
2669 2290 2918 2344 saturavit
2943 2307 3028 2346 eos
3049 2259 3231 2365 (βίαι.
3261 2259 3436 2363 Lxxx,

76 2355 343 2412 verbum
375 2357 591 2414 Domini
618 2377 631 2414 ε
661 2361 768 2416 alia
793 2377 900 2418 non
931 2362 1188 2430 adderet;
1220 2363 1402 2421 nullus
1423 2365 1574 2422 enim
1601 2375 1727 2438 eget
1832 2367 1946 2440 17).
1979 2369 2070 2427 Sic
2111 2371 2277 2430 etiam
2305 2374 2475 2432 Eliam
2517 2378 2670 2434 corvi
2696 2377 2722 2417 ά
2745 2381 2867 2437 cibo
2897 2355 3213 2454 advectitio,
3265 2399 3322 2445 et
3357 2355 3441 2447 lu;

81 2450 321 2508 indicio
369 2453 476 2520 sui,
521 2454 612 2526 qui
660 2456 828 2513 verbo
867 2456 966 2515 Dei
1006 2457 1264 2516 abundat.
1313 2458 1494 2518 Unum
1543 2461 1724 2535 itaque
1827 2463 2038 2518 crativo
2083 2473 2212 2536 potu
2261 2466 2406 2523 inter
2440 2468 2657 2526 deserta
2715 2485 2982 2543 paverunt
3013 2475 3110 2548 (III
3137 2450 3270 2552 Reg.
3304 2498 3440 2551 xvu,

79 2544 271 2614 dixit,
299 2556 358 2603 et
384 2548 566 2604 omnia
595 2547 911 2609 declaravit.
1829 2554 1921 2627 6);
1954 2566 2014 2612 ut
2063 2557 2266 2615 indicio
2310 2561 2453 2618 foret
2483 2564 2719 2634 populos
2766 2544 3049 2626 nationum
3082 2544 3238 2629 tetro
3277 2544 3442 2646 squa;

171 2638 278 2698 69.
314 2639 388 2697 At
417 2656 549 2699 vero
573 2655 794 2700 sanctus
843 2646 1130 2704 Matthaaus
1160 2659 1216 2706 et
1244 2649 1454 2708 Marcus
1498 2651 1720 2721 vestitu,
1826 2648 2007 2706 lentes
2049 2653 2239 2709 colore
2280 2655 2634 2726 meritorum,
2665 2659 2760 2730 qui
2786 2672 2914 2718 ante
2955 2665 3137 2720 cibum
3169 2638 3440 2726 laudisin

81 2741 151 2791 et.
183 2733 404 2803 cinctu,
435 2744 492 2792 et
519 2737 644 2795 cibo
680 2739 1009 2812 Prophetam
1051 2742 1339 2801 declarare
1387 2745 1718 2814 voluerunt;
1827 2742 2186 2801 cadaveribus
2228 2748 2621 2818 requirebant,
2683 2768 2826 2810 nunc
2868 2754 2939 2812 de
2982 2772 3043 2812 se
3088 2758 3436 2818 advectitiam

86 2841 171 2884 eo
198 2827 356 2900 quod
382 2831 638 2888 vestitum
661 2831 729 2888 de
752 2833 878 2906 pilis
897 2837 1230 2894 camelorum
1262 2838 1473 2906 habuit,
1510 2839 1725 2915 1304
1827 2835 2112 2907 prophetis
2159 2838 2478 2898 alimoniam
2530 2843 2878 2914 praebituros.
2923 2847 3094 2905 Cibus
3134 2853 3279 2908 enim
3315 2870 3443 2925 pro-

89 2932 156 2979 et
192 2937 402 2979 zonam
428 2924 710 2996 pelliceam
741 2942 906 2999 super
936 2928 1151 2987 lumbos
1180 2945 1343 2987 suos:
1365 2931 1600 2988 locustas
1623 2948 1723 2988 au—
1827 2925 2140 2997 phelarum,
2175 2930 2375 2988 divinas
2414 2934 2706 2992 voluntatis
2737 2936 2966 2997 eli‘ectus
2997 2949 3105 3010 est,
3148 2945 3287 3002 sicut
3320 2924 3438 3018 ipse

91 3027 249 3086 tem,
285 3027 343 3074 et
373 3020 480 3076 mel
507 3021 765 3080 silvestre
789 3023 988 3080 edebat
1017 3023 1238 3096 (Matth.
1279 3026 1418 3096 111,4
1444 3045 1458 3096 ;
1489 3025 1699 3083 uarat

1827 3020 2094 3081 Dominus
2139 3024 2437 3084 declaravit
2485 3029 2718 3087 dicens:
2753 3030 2904 3089 Meus
2945 3035 3090 3092 cibus
3129 3048 3226 3104 est,
3267 3049 3323 3095 ut
3363 3045 3440 3113 fa-

95 3111 185 3184 6).
220 3111 574 3171 Praenuntius
601 3115 747 3172 enim
774 3115 978 3173 Christi
1010 3134 1121 3175 non
1149 3117 1459 3192 patiebatur
1486 3120 1699 3176 immuni

1825 3115 1960 3172 ciam
1987 3118 2300 3175 voluntatem
2327 3125 2440 3196 ejus
2463 3124 2553 3193 qui
2581 3141 2662 3180 me
2691 3127 2831 3182 misit
2855 3127 3038 3200 (Joan.
3068 3147 3149 3203 1v,
3182 3131 3298 3207 54).

99 3204 312 3260 datum
343 3205 524 3278 perire
553 3209 779 3266 exuvias
820 3208 1116 3268 bestiarum
1151 3228 1165 3268 :
1199 3213 1319 3283 ipso
1359 3228 1577 3286 quoque
1629 3228 1721 3270 ve-
1898 3211 2082 3284 (Vers.
2110 3214 2194 3288 4.)
2226 3215 2345 3273 Vox
2367 3219 2642 3276 clamantis
2668 3221 2724 3276 in
2755 3224 2975 3281 deserto.

99 3302 281 3359 sticus
312 3301 510 3360 indicio
564 3304 858 3378 designans
911 3307 1190 3366 Chrislum
1237 3325 1360 3367 esse
1407 3322 1716 3380 venturum,
1745 3322 1792 3388 Ο
1897 3305 1987 3363 75.
2018 3306 2166 3365 Bene
2211 3325 2316 3366 vox
2348 3310 2547 3368 dicitur
2576 3313 2814 3372 Joannes
2858 3316 3019 3375 Verbi
3068 3326 3428 3391 prtemmtius.

102 3394 134 3435 ι»
159 3396 262 3470 qui
291 3397 548 3468 belluina,
576 3399 869 3474 illuvieque
889 3413 1143 3460 contexta
1163 3421 1263 3476 pro
1289 3416 1604 3463 nostrorum
1625 3405 1720 3462 de-
1823 3399 1958 3457 Nam
2003 3403 2370 3478 interrogatus
2419 3407 2536 3479 ipse
2573 3408 2813 3468 Joannes
2843 3429 2856 3467 :
2893 3414 3036 3483 Quid
3087 3418 3222 3475 dicis
3268 3421 3332 3476 de
3386 3433 3434 3479 ιε

104 3488 392 3547 formitate
439 3492 780 3562 meritorum,
812 3495 1135 3565 gentilitatis
1164 3497 1463 3554 immunda:
1495 3508 1716 3570 peccata
1822 3497 1980 3570 ipso?
2005 3499 2094 3554 Ait
2125 3515 2145 3556 :
2167 3499 2282 3573 Ego
2321 3518 2420 3558 vox
2460 3503 2735 3561 clamantis
2764 3508 2821 3562 in
2851 3509 3051 3564 deserto
3073 3510 3258 3584 (Joan.
3293 3531 3332 3583 1,
3362 3516 3434 3574 22

107 3584 446 3658 suscipiens,
493 3587 548 3644 in
601 3587 694 3644 illo
719 3591 965 3662 troplueo
1005 3592 1204 3661 crucis,
1235 3593 1438 3650 amictu
1481 3593 1717 3666 quodam
1822 3601 1871 3648 et
1898 3590 2016 3664 25).
2054 3593 2265 3668 1305
2293 3595 2359 3651 Et
2399 3595 2524 3654 ideo
2545 3598 2622 3653 ait
2653 3615 2666 3654 :
2703 3598 2806 3668 Qui
2835 3611 2949 3674 post
2977 3621 3056 3659 me
3095 3609 3252 3675 venit,
3300 3620 3421 3666 ante

108 3696 174 3738 se
205 3694 408 3739 nostra:
427 3684 610 3741 carnis
633 3697 880 3743 exueret.
1561 3682 1584 3688 ”
1625 3679 1687 3689 ””’

1822 3702 1902 3740 me
1922 3689 2091 3758 factus
2121 3700 2194 3742 est
2226 3685 2566 3762 (Ibid.,30);
2593 3693 2717 3762 quia
2747 3707 2852 3748 vox
2886 3695 3147 3764 prmcedit
3178 3698 3428 3769 inferior,

186 3776 285 3832 70.
319 3775 451 3846 Quid
499 3789 680 3836 autem
719 3779 822 3837 sibi
851 3781 966 3838 vult
991 3784 1203 3840 cinctus
1250 3799 1404 3840 zona:
1445 3784 1699 3856 pellicem,

1822 3780 2045 3835 verbum
2076 3781 2346 3851 sequitur,
2395 3782 2540 3852 quod
2575 3783 2858 3854 praecellit.
2899 3787 3025 3843 Ideo
3064 3799 3118 3845 et
3159 3806 3191 3847 a
3220 3791 3432 3850 Joanne

113 3869 222 3926 nisi
253 3871 395 3942 quod
422 3885 550 3928 caro
577 3871 680 3930 ista
705 3889 826 3945 qua:
868 3883 1108 3933 mentem
1152 3876 1300 3946 prius
1332 3892 1558 3949 gravare
1583 3891 1715 3932 con—
1817 3870 2082 3943 baptizari
2113 3873 2314 3940 νοιυίῑῖ
2341 3873 2468 3943 (illia
2517 3874 2570 3940 i0.
2609 3875 2928 3934 hominibus
2959 3882 3182 3939 Verbum
3235 3900 3430 3945 conse-

112 3977 401 4034 sueverat,
428 3981 510 4024 ea
564 3978 687 4039 post
729 3969 1022 4026 adventum
1064 3970 1283 4028 Domini
1331 3988 1439 4028 non
1485 3971 1714 4042 impedi-
1817 3976 2003 4023 cratur
2028 3983 2160 4024 voce
2191 3967 2870 4040 doctoris.ldeot'ortasse
2901 3973 3196 4034 Zacharias
3233 3997 3425 4040 vocem

117 4069 310 4116 tncnto
356 4061 518 4132 C(Bpil
547 4077 694 4132 esse,
737 4063 837 4120 sed
880 4065 1139 4136 cingulo?
1177 4066 1402 4122 Scilicet
1420 4065 1572 4137 juxta
1610 4066 1716 4120 Da-
1815 4065 2046 4130 recepit,
2079 4061 2202 4132 quia
2227 4075 2418 4116 Vocem
2449 4061 2666 4147 memmi
2692 4071 2796 4119 88l-

116 4155 210 4211 vid
266 4172 283 4210 :
331 4151 392 4209 In
449 4155 792 4214 salicibus....
862 4176 1061 4232 organa
1115 4171 1293 4216 nostra
1347 4160 1712 4232 suspendimus
1886 4155 2069 4228 (Vers.
2102 4156 2158 4224 7,
2182 4154 2559 4227 8.)Generatio
2590 4157 2906 4230 viperarum,
2934 4163 3051 4234 quis
3071 4169 3294 4224 ostendit
3325 4185 3417 4226 vo-

125 4246 302 4319 (Psal.
327 4261 534 4316 cxxxvr,
560 4248 614 4319 2)
639 4264 656 4316 ;
678 4260 730 4305 et
756 4251 909 4321 juxta
948 4251 1271 4323 Apostolum
1297 4250 1530 4324 (Philip.
1553 4267 1634 4319 in,
1654 4249 1712 4324 3)
1814 4248 1892 4306 bis
1922 4252 2100 4322 fugere
2134 4267 2167 4305 a
2191 4260 2404 4306 ventura
2432 4250 2513 4304 ira
2534 4250 2560 4304 2’
2588 4247 2772 4306 Facite
2830 4270 2952 4326 ergo
3000 4259 3205 4326 fructus
3236 4260 3422 4336 dignos

120 4339 489 4396 conﬁdentiam
516 4357 624 4397 non
659 4343 922 4401 habemus
952 4346 1004 4400 in
1027 4360 1216 4416 carne,
1241 4355 1296 4403 et
1319 4345 1699 4404 conﬁdentiam

1822 4344 2148 4417 paenitentiw.
2179 4342 2246 4399 Et
2284 4361 2349 4400 ne
2397 4343 2653 4414 coeperitis
2698 4344 2871 4402 dicere
2900 4363 2918 4404 :
2950 4346 3112 4404 Pater
3152 4363 3323 4409 noster
3351 4366 3426 4412 est

125 4429 380 4489 habemus
403 4431 454 4489 in
487 4449 718 4506 corpore
747 4454 761 4491 :
791 4453 898 4494 non
927 4438 1193 4496 habemus
1223 4439 1279 4496 in
1309 4439 1706 4512 voluptatibus,
1814 4437 2097 4493 Abraham.
2130 4433 2266 4491 Dico
2295 4444 2466 4491 autem
2503 4436 2670 4505 vobis,
2697 4438 2817 4507 quia
2866 4450 3048 4511 potens
3087 4454 3160 4500 est
3191 4444 3332 4504 Deus
3359 4451 3423 4508 de

126 4520 377 4584 habemus
415 4528 465 4585 in
515 4531 896 4600 passionibus;
941 4533 1198 4606 quoniam
1248 4533 1305 4591 in
1355 4534 1553 4604 Spiritu
1597 4533 1709 4591 fer-
1813 4529 2078 4609 lapidibus
2103 4529 2215 4584 istis
2244 4531 2496 4586 suscitare
2522 4529 2663 4600 ﬁlios
2685 4530 2930 4589 Abralue.

132 4631 265 4674 vens
295 4617 456 4688 vigent
493 4625 743 4696 aﬂ’ecius,
792 4638 848 4686 ει
883 4629 950 4686 ad
979 4645 1144 4687 omne
1171 4630 1524 4700 accingamur
1545 4630 1706 4687 obse-
1883 4624 1973 4680 74.
2024 4622 2191 4694 Argoi
2222 4621 2442 4694 quidem
2478 4622 2694 4679 videtur
2735 4626 2941 4683 malitia
2981 4627 3322 4707 Judazorum,
3351 4655 3418 4696 eo

129 4712 308 4782 quium
350 4710 645 4770 cmlestiuni
688 4733 1090 4796 praeceptorum
1112 4766 1128 4790 ,
1169 4724 1462 4784 devotione
1507 4723 1705 4781 mentis
1730 4735 1786 4798 Β
1811 4717 1953 4791 quod
1974 4717 2128 4773 vario
2150 4717 2329 4772 noxia:
2353 4717 2550 4772 mentis
2579 4734 2812 4787 veneno,
2832 4726 3179 4795 serpentinos
3206 4731 3414 4804 lapsus,

135 4805 338 4876 intenti,
367 4814 520 4879 atque
555 4821 816 4880 apparatu
841 4817 1086 4883 corporis
1117 4817 1378 4890 expediti.

206 5004 229 5031 υ
251 4993 323 5051 lta
350 5004 451 5051 vet.
482 4995 615 5083 edi‘t.
659 5011 788 5083 cum
813 4997 1087 5083 plerisque
1114 5007 1281 5082 atque
1313 4998 1532 5083 optimis
1560 5015 1696 5083 mss:

141 5063 199 5142 Et
226 5076 356 5123 recta
382 5077 455 5142 est
481 5083 542 5123 ea
569 5068 762 5136 lectio;
795 5063 1096 5142 nihilenim
1125 5063 1566 5142 tea—signiﬁcatur,
1592 5072 1699 5126 nisi

143 5134 323 5208 Legem
367 5139 512 5209 cujus
561 5149 718 5211 typus
751 5134 886 5195 erat
922 5141 1182 5210 Joannes,
1242 5134 1500 5199 Ecclesiae
1542 5134 1698 5208 quasi

145 5215 502 5284 viamiparasse
531 5228 549 5284 ἓ
570 5222 624 5266 et
667 5212 1040 5280 pmoirentiam
1077 5231 1238 5284 quam
1275 5216 1416 5270 idem
1459 5213 1699 5271 Joannes

145 5282 453 5357 pra-dicabat,
488 5282 555 5337 ad
580 5285 809 5357 gratiam
834 5285 1036 5341 aditum
1065 5282 1365 5355 aperuisse.
1395 5285 1450 5340 In
1477 5287 1702 5357 quibus-

148 5355 257 5424 dam
293 5363 448 5409 tamen
493 5356 615 5410 cod.
657 5355 814 5411 deest
849 5373 974 5422 vox,
1011 5360 1308 5424 pwnitentia
1337 5375 1355 5414 :
1383 5366 1438 5414 et
1478 5355 1532 5413 in
1578 5359 1700 5414 aliis

149 5421 281 5508 locns
310 5423 479 5510 legitur
505 5428 555 5482 in
603 5427 739 5511 haec.
777 5429 938 5512 verba
964 5421 1093 5512 illa
1132 5429 1241 5486 Lea:
1276 5429 1529 5512 Ecclesiae
1558 5445 1694 5512 prce-

151 5496 326 5578 nuntiat
357 5499 565 5583 gratiam
608 5501 939 5583 pmrtitentiaz.
971 5503 1141 5583 .liom.
1194 5513 1373 5583 autem
1425 5496 1568 5557 edit.
1617 5502 1697 5583 sic

151 5572 363 5645 mulavit.
411 5569 591 5642 Laque
631 5570 740 5627 Lex
781 5573 1029 5628 Ecclesia:
1065 5575 1379 5644 prtenuntia,
1427 5583 1476 5628 et
1516 5573 1697 5645 gratia:

151 5641 314 5704 pra’via
336 5650 417 5698 est.

211 5708 235 5748 1’
256 5712 375 5767 lidit.
403 5731 620 5772 omnes:
650 5719 738 5785 qui
759 5717 999 5772 belluinis
1023 5715 1270 5783 induviis,
1304 5734 1418 5786 qua:
1441 5726 1695 5774 contextis

152 5792 254 5872 funt
275 5795 567 5867 nostrorum,
599 5798 704 5844 etc.
734 5793 935 5872 Contra
966 5806 1098 5872 vet"
1120 5804 1251 5844 πιδε-
1284 5789 1529 5872 vilicm“
1567 5791 1694 5872 (ξδ’

153 5850 597 5932 licaniqueinagno
624 5877 897 5919 consensu
923 5863 1211 5918 lectionem
1245 5870 1490 5918 nostram
1518 5862 1690 5918 stabi-

153 5919 288 5994 liunt,
308 5919 403 5988 'nisi
428 5919 569 6004 quod
597 5933 652 5988 in
683 5935 1006 6006 quibusdam
1033 5935 1190 6009 lapsu
1211 5935 1428 6009 calami,
1455 5950 1552 6008 pro
1570 5933 1694 5991 illu-

503 6027 782 6092 ΡΑτιιοι..
817 6029 960 6094 XV.

1811 4821 1869 4871 et
1892 4823 2110 4868 terrena
2131 4809 2354 4880 cubilia,
2383 4825 2492 4868 non
2507 4810 2710 4871 divinae
2730 4814 2949 4888 aliquod
2974 4825 3296 4894 mysterium
3318 4845 3417 4888 υο.

1802 4995 1904 5061 uie.
1929 4993 2198 5085 scribitur
2223 4992 2454 5076 ingluoie
2484 5008 2503 5048 :
2534 4994 2589 5077 in
2619 5009 2748 5085 quo,
2781 4999 2953 5085 sorde,
2976 5004 3270 5085 illuvieque.

1882 5079 1904 5107 ο
1929 5068 2060 5148 MSS:
2095 5082 2214 5148 null
2240 5067 2396 5148 pauci
2438 5081 2551 5148 nec.
2571 5066 2967 5148 inlirnaenotaé,
2998 5080 3066 5132 ad
3094 5066 3414 5148 usumin”-

1807 5151 1901 5205 tes,
1933 5139 2133 5222 omissa
2153 5137 2447 5222 dictione.
2478 5137 2692 5194 laboris.
2731 5140 2828 5195 Hic
2869 5137 3030 5222 porro
3069 5137 3411 5222 lnam-"H6.

1804 5223 1917 5293 _slet'
1939 5211 2194 5266 dissentit
2212 5213 2280 5264 ab
2301 5210 2562 5293 opinione
2589 5210 3020 5293 eorum,_quibns
3046 5210 3256 5293 ἀκρίόέξ
3302 5210 3410 5293 ἤδη

1806 5283 2031 5366 locustae
2059 5292 2206 5376 sunt,
2234 5281 2328 5376 se‘d
2359 5284 2570 5376 fruticis
2591 5290 2686 5336 aut
2708 5281 3406 5376 lterlrarct‘ljnsdam

1805 5354 1994 5435 ium-10,
2032 5355 2076 5435 S_i
2116 5357 2224 5407 Deo
2255 5354 2452 5435 placet.
2479 5354 2652 5435 εξῑίειηὶ⁸
2677 5357 2854 5435 Pisces
2881 5354 3122 5424 delicati.

1807 5424 2099 5482 Ambrosio
2130 5439 2256 5505 pars
2295 5425 2467 5518 multo
2510 5427 2745 5481 maxima
2779 5428 2995 5518 Patrum
3035 5455 3112 5518 _ac
3145 5424 3411 5518 ringi-5'13;

1805 5507 1918 5553 tum
1969 5501 2338 5579 coiisenliunt.
2389 5495 2577 5578 Neque
2627 5515 2758 5579 sane
2805 5503 2907 5557 alia
2958 5495 3409 5579 opinio

1802 5569 2023 5651 aliunde
2050 5568 2374 5650 introducta,
2392 5568 2495 5622 nisi
2525 5569 2667 5638 quod
2699 5576 2919 5627 locusta).
2947 5568 3403 5651 annnalcula

1807 5642 2163 5728 crederriitur
2179 5639 2304 5722 σεε.μί
2328 5653 2448 5694 esSe
2469 5655 2486 5706 ;
2508 5652 2842 5728 cumtamen
2872 5661 3054 5728 certos
3085 5639 3410 5728 primumii:

1805 5713 1876 5800 iis
1903 5725 1958 5768 et
1986 5712 2112 5795 olim
2130 5710 2443 5800 Xictitjtsse,
2471 5710 3406 5800 cineliamnumaierim},.rp},,Ju};t

1806 5783 2076 5877 hiswrici‘.
2128 5775 2242 5877 Qua
2273 5783 2343 5877 de
2382 5775 2443 5837 re
2482 5783 2621 5838 adiri
2669 5795 2900 5855 possmit
2928 5775 3401 5877 Erasinus"

1802 5856 2027 5914 Drusius
2051 5856 2103 5908 in
2135 5857 2276 5908 hunc
2316 5853 2517 5910 locum.

1874 5925 2144 5986 dCunctae
2177 5924 2311 5985 edit.
2362 5940 2428 5982 ac
2473 5939 2603 5983 mss.
2650 5941 2760 5986 non
2789 5935 2974 6003 pauci,
3014 5941 3125 5999 cibo
3170 5944 3403 6008 adventi-

2919 6041 2995 6099 ’15
