4156 6346
549 295 692 360 1579

544 415 806 491 gnitionis
845 419 1144 486 operentur
1181 425 1195 464 :
1228 409 1324 466 sed
1373 417 1552 464 tamen
1583 421 1705 463 cum
1751 405 1990 462 dicitur:
2027 404 2154 472 Quis
2181 409 2233 470 Α

549 510 773 567 ostendit
801 508 940 564 vobis
963 508 1141 581 fugere
1158 522 1189 559 a
1214 513 1429 558 ventura
1455 501 1582 556 ira?
1611 499 1922 555 ostenditur
1951 498 2035 554 his
2061 499 2156 553 Dei

549 603 902 659 miseratione
975 599 1151 655 infusa
1204 594 1534 668 prudentia;
1585 603 1645 649 ut
1697 601 1888 665 gerant
1937 606 2158 649 suorum

549 698 926 770 paenitentiam
952 694 1302 759 delictorum,
1334 690 1497 747 futuri
1529 699 1793 746 terrorem
1821 688 2011 761 judicii
2034 703 2162 760 pro-

551 791 677 847 vida
709 790 1001 847 devotione
1062 793 1391 843 metuentes.
1441 781 1520 840 Ad
1559 781 1972 855 generationem
2003 797 2156 853 ergo,

550 900 658 940 non
690 883 756 939 ad
804 879 1210 938 successionem
1239 876 1526 934 referenda
1549 875 1986 947 estcomparatio
2010 875 2161 944 vipe-

547 995 752 1036 rarum.
780 979 884 1033 Aut
907 975 1142 1031 fortasse
1169 972 1328 1044 juxta
1360 969 1503 1043 quod
1529 969 1788 1040 scriptum
1821 977 1904 1025 est
1935 986 1947 1022 :
1982 964 2160 1021 Estote

548 1060 827 1143 prudentes
853 1070 982 1125 sicut
1012 1076 1272 1139 serpentes
1301 1062 1516 1137 (Matth.
1568 1080 1623 1130 x,
1657 1062 1774 1135 16),
1801 1059 2160 1117 ostenduntur

545 1163 752 1220 habere
777 1160 1116 1236 prudentiam
1141 1155 1578 1228 naturalem,qui
1606 1155 1890 1227 profutura
1915 1154 2156 1222 videant,

545 1271 601 1317 et
644 1266 838 1330 sponte
872 1257 1216 1330 deposcant,
1263 1249 1360 1309 sed
1408 1250 1586 1308 adhuc
1635 1249 1797 1307 noxia
1853 1266 1959 1306 non
1986 1249 2151 1306 relin-

547 1361 742 1424 quant.

619 1444 710 1500 75.
747 1443 810 1500 Et
831 1442 955 1500 ideo
981 1441 1344 1500 admonentur
1376 1439 1679 1497 claritatem
1706 1437 1806 1494 sibi
1835 1435 2006 1508 magis
2029 1450 2160 1507 ope-

544 1539 646 1606 ris,
678 1553 837 1610 quam
869 1537 1207 1593 nobilitatem
1239 1537 1452 1607 generis
1482 1531 1760 1588 vindicare
1791 1548 1805 1599 ;
1838 1529 1982 1601 quod
2012 1527 2158 1584 nulla

544 1636 602 1692 in
633 1635 985 1692 successione
1016 1633 1374 1705 praerogativa
1404 1631 1495 1698 sit,
1528 1629 1634 1684 nisi
1662 1627 1788 1683 fidei
1836 1623 2159 1696 astipuletur

545 1726 840 1786 haereditas
869 1769 883 1795 ,
925 1742 1088 1798 quam
1138 1723 1236 1782 Dei
1277 1733 1421 1779 nutu
1477 1720 1544 1776 ad
1591 1721 1821 1794 populos
1875 1717 2158 1790 gentilium

1889 289 2139 348 SANCTI
2175 289 2503 350 AMBROSII

3725 291 3860 349 1580

2331 406 2419 461 76.
2445 405 2697 474 Exempli
2725 412 2904 460 autem
2938 403 3062 460 ideo
3119 405 3258 462 facta
3291 405 3518 462 mutatio
3541 413 3659 474 est;
3689 410 3860 465 utillo

2261 500 2686 572 comparationis
2717 516 2976 571 processu
3009 501 3226 570 quidam
3263 502 3599 574 intelligatur
3627 502 3861 562 hominis

2261 596 2585 652 clementior
2608 595 2720 667 jam
2748 596 3046 666 profectus.
3071 595 3204 651 Nam
3238 594 3317 651 illi
3341 607 3468 651 ante
3495 598 3766 654 deformes
3793 600 3859 655 ad

2262 705 2443 756 usum,
2476 690 2605 746 nudi
2635 691 2700 745 ad
2721 700 2999 754 ornatum,
3027 691 3243 746 steriles
3266 691 3332 746 ad
3363 691 3617 759 fructum,
3650 692 3863 749 irratio-

2262 784 2472 839 nabiles
2523 783 2590 839 ad
2625 783 2951 854 profectum,
2982 783 3092 854 jam
3139 783 3191 838 in
3251 784 3506 841 arborum
3535 784 3771 856 speciem
3803 786 3862 839 ti-

2260 887 2544 949 gurantur,
2595 893 2715 950 quae
2772 876 3088 932 rationabili
3118 877 3352 948 quodam
3399 887 3606 933 naturae
3638 893 3864 934 munere

2261 973 2476 1028 decorae
2501 971 2567 1028 ad
2599 987 2778 1040 usum,
2815 972 2882 1027 ad
2907 982 3190 1043 aspectum
3234 983 3496 1042 venustae,
3527 972 3593 1030 ad
3627 972 3862 1030 fructum

2261 1069 2478 1136 Opimte,
2511 1076 2741 1139 surgunt
2788 1068 3163 1123 cacuminibus
3195 1110 3210 1133 ,
3267 1067 3565 1124 funduntur
3603 1063 3858 1138 brachiis,

2263 1161 2546 1232 replentur
2575 1161 2860 1227 fructibus,
2887 1160 3166 1216 frondibus
3189 1163 3514 1217 vestiuntur.
3555 1161 3732 1231 Atque
3759 1161 3867 1216 uti—

2261 1269 2388 1310 nam
2418 1268 2518 1310 nos
2549 1253 2900 1309 fecundarum
2948 1269 3104 1309 usum
3151 1255 3409 1309 arborum
3443 1254 3713 1324 possimus
3745 1254 3869 1308 imi-

2262 1349 2391 1416 tari,
2445 1347 2766 1419 meritisque
2810 1348 3183 1403 crescentibus
3231 1347 3491 1419 longaeua
3543 1347 3867 1403 humilitatis

2262 1440 2446 1497 radice
2479 1440 2704 1509 fundati,
2725 1441 2984 1496 sublimes
3006 1441 3074 1495 ab
3097 1439 3284 1508 humo,
3317 1439 3500 1496 decori
3533 1441 3597 1494 ad
3623 1441 3866 1511 speciem

2263 1535 2476 1590 adultos
2527 1533 2929 1591 fructuosorum
2987 1550 3214 1605 operum
3268 1534 3504 1589 vertices
3548 1535 3864 1604 erigamus;

2263 1643 2330 1683 ne
2373 1627 2686 1699 evangelica
2739 1627 2948 1682 securis
2978 1627 3231 1698 agricolm
3259 1626 3435 1682 trunci
3483 1625 3720 1681 radicem
3763 1626 3867 1681 sil-

2261 1721 2460 1777 vestris
2489 1719 2725 1776 excidat.
2767 1719 2858 1774 Vw
2889 1721 3026 1775 enim
3057 1721 3182 1774 mihi
3229 1729 3323 1787 est,
3349 1721 3390 1775 si
3414 1736 3515 1774 non
3537 1720 3870 1791 euangeliza-

544 1819 980 1880 transfcrcndam
1014 1863 1028 1889 ,
1073 1834 1330 1876 sermone
1374 1815 1696 1889 prophetico
1742 1815 2032 1879 revelavit,
2065 1812 2151 1868 di-
2183 1813 2444 1887 Bvero(l
2495 1812 2614 1868 Cor.
2653 1831 2726 1881 rx,
2786 1814 2896 1887 16).
2943 1814 3050 1870 Sed
3103 1830 3209 1869 vox
3249 1814 3354 1869 ista
3405 1814 3701 1884 apostolica
3758 1824 3866 1870 est.

542 1932 673 1974 cens
705 1934 719 1972 :
749 1915 943 1972 Potens
966 1925 1039 1971 est
1067 1913 1208 1970 Deus
1239 1913 1302 1969 de
1330 1909 1596 1984 lapidibus
1624 1909 1706 1965 his
1742 1909 1993 1964 suscitare
2017 1907 2156 1978 ﬁlios

544 2011 788 2066 Abrahaz.
817 2008 954 2065 Nam
985 2007 1114 2065 licet
1144 2007 1288 2063 Deus
1338 2007 1510 2076 possit
1559 2004 1806 2060 diversas
1834 2010 2156 2058 convertere

541 2113 596 2161 et
619 2115 952 2160 commutare
981 2113 1235 2167 naturas;
1263 2113 1440 2157 tamen
1461 2100 1588 2171 quia
1619 2097 1751 2154 mihi
1786 2097 1906 2170 plus
1938 2106 2148 2169 myste-

541 2200 684 2256 rium
715 2213 876 2270 quam
903 2197 1226 2254 miraculum
1259 2194 1504 2266 prodest,
1537 2195 1592 2250 in
1619 2193 1924 2265 prtenuntio
1954 2191 2157 2248 Christi

543 2293 680 2350 nihil
707 2292 878 2363 magis
901 2305 1060 2364 quam
1092 2289 1507 2346 aedificationem
1539 2287 1799 2346 Ecclesia:
1821 2287 1995 2344 debeo
2036 2303 2158 2342 sur-

543 2387 725 2459 gentis
779 2401 1116 2458 agnoscere;
1147 2401 1269 2456 quae
1311 2401 1420 2440 non
1463 2385 1648 2456 rupeis
1696 2383 1860 2449 saxis,
1893 2382 1983 2438 sed
2017 2381 2156 2438 vivis

545 2479 822 2550 lapidibus
845 2488 1149 2544 exstructa,
1184 2477 1237 2532 in
1273 2477 1644 2534 habitaculum
1678 2476 1772 2532 Dei
1801 2485 1856 2532 et
1886 2474 2157 2546 fastigium

542 2571 734 2642 templi
761 2570 1131 2627 conversione
1173 2581 1485 2626 nostrorum
1535 2563 1773 2625 surrexit
1824 2567 2153 2623 animorum.

541 2663 760 2722 Etenim
791 2665 1020 2737 parabat
1052 2665 1194 2720 Deus
1222 2663 1489 2720 mentium
1511 2668 1820 2718 nostrarum
1850 2661 1984 2716 dura
2021 2659 2160 2716 mol-

540 2761 685 2830 lire,
735 2769 790 2818 et
839 2760 907 2817 de
956 2759 1234 2831 lapidibus
1281 2757 1598 2815 offensionis
1645 2757 1888 2813 excitare
1917 2754 2157 2811 cultores

540 2853 844 2926 religionis.
868 2852 1010 2922 Quid
1043 2851 1189 2908 enim
1232 2850 1376 2906 aliud
1430 2865 1590 2922 quam
1623 2847 1833 2919 lapides
1881 2845 2158 2902 habeban-

541 2958 652 3014 tur,
680 2948 770 3018 qui
801 2946 1071 3018 lapidibus
1101 2942 1414 3002 serviebant
1441 2986 1455 3010 ,
1507 2941 1716 2998 similes
1744 2942 1927 3012 utique
1954 2940 2019 2996 iis
2066 2937 2157 3010 qui

538 3041 788 3099 facerent
818 3057 914 3097 eos
942 3041 965 3094 ?
993 3040 1362 3111 Pr0phetatur
1413 3037 1579 3110 igitur
1635 3039 1846 3094 saxosis
1874 3036 2155 3108 gentilium

543 3138 680 3193 ﬁdes
727 3133 1063 3192 infundenda
1121 3134 1459 3206 pectoribus,
1495 3142 1550 3188 et
1606 3133 1819 3187 futuros
1867 3145 1965 3201 per
1993 3127 2154 3184 fidem

2260 1907 2352 1964 Vm
2380 1906 2509 1963 mihi
2559 1917 2641 1963 est
2665 1949 2682 1976 ,
2707 1908 2750 1963 si
2793 1923 2900 1963 non
2918 1918 3140 1979 peccata
3177 1899 3474 1980 deflevero',
3511 1923 3594 1963 va:
3625 1907 3756 1962 mihi
3784 1917 3870 1962 est

2259 2002 2304 2057 si
2356 2017 2460 2057 non
2519 2000 2693 2057 media
2771 2011 2931 2058 nocte
3012 2017 3302 2058 surrexero
3375 2002 3441 2058 ad
3490 2001 3868 2058 confitendum

2260 2096 2396 2163 tibi;
2450 2112 2530 2151 vae
2583 2094 2716 2152 mihi
2768 2105 2899 2162 est,
2953 2096 3000 2151 si
3050 2096 3236 2151 dolum
3295 2098 3545 2168 proximo
3598 2111 3720 2152 meo
3789 2095 3872 2151 fe-

2259 2205 2426 2259 cero;
2462 2206 2564 2257 vze,
2591 2191 2637 2246 si
2687 2190 2900 2266 locutus
2927 2205 3036 2246 non
3070 2192 3220 2247 fuero
3273 2191 3583 2247 veritatem.
3617 2189 3695 2245 Ad
3723 2187 3872 2245 radi-

2259 2299 2376 2340 cem
2408 2284 2615 2340 securis
2663 2293 2747 2340 est
2793 2285 2965 2355 posita
3003 2327 3020 2352 ,
3077 2283 3240 2340 faciat
3276 2283 3535 2349 frttctum,
3569 2284 3658 2356 qui
3691 2292 3874 2353 potest

2259 2380 2470 2452 gratiae,
2490 2383 2582 2451 qui
2629 2375 2794 2435 debet
2845 2380 3201 2450 paenitentiae.
3250 2378 3420 2435 Adest
3471 2380 3730 2434 Dominus
3775 2376 3872 2450 qui

2261 2474 2493 2530 fructum
2522 2476 2782 2546 requirat,
2815 2475 3078 2531 fecundos
3120 2475 3378 2543 vivificet,
3420 2475 3634 2531 steriles
3683 2488 3873 2544 repre.

2262 2568 2488 2624 hendat.
2517 2569 2663 2625 Anni
2719 2579 2831 2625 tres
2884 2579 3010 2626 sunt
3038 2587 3104 2626 ex
3138 2587 3246 2642 quo
3268 2572 3436 2638 venit,
3467 2580 3520 2626 et
3550 2571 3784 2626 fructum
3813 2570 3871 2625 in

2258 2662 2464 2720 Iudaeis
2505 2664 2750 2720 invenire
2778 2680 2885 2720 non
2918 2665 3135 2736 potuit:
3175 2667 3381 2720 utinam
3415 2664 3651 2720 inveniat
3684 2665 3737 2719 in
3773 2680 3873 2718 no-

2258 2755 2363 2814 bis.
2393 2754 2653 2813 Jussurus
2680 2767 2764 2812 est
2785 2757 2990 2813 succidi
3032 2758 3422 2823 infructuosos,
3451 2774 3521 2812 ne
3547 2768 3744 2814 terram
3777 2771 3873 2813 oc-

2259 2859 2480 2924 eupeut.
2511 2851 2616 2908 Sed
2648 2854 2738 2924 qui
2785 2852 2965 2909 adhuc
3017 2870 3123 2909 non
3155 2853 3320 2910 habet
3361 2854 3615 2919 fructum,
3639 2860 3872 2908 conetur

2261 2959 2318 3002 ut
2348 2947 2540 3003 afferat
2568 2947 2618 3002 in
2655 2947 2914 3004 futurum.
2947 2947 3129 3004 Bonus
3157 2949 3247 3005 ille
3277 2949 3455 3005 cultor
3475 2948 3592 3020 agri
3622 2946 3870 3003 interve-

2261 3041 2374 3096 niet
2429 3057 2527 3113 pro
2595 3041 2754 3097 nobis
2804 3040 3109 3098 infecundis
3140 3085 3156 3110 ,
3202 3057 3301 3112 pro
3356 3040 3514 3096 nobis
3567 3039 3874 3094 infructuo-

2261 3133 2337 3189 sis
2391 3150 2404 3198 ;
2461 3144 2516 3188 ut
2566 3132 2725 3189 detur
2775 3135 3008 3205 spatium
3045 3177 3059 3201 ,
3119 3133 3381 3207 patientia
3431 3133 3740 3200 deferatur;
3800 3147 3873 3188 ne

542 3229 777 3286 Abrahae
807 3230 946 3284 filios
989 3227 1214 3284 oracula
1264 3223 1610 3296 pollicentur,
1657 3222 1854 3296 quibus
1883 3238 1978 3294 per
2005 3221 2156 3277 duri-
2181 3229 2227 3293 C
2263 3226 2400 3282 forte
2430 3235 2486 3282 et
2514 3241 2612 3282 nos
2643 3227 2878 3299 aliquem
2917 3228 3150 3284 fructum
3185 3228 3326 3284 ferre
3358 3227 3470 3283 Deo
3498 3228 3791 3298 possimus.

541 3325 672 3381 tiam
697 3323 898 3380 mentis
926 3338 1124 3380 saxeus
1155 3320 1374 3393 quidam
1406 3319 1765 3387 iusensibilis,
1810 3317 2158 3374 irrationabi-

544 3420 720 3491 lisque
750 3425 958 3474 natura:
986 3432 1118 3473 usus
1150 3417 1477 3472 inoleverat.
1507 3414 1639 3470 Nam
1672 3414 1718 3470 si
1770 3412 2041 3486 lapidibus
2071 3410 2154 3467 vi-

544 3513 628 3569 vis
660 3515 687 3547 ⁸
717 3513 958 3568 firmatos
986 3513 1134 3567 viros
1179 3510 1303 3566 fidei
1332 3507 1532 3566 robore
1559 3510 1830 3565 sententia
1857 3507 2154 3580 apostolica

543 3605 920 3677 comparavit,
971 3605 1126 3674 juxta
1175 3603 1322 3675 quod
1350 3605 1611 3675 scriptum
1641 3608 1726 3658 est
1756 3620 1769 3656 :
1804 3599 1871 3656 Et
1901 3618 1989 3658 vos
2020 3612 2152 3657 tam-

543 3715 696 3771 quam
727 3699 927 3769 fapides
946 3698 1046 3752 viei
1071 3697 1408 3765 wdiﬁcamini
1464 3695 1646 3751 domus
1671 3695 1941 3768 spiritalis,
1972 3695 2025 3750 in
2071 3713 2158 3750 sa-

543 3789 829 3845 cerdotium
860 3800 1118 3856 sanctum,
1135 3786 1405 3857 offerentes
1429 3789 1621 3844 hostias
1647 3789 1907 3861 spiritales
1931 3789 1977 3860 (Ι
2004 3786 2151 3845 Petr.

543 3883 604 3951 it,
633 3883 690 3956 5)
715 3901 728 3938 :
751 3882 780 3922 δ
807 3881 980 3939 multo
1007 3883 1169 3939 altius
1221 3882 1313 3938 hic
1341 3881 1600 3939 videntur
1654 3898 1792 3939 voce
1837 3882 2154 3955 prOphetica

543 3977 819 4049 lapidibus
863 3978 1112 4034 homines
1149 3977 1584 4050 comparati,qui
1613 3977 1684 4034 ita
1733 3979 1987 4036 bumanze
2032 3995 2157 4036 sen-

545 4086 667 4127 sum
701 4072 902 4128 mentis
931 4072 1228 4128 amiserant
1260 4087 1275 4138 ;
1305 4080 1362 4127 ut
1384 4069 1511 4127 dum
1540 4071 1810 4144 lapidibus
1863 4083 2052 4145 putant
2073 4073 2157 4130 di-

543 4169 787 4225 vinitatis
843 4168 1074 4240 alicujus
1115 4169 1299 4226 inesse
1347 4169 1637 4238 rationem,
1672 4171 1772 4242 ipsi
1822 4171 1876 4228 in
1907 4184 2154 4230 naturam

545 4262 784 4333 lapidum
832 4280 939 4319 non
969 4278 1070 4319 usu
1096 4264 1366 4335 corporis,
1393 4263 1489 4320 sed
1523 4267 1723 4321 mentis
1764 4265 1949 4323 habitu
1979 4277 2155 4326 verte-

545 4364 756 4413 rentur.
782 4353 1031 4427 Denique
1062 4372 1129 4413 ex
1158 4353 1389 4412 Abrahae
1451 4355 1666 4430 1306
1689 4357 1989 4415 secundum
2037 4377 2156 4418 car-

546 4466 670 4508 nem
699 4451 1049 4508 successione
1081 4459 1389 4516 manantes,
1411 4460 1468 4505 et
1496 4449 1772 4521 principes
1793 4451 2154 4510 Sodomorum

547 4547 891 4617 appellantur
932 4545 1104 4617 (Esai.
1127 4561 1169 4614 l,
1195 4543 1381 4616 l0),et
1403 4545 1640 4616 parietes
1667 4543 1906 4602 dealbati
1937 4545 2153 4619 (Matth.

2333 3321 2423 3376 77.
2455 3319 2693 3393 Singulis
2739 3337 2957 3394 quoque
3007 3323 3302 3393 generibus
3343 3321 3624 3378 hominum
3665 3335 3871 3377 conve-

2262 3417 2418 3474 niens
2445 3417 2635 3472 tribuit
2684 3428 2907 3472 sanctus
2961 3416 3198 3474 Joannes
3249 3413 3488 3488 Baptista
3517 3431 3867 3487 responsum,

2259 3529 2424 3568 unum
2454 3511 2706 3568 omnibus
2740 3509 2900 3584 (Dist.
2934 3511 3024 3578 86,
3057 3529 3176 3582 cap.
3213 3508 3281 3565 In
3335 3511 3577 3583 singulis)
3612 3529 3624 3564 :
3659 3511 3731 3564 ita
3763 3525 3870 3580 pu-

2259 3603 2510 3671 blicanis,
2539 3621 2609 3660 ne
2654 3605 2794 3660 ultra
2855 3607 3232 3678 praescriptum
3272 3605 3533 3677 exigant;
3579 3605 3865 3671 militibus,

2262 3717 2330 3757 ne
2351 3702 2677 3758 calumniam
2703 3702 2922 3767 faciant,
2949 3721 3016 3758 ne
3045 3704 3280 3774 praedam
3311 3703 3592 3775 requirant
3616 3721 3630 3769 ;
3663 3703 3868 3758 docens

2259 3793 2464 3850 idcirco
2506 3794 2783 3866 stipendia
2818 3796 3115 3851 constituta
3167 3796 3410 3863 militia};
3440 3812 3508 3852 ne
3537 3795 3664 3850 dum
3717 3811 3869 3850 sum-

2261 3897 2383 3958 plus
2411 3887 2694 3958 quaeritur,
2729 3887 2913 3959 praedo
2943 3899 3246 3960 grassetur.
3275 3888 3520 3962 Sed.haec
3541 3899 3595 3946 et
3611 3888 3712 3944 alia
3740 3888 3867 3943 offi-

2259 3982 2468 4038 ciorum
2496 3991 2767 4054 prmcepta
2789 3984 3006 4055 propria
3035 3985 3369 4055 singulorum
3396 4000 3410 4038 :
3437 3995 3458 4022 ε
3485 3982 3865 4039 misericordia

2260 4077 2566 4135 communis
2619 4088 2702 4132 cst
2759 4092 2888 4132 usus
2919 4119 2932 4142 ,
2991 4077 3114 4132 ideo
3159 4093 3450 4134 commune
3478 4085 3859 4148 praeceptum;

2260 4172 2512 4227 omnibus
2541 4169 2758 4237 officiis,
2793 4169 3044 4226 omnibus
3069 4171 3319 4227 tetatibus
3352 4170 3686 4235 necessaria,
3711 4179 3764 4225 et
3792 4167 3862 4222 ab

2259 4264 2512 4320 omnibus
2544 4263 2858 4321 deferenda.
2888 4263 3004 4318 Non
3047 4264 3385 4334 publicanus,
3419 4280 3524 4320 non
3580 4263 3738 4318 miles
3769 4277 3867 4318 cx-

2259 4359 2478 4430 cipitur,
2514 4376 2618 4414 non
2669 4357 2907 4431 agricola
2935 4357 3018 4414 vel
3079 4359 3338 4425 urbanus,
3371 4356 3521 4414 dives
3553 4366 3608 4413 et
3633 4371 3858 4428 pauper,

2259 4468 2450 4508 omnes
2479 4451 2530 4506 in
2563 4469 2854 4508 commune
2909 4452 3295 4520 admonentur,
3325 4462 3376 4506 ut
3424 4451 3709 4508 conferant
3757 4466 3857 4506 non

2261 4546 2502 4600 habenti.
2561 4543 2932 4602 Misericordia
2978 4548 3122 4602 enim
3160 4547 3437 4618 plenitudo
3467 4549 3722 4603 virtutum
3753 4549 3857 4597 est.

548 4655 702 4707 χχιιι,
733 4639 856 4710 2ης
887 4638 960 4694 ita
983 4639 1081 4695 sibi
1107 4638 1517 4710 prccrogativam
1544 4639 1763 4711 generis
1792 4656 2004 4696 morum
2039 4659 2151 4698 ma-
2177 4637 2233 4700 D
2260 4640 2326 4696 Et
2347 4641 2470 4696 ideo
2513 4641 2768 4698 omnibus
2792 4651 2873 4697 est
2896 4643 3173 4712 pr0posita
3201 4643 3457 4714 perfecta»
3483 4642 3660 4690 lbrma
3685 4634 3859 4690 Virtu-

547 4730 630 4804 gis
675 4729 977 4787 similitudo
1009 4730 1267 4798 vindicat,
1301 4747 1463 4803 quam
1517 4731 1656 4787 ordo
1688 4734 1953 4804 majorum
2006 4735 2144 4806 (Act.

549 4839 706 4892 χχιιι,
730 4825 969 4896 5).Quin
997 4826 1161 4880 etiam
1187 4835 1243 4879 ut
1266 4826 1409 4882 scias
1432 4825 2151 4900 quialapidibuscomparati
2200 4870 2208 4876 .

549 4925 678 4973 sunt
704 4917 976 4983 homines,
1007 4915 1296 4971 arboribus
1327 4932 1543 4988 quoque
1575 4917 1823 4975 homines
1873 4935 2157 4992 compara-

548 5009 626 5066 vit
646 5010 943 5082 subjiciens
964 5007 1240 5080 Propheta
1270 5026 1282 5063 :

619 5103 806 5175 (Vera.
827 5103 906 5175 9.)
933 5103 1070 5171 Quia
1086 5103 1204 5174 jam
1247 5101 1440 5157 securis
1467 5102 1538 5156 ad
1560 5104 1762 5160 radices
1786 5104 2029 5160 arborum
2057 5123 2152 5178 po-

547 5199 649 5256 sita
671 5208 770 5253 est.

546 5349 710 5420 tio....
737 5346 800 5420 de
829 5360 882 5400 se
909 5345 1263 5420 adventitiam.
1290 5343 1528 5420 Reliqui,
1572 5352 1627 5400 et
1667 5344 1828 5420 iidem
1875 5347 2141 5420 antiquis-

548 5419 694 5481 simi,
726 5419 836 5472 cibo
866 5417 1162 5484 advectitio,
1196 5427 1303 5471 etc.
1333 5416 1487 5484 Quod
1523 5431 1656 5472 vero
1699 5419 1828 5473 edit.
1865 5416 2026 5474 Rom:
2053 5436 2142 5476 re-

548 5499 780 5554 secarat,
813 5501 860 5544 et
902 5489 1150 5543 lucrativo
1191 5499 1338 5563 potu,
1371 5490 1423 5542 in
1465 5489 1570 5544 hoc
1612 5489 1951 5563 refragantes
1983 5493 2145 5549 habet

550 5576 741 5617 omnes
766 5573 818 5617 et
848 5576 982 5616 mss.
1013 5569 1069 5616 et
1095 5572 1206 5615 ant.
1242 5562 1374 5615 edit.

623 5643 651 5672 ι
682 5633 840 5688 Rom.
871 5633 1006 5689 edit.
1031 5633 1169 5699 sola,
1205 5634 1454 5702 {armatos
1479 5633 1616 5688 uiros
1643 5634 1768 5705 ﬁdei
1797 5636 1996 5692 robore.
2029 5635 2150 5693 Non

551 5717 657 5835 tam
709 5706 992 5762 commode
1023 5747 1037 5772 ,
1101 5715 1158 5760 ut
1212 5706 1328 5776 ipse
1391 5706 1659 5761 orationis
1715 5718 2004 5764 contextus
2054 5710 2152 5764 de-

551 5788 736 5834 carat.

546 5788 736 5834 ctarat.

619 5851 646 5890 ι’
679 5851 754 5907 Ita
783 5861 890 5908 vet.
926 5848 1062 5907 edit.
1103 5849 1157 5906 in
1191 5864 1442 5922 corpore,
1476 5866 1540 5908 ac
1564 5864 1698 5908 mss.
1731 5849 1893 5924 longe
1921 5851 2161 5922 plurimi.

2259 4735 2329 4790 tis
2357 4751 2371 4800 ;
2403 4751 2470 4789 ne
2498 4735 2841 4790 vestimentis
2864 4736 3244 4800 alimentisque
3284 4728 3397 4786 suis
3426 4738 3666 4798 parcant.
3701 4730 3860 4784 Mise-

2259 4828 2512 4883 ricordim
2556 4838 2732 4884 tamen
2775 4829 2944 4894 ipsius
2993 4840 3088 4893 pro
3121 4824 3480 4894 possibilitate
3530 4823 3863 4880 conditionis

2265 4923 2472 4994 1307
2503 4921 2753 4974 humanm
2769 4933 3023 4974 mensura
3055 4926 3416 4984 servatur;ut
3445 4935 3550 4974 ιιοιι
3575 4918 3864 4974 sibiuuus-

2256 5015 2485 5083 quisque
2517 5019 2686 5068 totum
2710 5010 2935 5082 eripiat:
2960 5010 3056 5068 sed
3083 5011 3224 5084 quod
3257 5012 3440 5079 habet,
3464 5027 3585 5068 cum
3619 5027 3863 5084 paupere

2255 5108 2542 5178 partiatur.

2327 5203 2512 5277 (Vers.
2562 5202 2654 5271 i5,
2690 5200 2804 5273 16.)
2845 5199 3165 5259 Estimante
3202 5213 3374 5259 autem
3418 5203 3613 5276 populo
3650 5214 3697 5259 et
3720 5206 3865 5276 engi-

2248 5349 2469 5407 Etcdcm
2513 5359 2621 5404 vet.
2651 5350 2783 5406 edit.
2814 5351 2866 5406 in
2898 5355 3273 5422 marg.,multo
3303 5355 3441 5409 aliis.
3469 5356 3624 5410 ltom.
3651 5367 3708 5414 et
3734 5359 3861 5414 cod.

2249 5424 2416 5499 Corb.
2468 5425 2519 5499 in
2553 5424 2731 5499 glossa
2764 5439 2888 5499 cum
2923 5427 3106 5494 paucis
3163 5428 3304 5499 aliis,
3338 5428 3511 5499 iisque
3540 5433 3864 5486 recentiori-

2252 5497 2375 5562 bus,
2407 5493 2568 5547 multo
2595 5495 2788 5560 aptius.
2816 5493 2932 5549 Non
2982 5499 3124 5553 male
3149 5515 3162 5551 :
3189 5498 3284 5552 sed
3317 5493 3497 5556 tamen
3545 5504 3649 5556 alia
3697 5505 3864 5561 lectio

2254 5583 2361 5648 non
2386 5566 2686 5648 rejicienda
2709 5583 2723 5632 ;
2745 5583 2979 5648 namque
3011 5569 3097 5623 hic
3132 5570 3291 5624 altius
3322 5571 3462 5627 idem
3492 5585 3669 5643 sonat,
3699 5589 3864 5648 atque

2254 5639 2453 5702 altiori,
2477 5653 2539 5692 ac
2563 5639 2899 5708 profundiori
2952 5655 3140 5696 sensu.

2330 5721 2355 5748 ο
2389 5709 2513 5764 Mss.
2549 5725 2654 5766 non
2686 5714 2861 5782 pauci,
2896 5727 2996 5766 nec
3048 5712 3247 5769 infima:
3281 5726 3442 5782 nota-,
3493 5719 3866 5778 misericordia:

2266 5785 2565 5862 communis
2606 5793 2680 5838 est
2736 5801 2929 5838 usus...
2968 5787 3228 5862 cautibus
3283 5792 3608 5862 necessariae,
3639 5793 3862 5862 quidam

2268 5857 2590 5922 necessarie,
2620 5865 2788 5910 tamen
2841 5855 3074 5914 omnibus
3119 5858 3417 5932 deferenda.
3467 5855 3867 5935 Alii'q'uatuor
