4014 6464
53 361 205 416 ίό81

1089 357 1459 421 EXPOSITIO
1499 353 1754 418 EV’ANG.
1788 357 1941 416 SEC.
1983 353 2138 416 LUC.
2186 359 2314 416 LIB.
2359 359 2423 417 ll.

3290 368 3434 426 1582

54 491 220 537 'ante
247 484 320 536 in
376 484 620 538 cordibus
645 484 750 538 suis
778 484 841 538 de
892 483 1118 552 Joanne,
1170 501 1232 539 ne
1281 484 1416 555 forte
1445 485 1555 554 ipse
1590 495 1718 539 esset
1749 485 1800 546 Α
1824 491 2086 538 ceamenta
2144 492 2370 551 portare,
2429 483 2760 555 evangelica:
2784 484 3184 555 praedicationis
3214 485 3432 564 I308

53 573 353 632 Christus
382 594 403 644 ;
428 578 693 650 respondit
739 579 913 634 dicens
941 596 959 633 :
987 577 1101 652 Ego
1150 579 1354 652 quidem
1399 595 1486 634 uos
1518 579 1720 651 baptizo

53 671 114 726 in
150 690 346 742 aqua,
385 675 442 727 in
469 675 785 743 paenitentia.

142 768 256 823 78.
299 767 551 822 Videbat
577 783 706 840 ergo
725 768 962 825 Joannes
987 768 1172 824 cordis
1198 767 1427 823 occulta.
1463 764 1570 822 Sed
1593 779 1722 821 con-

55 859 424 916 sideremus
465 861 622 931 cujus
650 861 764 916 haec
810 861 1004 931 gratia.
1035 859 1498 930 Quemadmodum
1537 867 1718 914 autem

56 952 396 1023 prophetis
430 956 604 1024 palam
631 954 761 1010 ﬁant
780 955 958 1010 cordis
990 955 1220 1020 occulta,
1253 952 1450 1008 Paulus
1481 950 1721 1007 ostendit

57 1046 282 1101 dicens
321 1066 333 1101 :
379 1048 602 1104 Occulta
631 1067 830 1121 quoque
853 1051 1023 1104 cordis
1050 1053 1162 1119 eius
1180 1050 1452 1120 manifesta
1481 1050 1608 1119 ﬁent
1632 1066 1650 1103 :
1675 1057 1722 1101 et

62 1142 391 1211 procidens
424 1144 478 1197 in
501 1141 685 1213 [aciem
735 1146 969 1198 adorabit
1001 1143 1184 1209 Deum,
1219 1144 1559 1212 pronuntians
1585 1143 1721 1216 quod

66 1250 204 1289 uere
237 1233 404 1290 Deus
430 1247 506 1292 est
542 1237 593 1291 in
625 1238 765 1292 uobis
795 1238 837 1311 (l
866 1237 984 1292 Cor.
1018 1254 1124 1301 xlv,
1148 1237 1262 1308 25).
1302 1237 1396 1292 Dei
1444 1253 1570 1307 ergo
1603 1252 1722 1291 mtt-

73 1342 194 1382 nus
220 1338 318 1382 est
345 1329 444 1400 qui
485 1330 689 1384 revelat
719 1370 732 1394 ,
793 1345 896 1384 non
926 1331 1096 1384 virtus
1153 1328 1390 1384 hominis
1421 1330 1509 1400 qui
1534 1327 1721 1382 divino

75 1421 281 1490 magis
328 1421 622 1492 adjuvatur
654 1421 940 1487 beneﬁcio,
970 1437 1130 1493 quam
1160 1421 1389 1477 naturali
1421 1421 1596 1476 cernit
1633 1419 1718 1476 of-

80 1513 249 1569 ﬁcio.
283 1515 416 1582 Quo
467 1525 644 1573 autem
680 1517 892 1584 proﬁcit
945 1517 1044 1572 ista
1085 1517 1340 1588 cogitatio
1386 1516 1718 1583 Judaeorum,

84 1608 204 1662 nisi
238 1618 304 1664 ut
327 1611 628 1665 secundum
652 1610 962 1678 Scripturas
988 1611 1202 1667 venisse
1223 1610 1496 1666 Christum
1529 1609 1722 1680 probe-

92 1710 189 1755 tur
213 1702 237 1754 ?
273 1702 416 1756 Erat
441 1704 582 1757 enim
610 1705 697 1772 qui
725 1704 1139 1774 exspectabatur
1163 1721 1176 1770 ;
1203 1713 1257 1759 et
1282 1702 1399 1774 ipse
1422 1703 1605 1773 utique
1632 1702 1721 1774 qui

94 1796 541 1863 exspectabatur
567 1837 581 1862 ,
639 1812 744 1852 non
799 1799 846 1853 is
889 1799 978 1868 qui
1013 1813 1119 1853 non
1161 1798 1594 1869 exspectabatur,
1629 1797 1723 1852 ad-

1826 576 2120 631 ostendens
2178 577 2230 632 in
2284 577 2559 646 apostolos
2607 577 2836 648 gratiam
2879 594 3002 636 esse
3031 579 3308 650 collatam,
3337 584 3427 654 qui

1826 675 1952 723 sunt
1979 668 2202 724 calceati
2228 671 2279 723 in
2304 669 2678 741 Evangelium.

1897 761 1988 816 81.
2012 761 2237 816 Videtur
2287 770 2465 817 tamen
2502 763 2622 819 ideo
2651 763 2751 818 hoc
2775 763 2981 832 dicere,
3014 765 3157 836 quod
3187 765 3430 836 plerum-

1825 867 1930 923 que
1970 852 2208 908 Joannes
2268 869 2553 922 personam
2599 856 2809 927 accepit
2860 857 3040 928 populi
3091 857 3426 914 Judzeorum.

1828 945 1982 1001 Unde
2000 946 2066 1000 ad
2097 946 2198 1001 hoc
2225 947 2630 1019 referuntquod
2645 953 2718 1004 ait
2750 949 2947 1006 :Illum
2960 963 3156 1025 oportet
3185 970 3429 1020 crescere,

1826 1055 1906 1092 me
1925 1051 2094 1093 autem
2121 1040 2284 1093 minui
2310 1039 2488 1113 (Joan.
2516 1057 2594 1105 nl,
2635 1042 2748 1114 50),
2769 1045 2910 1114 quod
2943 1055 3222 1114 Oporterct
3253 1047 3431 1101 mino-

1825 1150 1942 1188 rem
1992 1135 2110 1190 ﬁeri
2139 1135 2394 1205 populum
2441 1135 2777 1201 Iudaeorum,
2827 1153 3076 1195 crescere
3129 1139 3183 1196 in
3215 1139 3433 1197 Christo

1829 1228 2087 1298 populum
2138 1228 2528 1283 Christianum.
2578 1229 2820 1299 Denique
2873 1243 2925 1285 et
2983 1231 3193 1303 Moyses
3223 1233 3435 1302 accepit

1829 1339 2110 1393 personam
2137 1325 2353 1396 populi;
2380 1327 2473 1381 sed
2528 1326 2617 1381 ille
2645 1326 3072 1383 Calceamentum
3123 1342 3231 1382 non
3250 1327 3429 1382 Domi-

1829 1421 2006 1474 nicum
2033 1421 2305 1491 portabat,
2337 1422 2430 1478 sed
2477 1423 2671 1494 pedum
2716 1437 2960 1478 suorum.
3005 1421 3075 1479 Et
3100 1424 3185 1478 isti
3210 1424 3434 1478 calceati

1828 1524 1962 1568 sunt
2006 1514 2376 1571 calceamento
2419 1513 2651 1573 fortasse
2682 1533 2790 1572 non
2822 1532 3043 1572 suorum
3072 1516 3265 1587 pedum
3299 1533 3313 1581 ;
3349 1517 3437 1571 ille

1828 1619 2009 1664 autem
2035 1609 2252 1667 solvere
2273 1611 2701 1667 calceamentum
2731 1611 2930 1682 pedum
2970 1610 3192 1681 jubetur
3214 1625 3436 1666 suorum

1828 1701 2027 1774 (Exod.
2064 1719 2151 1770 ιιι,
2175 1703 2268 1775 5);
2298 1713 2358 1759 ut
2389 1705 2554 1759 animi
2585 1705 2704 1774 ejus
2746 1717 2965 1775 gressus
2992 1710 3046 1759 et
3071 1704 3295 1769 mentis,
3322 1717 3443 1758 cor.

1831 1795 1980 1864 porei
2004 1811 2174 1852 nexus
2207 1798 2435 1853 vinculis
2475 1799 2779 1865 absolutus,
2813 1799 2916 1854 iter
2945 1798 3188 1870 spiritale
3226 1798 3439 1869 gradia-

101 1888 279 1942 venit.
314 1889 459 1956 Quid
484 1899 661 1945 autem
693 1891 931 1961 ineptius
958 1907 1118 1962 quam
1162 1892 1304 1964 quod
1355 1893 1398 1946 is
1427 1892 1516 1962 qui
1544 1892 1597 1945 in
1620 1891 1728 1948 alio
1763 1904 1804 1963 Β
1835 1897 1942 1943 tur.
1979 1890 2426 1961 Apostoliautem
2455 1891 2890 1948 calceamentum
2923 1891 3290 1962 deposuerant
3316 1906 3438 1946 cor-

95 1980 446 2046 aestimatur,
503 1983 554 2037 in
610 1984 791 2054 seipso
819 1999 940 2040 esse
971 1999 1077 2039 non
1107 1985 1353 2040 creditur
1381 1985 1404 2038 ‘t
1431 1985 1598 2052 Quem
1631 1999 1725 2055 per

101 2073 407 2130 mulierem
443 2085 728 2132 venturum
773 2078 1050 2149 putabant,
1084 2093 1182 2149 per
1207 2079 1472 2148 virginem
1513 2078 1725 2134 venisse

100 2183 216 2222 non
245 2169 508 2224 credunt.
535 2171 664 2240 Qum
689 2173 799 2228 Deo
826 2173 1120 2228 secundum
1151 2188 1371 2228 carnem
1401 2173 1612 2243 dignior
1635 2187 1725 2243 ge-

103 2263 355 2329 neratio,
386 2280 547 2335 quam
598 2275 653 2319 ut
687 2268 1066 2336 immaculatus
1094 2266 1190 2321 Dei
1238 2265 1412 2320 Filius
1463 2265 1722 2320 immacu-

106 2355 235 2412 latte
265 2358 645 2427 generationis
671 2367 920 2414 servaret
940 2361 1102 2414 etiam
1149 2359 1202 2413 in
1234 2358 1582 2428 suscipiendo
1604 2372 1726 2412 coro

111 2463 248 2518 pore
311 2451 646 2521 puritatem?
704 2451 776 2506 Et
804 2452 986 2522 utique
1047 2451 1213 2508 divini
1257 2452 1523 2508 adventus
1553 2460 1578 2488 ⁸
1621 2452 1726 2523 sig-

113 2557 246 2600 num
308 2544 362 2598 in
405 2543 630 2615 virginis
677 2556 856 2616 partu,
886 2560 990 2602 non
1019 2547 1072 2600 in
1100 2544 1344 2601 mulieris
1371 2547 1726 2600 constitutum

113 2644 218 2692 est.

190 2729 286 2784 79.
320 2730 458 2804 Ego,
504 2731 717 2803 inquit,
748 2748 836 2787 uos
867 2748 999 2803 aqua
1044 2733 1267 2801 baptizo.
1315 2733 1435 2788 Cito
1484 2732 1730 2802 probavit

123 2842 234 2881 non
265 2842 392 2881 esse
433 2841 494 2882 se
521 2827 825 2894 Christum,
875 2829 968 2899 qui
998 2829 1196 2884 visibili
1243 2838 1497 2898 aperetur
1527 2828 1726 2883 ofﬁcio.

123 2919 150 2958 ³)
175 2920 314 2976 Nam
337 2937 460 2976 cum
486 2938 547 2976 ex
568 2922 780 2978 duabus
800 2923 1008 2978 naturis
1031 2923 1216 2988 homo,
1244 2922 1294 2976 id
1324 2932 1424 2986 est,
1453 2937 1518 2976 ex
1549 2921 1729 2976 anima

126 3017 467 3071 subsistatct
513 3032 768 3086 corpore,
815 3018 1028 3072 visibile
1061 3032 1157 3087 per
1186 3017 1730 3081 visibilia,invisibile

128 3124 224 3178 per
283 3109 552 3165 invisibile
606 3112 923 3182 mysterium
973 3122 1338 3165 consecratur.
1400 3111 1549 3181 Aqua
1583 3109 1726 3165 enim

129 3219 330 3272 corpus
371 3203 645 3271 abluitur,
675 3203 866 3274 spiritu
895 3204 1088 3257 animai
1126 3203 1323 3257 delicta
1377 3203 1726 3258 inundantur.

1829 1983 2038 2053 porale,
2082 1983 2301 2052 quando
2335 1984 2484 2038 missi
2544 1993 2670 2039 sunt
2727 1983 2846 2038 sine
2899 1983 3440 2048 calceamento,sine

1826 2079 1997 2148 virga,
2027 2077 2147 2134 sine
2177 2094 2328 2149 pera,
2361 2079 2481 2134 sine
2533 2094 2668 2134 zona
2703 2096 2716 2146 ;
2751 2079 2843 2134 sed
2878 2095 2985 2134 non
3015 2080 3198 2134 statim
3226 2078 3440 2134 Domini

1827 2174 2195 2230 calceamenta
2253 2182 2559 2244 portarunt.
2612 2174 2869 2231 Fortasse
2914 2184 3034 2246 past
3083 2178 3442 2232 resurrectio-

1829 2281 1951 2322 nem
1986 2275 2204 2337 portare
2227 2276 2552 2336 cceperunt;
2585 2276 2713 2322 ante
2746 2269 2888 2322 enim
2921 2281 2990 2322 ne
3018 2269 3102 2322 cui
3132 2275 3282 2338 gesta
3338 2265 3443 2321 Do-

1829 2359 1960 2415 mini
1991 2361 2260 2427 dicerent,
2317 2361 2706 2416 mouebantur.
2737 2359 2982 2432 Denique
3031 2369 3217 2431 postea
3253 2357 3338 2414 his
3364 2360 3446 2415 di-

1829 2455 2010 2510 citur:
2043 2455 2126 2510 Ite
2158 2456 2211 2510 in
2254 2457 2426 2510 orbem
2474 2456 2788 2522 uniuersum,
2823 2466 2870 2510 et
2902 2456 3184 2527 prwdicate
3207 2454 3446 2527 Euange-

1832 2549 1957 2603 lium
1991 2548 2189 2622 (Marc.
2239 2565 2350 2617 xvi,
2386 2548 2475 2620 15)
2503 2566 2516 2613 ;
2547 2557 2605 2604 ιιι
2654 2551 2986 2621 evangelica:
3041 2550 3444 2620 praedicationis

1830 2646 2119 2716 vestigium
2180 2646 2558 2714 proferentes,
2617 2653 2730 2700 leto
2783 2644 3191 2700 Dominicorum
3238 2645 3440 2701 seriem

1832 2739 2250 2796 circumferrem
2280 2737 2413 2794 orbe
2444 2750 2742 2808 gestorum.
2772 2737 2866 2792 Est
2899 2738 3062 2808 igitur
3106 2737 3447 2791 calceamen-

1835 2846 1946 2891 tum
1971 2835 2214 2906 nuptiale
2231 2831 2542 2904 evangelica
2571 2832 2906 2902 praedicatio.
2922 2831 3028 2886 Sed
3049 2832 3116 2888 de
3129 2831 3232 2887 hoc
3249 2845 3444 2901 oppor-

1835 2929 2020 2984 tunius
2051 2928 2255 2998 aliquid
2291 2929 2342 2982 in
2367 2926 2488 2980 aliis
2517 2925 2916 2996 explicabimus
2948 2924 3089 2996 (Inf.
3141 2942 3255 2997 cap.
3291 2923 3370 2984 χ).

1908 3023 2091 3095 (Vers.
2126 3022 2237 3094 i7.)
2269 3021 2393 3093 Ipse
2421 3038 2507 3077 vos
2531 3021 2812 3092 baptizabit
2835 3022 2887 3075 in
2914 3020 3118 3094 Spiritu
3163 3029 3366 3084 sancto,
3392 3029 3442 3073 et

1835 3118 1988 3190 igni:
2038 3117 2228 3173 habens
2279 3117 2624 3171 ventilabrum
2670 3117 2725 3170 in
2763 3133 2917 3170 manu
2959 3133 3075 3182 sua,
3107 3125 3156 3169 et
3209 3113 3448 3188 purgabit

1833 3227 2009 3266 aream
2035 3227 2206 3275 suam,
2226 3219 2274 3264 et
2301 3209 2628 3281 congregabil
2661 3209 2888 3263 triticum
2916 3207 2970 3262 in
2993 3207 3238 3262 horreum
3267 3222 3444 3272 suum;

131 3299 291 3354 Aliud
325 3298 554 3369 agimus,
587 3299 731 3353 aliud
782 3299 1121 3363 invocamus;
1160 3297 1281 3352 licet
1313 3296 1474 3352 etiam
1507 3297 1559 3351 in
1611 3299 1726 3366 ipso
1756 3319 1801 3383 ρ
1834 3308 2011 3377 palea;
2033 3319 2204 3362 autem
2228 3307 2335 3381 igni
2357 3306 2618 3360 comburel
2642 3303 3076 3378 inexslinguibili.

135 3392 280 3448 fonte
311 3392 669 3447 sanctiﬁcatio
697 3392 995 3446 divinitatis
1018 3391 1241 3461 aspiret.
1272 3389 1388 3444 Non
1418 3391 1560 3444 enim
1585 3405 1724 3461 aqua

135 3491 309 3545 omnis
337 3490 538 3546 ablutio
566 3500 670 3558 est,
706 3491 798 3546 sed
828 3490 942 3545 luce
1001 3491 1144 3546 inter
1171 3505 1228 3545 se
1259 3489 1430 3544 divisa
1462 3504 1583 3544 esse
1615 3504 1722 3542 non

137 3593 446 3651 possunt,et
468 3583 589 3640 ideo
609 3583 749 3638 aliud
780 3583 878 3638 fuit
906 3583 1168 3654 baptisma
1202 3582 1554 3653 pteuitentitc,
1579 3581 1722 3637 aliud

138 3670 321 3747 gratiae
340 3688 439 3734 est.
471 3679 616 3735 Istud
648 3696 713 3734 ex
745 3689 994 3748 utroque,
1025 3679 1152 3733 illud
1177 3693 1239 3732 ex
1265 3693 1372 3733 uno
1398 3693 1412 3744 ;
1447 3693 1569 3732 nam
1599 3690 1722 3732 cum

142 3777 432 3830 communia
455 3775 646 3830 delicta
701 3775 804 3829 sint
830 3773 1026 3830 mentis
1052 3783 1109 3828 et
1131 3771 1398 3842 corporis,
1421 3770 1724 3841 puriﬁcatio

143 3884 348 3940 quoque
367 3868 554 3924 debuit
577 3885 700 3925 esse
717 3869 1041 3924 communis.
1063 3868 1127 3921 lit
1153 3867 1290 3922 bene
1308 3876 1529 3921 sanctus
1558 3865 1724 3920 Joan-

147 3976 234 4017 nes
257 3977 314 4018 se
340 3962 672 4018 intellexisse
717 3963 1032 4032 signiﬁcans
1055 3960 1182 4030 quid
1215 3960 1268 4014 in
1295 3959 1550 4013 cordibus
1578 3958 1725 4028 cogi-

148 4062 332 4120 tarent,
359 4066 409 4111 et
435 4057 586 4128 quasi
612 4071 720 4110 non
775 4055 1126 4119 intellexerit,
1160 4053 1442 4109 declinans
1471 4053 1724 4121 majesta—

151 4147 212 4200 tis
232 4146 501 4214 invidiam,
549 4163 656 4201 non
686 4147 871 4213 verbo,
917 4146 1014 4202 sed
1070 4160 1236 4214 opere
1273 4144 1566 4200 declaravit
1615 4158 1722 4197 non

152 4254 262 4295 esse
291 4255 346 4296 se
364 4238 653 4296 Christum.
687 4241 833 4312 Opus
856 4240 999 4296 enim
1030 4239 1264 4294 hominis
1288 4249 1368 4293 est
1390 4252 1581 4309 gerere
1611 4251 1726 4307 pte-

153 4335 412 4391 uiteutiam
437 4336 756 4392 delictorum
782 4337 908 4405 ;Dei
927 4352 1124 4392 munus
1140 4348 1222 4392 εει
1243 4334 1468 4407 gratiam
1501 4333 1724 4404 implere

155 4433 396 4502 mysterii.

231 4527 360 4583 l’enit
379 4540 544 4585 autent
575 4530 762 4602 fortior
790 4546 886 4584 me.

222 4624 302 4677 St).
324 4624 429 4680 Non
467 4627 934 4697 comparationem
989 4623 1135 4690 fecit,
1169 4629 1228 4676 ut
1281 4621 1396 4690 ipso
1427 4635 1484 4674 se
1515 4628 1718 4673 tantmn

1901 3402 1989 3458 82.
2018 3399 2230 3456 Habeas
2252 3399 2588 3454 uentilabrum
2620 3399 2672 3452 in
2697 3415 2872 3454 manu.
2909 3393 3208 3454 Ventilabri
3239 3397 3441 3455 indicio

1827 3496 2383 3552 discriminandorum
2403 3494 2665 3549 Dominus
2683 3492 3090 3563 declaraturjus
3107 3492 3306 3548 habere
3325 3509 3440 3548 me-

1828 3592 2059 3646 riturum
2091 3608 2104 3656 ;
2138 3606 2204 3646 eo
2260 3588 2404 3660 quod
2431 3588 2558 3643 dum
2589 3587 2860 3643 frumenta
2908 3589 2960 3642 in
3014 3602 3138 3642 area
3169 3587 3440 3642 ventilan-

1829 3695 1934 3751 tur,
1968 3685 2124 3756 plena
2150 3699 2179 3739 a
2202 3683 2408 3747 vacuis,
2431 3683 2498 3738 ab
2528 3682 2783 3737 inanibus
2811 3681 3090 3736 fructuosa
3123 3681 3285 3736 veluti
3307 3695 3442 3751 quo-

1826 3781 1948 3836 dam
1982 3796 2132 3835 aurae
2177 3779 2436 3850 spirantis
2487 3777 2738 3832 examine
2770 3785 3112 3846 separantur.
3144 3774 3251 3830 Per
3300 3775 3441 3830 hanc

1828 3873 1991 3944 igitur
2021 3871 2485 3942 comparationem
2515 3868 2823 3924 ostenditur
2876 3869 3020 3938 quod
3055 3866 3321 3922 Dominus
3345 3868 3437 3938 ju-

1827 3966 1952 4021 dicii
1982 3965 2071 4019 die
2110 3963 2298 4019 solida:
2341 3963 2532 4016 merita
2567 3961 2882 4030 fructusque
2925 3960 3140 4015 virtutis
3167 3961 3235 4014 ah
3262 3960 3441 4016 inanis

1820 4061 2132 4130 jactantiae,
2167 4057 2498 4125 exiliumque
2537 4057 2800 4109 factorum
2848 4053 3183 4108 infructuosa
3214 4054 3437 4110 levitate

1826 4153 2130 4216 discernat;
2163 4148 2506 4220 perfectioris
2525 4145 2863 4202 meritiviros
2890 4146 3165 4200 locaturus
3199 4147 3252 4200 in
3279 4161 3436 4201 man-

1827 4248 1984 4302 sione
2032 4243 2262 4301 ccelesti.
2293 4242 2414 4312 Ipse
2443 4240 2587 4296 enim
2641 4239 2936 4310 perfeCtior
2976 4237 3183 4294 fructus
3213 4250 3318 4307 est,
3344 4240 3437 4311 qui

1829 4340 2091 4398 meruerit
2119 4339 2236 4410 ejus
2269 4351 2390 4393 esse
2435 4334 2755 4400 conformis,
2788 4335 2878 4406 qui
2913 4335 3054 4390 sicut
3083 4351 3312 4407 granum
3339 4337 3435 4391 tri-

1826 4437 1914 4493 tici
1941 4433 2140 4492 cecidit
2168 4476 2182 4500 ,
2233 4441 2291 4487 ut
2328 4431 2596 4502 plurimos
2642 4430 2848 4485 fructus
2893 4429 3112 4486 aﬁ'erret
3166 4431 3218 4486 in
3254 4432 3434 4499 nobis,

1823 4532 2031 4587 invisus
2062 4529 2252 4600 paleis,
2281 4525 2534 4582 inanibus
2565 4525 2774 4580 meritis
2807 4541 2913 4580 non
2951 4527 3177 4584 amicus.
3215 4528 3280 4584 Et
3309 4527 3433 4584 ideo

1824 4637 1948 4684 ante
1973 4641 2096 4682 eum
2137 4623 2276 4695 ignis
2305 4621 2538 4688 ardebit,
2569 4635 2677 4675 non
2723 4632 2917 4676 natura
2969 4621 3054 4677 sui
3082 4622 3316 4690 noxius;
3350 4633 3436 4680 υι-

164 4716 410 4774 fortiorem
460 4721 657 4776 dixerit
708 4721 983 4777 Christum
1038 4721 1234 4791 (neque
1275 4717 1418 4772 enim
1449 4715 1587 4769 inter
1619 4713 1716 4768 Dei
1748 4705 1793 4773 ἰ)
1824 4733 1946 4794 pote
1973 4722 2062 4791 qui
2092 4719 2230 4773 mala
2264 4713 2625 4786 improbitatis
2678 4724 2888 4782 exurat,
2925 4715 3272 4786 splendorem
3298 4732 3424 4788 pro—

166 4809 335 4867 Filium
374 4822 428 4867 et.
453 4813 723 4868 hominem
774 4814 880 4869 ulla
931 4821 1143 4882 poterat
1167 4824 1288 4865 esse
1333 4809 1598 4881 collatio),
1623 4806 1718 4862 sed

166 4909 268 4976 quia
303 4910 442 4964 multi
485 4909 693 4974 fortes;
727 4925 850 4963 nam
899 4917 953 4962 et
1000 4907 1244 4960 diabolus
1291 4904 1448 4959 fortis
1484 4922 1498 4958 :
1546 4903 1719 4957 Nemo

170 5003 286 5058 enim
317 5013 464 5074 potest
519 5019 637 5057 uasa
690 5004 908 5073 fortis...
954 5003 1199 5073 diripere,
1228 5001 1325 5053 nisi
1356 5001 1502 5069 prius
1529 4997 1717 5066 alliga-

170 5097 273 5150 uerit
291 5099 452 5165 fortem
507 5095 696 5168 (Marc.
733 5111 810 5157 ιιι,
833 5094 948 5166 27).
980 5095 1127 5149 Multi
1159 5109 1287 5164 ergo
1317 5093 1502 5154 fortes,
1528 5091 1718 5145 fortior

174 5206 306 5249 nemo
332 5191 420 5247 nisi
441 5189 708 5246 Christus.
746 5192 982 5260 Denique
1005 5204 1244 5259 eousque
1276 5203 1384 5243 non
1415 5187 1541 5241 fecit
1567 5202 1718 5242 com-

175 5291 478 5355 parationem,
508 5297 567 5341 ut
609 5285 909 5342 addiderit:
951 5284 1114 5357 Cujus
1133 5299 1233 5338 non
1257 5301 1363 5338 sum
1395 5284 1584 5354 dignus
1609 5282 1717 5337 cal-

178 5429 540 5485 nriscricordia...
582 5430 925 5484 necessarium
966 5437 1014 5481 et
1039 5429 1100 5481 ab
1133 5425 1363 5480 omnibus
1385 5424 1722 5497 deferendum

180 5511 252 5552 est.
279 5502 478 5571 Reliqui.
513 5519 575 5556 ac
603 5503 732 5557 edit.
763 5509 821 5554 ut
851 5503 1110 5571 inﬂtextn.

239 5567 465 5628 llScilicet
493 5575 612 5628 lsai.
650 5591 741 5636 vn,
776 5573 833 5627 Li
864 5591 876 5626 :
909 5569 1130 5635 PrOpter
1158 5571 1252 5624 hoc
1290 5567 1434 5624 dabit
1469 5567 1723 5622 Dominus

181 5640 267 5704 ipse
281 5646 394 5698 vobis
417 5647 636 5715 signant.
657 5645 792 5699 Ecce
821 5645 962 5713 uirgo
990 5644 1260 5707 concipiet,
1278 5654 1323 5695 et
1352 5643 1515 5714 pariet
1529 5641 1719 5715 ﬁlium,

183 5725 265 5782 etc.
310 5711 671 5772 Recte'autem
725 5711 1046 5772 Ambrosius
1099 5716 1316 5769 .ludams
1352 5711 1587 5782 arguit,
1631 5711 1722 5781 qui

183 5781 400 5844 Christum
430 5807 493 5845 ex
522 5791 750 5846 muliere
784 5797 1070 5842 venturum
1105 5797 1379 5856 putantes,
1409 5785 1720 5841 hebraicam

186 5870 301 5952 Isaia:
345 5894 513 5933 vncem
558 5862 843 5952 33:53pm
890 5878 1131 5952 qualibet
1177 5875 1437 5940 muliere,
1474 5887 1579 5928 non
1626 5885 1724 5941 pro

189 5949 366 6017 \ll'glnc,
387 5964 496 6020 quze
554 5950 914 6020 virginitatem
949 5949 1001 6002 in
1031 5957 1296 6017 conceptu
1327 5957 1378 6002 et
1425 5956 1580 6016 partu
1612 5958 1724 6000 ser-

1828 4813 2012 4870 hitatis
2044 4809 2371 4866 accumulat.

1898 4905 2082 4978 (Vers.
2112 4903 2206 4969 ‘21,
2233 4902 2351 4973 22.)
2378 4899 2598 4956 Factum
2630 4907 2703 4955 est
2745 4909 2936 4965 autem,
2981 4919 3094 4955 cum
3142 4903 3434 4976 baptizatus

1824 5011 1951 5058 esset
1980 5001 2146 5055 omnis
2167 5000 2413 5072 papulas,
2443 5007 2491 5052 et
2519 4995 2643 5052 Iesu
2667 4996 2950 5068 baptizata,
2980 5007 3027 5052 et
3052 5009 3252 5065 orante,
3280 5017 3434 5072 aper-

1823 5106 1928 5150 tum
1957 5105 2030 5149 est
2052 5094 2256 5161 artum,
2281 5099 2330 5146 et
2377 5091 2637 5146 descendit
2666 5090 2900 5161 Spiritus
2941 5102 3150 5147 sanctus
3172 5095 3434 5164 corporali

1823 5190 1987 5262 specie
2014 5191 2146 5244 sicut
2176 5185 2415 5242 columba
2462 5187 2514 5239 in
2557 5186 2767 5252 ipsum;
2797 5194 2846 5239 et
2886 5201 2986 5240 uox
3024 5187 3086 5240 de
3133 5187 3260 5252 caelo
3289 5192 3429 5260 facta

1823 5293 1896 5338 est
1923 5299 1941 5338 :
1965 5279 2136 5338 Filius
2151 5298 2293 5336 meus
2325 5297 2374 5335 es
2399 5290 2477 5346 tu,
2510 5279 2563 5333 in
2592 5288 2640 5333 te
2667 5279 2978 5350 complacui.

1831 5422 2032 5476 vaverit
2079 5417 2455 5488 accipiendam
2478 5431 2600 5472 esse
2623 5415 2955 5486 pertinacius
3003 5418 3427 5475 Contendebant.

1831 5502 1964 5556 Vide
1986 5500 2144 5555 ﬂuet.
2180 5499 2448 5553 Demonst.
2477 5497 2674 5567 Euang.
2698 5511 2820 5566 cap.
2854 5497 2908 5552 9.

1897 5580 1924 5619 ι’
1956 5581 2046 5634 Sic
2089 5595 2278 5633 omnes
2317 5579 2448 5632 edit.
2479 5593 2542 5631 ac
2597 5577 2986 5647 propemodum
3033 5579 3215 5634 cuncti
3271 5596 3432 5646 mss.;

1826 5651 1987 5708 Corh.
2024 5665 2199 5705 tamen
2229 5659 2284 5706 et
2313 5650 2402 5704 alii
2429 5649 2664 5719 pauculi,
2701 5646 2840 5701 Nam
2873 5666 2990 5703 cum
3021 5667 3085 5705 ea:
3105 5652 3305 5705 duobus
3331 5669 3428 5706 na-

1829 5727 2011 5779 turalis
2029 5723 2202 5788 homo,
2219 5732 2325 5777 etc.
2345 5721 2552 5775 Rursus
2578 5720 2768 5775 eodem
2785 5722 2908 5776 loco
2939 5721 3067 5774 edit.
3092 5738 3302 5785 mnucs,
3334 5725 3428 5778 sed

1827 5814 1947 5854 cum
1978 5811 2110 5852 mss.
2143 5797 2365 5848 omnino
2394 5793 2625 5854 duobus,
2659 5792 2860 5846 uisibile
2888 5809 2979 5863 per
3007 5792 3221 5856 uisibile,
3253 5794 3433 5850 inuisi-

1829 5869 1927 5924 bile
1947 5879 2034 5940 per
2053 5866 2470 5940 inuisibile,ete.
2493 5863 2623 5919 Mss.
2653 5867 2796 5940 octo,
2830 5863 3025 5940 uisibile
3049 5878 3138 5940 per
3158 5865 3433 5940 invisibile,

1829 5933 2094 5997 inuiiibile
2132 5953 2226 6007 per
2264 5935 2487 6002 uisibile,
2533 5941 2638 5992 etc".
2671 5933 2873 5990 Verum
2927 5933 3016 5988 alii
3049 5933 3273 5993 totidem
3302 5933 3436 6010 pro;
