4156 6346
502 326 522 381 1
537 324 640 385 588

1879 310 2124 371 SANCTI
2162 308 2483 370 AMBRUSll

3678 305 3815 367 ιδει

574 442 666 500 85.
702 442 1012 511 Baptizatus
1034 451 1118 497 est
1144 456 1275 510 ergo
1305 438 1570 495 Dominus
1600 449 1707 490 non
1736 432 1987 489 mundari
2015 446 2108 487 vo-
2136 432 2182 491 Δ
2212 427 2410 483 Filium
2452 425 2787 493 discrepare,
2808 427 2899 497 qui
2931 426 3072 481 circa
3096 423 3346 494 praesldia
3370 431 3555 479 nostra
3576 438 3682 478 non
3697 423 3813 478 dis-

503 537 645 599 lens.
702 536 797 591 sed
839 535 1098 590 mundare
1147 547 1353 606 aquas;
1409 542 1467 586 ut
1495 528 1692 584 abluta:
1744 542 1843 597 per
1885 540 2104 581 carnem

505 631 731 696 Christi,
764 645 883 699 quae
914 639 1191 701 peccatum
1218 644 1322 683 non
1354 625 1630 696 cognovit,
1656 620 1993 693 baptismatis
2017 620 2106 689 jus

509 721 795 777 haberent.
829 720 896 777 Et
946 721 1068 776 ideo
1098 719 1190 790 qui
1240 720 1305 773 ad
1337 718 1537 773 Christi
1570 718 1843 770 lavacrum
1877 712 2103 776 venerit,

509 823 728 887 peceata
770 815 1012 883 deponit.
1057 814 1288 870 Pulchre
1315 823 1494 869 autem
1530 814 1581 866 in
1608 812 1672 865 iis
1697 826 1816 881 quae
1842 826 1870 864 a
1898 809 2109 863 cieteris

508 907 647 964 dicta
678 918 826 971 sunt,
854 918 1077 962 sanctus
1106 906 1281 962 Lucas
1331 905 1545 980 1309
1570 902 1905 972 eVnngellsla
1955 915 2105 956 com-

506 1002 767 1073 pendium
822 1002 1076 1075 sumpsit,
1130 1014 1185 1058 et
1236 1002 1648 1072 intelligendum
1702 998 1873 1068 magis
1903 996 2046 1066 qttod
2078 1010 2109 1050 a

506 1095 720 1153 Joanne
770 1096 1036 1153 Dominus
1087 1097 1388 1164 baptizatus
1427 1105 1531 1160 est,
1591 1110 1751 1166 quam
1790 1106 2109 1162 expressum

508 1192 747 1261 reliquit.
776 1192 909 1259 Quae
932 1202 1114 1247 autem
1149 1191 1411 1246 Dominici
1435 1205 1595 1245 causa
1621 1186 1977 1257 baptismatis,
2009 1185 2112 1239 Do-

511 1283 690 1338 minus
718 1285 834 1355 ipse
864 1284 1108 1341 declarat
1139 1286 1324 1340 dicens
1352 1284 1511 1339 :Sine
1537 1282 1724 1349 modo;
1751 1282 1824 1336 sie
1852 1281 1986 1335 enim
2017 1279 2109 1334 de-

505 1389 585 1434 cet
612 1395 703 1434 nos
731 1379 941 1449 implere
973 1395 1172 1432 omnem
1186 1378 1444 1449 justitiam
1480 1375 1694 1449 (Matth.
1729 1391 1807 1440 ιιι,
1836 1374 1947 1443 15).

586 1473 678 1528 84.
719 1472 855 1527 Cum
903 1472 1066 1540 igitur
1099 1482 1245 1526 tanta
1273 1470 1339 1525 ad
1382 1470 1797 1525 aediﬁcationem
1852 1466 2115 1523 Ecclesiae

506 1584 622 1624 suae
652 1567 840 1622 divino
870 1566 1014 1622 Deus
1048 1566 1233 1622 favore
1256 1565 1592 1622 concesserit
1618 1580 1632 1629 ;
1663 1572 1723 1618 ut
1741 1573 1860 1633 post
1889 1562 2116 1633 patriar-

507 1662 674 1724 ebas,
730 1660 1058 1731 prophetas,
1114 1660 1374 1725 angelos,
1414 1660 1723 1730 unigenitus
1753 1656 2117 1713 descenderet

511 1754 606 1809 Dei
639 1752 830 1818 Filius,
860 1764 915 1809 ct
935 1753 1001 1808 ad
1029 1755 1303 1808 lavacrum
1330 1753 1571 1817 veniret;
1604 1766 1782 1806 nonne
1805 1766 1932 1805 vere
1952 1758 2116 1817 atque

2210 527 2459 589 crepant.
2476 518 2673 574 Docuit
2692 518 2957 591 igiturme
2976 515 3146 571 David
3161 514 3305 586 quod
3321 530 3483 570 nemo
3496 513 3611 569 sine
3628 512 3811 568 Domi-

2212 612 2781 680 tiorcdilicetdomum,
2801 610 3360 667 custodiatcivitatem
3378 607 3496 679 (Ps.
3527 623 3711 673 cxxvt,
3734 607 3812 679 1).

2282 708 2373 763 85.
2419 707 2611 762 Docuit
2633 722 2718 761 me
2744 706 2908 763 etiam
2940 705 3152 777 Moyses
3178 703 3325 776 quod
3355 718 3516 759 nemo
3538 702 3638 757 nisi
3667 702 3815 757 Deus

2212 799 2400 856 iecerit
2444 799 2743 855 mundum:
2776 797 2844 853 In
2892 799 3150 869 principio
3202 798 3348 853 enim
3393 796 3513 869 fecit
3546 794 3685 851 Dens
3714 810 3817 850 ca:-

2213 895 2320 949 lunt
2359 903 2405 950 et
2437 906 2626 949 terram
2658 892 2815 965 (Gen.
2848 908 2886 958 ι,
2924 890 3000 963 1).
3047 891 3243 947 Docoit
3268 891 3431 945 etiam
3464 888 3608 959 quod
3642 887 3819 943 homi-

2215 1004 2338 1042 nem
2398 987 2539 1042 Deus
2576 1001 2746 1057 opere
2801 1000 2903 1039 suo
2968 984 3191 1049 fecerit;
3245 998 3347 1038 nec
3386 983 3565 1038 otiose
3595 979 3815 1053 posuit:

2216 1077 2399 1134 Finxit
2431 1077 2571 1134 Deus
2601 1078 2861 1133 hominem
2903 1077 2966 1131 de
2988 1078 3109 1131 limo
3141 1087 3322 1142 terrae,
3366 1083 3415 1130 et
3444 1073 3731 1144 insui/lavit
3761 1073 3819 1127 in

2217 1176 2402 1245 [aciem
2429 1174 2540 1243 ejus
2569 1174 2753 1243 ﬂatum
2781 1172 2897 1226 vita:
2922 1169 3075 1243 (Gen.
3112 1186 3172 1237 ιι,
3205 1169 3260 1239 7)
3285 1184 3299 1235 ;
3329 1177 3386 1223 ιιι
3415 1177 3597 1223 actum
3626 1182 3822 1239 quent-

2216 1267 2341 1323 dam
2369 1267 2466 1323 Dei
2514 1267 2658 1323 circa
2699 1266 3115 1322 aediﬁcationem
3166 1264 3402 1319 hominis
3447 1278 3549 1318 usu
3580 1260 3821 1334 quodam

2217 1363 2515 1434 corporalis
2562 1360 2902 1433 operationis
2954 1360 3230 1415 advertas.
3268 1357 3462 1414 Docuit
3496 1358 3659 1412 etiam
3691 1354 3823 1427 quia

2220 1470 2275 1516 et
2304 1458 2587 1515 mulierem
2620 1458 2767 1525 ,lecit
2798 1457 2942 1512 Deus
2977 1473 2990 1510 :
3023 1454 3249 1509 Immisit
3297 1454 3443 1509 enim
3487 1451 3629 1508 Deus
3669 1466 3825 1521 sopo-

2218 1572 2322 1610 rem
2353 1555 2406 1608 in
2431 1554 2619 1619 Adam,
2648 1563 2697 1607 et
2720 1552 2989 1618 dormivit,
3022 1561 3068 1604 et
3096 1549 3315 1622 sumpsit
3343 1563 3502 1601 unam
3535 1554 3729 1601 costam
3756 1542 3825 1598 de

2221 1650 2381 1703 latere
2405 1649 2544 1714 eius,
2583 1647 2795 1720 1310
2822 1645 2849 1685 ι’
2875 1656 2923 1700 et
2946 1645 3159 1714 replevit
3181 1659 3387 1697 carnem
3428 1643 3540 1713 ejus
3572 1657 3589 1696 :
3620 1650 3667 1696 et
3692 1639 3823 1695 tedi-

2220 1742 2391 1813 ﬁeavit
2419 1739 2677 1796 Dominus
2720 1742 2859 1794 Deus
2884 1749 3080 1794 costam
3106 1755 3262 1809 quant
3291 1736 3511 1807 sumpsit
3542 1735 3605 1790 ab
3626 1734 3821 1799 Adam,

510 1847 694 1903 divine
723 1848 788 1903 de
819 1848 1060 1904 Ecclesia
1106 1849 1465 1920 cognovimus
1505 1846 1710 1902 dictum
1738 1864 1750 1899 :
1787 1844 1908 1899 Nisi
1938 1842 2117 1898 Domi-
2149 1837 2195 1897 B
2224 1837 2277 1891 in
2310 1838 2576 1891 mulierem
2619 1833 2815 1908 (lbid.,
2842 1834 2909 1889 21
2937 1844 2984 1888 et
3015 1831 3133 1904 2‘2).
3172 1831 3289 1887 Noli
3320 1830 3542 1897 frustra,
3597 1836 3658 1885 ut.
3682 1828 3823 1893 dixi,

516 1958 611 1996 nus
656 1942 991 2011 aedificaverit
1039 1941 1250 1995 domum
1274 1982 1289 2002 ,
1342 1941 1395 1995 in
1427 1956 1610 1995 vanum
1642 1940 1999 1993 laboraverunt
2029 1936 2116 2005 qui

511 2034 772 2105 sedi/Erant
806 2052 917 2090 eam
948 2034 1122 2108 (Psal.
1156 2050 1338 2098 cxxvt,
1372 2034 1467 2099 1)?
1510 2032 1623 2089 Nec
1655 2034 1853 2087 tnirnm
1885 2032 1929 2086 si
1953 2030 2118 2086 homo

508 2130 786 2187 indilicare
810 2147 916 2185 non
954 2136 1155 2201 potest,
1181 2129 1271 2200 qui
1302 2144 1412 2183 non
1446 2134 1629 2199 p0lest
1648 2124 1929 2182 custodire
1958 2142 1971 2179 :
1998 2122 2122 2178 Nisi

512 2222 769 2279 Dominus
802 2224 1107 2277 custodierit
1153 2224 1432 2286 civitatem,
1476 2224 1529 2275 in
1561 2237 1751 2275 vanum
1783 2220 2120 2294 vigilaveram

510 2317 603 2387 qui
629 2314 927 2370 custodiunt
968 2331 1082 2370 eam
1111 2312 1323 2386 (lbid.).
1361 2312 1489 2369 Ha'c
1514 2312 1582 2368 de
1622 2312 1855 2383 quodam
1887 2310 2118 2382 psalmo.

512 2409 704 2468 Auden
740 2417 922 2464 tamen
957 2408 1123 2463 etiam
1167 2423 1267 2479 ego
1312 2406 1532 2473 dicere,
1588 2406 1729 2476 quod
1780 2404 1944 2459 homo
1981 2404 2119 2459 viam

510 2517 621 2557 non
645 2499 819 2564 possit
836 2501 1061 2567 adoriri,
1091 2501 1192 2555 ttisi
1212 2500 1497 2554 Dominum
1520 2498 1717 2554 habeat
1744 2498 2119 2569 praeviantem.

513 2594 669 2651 Unde
696 2596 928 2665 criptum
970 2606 1081 2652 est:
1117 2593 1246 2650 Post
1270 2594 1547 2650 Dominum
1577 2592 1747 2650 Deum
1770 2603 1912 2647 tuum
1936 2593 2117 2648 ambu-

514 2688 644 2744 labis
672 2687 852 2759 (Deut.
888 2705 1007 2754 xttt,
1038 2687 1119 2758 4);
1146 2698 1223 2755 et,
1246 2690 1289 2743 A
1318 2686 1542 2743 Domino
1576 2688 1877 2761 diriguntur
1906 2687 2000 2741 via:
2029 2686 2125 2740 tiri

517 2782 701 2855 (Prov.
738 2800 833 2849 xx,
865 2783 981 2855 Ἡ).
1018 2784 1261 2856 Denique
1286 2784 1377 2839 ille
1408 2784 1739 2855 perfeCtior,
1785 2783 1882 2853 qui
1923 2782 2125 2837 intelli-

514 2887 672 2948 geret
721 2892 781 2932 se
820 2876 939 2933 sine
980 2877 1213 2933 Domino
1258 2877 1540 2933 ambulare
1571 2893 1677 2932 non
1734 2891 1936 2947 posse:
1974 2874 2122 2943 Vias,

518 2972 718 3044 inquit,
752 2982 867 3027 tuas
898 2971 1052 3027 edoce
1079 2989 1157 3026 me
1184 2972 1357 3036 (Psal.
1389 2988 1539 3037 xxiv,
1574 2971 1653 3044 4).
1690 2973 1751 3026 Et
1783 2982 1838 3026 ut
1865 2971 1931 3026 ad
1955 2970 2124 3026 histo-

514 3067 653 3122 riam
686 3066 973 3121 veniamus
996 3065 1127 3137 (non
1156 3066 1302 3120 enim
1346 3064 1651 3134 simplicem
1687 3074 1895 3120 tantum
1928 3064 2007 3119 rei
2036 3080 2128 3135 ge-

517 3165 619 3216 stae
644 3158 844 3214 seriem
870 3156 1134 3213 debemus
1158 3158 1400 3225 haurire,
1429 3159 1522 3212 sed
1550 3158 1712 3213 etiam
1736 3169 1889 3213 actus
1908 3168 2126 3214 nostros

2218 1928 2599 1998 Corporalibtts
2650 1927 2972 1997 qmbusdatn
3028 1925 3280 1981 manibus
3343 1925 3487 1979 circa
3539 1923 3711 1979 Adam
3767 1928 3827 1977 et

2220 2022 2390 2077 Evam
2440 2021 2656 2093 Moyses
2699 2020 2866 2075 Deum
2920 2019 3129 2075 inducit
3170 2026 3512 2089 operantem.
3565 2014 3827 2072 Mundum

2222 2116 2366 2173 Deus
2383 2114 2496 2169 licri
2521 2114 2704 2185 jussit,
2725 2125 2778 2170 et
2805 2114 2977 2169 factos
2990 2122 3094 2180 est,
3109 2122 3165 2169 et
3180 2112 3464 2169 unoverbo
3479 2127 3615 2182 opus
3636 2110 3827 2166 mundi

2223 2212 2504 2283 Scriptura
2539 2210 2742 2265 indicat
2781 2209 3091 2265 absolutum
3127 2225 3141 2262 :
3173 2208 3238 2263 ad
3272 2208 3549 2263 hominem
3586 2208 3823 2275 venitur,

2223 2315 2278 2361 et
2309 2320 2504 2361 manus
2545 2305 2694 2375 ipsas
2729 2303 3133 2374 quodammodo
3177 2302 3385 2358 studuit
3426 2302 3522 2357 tibi
3553 2301 3828 2374 Propheta

2224 2398 2319 2455 Dei
2349 2398 2650 2456 laborantis
2676 2399 2970 2454 ostendere
3003 2396 3175 2469 (Psal.
3205 2414 3329 2459 ch.
3360 2398 3441 2470 5).

2297 2492 2387 2550 86.
2433 2493 2559 2548 ιἸιιε
2588 2494 2776 2549 nescio
2824 2492 2951 2563 quid
2988 2493 3042 2549 in
3078 2492 3159 2548 his
3192 2494 3528 2561 intelligere,
3558 2510 3719 2566 quam
3752 2494 3832 2551 le-

2225 2604 2318 2660 go,
2345 2603 2510 2659 opera
2536 2588 2627 2643 Dei
2662 2588 2939 2644 elaborata
2974 2603 3061 2643 me
3104 2597 3327 2658 cogunt.
3359 2586 3629 2644 Subvenit
3678 2587 3829 2659 Apo-

2226 2681 2399 2737 stolus
2422 2682 2696 2747 a-stuanti,
2723 2689 2780 2736 et
2824 2682 2968 2752 quod
3014 2696 3117 2752 ego
3156 2696 3263 2737 non
3299 2682 3671 2754 intelligebam
3701 2682 3833 2751 quid

2228 2786 2377 2833 esset
2406 2795 2418 2831 :
2457 2776 2527 2832 0s
2553 2776 2617 2831 de
2642 2776 2842 2832 ossibus
2865 2777 3014 2843 meis,
3056 2788 3103 2831 et
3131 2793 3253 2832 caro
3283 2776 3347 2833 de
3390 2794 3546 2832 carne
3571 2794 3723 2834 mea:
3753 2786 3832 2844 et,

2231 2871 2361 2927 Hart:
2392 2870 2656 2928 vocabitur
2692 2872 2910 2937 mulier;
2960 2872 3206 2943 quoniam
3247 2870 3310 2926 de
3342 2873 3450 2927 viro
3476 2889 3569 2926 suo
3599 2889 3840 2944 assump-

2230 2978 2281 3021 ta
2311 2977 2385 3022 est
2409 2965 2600 3039 (Ibid.,
2620 2966 2915 3039 25)divino
2938 2966 3071 3022 mihi
3095 2967 3289 3038 Spiritu
3318 2969 3582 3024 revelavit
3601 2968 3789 3024 dicens
3820 2986 3837 3021 :

2232 3062 2626 3117 Sacramentum
2646 3060 2745 3116 hoc
2758 3078 2996 3133 magnum
3014 3072 3089 3117 est
3110 3061 3333 3134 (Epltes.
3352 3078 3407 3129 ν,
3435 3062 3549 3134 32).
3575 3062 3733 3131 Quod
3752 3077 3840 3117 sa-

2232 3156 2596 3211 cramcntutn?
2618 3156 2752 3224 Quia
2767 3156 2869 3209 duo
2882 3165 3029 3210 erunt
3042 3157 3095 3210 in
3107 3172 3262 3211 carne
3276 3173 3404 3223 una;
3423 3167 3497 3222 et,
3509 3155 3645 3223 Quia
3673 3155 3838 3211 relin-

521 3252 588 3307 ad
614 3251 1022 3308 aemulationem
1050 3253 1385 3325 scriptorum
1419 3253 1649 3325 referre)
1674 3270 1739 3310 ex
1771 3253 2011 3327 {Egypto
2035 3270 2128 3325 po-
2153 3229 2197 3292 (ἶ
2231 3262 2349 3320 quet
2382 3251 2535 3304 homo
2558 3260 2754 3320 patrem
2783 3261 2830 3305 et
2860 3260 3073 3306 matrem
3096 3293 3111 3317 ,
3163 3262 3211 3307 et
3233 3251 3520 3307 adltwrebit
3547 3253 3704 3306 uxori
3730 3267 3841 3307 sui:

522 3349 680 3419 polus
706 3348 872 3405 exivit
898 3390 914 3416 ,
940 3348 1223 3405 nesciebat
1242 3349 1381 3404 viam
1424 3365 1545 3421 qua:
1572 3347 1640 3404 ad
1666 3360 1870 3405 terram
1898 3350 2131 3406 duceret

519 3450 791 3498 sanctam.
818 3441 965 3497 Misit
990 3442 1132 3499 lleus
1175 3458 1271 3513 per
1294 3453 1511 3498 noctem
1542 3441 1855 3497 columnam
1884 3444 2046 3513 ignis,
2074 3450 2133 3498 ut

526 3553 623 3609 per
668 3536 983 3592 columnam
1036 3538 1266 3607 populus
1299 3536 1440 3591 viam
1494 3535 1753 3591 disceret.
1790 3536 1932 3591 Misit
1964 3535 2129 3591 etiam

525 3648 623 3702 per
644 3631 786 3687 diem
806 3632 1116 3686 columnam
1137 3630 1319 3696 nubis,
1337 3637 1395 3685 ut
1412 3646 1591 3699 neque
1608 3630 1673 3684 ad
1707 3629 2006 3692 sinistram,
2039 3646 2134 3687 ne-

529 3739 636 3795 que
696 3723 764 3779 ad
812 3723 1100 3779 dexteram
1152 3722 1457 3779 declinaret
1497 3720 1697 3796 (Exod.
1729 3738 1846 3786 stu,
1872 3721 1990 3794 2|).
2025 3722 2133 3779 Sed

528 3833 635 3871 non
658 3831 718 3870 cs
734 3817 878 3881 talis,
901 3816 1087 3884 homo,
1106 3826 1162 3871 ut
1187 3817 1450 3871 merearis
1472 3828 1522 3871 et
1543 3827 1596 3870 tu
1624 3817 1762 3887 ignis
1779 3816 2088 3873 columnam
2117 3834 2131 3871 :

525 3925 634 3966 non
665 3909 832 3965 habes
861 3907 1083 3979 Moysrn
1103 3950 1118 3974 ,
1151 3926 1258 3965 non
1283 3910 1492 3979 accipis
1517 3910 1769 3981 signum;
1814 3926 1959 3967 nunc
1985 3911 2134 3966 enim

527 4012 647 4072 post
673 4002 980 4057 adventum
1012 4001 1223 4055 Domini
1259 4002 1392 4057 lides
1422 4003 1677 4070 exiuitur,
1710 4004 1861 4073 signa
1893 4003 2138 4060 condun-

528 4106 638 4151 tur.
661 4094 814 4151 Time
849 4095 1045 4163 Deum,
1082 4108 1136 4151 et
1171 4112 1444 4166 prtusttme
1471 4096 1540 4150 de
1576 4096 1806 4152 Dotnino
1836 4114 1851 4151 :
1896 4096 2139 4155 Immittit

526 4189 670 4246 enim
700 4189 908 4260 angelos
936 4186 1197 4243 Dominus
1252 4190 1306 4244 in
1335 4191 1555 4245 circuitu
1592 4191 1881 4245 timentium
1922 4207 2059 4259 eum,
2093 4204 2141 4248 et

528 4286 709 4357 eripiet
740 4301 825 4339 eos
850 4283 1026 4352 (Psal.
1082 4300 1255 4339 xxxnt
1276 4326 1289 4347 ,
1321 4286 1401 4356 8).
1444 4284 1607 4340 Vides
1648 4286 1830 4355 itaque
1862 4287 1987 4356 quia
2017 4289 2139 4342 111ιί-

531 4394 635 4447 que
670 4378 885 4433 DOntitti
930 4377 1103 4434 virtus
1149 4377 1345 4431 studiis
1392 4388 1724 4447 cooperator
1767 4376 2054 4443 humanis;
2086 4388 2145 4434 ιιι

532 4488 696 4528 nemo
727 4474 895 4539 possit
925 4472 1198 4527 tediﬁeare
1221 4472 1338 4526 sine
1361 4470 1613 4536 Domino,
1650 4488 1811 4528 nemo
1859 4474 2143 4531 custodire

531 4567 651 4621 sine
684 4566 916 4622 Dunitto
940 4609 954 4633 ,
998 4584 1156 4621 neruo
1189 4567 1483 4639 quidquam
1515 4567 1758 4637 incipere
1777 4569 1895 4623 sine
1915 4570 2143 4625 Domino

2234 3345 2428 3420 (Ibid,
2453 3345 2546 3418 51)
2566 3364 2579 3400 :
2598 3355 2675 3411 et,
2700 3346 2955 3415 Quoniam
2982 3346 3209 3401 membra
3229 3363 3407 3401 sumus
3434 3347 3670 3416 corporis
3705 3349 3840 3420 ejus,

2236 3441 2300 3494 de
2330 3457 2484 3495 carne
2514 3443 2647 3514 ejus,
2678 3450 2724 3495 et
2752 3439 2817 3495 de
2847 3441 3050 3495 ossibus
3074 3444 3186 3514 ejus
3217 3438 3408 3513 (lbid.,
3446 3438 3562 3511 50).
3597 3441 3733 3508 Quis
3759 3446 3845 3495 est

2238 3534 2343 3590 iste
2371 3534 2453 3590 vir
2498 3544 2722 3607 propter
2775 3550 2938 3606 quem
2990 3535 3187 3590 mulier
3236 3543 3495 3605 parentes
3535 3532 3844 3605 relinquat?

2238 3627 2521 3699 Relinquit
2552 3636 2810 3698 parentes
2842 3628 3111 3693 Ecclesia,
3166 3642 3287 3699 quae
3327 3629 3397 3683 de
3419 3627 3721 3699 gentilibus
3752 3642 3845 3694 po-

2242 3722 2381 3795 pulis
2411 3731 2737 3793 congregata
2761 3730 2867 3788 est,
2899 3722 2987 3778 cui
3016 3721 3335 3793 prepltetice
3378 3721 3578 3778 dicitur
3603 3739 3615 3774 :
3642 3720 3842 3775 Oblivi-

2240 3833 2378 3872 scere
2393 3816 2832 3889 populumtuum,
2866 3825 2913 3870 et
2939 3815 3152 3870 domum
3182 3816 3348 3884 patris
3376 3816 3453 3870 tui
3480 3814 3656 3882 (Psul.
3694 3830 3841 3879 thv,

2242 3912 2357 3983 11).
2388 3910 2619 3982 Propter
2640 3926 2800 3982 quem
2831 3910 3027 3977 virum,
3058 3910 3159 3965 nisi
3190 3907 3331 3965 forte
3361 3909 3515 3964 illum
3538 3908 3608 3964 de
3634 3925 3743 3979 quo
3765 3908 3848 3964 di-

2243 4007 2317 4063 cit
2343 4007 2586 4063 Joannes
2635 4024 2648 4061 :
2689 4004 2818 4061 Post
2851 4021 2929 4059 me
2953 4006 3090 4061 venit
3120 4004 3195 4060 vir
3224 4004 3312 4076 qui
3336 4014 3457 4059 ante
3481 4020 3558 4058 me
3583 4006 3751 4074 factus
3772 4012 3847 4058 est

2247 4097 2427 4171 (Joan.
2446 4115 2484 4165 ι,
2509 4098 2602 4171 27)
2620 4097 2644 4153 7
2665 4099 2738 4155 De
2762 4097 2917 4169 cujus
2934 4098 3104 4153 latere
3127 4096 3455 4153 dormientis
3476 4106 3683 4153 costam
3703 4095 3847 4152 Deus

2246 4196 2516 4265 sumpsit;
2544 4194 2661 4265 ipse
2704 4194 2850 4250 enim
2898 4202 2983 4249 est
3023 4194 3115 4264 qui
3146 4193 3423 4258 dormivit,
3460 4200 3516 4249 et
3547 4192 3756 4264 quievit
3793 4198 3850 4247 et

2248 4288 2578 4356 resurrexit;
2613 4288 2865 4360 quoniam
2889 4288 3155 4344 Dominus
3177 4286 3416 4358 suscepit
3436 4301 3581 4343 eum.
3612 4286 3744 4353 Qua:
3761 4293 3849 4341 est

2249 4382 2410 4453 hujus
2426 4392 2577 4439 costa
2592 4381 2619 4421 ι)
2637 4383 2743 4439 nisi
2759 4383 2957 4439 virtus?
2984 4382 3117 4453 Quia
3135 4394 3262 4438 tunc
3286 4380 3504 4453 quando
3522 4380 3681 4436 miles
3707 4379 3850 4435 latus

2251 4479 2373 4547 ejus
2402 4478 2702 4549 aperuerit,
2728 4480 2990 4534 continuo
3020 4493 3158 4548 aqua
3188 4486 3245 4533 et
3275 4477 3496 4547 sanguis
3526 4474 3694 4531 exivit
3719 4514 3733 4539 ,
3754 4471 3848 4542 qui

2255 4570 2458 4627 ell'usus
2474 4580 2559 4627 est
2582 4587 2677 4641 pro
2697 4573 2882 4629 saeculi
2902 4573 3011 4627 vita
3040 4571 3223 4643 (Joan.
3245 4586 3360 4637 ιιι,
3375 4571 3488 4640 Si).
3503 4569 3643 4626 illaec
3662 4565 3849 4622 steculi

536 4657 728 4731 (σοιτί.
748 4660 810 4716 S.
832 4632 1290 4729 August.ltb.deC
1299 4632 1431 4717 ratio
1446 4632 1657 4727 Christi,
1674 4681 1789 4737 cap.
1806 4661 1919 4737 44).
1942 4664 2143 4722 Etideo
2178 4632 2231 4694 D
2257 4666 2387 4729 vita,
2412 4672 2561 4722 costa
2582 4632 2785 4721 hbristi
2813 4674 2935 4721 est:
2965 4632 3083 4721 haec
3110 4674 3261 4721 costa
3292 4632 3517 4719 secundi
3542 4669 3626 4716 est
3650 4658 3848 4715 Adam.

532 4754 685 4823 juxta
705 4754 1023 4827 Apostulttm
1040 4773 1053 4810 :
1072 4758 1191 4813 Sive
1205 4760 1551 4824 manducntis,
1569 4760 1674 4815 sive
1688 4760 1987 4827 bibitis,sivr
2001 4763 2145 4818 aliud

535 4850 661 4917 quid
675 4849 869 4918 facitis.
886 4851 1057 4903 onntia
1071 4850 1122 4903 in
1138 4852 1357 4921 gloriam
1369 4850 1467 4907 Dei
1485 4854 1661 4924 facile,
1678 4856 1731 4909 iu
1744 4857 1945 4909 nomine
1958 4854 2109 4911 Domi
2124 4890 2139 4900 -

538 4941 593 4995 ni
623 4943 784 4996 nostri
807 4938 937 4998 Jesu
973 4942 1160 4998 Christi
1190 4944 1236 5007 (ι
1262 4944 1382 4999 Cor.
1417 4961 1471 5006 κ.
1499 4946 1559 5001 5t
1596 4949 1638 5018 ).
1678 4946 1734 5002 lo
1760 4948 1969 5003 duabus
1995 4950 2139 5005 enim

536 5037 782 5107 epistolis
803 5055 815 5086 :
836 5038 960 5092 alibi
978 5038 1031 5089 in
1051 5038 1255 5091 nomine
1275 5036 1803 5094 Domininostrilesu
1820 5038 2144 5113 Cltrisli(Co-

538 5127 659 5184 loss.
678 5144 761 5196 ιιι,
785 5130 892 5193 l7i;
908 5128 1041 5184 alibi
1064 5128 1117 5183 in
1138 5130 1362 5199 gloriam
1385 5128 1481 5184 Dei
1501 5130 1678 5185 lacrre
1701 5139 1755 5187 te
1774 5134 2025 5202 pra-cepit
2046 5151 2061 5201 ;
2084 5146 2142 5188 ut

540 5222 684 5276 scias
704 5220 952 5277 eamdem
967 5236 1092 5277 esse
1111 5219 1287 5275 Patris
1306 5233 1359 5276 et
1378 5220 1765 5292 Filiigloriam,
1782 5223 2144 5294 eamdemque

543 5317 796 5372 virtutem
820 5335 834 5371 :
856 5314 1367 5387 necinaiiquocirca
1400 5315 2063 5374 suidiviuititeniPatrem
2089 5329 2145 5375 et

544 5507 665 5572 pius
689 5504 759 5562 ab
788 5504 949 5561 ριιίιίς
979 5503 1315 5568 recedentes,
1340 5504 1536 5558 uisibile
1571 5519 1660 5573 per
1680 5503 1981 5572 invisibilia,
2012 5512 2143 5572 etc.,

543 5594 592 5635 et
626 5586 728 5633 hoc
758 5592 889 5633 satis
911 5585 1159 5646 apposite
1186 5580 1252 5630 ad
1282 5592 1638 5645 propositum.

620 5682 646 5709 τι
685 5671 777 5727 Sic
809 5686 941 5725 mss.
975 5668 1226 5724 undecim
1255 5668 1478 5737 optione
1510 5679 1669 5722 noue.
1716 5668 1820 5723 Alii
1852 5668 2045 5735 partim
2071 5684 2152 5723 re-

546 5745 695 5814 plt'vlt
744 5760 858 5799 eam
909 5756 1105 5807 carne;
1140 5750 1332 5814 partim
1386 5756 1510 5794 eum
1549 5740 1716 5814 _t-dtt._
1746 5738 2149 5814 replev.t_loenm

543 5810 659 5885 ejus
688 5831 861 5874 carne.
892 5815 1091 5884 quibus
1116 5813 1296 5868 verbis
1322 5829 1427 5885 non
1456 5811 1597 5867 male
1624 5812 1929 5885 redduntur
1957 5810 2149 5885 Graeca

543 5880 634 5943 illa
688 5886 831 5943 LXX
876 5880 1113 5956 Senum,
1164 5888 1249 5945 καί
1294 5884 1616 5963 ἀνεπλήρωσε
1679 5885 1848 5962 σάρκα
1897 5880 2001 5942 ἀντ’
2058 5884 2152 5942 αὺ-

2252 4760 2465 4817 Prtmus
2494 4759 2641 4815 enim
2674 4758 2846 4816 Adam
2893 4758 2947 4814 in
2986 4758 3220 4815 animam
3250 4756 3522 4811 viventem
3546 4795 3561 4824 ,
3618 4752 3852 4810 novissi-

2252 4872 2372 4912 tnus
2419 4854 2593 4910 Adam
2656 4854 2710 4910 in
2757 4850 3005 4925 Spiritum
3062 4850 3468 4909 viviﬁcantem:
3519 4848 3853 4904 novissimus

2256 4948 2426 5003 Adam
2456 4946 2705 5003 Christus
2733 4955 2818 5001 est
2839 4987 2854 5013 ,
2887 4954 3039 5001 costa
3069 4942 3273 4999 Chriin
3305 4942 3415 4997 vita
3448 4939 3710 4997 Ecclesia:
3740 4948 3853 4995 est.

2252 5040 2362 5096 Nos
2404 5056 2536 5112 ergo
2587 5038 2829 5095 tnembra
2862 5053 3054 5094 sumus
3111 5036 3360 5107 corporis
3389 5034 3507 5104 ejus
3532 5072 3549 5101 ,
3588 5033 3657 5089 de
3684 5048 3859 5089 carne

2252 5135 2390 5205 ejus,
2424 5143 2479 5189 et
2508 5133 2575 5189 de
2591 5132 2811 5188 ossibus
2834 5131 2969 5202 ejus.
3002 5132 3068 5186 lit
3097 5130 3329 5186 fortasse
3358 5128 3474 5183 lucc
3499 5135 3587 5183 est
3615 5135 3765 5183 costa
3782 5126 3860 5183 de

2252 5244 2355 5299 qna
2407 5227 2546 5282 dixit
2580 5245 2592 5282 :
2628 5225 2810 5281 Sentio
2851 5224 2916 5280 de
2945 5240 3025 5279 me
3068 5225 3306 5279 virtutem
3349 5218 3701 5293 exisse(Luc.
3732 5236 3854 5289 viil,

2253 5319 2369 5392 46).
2397 5319 2524 5376 llaec
2549 5329 2633 5375 est
2675 5326 2828 5374 costa
2857 5332 2980 5390 qua:
3010 5316 3078 5374 de
3110 5316 3332 5373 Christo
3361 5315 3561 5384 exivit,
3595 5329 3697 5373 nec
3724 5329 3861 5371 cor-

2250 5515 2364 5573 τῆς,
2392 5504 2489 5562 sed
2515 5504 2959 5577 praepositionem
2986 5506 3098 5564 ἀντί
3127 5503 3369 5561 abfuisse
3396 5520 3427 5560 a
3455 5501 3579 5561 cod.
3612 5503 3857 5561 Ambroo

2251 5581 2407 5634 siano
2436 5579 2699 5634 credibile
2726 5587 2831 5634 est.

2324 5671 2351 5711 δ
2392 5672 2552 5727 Rom.
2604 5671 2738 5729 edit.
2793 5673 2894 5727 nisi
2945 5673 3081 5739 vita;
3133 5670 3379 5740 reliquae,
3432 5679 3485 5727 et
3520 5670 3698 5728 cuncti
3722 5685 3857 5727 mss.

2253 5745 2354 5801 nisi
2380 5747 2564 5799 virtus.
2599 5743 2669 5800 Et
2695 5743 2809 5800 htec
2829 5745 2991 5801 lectio
3019 5744 3148 5801 inde
3176 5746 3564 5811 conﬁrmatur,
3601 5742 3745 5815 quod
3775 5743 3861 5798 ci-

2256 5826 2401 5875 tatur
2430 5818 2569 5875 inira
2596 5834 2608 5873 :
2644 5818 2828 5875 Sentio
2850 5817 2914 5873 de
2942 5834 3022 5873 me
3046 5819 3284 5873 virtutem
3311 5818 3493 5873 exisse.
