4014 6464
84 374 253 435 ιέζὸῗί

1091 380 1459 441 EXPOSITIO
1502 385 1757 446 EVANG.
1799 392 1947 450 SEC.
1993 394 2144 453 LUC.
2189 397 2317 455 LIB.
2352 399 2414 456 ll.

3280 414 3419 470 1586

84 502 207 561 pus
243 492 375 564 ejus
405 492 708 561 imminuit;
767 512 874 552 non
899 498 1045 553 enim
1078 500 1402 570 corporalis,
1438 502 1532 558 sed
1559 506 1722 574 spiri-
1749 512 1795 574 Α
1826 514 1992 567 meris
2021 526 2347 584 portarent,
2403 528 2453 573 et
2486 519 2757 589 octoginta
2792 522 2959 579 millia
2992 524 3229 593 lapidum
3254 544 3426 584 ca-so-

85 582 233 638 talis
265 593 357 639 est
388 594 566 651 costa;
619 589 844 657 spiritus
873 598 1055 644 autem
1101 605 1205 645 non
1254 590 1520 649 dividitur
1559 597 1676 667 ipse
1701 640 1718 664 ,

87 677 200 735 sed
235 677 443 734 dividit
483 681 712 751 singulis
756 692 913 753 prout
948 684 1084 740 vult.
1126 684 1251 740 llarc
1290 696 1374 741 est
1409 687 1518 742 Eva
1548 702 1721 745 mater

88 772 364 826 omnium
418 772 737 829 viventium.
787 775 843 831 Si
887 778 1031 832 enim
1067 787 1091 814 α
1124 778 1397 850 intelligas
1452 782 1718 840 viventem

94 877 234 918 cum
265 865 507 921 mortuis
536 867 730 938 qttmri,
783 868 1047 939 intelligis
1068 886 1162 927 eos
1187 883 1429 930 mortuos
1444 892 1585 945 esse,
1628 878 1720 949 qui

88 956 227 1012 sine
257 956 486 1015 Christo
518 973 665 1030 sunt,
701 966 791 1034 qui
818 966 1107 1034 participes
1138 968 1259 1022 vitta
1288 984 1394 1024 non
1421 982 1567 1037 sunt;
1616 973 1719 1029 hoc

89 1060 189 1107 est
204 1052 363 1107 enim
377 1051 583 1111 Christi
597 1071 703 1111 non
717 1072 840 1113 esse
856 1060 1166 1129 participes,
1186 1060 1213 1099 ι»
1227 1064 1352 1133 quia
1370 1064 1620 1121 Christus
1634 1078 1719 1123 est

88 1145 244 1201 vita.
271 1147 455 1203 Mater
494 1164 626 1220 ergo
655 1151 955 1208 viventium
984 1152 1229 1209 Ecclesia
1257 1164 1363 1221 est,
1397 1174 1556 1230 quam
1582 1162 1716 1217 tedi-

92 1239 296 1296 ftcavit
345 1242 493 1299 Deus
526 1245 578 1300 in
610 1249 729 1316 ipso
755 1263 968 1304 summo
1007 1250 1250 1320 angulari
1284 1253 1463 1324 lapide
1498 1255 1715 1315 Christo

89 1330 263 1399 Jesu,
299 1334 356 1390 in
385 1350 494 1406 quo
518 1338 699 1394 omnis
729 1347 1004 1396 structura
1026 1345 1403 1414 compaginata
1432 1351 1631 1405 crescit
1660 1351 1714 1407 in

94 1428 384 1500 templum
419 1431 538 1488 Dei.

179 1522 278 1577 87.
326 1522 525 1580 Veniat
552 1541 681 1598 ergo
711 1527 873 1594 Deus,
904 1528 1136 1588 mdilicet
1168 1533 1454 1593 mulierem
1484 1579 1499 1603 ,
1563 1537 1711 1595 illam

99 1620 338 1690 quidem
368 1622 688 1693 adiutricem
711 1624 867 1692 Adte,
891 1625 1033 1682 hanc
1062 1628 1430 1688 veroChristi.
1450 1632 1566 1689 Non
1589 1636 1713 1706 quia

117 1708 382 1768 Christus
410 1715 781 1783 adjumentum
823 1719 1078 1789 requirit,
1109 1720 1204 1776 sed
1229 1724 1355 1794 quia
1388 1738 1485 1779 nos
1516 1728 1715 1796 quarri-

101 1818 233 1858 mus
258 1814 315 1859 et
359 1805 735 1863 desideramus
773 1809 839 1864 ad
871 1809 1067 1868 Christi
1116 1815 1346 1885 gratiam
1379 1832 1476 1887 per
1525 1818 1714 1876 Eccle-

1826 621 1935 669 res,
1957 619 2006 660 et
2044 611 2142 663 tria
2174 612 2347 666 millia
2379 615 2617 669 sexcenti
2640 630 2864 686 operum
2900 622 3172 688 pra-positi
3205 620 3419 693 (llPar.

1823 714 1882 762 tt,
1909 699 1987 772 Ξ).
2022 702 2252 758 Veniant
2279 708 2455 775 angeli
2483 708 2583 771 illi,
2632 716 2853 766 Veniant
2886 714 3047 782 lapid.
3074 731 3125 770 tu
3157 732 3415 781 t‘n'stlrrs,

1822 794 2103 848 «edantur
2127 797 2402 865 superﬂua
2436 800 2673 868 lapidum
2710 816 3047 863 nastrt’trtttn.
3076 824 3268 878 aspera
3293 810 3426 864 levi-

1821 896 2035 956 gentur.
2071 887 2302 945 Veniant
2352 903 2404 944 et
2429 896 2519 962 qui
2554 896 2604 948 in
2658 899 2902 954 humeris
2945 917 3031 971 pm
3050 915 3194 967 tant;
3248 902 3422 973 scrip-

1822 989 1932 1033 tum
1965 991 2042 1036 est
2074 985 2219 1038 enim
2254 1002 2267 1037 :
2303 986 2477 1057 Super
2514 986 2757 1046 humeros
2784 995 3031 1049 tollentur
3062 994 3235 1068 (lt‘sai,
3270 1012 3415 1061 xm,

1818 1073 1934 1145 es).

1891 1170 1981 1225 90.
2020 1170 2175 1226 Venit
2205 1189 2336 1245 ergo
2358 1175 2424 1230 ad
2453 1175 2741 1246 Joannem,
2766 1181 3019 1249 quoniam
3044 1194 3239 1239 caetera
3268 1196 3422 1238 como

1819 1262 2056 1332 peristis.
2095 1263 2255 1320 Venit
2304 1266 2370 1321 ad
2411 1266 2640 1324 .lnaunis
2696 1272 2961 1341 baptisma
2995 1291 3007 1327 :
3042 1276 3136 1328 sed
3191 1273 3422 1329 Joannis

1820 1355 2083 1425 baptisma
2112 1361 2338 1414 habebat
2369 1363 2742 1423 pmttitcntiatu
2758 1364 2913 1420 debet
2926 1381 3083 1421 orum
3106 1368 3415 1439 (JIattIt.tlt.

1818 1448 1933 1521 15).
1950 1450 2008 1505 Et
2028 1451 2149 1507 ideo
2164 1454 2545 1523 prohibetenm
2564 1456 2804 1515 Joannes
2816 1460 3003 1514 dicens
3023 1478 3036 1514 :
3058 1461 3164 1535 lt‘go
3178 1481 3209 1516 a
3238 1472 3288 1517 te
3323 1464 3417 1517 de-

1818 1541 1908 1596 beo
1924 1544 2251 1611 baptisari,et
2266 1556 2319 1600 tu
2334 1548 2471 1602 venis
2483 1550 2669 1615 admel
2685 1550 2846 1619 Ibid.,
2868 1552 2998 1623 14)?
3023 1552 3134 1608 Cur
3169 1554 3320 1609 venis
3347 1556 3414 1611 ad

1817 1652 1925 1703 me,
1962 1641 2049 1709 qui
2078 1654 2355 1709 peccatum
2388 1658 2495 1697 nun
2527 1642 2741 1698 babes?
2766 1645 2864 1700 ltle
2891 1648 3037 1702 enim
3062 1646 3424 1717 baptizandus

1816 1742 1901 1788 est
1928 1748 1957 1788 a
1982 1750 2089 1801 me,
2132 1738 2222 1805 qui
2244 1749 2537 1807 npcccatum
2580 1739 2744 1796 habet
2769 1759 2783 1796 :
2812 1743 2902 1813 qui
2932 1752 3111 1797 autem
3139 1753 3421 1813 peccatum

1814 1840 1921 1881 non
1943 1825 2092 1894 fecit,
2108 1828 2380 1887 lavacrum
2400 1833 2735 1903 poenitentiae
2759 1851 2856 1891 cur
2869 1837 3149 1906 requirat?
3165 1838 3313 1905 Sine,
3332 1838 3421 1893 in-

95 1898 243 1952 siam
276 1901 586 1969 pervenire.
618 1901 682 1958 Et
716 1920 861 1959 nunc
888 1906 1221 1975 aedificatur,
1253 1918 1308 1965 et
1337 1926 1479 1967 nunc
1510 1912 1710 1968 forma-
1740 1922 1787 1982 B
1812 1921 1950 1990 quit,
1974 1923 2127 1977 modo
2154 1940 2173 1978 :
2207 1924 2311 1979 hoc
2338 1898 2450 1989 est,
2476 1926 2605 1982 dum
2637 1927 2880 1984 Ecclesia
2909 1930 3209 1986 :edilicetur
3229 1972 3244 1995 ,
3278 1932 3423 1987 decet

97 2000 217 2061 tur,
253 2003 309 2049 et
356 2010 500 2051 nunc
548 1997 746 2053 mulier
772 1998 1063 2069 figuratur,
1104 2010 1161 2058 et
1199 2018 1345 2059 nunc
1376 2015 1618 2061 creatur.
1648 2009 1713 2063 Et

94 2085 231 2142 ideo
264 2104 408 2144 novo
434 2092 602 2147 verbo
630 2108 727 2146 usa
756 2105 841 2148 est
863 2092 1144 2166 Scriptura
1171 2114 1184 2162 ;
1214 2100 1342 2169 quia
1374 2102 1712 2171 supericdil‘t-

92 2193 299 2236 camur
326 2197 493 2253 super
545 2184 958 2243 fundamentum
1007 2192 1383 2260 apostolorum
1406 2194 1714 2266 etprophe-

92 2282 284 2329 tarum
315 2274 534 2346 (Ep/tes.
564 2293 623 2345 ll,
653 2279 768 2351 20).
803 2281 871 2335 Et
899 2297 1042 2337 nunc
1083 2283 1278 2340 domus
1302 2286 1565 2355 Spiritalis
1585 2303 1711 2343 sur-

90 2368 183 2438 git
211 2367 265 2422 in
284 2370 650 2427 sacerdotium
676 2386 944 2431 sanctum.
963 2375 1130 2445 Veni,
1157 2378 1383 2436 Domine
1398 2382 1562 2448 Deus,
1581 2384 1712 2439 tedi-

91 2460 207 2517 Iica
244 2463 529 2520 mulierem
558 2467 740 2533 istam,
779 2469 987 2524 aedifica
1012 2471 1321 2539 civitatem;
1367 2474 1575 2548 1311
1609 2491 1710 2532 ve-

91 2554 222 2610 niat
249 2566 307 2611 et
336 2573 470 2628 puer
501 2567 655 2617 tuus:
680 2562 775 2617 tibi
805 2564 951 2619 enim
982 2564 1368 2622 credodicenti
1397 2587 1409 2622 :
1433 2568 1559 2639 Ipse
1582 2570 1713 2625 (edi-

93 2649 283 2718 ﬁcabit
312 2653 570 2707 civitatem
592 2655 714 2709 mihi
740 2655 910 2727 (Esai.
946 2674 1073 2726 xcv,
1107 2660 1223 2731 15).

176 2744 269 2800 88.
315 2745 457 2802 Ecce
489 2749 685 2803 mulier
714 2750 957 2805 omnium
991 2761 1202 2821 mater,
1227 2768 1360 2811 ecce
1381 2754 1574 2812 domus
1601 2759 1713 2826 spi-

97 2838 311 2904 ritalis,
370 2855 501 2896 ecce
546 2842 742 2899 civitas
780 2861 901 2915 qua:
934 2846 1079 2901 vivet
1134 2848 1185 2902 in
1232 2855 1532 2916 aeternum;
1583 2854 1711 2923 quia

96 2931 253 2986 mori
290 2934 483 2987 nescit.
526 2933 643 3002 Ipsa
672 2937 815 2992 enim
845 2949 931 2994 est
966 2940 1158 2996 civitas
1185 2940 1526 2999 Hierusalem
1548 2988 1562 3011 ,
1593 2961 1713 3016 qua:

94 3041 258 3081 nunc
305 3025 519 3083 videtur
559 3030 616 3083 in
646 3033 829 3094 terris.
869 3033 966 3088 sed
1021 3035 1263 3103 rapietur
1310 3050 1472 3106 supra
1503 3038 1709 3105 Etiam;

96 3118 260 3174 Elias
289 3120 431 3175 enim
465 3137 604 3177 unus
619 3123 735 3179 fuit.
768 3124 1156 3183 Transferetur
1184 3131 1548 3200 superEnoch
1569 3174 1582 3198 ,
1610 3148 1707 3188 cu-

92 3214 196 3285 jus
231 3229 377 3270 mors
402 3231 507 3272 non
534 3218 828 3275 invenitur.
862 3219 958 3276 llle
982 3222 1127 3277 enim
1155 3235 1342 3293 raptus
1362 3235 1467 3293 est,
1502 3242 1569 3282 ne
1600 3244 1713 3283 ma-

100 3307 225 3361 litia
282 3317 585 3364 mutaretur
655 3326 755 3367 cor
795 3313 915 3383 ejus
955 3331 968 3369 :

100 3401 329 3458 Christo
354 3406 507 3473 quasi
538 3418 739 3476 sponsa
771 3407 1005 3475 gloriosa
1034 3449 1050 3476 ,
1085 3420 1303 3473 sancta,
1334 3411 1703 3480 immaculata,

102 3495 238 3551 sine
263 3512 412 3567 ruga.
440 3498 507 3553 Et
528 3508 729 3569 quanto
760 3502 955 3556 melius
975 3511 1144 3558 totum
1168 3519 1365 3572 corpus
1387 3507 1704 3572 assumitur,

103 3603 274 3659 quam
317 3604 454 3645 unus
506 3602 821 3661 assumptus
847 3593 973 3649 est?
1021 3594 1147 3650 Hzec
1169 3597 1315 3651 enim
1348 3607 1431 3652 est
1451 3612 1575 3667 spes
1604 3598 1710 3654 Ec-

104 3681 321 3737 clesiat.
340 3682 601 3753 Rapietur
617 3687 881 3754 profecto,
904 3699 1238 3757 assumetur,
1255 3691 1615 3747 transferetur
1638 3692 1704 3748 ad

105 3775 332 3833 cmlutn.
366 3777 505 3833 Ecce
534 3793 694 3835 curru
729 3781 890 3849 igneo
918 3793 1106 3851 raptus
1136 3795 1221 3837 est
1252 3785 1400 3839 Elias
1426 3803 1439 3837 τ
1469 3788 1708 3856 rapietur

105 3881 166 3926 et
204 3872 460 3929 Ecvlcsia.
482 3872 603 3929 Non
636 3874 765 3929 mihi
793 3875 1018 3931 credis?
1064 3876 1244 3933 Crede
1273 3879 1359 3934 vel
1392 3880 1561 3935 Paulo
1592 3924 1608 3949 ,
1654 3883 1706 3937 in

111 3982 230 4037 qtto
259 3966 510 4025 Christus
540 3970 754 4027 locutus
771 3982 858 4028 est
892 3991 905 4027 :
940 3974 1249 4043 Rupiemur,
1300 3977 1504 4047 inquit,
1533 3979 1583 4033 in
1609 3996 1709 4033 nu-

112 4059 264 4113 bibus
310 4059 509 4115 obviam
538 4062 747 4119 Christo
774 4066 831 4119 in
858 4082 1011 4134 aera,
1063 4076 1109 4120 et
1132 4069 1204 4121 ita
1238 4085 1438 4139 semper
1458 4086 1573 4123 cum
1602 4069 1711 4125 Do-

117 4152 262 4205 mino
287 4154 475 4207 erimus
502 4154 545 4225 (1
574 4154 727 4211 Tltes.
755 4172 830 4222 tv,
860 4158 975 4226 16).

193 4243 280 4299 89.
321 4244 401 4299 Ad
435 4245 573 4301 hanc
630 4248 791 4318 igitur
845 4251 1220 4306 aediﬁcandam
1276 4254 1568 4309 mittuntur
1594 4257 1715 4326 qui-

115 4339 244 4395 dem
269 4339 474 4410 plures,
535 4342 822 4397 mittuntur
852 4342 1178 4413 patriarcha!
1199 4389 1216 4414 ,
1274 4346 1562 4403 mittuntur
1588 4365 1714 4421 pro-

117 4433 320 4503 phetas,
374 4434 607 4489 mittitur
648 4434 867 4491 Gabriel
903 4437 1288 4508 archangelus,
1327 4439 1595 4497 innumeri
1618 4458 1715 4497 an-

119 4526 225 4596 geli
245 4526 579 4597 diriguutur,
608 4538 658 4581 et
678 4529 964 4583 multitudo
987 4531 1229 4586 ctelcstis
1252 4534 1525 4589 exercitus
1548 4536 1711 4590 Deum

122 4620 330 4683 laudat;
382 4622 507 4690 quia
538 4621 773 4676 civitatis
805 4621 965 4691 lmjus
1008 4623 1300 4683 aediﬁcatio
1358 4627 1707 4701 propinquat.

1808 2029 1902 2067 nos
1932 2015 2147 2083 implere
2173 2034 2374 2071 onmem
2393 2021 2658 2091 justitiam
2685 2020 2734 2083 ll
2744 2023 2852 2077 bid.
2877 2066 2893 2091 ,
2914 2024 3027 2097 15).
3055 2026 3188 2094 Qua:
3225 2034 3310 2082 est
3331 2026 3421 2097 ju-

1814 2108 1980 2171 stitia,
2008 2108 2111 2163 nisi
2144 2108 2561 2166 misericordia?
2585 2113 3026 2183 Dispersitenim,
3059 2120 3198 2173 dedit
3212 2135 3416 2190 paupe-

1812 2202 1950 2255 ribus
1982 2218 2001 2256 :
2023 2204 2232 2276 justitia
2259 2207 2372 2275 ejus
2402 2218 2573 2262 manet
2620 2210 2673 2263 in
2705 2222 2957 2266 veternum
2983 2212 3157 2283 (Psal.
3192 2229 3301 2277 cxi,
3330 2215 3411 2285 9).

1812 2294 1969 2349 Dedit
2010 2296 2137 2351 tuihi
2175 2300 2421 2370 pauperi,
2474 2301 2627 2357 dedit
2654 2303 2785 2359 tnilti
2816 2304 2961 2376 inopi
2998 2308 3227 2377 gratiam
3254 2322 3417 2378 quam

1814 2397 1940 2445 ante
1962 2406 2069 2445 non
2113 2390 2296 2448 habui.
2327 2390 2543 2449 Iustitia
2573 2411 2702 2467 ergo
2734 2399 2844 2469 ejus
2874 2410 3042 2453 manet
3074 2400 3127 2452 in
3147 2410 3417 2455 veternum.

1813 2483 1943 2550 Quae
1971 2494 2055 2541 est
2078 2489 2316 2556 justitia,
2373 2489 2477 2545 nisi
2513 2502 2569 2546 ut
2597 2493 2739 2564 quod
2781 2495 3016 2549 alterum
3046 2497 3225 2551 facere
3252 2496 3419 2563 velis,

1814 2582 1965 2650 prior
1992 2582 2108 2652 ipse
2156 2584 2406 2654 incipias,
2457 2596 2513 2641 et
2536 2596 2627 2641 ttto
2671 2588 2811 2644 alios
2855 2591 3088 2646 horteris
3118 2592 3420 2661 exemplo?

1814 2673 1948 2740 Qua:
1977 2684 2063 2729 est
2097 2674 2312 2745 justitia
2333 2718 2349 2743 ,
2404 2677 2507 2732 nisi
2537 2680 2706 2749 utqui
2748 2695 2968 2735 carnem
2997 2681 3275 2752 suscepit,
3309 2696 3417 2737 non

1814 2768 1970 2838 quasi
2001 2768 2147 2824 Deus
2179 2785 2404 2825 sensum
2437 2783 2529 2826 aut
2562 2774 2926 2828 ministerium
2954 2776 3137 2830 carnis
3164 2776 3425 2831 exclude-

1818 2870 1899 2914 ret
1924 2878 1937 2914 :
1962 2861 2058 2917 sed
2084 2864 2238 2932 quasi
2264 2863 2425 2919 homo
2450 2880 2672 2921 carnem
2700 2866 2962 2929 vinceret,
2994 2878 3050 2922 ut
3078 2867 3299 2925 vincere
3330 2886 3419 2927 me

1815 2954 2074 3011 doceret?
2098 2956 2289 3013 Docuit
2318 2960 2463 3014 enim
2501 2976 2587 3014 me
2630 2976 2735 3031 qua
2773 2967 2989 3017 ratione
3016 2963 3218 3034 possim
3244 2974 3419 3019 terre-

1818 3049 1903 3104 nis
1928 3060 2239 3106 concretam
2287 3051 2433 3107 vitiis
2480 3054 2733 3111 obnoxia:
2782 3058 2964 3112 carnis
2992 3056 3233 3112 illuviem
3262 3073 3418 3129 sepe-

1816 3142 1916 3198 lire
1939 3144 2281 3211 criminibus,
2309 3161 2575 3202 renovare
2599 3148 2908 3205 virtutibus.

1893 3236 2101 3310 1312
2142 3238 2233 3293 91.
2275 3239 2320 3294 Ο
2349 3255 2474 3295 vere
2499 3240 2736 3296 divinam
2763 3243 2815 3297 in
2842 3246 2955 3314 ipsa
2984 3244 3291 3301 humilitate
3314 3245 3417 3302 Do-

1024 3312 1139 3369 haic
1180 3325 1362 3371 autem
1410 3317 1656 3390 diligitur
1679 3338 1707 3373 ει
1738 3329 1784 3394 C
1815 3330 1945 3383 mini
1970 3332 2409 3402 prospicientiam
2432 3334 2445 3388 !
2471 3336 2687 3401 Quanto
2714 3312 3155 3408 enim—ahjectior
3183 3340 3405 3395 humili-

1815 3429 1920 3487 tas,
1956 3432 2103 3477 tanto
2148 3423 2386 3480 divinior
2435 3427 2799 3497 providentia.
2832 3429 3158 3500 lujuriarum
3189 3436 3411 3488 suarum

1814 3514 2113 3569 acerbitate
2160 3515 2304 3571 Deus
2357 3518 2725 3588 proditur:et
2779 3524 3147 3579 remediorum
3191 3540 3414 3580 suorum

1815 3620 1936 3672 usu,
1984 3608 2076 3678 qui
2123 3608 2290 3663 nullis
2334 3611 2593 3666 remediis
2634 3612 2929 3681 indigeret,
2966 3615 3106 3670 Deus
3134 3618 3415 3685 probatur.

1813 3700 1953 3769 Quid
1986 3703 2131 3757 enim
2181 3712 2289 3758 tam
2340 3704 2585 3761 divinttm
2633 3708 2701 3761 ad
2751 3709 2980 3778 populos
3014 3710 3417 3775 provocandos,

1814 3809 1974 3863 quam
2018 3803 2079 3849 ιιι
2122 3812 2282 3852 nemo
2318 3800 2545 3870 refugiat
2596 3800 2873 3857 lavacrum
2917 3806 3145 3871 gratim,
3194 3804 3414 3875 quando

1815 3884 2065 3941 Christus
2097 3889 2373 3944 lavacrum
2398 3892 2738 3961 paenitentiae
2771 3908 2878 3949 non
2901 3896 3142 3965 refugit?
3170 3896 3341 3951 Nemo
3360 3912 3421 3951 se

1814 3976 1961 4031 dicat
1989 3988 2263 4035 exsttrtem
2294 3997 2415 4037 esse
2447 3986 2676 4052 peccati,
2718 3986 2936 4055 quando
2974 3984 3227 4043 Christus
3269 3986 3421 4043 venit

1817 4069 1883 4122 ad
1910 4071 2210 4125 remedium
2245 4082 2617 4142 peccaturum.
2658 4077 2715 4131 Si
2749 4094 2846 4147 pro
2872 4079 3029 4134 nobis
3056 4077 3311 4135 Christus
3340 4079 3418 4133 la-

1820 4162 1919 4225 vit,
1966 4162 2133 4217 immo
2187 4180 2287 4217 nos
2316 4163 2370 4219 in
2408 4181 2639 4236 corpore
2680 4182 2781 4222 suo
2820 4169 2981 4235 lavit,
3024 4181 3227 4240 quanto
3250 4171 3423 4240 magis

1819 4268 1921 4309 nos
1948 4264 2131 4308 nostra
2158 4254 2358 4311 delicta
2414 4258 2594 4313 lavare
2620 4258 2924 4315 debemus?
2967 4260 3085 4329 Quo
3114 4258 3278 4331 igitur
3307 4277 3423 4317 ma-

1817 4348 1903 4418 gis
1953 4363 2143 4419 opere,
2200 4366 2310 4421 quo
2354 4352 2531 4422 magis
2568 4354 2829 4425 mysterio
2879 4353 3021 4410 Deus
3070 4354 3421 4427 (quamquam

1822 4443 1964 4499 Dens
1997 4442 2051 4498 in
2084 4443 2359 4516 omnibus)
2391 4460 2551 4516 quam
2596 4446 2695 4501 hoc
2738 4446 3039 4516 probatur;
3065 4446 3284 4515 quando
3327 4461 3425 4516 per

1820 4543 1994 4590 t0tutn
2028 4536 2313 4603 mundum,
2372 4552 2474 4606 qua
2515 4538 2736 4607 generis
2779 4537 3001 4593 humani
3038 4536 3283 4593 conditio
3311 4536 3421 4592 dif-

1820 4625 2084 4693 funditur,
2116 4644 2213 4699 per
2239 4630 2879 4698 separatarum'divortia
2904 4640 3220 4703 tractusque
3247 4632 3425 4701 regio-

121 4713 397 4769 Mittuntnr
446 4716 630 4784 plures
682 4716 749 4771 ad
793 4732 937 4782 eam,
987 4719 1083 4773 sed
1134 4719 1389 4777 Christus
1419 4738 1536 4779 eam
1560 4724 1712 4780 solus
1742 4729 1974 4790 Dnutn,
2026 4737 2138 4776 unn
2179 4732 2459 4778 momento
2510 4724 2563 4778 in
2615 4739 2720 4778 uno
2748 4738 2979 4791 corpore
3010 4725 3150 4780 Dens
3179 4723 3424 4799 fraudem

124 4807 368 4872 mdilicat,
407 4824 594 4863 verum
643 4825 748 4863 non
785 4817 869 4865 cst
899 4811 1082 4877 solus;
1113 4814 1238 4884 quia
1278 4814 1439 4871 Pater
1470 4832 1712 4887 praesens

126 4908 226 4953 est.
259 4898 321 4954 Et
345 4899 387 4954 si
421 4902 569 4955 solus
595 4900 859 4968 :vdtlicat;
909 4904 1140 4974 gratiam
1173 4913 1352 4963 tamen
1395 4914 1556 4964 tanta:
1584 4909 1714 4965 mdi-

130 4989 389 5045 ticationis
418 5009 524 5047 non
582 4994 734 5049 solus
763 5006 1007 5064 usurpat.
1062 4997 1338 5069 Scriptum
1365 5010 1449 5055 est
1483 5001 1552 5058 dc
1577 5013 1715 5058 tem-

130 5086 233 5153 pto,
291 5086 429 5156 quod
479 5086 765 5141 avdilicavit
806 5088 1087 5153 Salomon,
1126 5091 1179 5145 in
1208 5107 1318 5162 quo
1343 5102 1501 5164 typus
1526 5094 1719 5152 Eccle-

130 5178 221 5232 siae
250 5175 364 5245 fuit,
395 5192 416 5217 ί·
452 5179 576 5249 quia
627 5179 968 5251 septuaginta
1001 5181 1170 5237 millia
1219 5192 1379 5238 erant
1414 5185 1505 5255 qui
1534 5185 1588 5241 in
1612 5186 1713 5242 hu-

206 5358 230 5423 ἷι
270 5348 660 5423 Μεεηεεριᾳω,
683 5349 945 5423 intelligas
966 5351 1230 5423 viventem
1252 5393 1267 5419 ,
1292 5352 1420 5423 quid
1444 5369 1562 5407 cum
1588 5368 1727 5407 mor-

140 5420 235 5474 tuis
259 5421 484 5488 quwris?
512 5419 616 5476 Alii
646 5432 781 5485 tres,
828 5419 1087 5493 intelligas
1134 5419 1404 5489 viventem,
1440 5441 1557 5479 cum
1586 5441 1728 5478 mor-

139 5493 347 5568 tuis‘non
375 5494 585 5562 quieris.
610 5496 679 5547 At
704 5493 882 5562 potior
907 5494 1127 5548 videtur
1141 5494 1374 5551 aliorum
1401 5505 1563 5568 atque
1590 5497 1723 5551 edit.

142 5562 312 5618 Icctio.

211 5633 235 5672 δ
271 5634 435 5691 Corb.
465 5634 616 5701 ϐοά..
646 5637 768 5704 quia
797 5635 993 5690 Christi
1009 5646 1084 5691 est
1113 5639 1239 5692 vita.

216 5718 234 5743 ε
278 5706 394 5761 Vet.
427 5708 558 5763 edit.
588 5722 654 5763 ac
683 5722 816 5762 mss.
859 5720 1070 5775 septem
1102 5711 1263 5776 :quia
1296 5711 1395 5763 tria
1421 5710 1587 5764 millia
1609 5727 1723 5766 sea:-

146 5780 268 5853 centi
313 5788 458 5853 erant
494 5779 581 5847 qui
630 5781 900 5849 portabant
929 5780 983 5853 in
1021 5782 1285 5853 humeris:
1312 5791 1359 5835 et
1399 5783 1724 5853 septuaginta

147 5846 299 5904 millia
320 5846 549 5919 lapidum
571 5846 805 5925 (risores,
858 5852 940 5925 vel
965 5852 1176 5925 lapidis,
1211 5853 1294 5907 vel
1315 5846 1517 5925 etiam,
1532 5846 1724 5925 lapidi-

153 5936 349 5977 cresom
382 5938 397 5973 :
428 5932 476 5975 et
507 5921 767 5987 octoginta
798 5924 965 5976 millia
996 5924 1228 5979 tollentes
1257 5940 1435 5980 onera.
1475 5921 1718 5989 Veniant,

1818 4814 2018 4867 vetusti
2054 4817 2262 4868 erroris
2283 4815 2543 4881 abolevit,
2576 4816 2803 4885 gratiam
2835 4817 2987 4887 regni
3020 4818 3258 4874 caelestis
3289 4816 3428 4873 etfu-

1818 4903 1947 4959 dit?
1979 4904 2127 4961 Unus
2151 4906 2293 4961 enim
2327 4906 2537 4973 mersit,
2568 4908 2595 4944 ά
2625 4908 2718 4963 scd
2751 4909 2985 4964 elevavit
3012 4923 3208 4965 omnes
3238 4928 3252 4964 :
3282 4924 3423 4966 unus

1819 5000 2125 5063 descendit.
2154 5012 2212 5057 ttt
2254 5003 2683 5059 ascenderemus
2725 5019 2939 5071 omnes,
2985 5020 3124 5060 unus
3175 5005 3418 5060 omnium

1820 5103 2044 5164 peccata
2076 5097 2336 5164 suscepit,
2387 5103 2446 5150 ut
2489 5097 2540 5150 iu
2574 5096 2672 5152 illo
2703 5098 2946 5151 onmium
2992 5105 3209 5167 peccata
3244 5111 3425 5152 mare-

1818 5203 2034 5246 rentur.
2068 5189 2356 5248 Purilleate
2385 5193 2553 5263 igitur
2580 5208 2702 5258 V08,
2754 5202 2811 5247 ut
2838 5194 3118 5265 apostolus
3145 5193 3279 5248 dicit
3308 5192 3427 5265 (Ja-

1836 5368 1943 5415 etc.
1987 5359 2091 5414 Alii
2140 5375 2263 5415 cum
2302 5359 2436 5415 edit.
2480 5358 2640 5414 Rom.
2684 5367 2739 5412 ut
2790 5371 2889 5413 nos
2936 5358 2987 5413 in
3037 5372 3288 5427 corpore.
3328 5359 3434 5417 nisi

1835 5429 1981 5500 quod
2012 5432 2063 5484 in
2100 5431 2372 5500 pleri~qtte
2400 5431 2786 5486 desiderantur
2827 5428 2943 5484 hac.
2990 5432 3155 5485 Verba
3193 5427 3297 5485 :Et
3327 5435 3429 5486 tria

1835 5503 2001 5555 millia
2030 5507 2257 5558 sexcenti
2288 5520 2498 5573 operum
2536 5505 2822 5583 praepositi.
2851 5501 2954 5557 Alii
2978 5501 3214 5569 denique
3240 5507 3433 5583 ordine

1837 5574 2111 5643 paululum
2140 5572 2358 5630 inverso
2387 5577 2640 5630 eumdem
2681 5589 2744 5628 ac
2771 5572 2826 5627 in
2856 5582 3005 5627 textu
3047 5586 3266 5626 sensqu
3300 5574 3431 5626 reti-

1834 5651 1987 5700 ttent.

1906 5716 1933 5756 τι
1981 5716 2124 5771 Ι⁴Ϊι1ἱι.
2153 5718 2276 5774 Era.
2310 5716 2435 5773 Gill.
2475 5728 2529 5770 et
2558 5715 2718 5771 Rom.
2758 5715 2850 5769 sed
2891 5714 3247 5777 lav’t;onmes
3276 5711 3429 5779 Am.,

1831 5791 1920 5843 sed
1972 5790 2174 5845 levavit.
2231 5789 2360 5844 Mss.
2390 5790 2455 5843 ad
2478 5804 2679 5852 unum,
2719 5786 2810 5840 sed
2848 5787 3092 5851 elevavit;
3141 5796 3194 5838 at
3221 5780 3338 5838 Ful.
3370 5795 3428 5837 et

1830 5859 1988 5915 Coll).
2017 5860 2126 5914 duo
2153 5877 2255 5931 pro
2275 5878 2470 5927 omnes,
2511 5864 2694 5927 legunt
2721 5857 2928 5911 multas.
