4156 6346
511 350 648 404 Η)δῖ

1867 343 2114 402 S.\NC’I‘|
2152 344 2476 402 AMBROSII

3676 339 3811 396 {.188

507 473 648 540 cob.,
681 487 759 538 tv,
787 473 868 546 8),
920 475 1042 546 quia
1079 475 1391 544 purilicavit
1429 487 1489 528 se
1518 472 1607 527 ille
1647 489 1743 541 pro
1775 469 1955 538 nobis,
2014 470 2106 540 qui
2133 477 2189 540 Α
2215 486 2333 524 mus
2365 487 2509 526 eum.
2544 470 2647 537 Qui
2671 471 2815 526 enim
2837 471 2960 522 dicit
2985 469 3107 538 quia
3151 464 3441 527 noviteum,
3473 470 3518 515 et
3561 468 3818 531 pi'arcrpta

512 566 894 638 purificatione
925 583 1031 623 non
1056 569 1222 638 eguit.
1253 567 1380 624 llaec
1409 565 1477 622 de
1499 564 1678 620 nobis.

577 658 670 714 92.
689 658 1598 728 Nuncconsideremusmysterium
1617 656 2114 712 Trinitatis.Unum

506 747 679 803 Deum
694 748 947 817 dicimus,
973 751 1068 805 sed
1084 749 1296 808 Patrem
1311 751 1652 817 confitemur,
1667 759 1721 804 et
1735 748 1926 804 Filium
1945 747 2113 801 Deum

507 841 853 897 cantitetnur.
902 843 1035 899 Nam
1084 859 1207 898 cum
1260 844 1523 913 scriptum
1556 844 1664 896 sit:
1702 839 1902 912 Diliges
1932 838 2117 894 Domi-

507 951 632 990 num
646 932 994 1001 Deumtuum,
1021 945 1065 990 et
1093 937 1303 1006 ipsisoli
1324 935 1710 1008 servies(Deut.
1745 951 1798 1000 ιι,
1820 935 1932 1004 ΞΟ),
1953 947 2116 1003 nega-

508 1028 589 1082 vit
609 1027 776 1082 Filius
789 1043 910 1084 esse
923 1045 980 1083 se
995 1029 1170 1084 solum
1185 1029 1372 1084 dicens
1389 1047 1400 1083 :
1419 1029 1522 1085 Sed
1535 1046 1635 1082 non
1647 1045 1757 1082 sum
1774 1029 1937 1091 solus,
1955 1025 2116 1080 Pater

505 1122 640 1176 enim
655 1138 853 1178 ntecunt
872 1133 945 1176 est
969 1121 1394 1194 (Joaa.xvi,52).
1423 1122 1686 1178 Necuunc
1714 1122 1861 1176 solus
1874 1132 1986 1186 cst;
2013 1119 2115 1175 Pa-

506 1221 591 1267 ter
613 1213 758 1270 enim
785 1229 845 1270 se
867 1215 1060 1269 adesse
1080 1226 1331 1271 tesmtur.
1351 1215 1519 1271 Adest
1535 1224 1588 1270 et
1607 1213 1845 1285 Spiritus
1861 1223 2110 1278 sanctus;

502 1321 798 1377 numquam
831 1308 977 1363 enim
1011 1317 1192 1378 potest
1221 1324 1249 1362 ιι
1277 1323 1336 1364 se
1363 1307 1605 1364 Trinitas
1649 1307 1914 1377 separari.
1949 1304 2114 1362 Deni-

503 1415 609 1469 que
627 1410 859 1472 apertum
876 1412 950 1458 est
963 1405 1169 1471 calum,
1190 1412 1234 1457 et
1257 1401 1521 1458 descendit
1536 1403 1769 1471 Spiritus
1785 1411 1992 1454 sanctus
2007 1416 2115 1454 coro

504 1494 673 1564 porali
703 1497 890 1567 specie,
943 1497 1077 1553 sicut
1107 1497 1364 1554 columba.
1394 1497 1683 1565 Quomodo
1708 1511 1839 1566 ergo
1871 1497 2115 1553 haeretici

503 1585 698 1642 dicunt
727 1587 854 1657 quia
895 1589 1047 1645 solus
1091 1591 1144 1646 in
1167 1593 1309 1647 etelo
1353 1591 1574 1661 cst,qui
1619 1607 1726 1646 non
1773 1600 1858 1646 est
1881 1591 2029 1646 solus
2057 1590 2112 1646 iu

503 1681 702 1737 terris?
722 1683 1085 1740 Advertamus
1105 1685 1420 1757 mysterium
1443 1703 1455 1739 :
1487 1700 1658 1755 quare
1680 1686 1818 1740 sicut
1837 1684 2113 1740 columba?

506 1774 926 1847 Simplicitatem
975 1778 1122 1834 enim
1144 1778 1345 1832 lavacri
1371 1779 1824 1848 requiritgratia;
1857 1787 1912 1832 ιιι
1943 1777 2113 1832 simus

2216 564 2329 635 ejus
2361 579 2462 616 non
2491 572 2675 628 servat,
2711 561 2936 616 mendax
2965 569 3036 613 est
3062 557 3103 630 (Ι
3126 555 3284 611 Joan.
3322 572 3383 622 ιι,
3412 553 3446 607 4
3468 554 3506 623 ).
3532 549 3818 618 Quomodo

2217 657 2358 710 enim
2385 667 2556 726 potest
2576 657 2740 709 Dt‘llm
2763 654 3012 725 diligere,
3047 653 3137 722 qui
3156 666 3264 705 non
3290 649 3464 717 diligit
3489 645 3772 701 veritatem
3797 681 3816 710 ,

2217 764 2336 804 cum
2367 751 2506 803 Deus
2533 749 2730 803 veritas
2762 748 2878 802 sit?
2909 746 3202 801 Audiamus
3230 759 3360 814 ergo
3400 742 3647 803 Patrem;
3677 737 3816 792 iuvi-

2217 842 2390 896 sibilis
2417 842 2563 896 enim
2590 841 2781 895 Pater:
2805 839 2898 895 sed
2929 849 2985 895 et
3014 838 3182 893 Filius
3210 835 3491 891 invisibilis
3515 831 3812 888 secundum

2215 935 2582 996 divinitatem;
2618 935 2784 990 Deum
2809 950 2952 989 enim
2987 947 3144 986 ιιυιιιο
3177 931 3311 986 vidit
3361 943 3631 999 umquam.
3677 925 3813 979 Cum

2215 1045 2345 1100 ergo
2373 1041 2394 1068 ο
2431 1029 2596 1082 Filius
2620 1028 2785 1092 Deus,
2820 1027 2872 1081 in
2897 1041 2963 1082 co
2995 1027 3177 1095 utique
3205 1023 3349 1096 quod
3403 1023 3544 1078 Deus
3597 1021 3767 1076 Filius
3794 1063 3811 1090 ,

2218 1140 2324 1177 non
2349 1122 2589 1188 videtur;
2635 1121 2729 1176 sed
2761 1119 3136 1175 demonstrare
3165 1133 3223 1172 se
3261 1117 3430 1170 voluit
3459 1118 3509 1169 in
3538 1130 3768 1185 corpore
3797 1131 3811 1168 :

2216 1228 2268 1272 et
2294 1217 2419 1288 quia
2439 1217 2597 1270 Pater
2639 1231 2836 1285 corpus
2871 1229 2975 1268 non
3004 1212 3247 1283 gerebat,
3281 1211 3402 1264 ideo
3445 1209 3676 1279 probare
3717 1223 3817 1261 vo-

2215 1309 2312 1364 luit
2335 1309 2494 1364 Pater
2525 1307 2679 1364 nobis
2707 1307 2759 1361 iu
2795 1306 2932 1362 Filio
2957 1323 3016 1360 se
3043 1320 3164 1360 esse
3187 1310 3509 1374 praesentem
3537 1343 3552 1370 ,
3587 1301 3771 1356 dicens
3797 1317 3812 1356 :

2216 1399 2264 1453 F
2268 1403 2388 1455 ilius
2409 1417 2549 1455 meus
2575 1419 2628 1455 es
2654 1411 2730 1466 tu,
2764 1401 2817 1453 in
2847 1409 2893 1453 te
2910 1398 3217 1468 complacui.
3247 1397 3303 1452 Si
3337 1397 3418 1450 vis
3467 1395 3677 1450 discere
3721 1392 3816 1447 Fi-

2215 1496 2344 1550 lium
2373 1510 2494 1550 cum
2526 1493 2685 1548 Patre
2716 1508 2932 1563 semper
2955 1507 3075 1547 esse
3130 1502 3454 1562 praesentem
3489 1531 3502 1554 ,
3533 1489 3650 1561 lege
3692 1489 3816 1546 Filii

2220 1605 2406 1645 vocem
2438 1588 2700 1645 dicentis:
2735 1587 2795 1644 Si
2823 1589 3100 1642 ascendere
3130 1588 3183 1641 in
3209 1586 3390 1640 cadunt
3413 1627 3427 1652 ,
3464 1595 3518 1638 tu
3541 1584 3612 1638 ibi
3643 1602 3694 1639 es
3721 1602 3740 1639 :
3769 1586 3815 1640 si

2215 1683 2525 1737 descendero
2573 1682 2641 1734 ad
2688 1681 2970 1751 infernum,
3019 1679 3142 1734 ades
3172 1677 3191 1750 (
3221 1676 3370 1733 Psal.
3401 1693 3643 1734 cxxxvm
3669 1721 3683 1746 ,
3712 1678 3811 1748 8).

2215 1775 2274 1830 Si
2329 1775 2505 1830 Patris
2558 1774 2928 1830 testimonium
2977 1771 3208 1844 quieris,
3266 1771 3462 1826 audisti
3518 1787 3548 1825 ιι
3582 1771 3814 1828 Joanne.

502 1870 781 1941 simplices
833 1873 976 1927 sicut
1029 1872 1318 1930 columbae.
1367 1873 1565 1930 Pacem
1626 1872 1826 1927 lavacri
1881 1871 2114 1942 requirit
2144 1869 2390 1945 BCrede
2445 1870 2610 1940 igitur
2635 1869 2718 1932 ei,
2750 1869 2834 1922 cui
2871 1884 2929 1922 se
2967 1867 3345 1937 baptizanduin
3383 1865 3617 1922 credidit
3656 1866 3817 1920 Chri-

501 1967 698 2034 gratia,
728 1973 753 2002 ο
787 1980 947 2035 quam
978 1966 1030 2022 in
1074 1977 1202 2038 typo
1241 1966 1411 2021 veteri
1437 1965 1693 2024 columba
1733 1965 2006 2036 quondam
2043 1963 2112 2020 ad

501 2060 651 2116 illam
699 2076 882 2117 arcam
912 2077 1036 2132 quin
1064 2062 1180 2116 sola
1209 2060 1313 2116 fuit
1343 2061 1533 2118 diluvii
1567 2062 1851 2127 immunis,
1898 2060 2116 2116 advexit

501 2153 660 2224 (Gen.
695 2170 810 2222 vni,
847 2154 959 2227 ll).
989 2155 1184 2216 Docuit
1230 2171 1318 2212 me
1344 2156 1502 2226 cujus
1536 2165 1699 2228 typus
1745 2155 1996 2210 columba
2021 2154 2115 2210 illa

512 2248 700 2316 fuerit,
747 2250 838 2321 qui
886 2266 1028 2306 nunc
1069 2250 1406 2306 descendere
1437 2251 1694 2322 dignatus
1722 2249 1891 2306 estin
1931 2249 2114 2319 specie

501 2343 793 2399 columbas.
829 2344 1026 2402 Docuit
1070 2345 1122 2398 iu
1170 2344 1268 2399 illo
1311 2360 1486 2410 ramo,
1534 2345 1586 2398 in
1631 2344 1721 2398 illa
1762 2359 1888 2398 arca
1927 2352 2112 2414 typum

509 2436 681 2492 fuisse
740 2436 888 2507 pacis
938 2437 1228 2501 Ecclesiae,
1279 2437 1420 2506 quod
1466 2421 1606 2493 inter
1645 2436 1765 2506 ipsa
1813 2434 1999 2490 mundi
2032 2435 2114 2489 di-

505 2530 648 2585 luvia
682 2529 923 2600 Spiritus
953 2540 1180 2587 sanctus
1219 2529 1288 2588 ad
1311 2531 1611 2587 Ecclesiam
1640 2545 1794 2586 suam
1819 2545 2006 2602 pacein
2039 2530 2118 2584 af-

499 2620 640 2678 ferat
669 2623 1019 2678 fructuosam.
1052 2623 1248 2679 Docuit
1297 2625 1462 2680 etiam
1495 2623 1689 2688 David,
1740 2625 1831 2692 qui
1883 2623 2118 2692 prophe-

507 2717 615 2772 tico
643 2715 845 2787 spiritu
883 2732 1119 2781 cernens
1171 2716 1514 2786 baptismatis
1550 2724 1978 2780 sacramentum,
2000 2716 2113 2771 ait:

499 2808 628 2877 Quis
658 2809 804 2864 dabit
833 2811 959 2864 mihi
990 2827 1190 2884 pennas
1219 2812 1352 2866 sicut
1383 2809 1635 2864 cotumbw
1665 2809 1838 2883 (Psal.
1875 2824 1984 2874 1.1V,
2019 2808 2114 2878 7)?

582 2904 672 2960 93.
720 2903 880 2959 Venit
940 2919 1071 2974 ergo
1121 2903 1356 2972 Spiritus
1413 2912 1666 2968 sanctus,
1742 2902 1839 2958 sed
1888 2901 2115 2958 attende

511 2996 857 3068 mysterium.
888 2995 1046 3052 Venit
1069 2996 1135 3051 ad
1168 2997 1469 3054 Christum.
1509 2995 1699 3050 Omnia
1730 2997 1873 3050 enim
1906 3014 1996 3067 per
2026 2997 2113 3065 ip-

500 3104 733 3142 sunt.....
767 3090 905 3158 facta
936 3098 1178 3142 sunt.....
1223 3099 1270 3142 et
1307 3089 1358 3142 in
1390 3088 1504 3157 ipso
1546 3097 1786 3142 constant
1817 3086 2038 3161 (Catos,
2072 3104 2112 3155 1,

509 3183 577 3236 ib
600 3193 647 3236 et
679 3181 792 3253 17).
824 3181 932 3236 Sed
966 3180 1088 3237 vidc
1124 3181 1448 3236 benevolum
1477 3180 1790 3246 Dominum,
1831 3181 1923 3251 qui
1964 3181 2114 3237 solus

2216 1972 2355 2029 stus,
2386 1963 2472 2016 cui
2503 1962 2662 2017 Pater
2678 1961 2868 2015 Filium
2893 1959 3101 2016 caelesti
3127 1974 3257 2015 voce
3283 1959 3584 2024 commisit,
3604 1956 3818 2030 1315

2217 2058 2405 2112 dicens
2435 2073 2447 2110 :
2476 2055 2577 2110 llic
2606 2065 2681 2110 est
2715 2054 2884 2109 Filius
2915 2070 3060 2108 meus
3090 2053 3340 2121 dilectus,
3373 2055 3427 2106 in
3451 2069 3550 2123 quo
3579 2055 3815 2122 compla-

2218 2153 2301 2205 cui
2330 2149 2562 2222 (Matth.
2588 2164 2668 2215 ιιι,
2700 2149 2765 2203 17
2786 2148 2828 2221 ).

2290 2247 2381 2302 95.
2416 2245 2520 2302 Ubi
2553 2257 2680 2301 sunt
2711 2245 2922 2313 Ariani,
2947 2245 3146 2316 quibus
3177 2262 3282 2300 non
3313 2245 3490 2316 placet
3523 2244 3691 2300 Filius
3715 2287 3730 2313 ,
3764 2246 3816 2301 in

2219 2357 2327 2412 quo
2354 2340 2682 2411 complacuit
2707 2339 2911 2394 Pater?
2940 2341 3050 2394 lloc
3078 2355 3184 2395 nou
3211 2355 3311 2410 ego
3333 2340 3473 2406 dico,
3510 2354 3683 2410 neque
3715 2339 3818 2394 lio-

2220 2437 2423 2496 mitium
2448 2436 2732 2506 quisijuam
2765 2436 2975 2490 locutus
3003 2446 3114 2502 cst;
3151 2451 3328 2507 neque
3350 2435 3492 2490 enim
3516 2449 3612 2504 per
3642 2433 3818 2489 homi-

2221 2546 2342 2584 nem
2371 2529 2532 2598 Deus,
2565 2545 2740 2600 neque
2767 2544 2862 2599 per
2884 2530 3130 2599 angelos.
3160 2545 3335 2600 neque
3381 2545 3476 2598 per
3523 2527 3822 2598 archange-

2219 2624 2300 2677 los
2336 2641 2348 2676 :
2379 2623 2474 2677 sed
2505 2623 2574 2677 ab
2601 2623 2717 2692 ipso
2749 2622 2909 2678 Patre
2934 2639 3036 2677 vox
3066 2623 3134 2679 de
3186 2623 3326 2678 caelo
3358 2623 3523 2676 missa
3563 2621 3816 2691 signavit.

2221 2713 2424 2769 Deinde
2450 2715 2577 2770 alibi
2612 2715 2753 2770 idem
2775 2714 2935 2770 Pater
2957 2717 3174 2786 repetit,
3200 2715 3384 2770 dicens
3407 2732 3425 2769 :
3458 2713 3556 2768 Hic
3579 2726 3654 2768 est
3676 2715 3818 2783 ﬁlius

2220 2825 2359 2863 meus
2389 2808 2628 2875 dilectus,
2657 2810 2710 2863 in
2733 2826 2832 2878 quo
2855 2810 3144 2882 complacui
3169 2827 3185 2864 :
3207 2810 3377 2882 ipsum
3393 2812 3570 2864 audite
3586 2809 3605 2884 (
3622 2807 3812 2865 Matth.

2220 2918 2350 2966 aut,
2383 2901 2416 2955 5
2443 2901 2487 2974 ),
2518 2903 2785 2957 dicentem
2819 2902 3001 2974 utique
3024 2904 3206 2959 audite
3231 2921 3244 2957 :
3273 2903 3386 2976 Ego
3409 2914 3454 2958 et
3485 2903 3643 2956 Pater
3659 2919 3820 2956 innuit

2218 3013 2394 3051 sumus
2423 2996 2602 3068 (Joan.
2629 3015 2682 3065 ιι,
2703 2995 2824 3070 50).
2861 2999 2961 3064 Qui
2987 3014 3117 3068 ergo
3139 2996 3165 3036 ά
3197 2999 3335 3053 Filio
3361 3015 3465 3054 non
3489 2999 3681 3066 credit,
3709 3015 3816 3054 non

2218 3093 2390 3148 credit
2421 3096 2584 3148 l’atri.
2626 3095 2804 3149 Testis
2832 3106 2912 3150 est
2936 3095 3026 3150 ille
3055 3095 3123 3149 de
3157 3095 3292 3150 Filio
3325 3113 3337 3148 :
3367 3094 3411 3149 si
3440 3095 3718 3150 dubitatur
3748 3095 3818 3150 de

2222 3186 2380 3254 Filio,
2409 3199 2633 3258 paterno
2657 3206 2762 3243 non
2787 3189 3028 3244 creditur
3068 3191 3395 3244 testimonio.
3457 3189 3661 3244 Deinde
3692 3203 3815 3242 cum

507 3289 568 3330 se
591 3275 804 3344 injuriis
845 3273 1107 3341 subdidit,
1159 3275 1306 3330 solus
1334 3275 1563 3343 gratiam
1609 3291 1715 3328 non
1755 3275 2020 3344 qumsivit.
2051 3276 2113 3330 Et
2141 3287 2186 3350 ρ
2217 3281 2349 3336 dicit
2379 3299 2398 3336 :
2430 3281 2497 3335 In
2527 3300 2626 3351 quo
2650 3284 2983 3353 romptacui;
3010 3299 3114 3337 non
3138 3284 3312 3338 aliena
3339 3283 3392 3336 in
3412 3282 3569 3349 Filio,
3600 3282 3694 3337 sed
3719 3296 3814 3335 sua

502 3370 592 3426 tibi
625 3371 914 3426 :cdificavit
944 3370 1292 3428 Ecclesiant‘l
1322 3370 1560 3442 Rogabo.
1594 3371 1792 3440 inquit,
1831 3369 2042 3425 Patrem
2067 3379 2112 3424 ct

505 3465 667 3520 alium
690 3462 1022 3518 Paracletum
1049 3464 1191 3518 dabit
1215 3465 1375 3528 vobis,
1428 3476 1481 3522 ut
1504 3464 1765 3519 vobiscum
1792 3465 1856 3520 sit
1886 3465 1940 3517 in
1963 3474 2114 3518 mter-

507 3574 652 3624 num,
685 3559 928 3626 spiritum
957 3558 1221 3624 veritatis,
1259 3574 1409 3628 quem
1441 3558 1526 3611 hic
1560 3559 1782 3612 mundus
1810 3574 1911 3611 non
1953 3566 2113 3626 potest

497 3651 751 3720 accipere,
793 3650 1036 3718 quianon
1061 3649 1361 3716 videteum,
1393 3667 1486 3705 nec
1517 3653 1752 3722 agnoscit
1773 3667 1886 3706 eum
1921 3648 2107 3720 (Joan.

503 3761 619 3811 xiv,
654 3745 720 3802 l6
743 3753 798 3800 et
837 3745 941 3815 l7).
975 3745 1169 3802 Merito
1202 3745 1414 3818 1313
1438 3761 1568 3817 ergo
1596 3747 1726 3804 sein
1754 3760 1988 3817 corpore
2009 3745 2105 3802 de-

501 3839 857 3903 monstravit;
888 3836 915 3880 δ
950 3840 1212 3910 quoniam
1235 3839 1541 3896 divinitatis
1563 3838 1871 3895 substantia
1900 3854 2006 3895 nou
2034 3841 2111 3894 vi-

509 3935 690 3990 detur.

573 4028 660 4086 94,
708 4027 958 4084 Vidimus
1009 4027 1298 4098 Spiritum,
1343 4029 1439 4084 sed
1495 4029 1548 4084 iu
1576 4030 1760 4101 specie
1784 4028 2107 4100 corporali:

499 4121 780 4178 videamus
805 4132 860 4178 et
880 4122 1118 4177 Patrem.
1144 4119 1252 4177 Sed
1280 4122 1405 4193 quia
1435 4123 1619 4178 videre
1644 4140 1748 4178 non
1786 4137 2100 4192 possumus,

499 4215 808 4271 audiamus.
843 4214 1012 4269 Adest
1034 4215 1178 4270 enim
1206 4214 1506 4270 benevolus
1539 4215 1704 4281 Deus,
1738 4231 1843 4270 nou
1873 4215 2110 4271 derelin-

497 4321 628 4380 quet
661 4310 920 4380 templum
967 4325 1146 4366 sumn.
1180 4309 1308 4364 Vult
1360 4325 1579 4365 omnem
1631 4310 1960 4366 exaedificari
1989 4311 2111 4366 ani-

495 4420 636 4459 mam
670 4423 684 4460 :
715 4405 826 4460 vult
850 4421 971 4460 eam
1001 4405 1067 4460 ad
1092 4405 1323 4460 salutem
1356 4403 1656 4461 informare
1687 4423 1700 4459 :
1739 4407 1851 4462 vult
1893 4407 2107 4476 lapides

503 4499 655 4554 vivos
683 4516 712 4552 ιι
748 4508 890 4554 terra
930 4499 997 4554 ad
1029 4500 1226 4555 coelum
1258 4498 1572 4554 transferre.
1606 4497 1791 4570 Diligit
1843 4501 2105 4571 templum

497 4608 654 4648 suum
682 4610 694 4646 :
721 4601 779 4648 et
807 4607 907 4648 nos
932 4593 1222 4665 diligamus
1248 4607 1398 4648 eum.
1457 4591 1513 4648 Si
1559 4591 1832 4663 diligimus
1883 4594 2050 4650 Deum
2085 4638 2102 4662 ,

497 4697 768 4759 praecepta
800 4688 919 4760 ejus
949 4703 1250 4745 servemus.
1297 4689 1355 4745 Si
1384 4688 1660 4761 diligimus
1688 4705 1812 4747 eum
1849 4732 1863 4757 ,
1887 4693 2108 4749 novori-
2132 4689 2188 4751 D

568 4901 592 4929 η
636 4892 791 4968 Rom.
828 4893 986 4968 edit..
1016 4911 1169 4964 quam
1192 4895 1246 4949 in
1271 4903 1393 4968 typo
1421 4895 1589 4968 otivai.
1624 4893 1845 4951 Certum
1871 4899 2091 4968 quidem

496 4973 581 5022 est
601 4965 863 5031 vocibus,
899 4967 950 5019 in
985 4975 1108 5035 typo
1131 4965 1306 5031 veteri,
1355 4967 1628 5036 designari
1653 4968 1852 5022 olivam
1879 4965 1902 5032 ,⁷
1947 4980 2089 5027 utex

495 5037 852 5106 sequentibus
882 5037 1242 5107 intelligitur:
1274 5038 1368 5092 sed
1399 5053 1506 5093 non
1532 5039 1654 5093 ideo
1677 5054 1739 5094 ea
1766 5055 1869 5094 vox
1899 5041 1950 5096 iu
1977 5051 2095 5098 tex-

496 5108 976 5164 tumintrudcnda.
1030 5109 1200 5165 Porro
1239 5111 1290 5163 in
1307 5110 1548 5180 profanis
1585 5110 1749 5164 etiam
1778 5114 2097 5170 auctoribus

485 5183 659 5235 oleam
687 5182 833 5250 pacis
860 5181 1166 5252 symbolum
1192 5197 1315 5236 esse
1345 5182 1526 5235 uetitis
1551 5189 1636 5234 est
1657 5222 1670 5245 ,
1725 5198 1884 5250 quam
1917 5193 1972 5237 ut
2003 5185 2092 5240 vel

489 5268 520 5306 a
551 5255 787 5308 tenuiter
820 5252 984 5326 docto
1030 5253 1201 5322 possit
1243 5253 1498 5326 ignorari.
1551 5253 1704 5306 lianc
1751 5265 1929 5308 autem
1971 5256 2090 5326 ejus

488 5327 568 5380 rei
592 5339 810 5395 Causam
845 5323 1114 5390 reddunt,
1167 5326 1308 5390 quod
1336 5324 1542 5379 artibus
1568 5366 1584 5392 ,
1621 5340 1741 5395 quas
1770 5323 2014 5383 maxime
2035 5331 2088 5384 in

493 5411 627 5465 pace
659 5394 880 5459 florent,
916 5395 1096 5450 oleum
1123 5397 1240 5449 usui
1271 5397 1362 5450 sit.

565 5467 591 5506 ι’
643 5465 804 5522 Rom.
857 5466 986 5522 edit.
1017 5508 1032 5533 ,
1090 5467 1336 5538 quoniam
1390 5466 1444 5520 in
1494 5467 1780 5523 divinitatis
1840 5471 2088 5525 substan-

495 5549 588 5650 ηαδ
797 5610 956 5674 edit.,
986 5608 1159 5663 Filius
1188 5605 1288 5662 Dei
1317 5609 1369 5662 in
1396 5626 1452 5662 eo
1477 5610 1648 5680 utique
1668 5611 1807 5680 quod
1832 5613 1969 5667 Deus
1986 5623 2085 5677 est,

489 5699 590 5736 nan
620 5684 877 5744 videatur,
909 5682 1282 5746 demonstrare,
1307 5691 1438 5738 etc..
1471 5679 1628 5744 Vet.,
1663 5679 1838 5736 Filius
1871 5685 2084 5742 Dei.....

488 5750 628 5807 inus
658 5763 749 5812 est,
767 5750 1220 5827 nonpidetnpsed
1242 5753 1610 5806 demonstrare.
1642 5755 1724 5808 Ab
1753 5755 1836 5809 his
1862 5757 2088 5827 propius

491 5829 754 5894 recedunt
783 5825 970 5892 scripti
995 5824 1116 5894 cod.
1143 5829 1607 5894 quossequimur.

556 5891 582 5930 ά
618 5894 759 5952 Edit.
788 5909 852 5948 ao
885 5891 1037 5965 pauci
1067 5907 1223 5960 mss.,
1252 5891 1446 5950 Filium
1465 5909 1568 5949 non
1605 5893 1789 5951 credit.
1826 5896 1934 5956 Alii
1965 5901 2082 5970 plu-

2219 3374 2426 3429 laudat.
2459 3374 2600 3442 Quid
2643 3384 2723 3429 est
2781 3376 2924 3429 enim
2971 3374 3191 3429 dicere:
3226 3375 3292 3428 In
3342 3391 3442 3442 quo
3488 3376 3808 3445 comptacui,

2221 3477 2242 3503 υ
2269 3467 2370 3521 nisi
2395 3471 2515 3535 quia
2545 3471 2723 3522 omnia
2756 3483 2875 3537 quin
2909 3467 3071 3523 liabet
3103 3467 3294 3534 Filius,
3324 3481 3377 3523 et
3406 3468 3568 3523 Pater
3612 3468 3811 3522 habet:

2216 3559 2354 3613 sicut
2381 3571 2435 3612 et
2465 3576 2585 3630 quae
2611 3562 2786 3614 l'atris
2819 3569 2946 3614 sunt
2980 3602 2992 3622 ,
3028 3560 3148 3614 Filii
3207 3563 3378 3615 sunt?
3406 3560 3572 3614 Filius
3625 3561 3764 3614 dixit
3797 3577 3811 3616 :

2219 3650 2408 3705 Omnia
2435 3668 2550 3721 qua:
2566 3651 2716 3707 habet
2748 3651 2910 3707 Pater
2937 3695 2951 3719 ,
2982 3669 3094 3706 mea
3139 3665 3257 3708 sunt
3285 3655 3303 3726 (
3331 3652 3488 3707 Joan.
3516 3670 3602 3710 xvr
3636 3696 3650 3721 ,
3679 3655 3773 3723 15)
3797 3671 3810 3721 ;

2216 3743 2573 3799 indifferentis
2625 3745 2768 3800 enim
2812 3745 3110 3800 divinitatis
3143 3749 3379 3815 potentia
3414 3763 3518 3800 nou
3575 3747 3813 3802 secernit

2215 3837 2355 3894 inter
2378 3839 2592 3894 Patrem
2620 3847 2676 3894 et
2730 3839 2977 3908 Filium,
3011 3839 3106 3895 sed
3157 3855 3317 3896 unam
3370 3841 3513 3896 Patri
3566 3841 3812 3911 Filioque

2214 3934 2497 4004 participat
2523 3944 2870 4005 potestatein.
2903 3933 3202 3992 Credamus
3234 3937 3402 4004 Patri,
3435 3937 3590 4007 cujus
3621 3953 3808 3992 vocent

2213 4030 2478 4084 elementa
2524 4039 2825 4084 sonuerunt
2867 4046 2879 4083 :
2928 4030 3214 4085 credamus
3263 4029 3456 4095 Patri,
3487 4030 3642 4100 cujus
3689 4031 3806 4084 voci

2213 4124 2480 4178 elementa
2512 4125 2833 4194 obsequium
2866 4125 3234 4195 przebueruut.
3287 4123 3529 4180 Credidit
3575 4125 3808 4180 mundus

2213 4219 2584 4287 iuelemeutis,
2609 4219 2863 4275 credatiu
2889 4219 3471 4274 hominibus:credidit
3517 4219 3571 4273 in
3611 4222 3803 4274 exani-

2211 4316 2337 4383 mis,
2367 4316 2624 4372 crcdatin
2665 4316 3011 4372 viventibus:
3042 4317 3270 4372 credidit
3305 4320 3356 4372 iu
3387 4319 3549 4373 mutis
3581 4360 3594 4383 ,
3618 4320 3808 4376 ert-dat

2212 4407 2264 4461 in
2294 4407 2640 4478 loquentibus
2665 4425 2679 4462 :
2705 4406 2723 4444 ί
2745 4407 2976 4464 credidit
3006 4410 3056 4463 iu
3089 4409 3293 4476 iisquae
3317 4424 3423 4464 non
3455 4410 3656 4466 habent
3687 4429 3810 4467 sen-

2211 4518 2352 4566 sum,
2372 4502 2560 4557 credat
2579 4504 2630 4558 in
2659 4504 2724 4559 iis
2745 4504 2834 4574 qui
2858 4518 3099 4571 sensum,
3121 4511 3178 4558 ut
3197 4503 3364 4558 Deum
3387 4514 3806 4574 cognoscerent,

2209 4598 2484 4654 consecuti
2515 4609 2659 4652 sunt.

2197 4918 2304 4979 res,
2336 4905 2682 4979 etpotiores,
2713 4901 2854 4958 Filio
2882 4903 3168 4979 itqueredit
3197 4920 3214 4958 :
3246 4903 3390 4975 quod
3437 4905 3656 4977 quidem
3710 4923 3807 4979 ap-

2199 4977 2305 5030 tius
2333 4976 2578 5030 cohrurot
2605 4975 3142 5047 cum'snperioribus.

2274 5057 2296 5084 θ
2329 5047 2405 5102 lta
2432 5048 2564 5103 edit.
2599 5063 2826 5110 omnes;
2853 5056 2910 5101 at
2931 5057 3120 5101 contra
3153 5063 3344 5102 omnes
3373 5064 3528 5111 mss.,
3570 5052 3668 5104 nisi
3693 5068 3805 5106 om-

2197 5119 2284 5172 nia
2314 5136 2430 5188 qute
2477 5121 2624 5173 habet
2665 5117 2858 5183 Filius,
2893 5135 3005 5172 mea
3030 5129 3147 5173 sunt
3174 5161 3188 5186 ,
3216 5121 3344 5174 sicut
3405 5119 3574 5175 Filius
3623 5124 3754 5178 dixit
3786 5141 3807 5180 .'

2198 5191 2372 5244 omnia
2393 5208 2506 5261 qum
2527 5192 2677 5245 habet
2703 5190 2882 5251 Pater,
2917 5207 3026 5242 mea
3053 5201 3194 5244 sunt.
3241 5190 3594 5259 Indi/ferentis
3631 5239 3643 5258 ,
3689 5209 3798 5253 etc.

2200 5261 2254 5334 l_n
2286 5278 2391 5334 uno
2425 5265 2507 5315 vel
2539 5265 2714 5317 altero
2746 5263 3012 5334 omittitur
3039 5265 3170 5334 sicut
3202 5261 3370 5317 Filius
3399 5306 3412 5330 ,
3445 5276 3550 5319 etc.
3593 5277 3648 5321 et
3680 5285 3797 5334 pro,

2197 5329 2557 5400 Indi/ferentis
2586 5375 2602 5400 ,
2654 5335 2873 5405 ponitur
2903 5377 2916 5400 ,
2962 5332 3330 5401 Indi/ferenter
3358 5379 3371 5403 ,
3436 5349 3526 5392 aut
3565 5329 3799 5406 Indi/fc;

2197 5419 2336 5457 rens.

2273 5475 2291 5551 ξ
2330 5477 2723 5551 Desiderantur
2748 5475 2798 5551 in
2829 5492 2957 5551 mss.
2991 5487 3222 5546 septem,
3249 5493 3424 5548 neque
3451 5479 3557 5535 illis
3579 5483 3805 5551 quidem

2198 5546 2396 5602 inlimzc
2422 5559 2584 5615 ιιοιιιι,
2605 5549 2824 5603 credidit
2851 5550 2904 5601 in
2933 5553 2996 5601 iis
3015 5565 3129 5618 qua:
3155 5567 3256 5603 non
3309 5546 3490 5604 habent
3548 5546 3754 5607 sensum
3781 5569 3808 5609 :

2195 5635 2315 5687 qua:
2338 5621 2498 5674 verba
2530 5637 2650 5675 cuni
2681 5622 2747 5673 ad
2772 5625 3094 5674 δειιιριιιιςιιυ
3124 5638 3228 5675 non
3281 5624 3388 5675 sint
3417 5624 3662 5680 absolute
3705 5641 3801 5681 uc-

2196 5693 2456 5766 cessaria,
2488 5703 2779 5762 potuerunt
2810 5692 2862 5766 in
2914 5694 3181 5766 sequioris
3211 5693 3306 5746 azvi
3353 5694 3478 5746 cod.
3533 5697 3799 5766 irrepere.

2197 5763 2328 5816 Cum
2359 5774 2536 5818 autem
2567 5776 2776 5818 exstent
2809 5765 2860 5816 in
2893 5764 3078 5817 multis
3108 5779 3236 5820 mss.
3272 5776 3326 5820 et
3354 5766 3610 5822 omnibus
3647 5763 3792 5824 edit.

2195 5847 2258 5888 ea
2293 5837 2410 5891 loco
2435 5851 2654 5891 movere
2685 5841 2863 5890 visum
2898 5851 3002 5891 non
3030 5846 3133 5892 est.
