4014 6464
75 404 86 456 l
103 400 225 455 $89

1099 392 1460 452 EXPOSITIO
1498 393 1750 452 EVANG.
1792 395 1937 454 SEC.
1979 399 2138 457 LUC.
2179 400 2311 457 LIB.
2352 398 2442 455 Ill.

211 527 3270 556 W—W

3279 397 3418 457 1590

1271 639 1616 724 LIBER
1688 641 2236 729 TERTIUS.

1594 808 1922 826 ‘—

82 901 323 976 1313
359 899 379 974 (
406 899 562 954 Vers.
593 896 684 951 2'5.
721 897 738 966 )
771 893 836 949 Et
862 895 972 965 ipse
1014 893 1168 948 Jesus
1193 902 1304 948 erat
1325 893 1578 962 incipiens
1599 891 1706 962 fere
1733 899 1786 962 Α
1811 895 1941 950 favit
1975 893 2146 951 David
2170 896 2395 969 (Matth.
2427 913 2469 966 ι,
2499 900 2535 957 5
2557 910 2606 956 et
2643 917 2751 973 seq.
2782 897 2825 973 ).
2861 899 2978 956 Viri
3005 848 3421 972 enimﬁpersona

157 1010 438 1048 annorum
468 993 705 1064 triginta,
738 989 825 1060 qui
844 987 1123 1060 putabatur
1153 1002 1264 1041 esse
1285 985 1424 1056 [ilius
1446 983 1663 1054 Joseph.

162 1090 222 1144 1.
275 1089 360 1143 De
398 1083 843 1159 generationibus
891 1082 1108 1149 dicturi,
1139 1096 1366 1150 quantm
1398 1079 1714 1134 nonnullam

85 1182 364 1238 videmus
396 1183 450 1236 in
499 1179 792 1251 Evangelio
838 1177 1133 1233 secundum
1163 1175 1469 1230 Matthaeum
1503 1216 1519 1240 ,
1547 1174 1632 1230 vel
1661 1174 1716 1230 in

88 1279 201 1332 hoc
257 1276 422 1348 cujus
480 1273 982 1344 interpretationem
1032 1269 1293 1324 habemus
1350 1270 1402 1322 in
1442 1268 1714 1334 manibus,

90 1386 224 1426 esse
256 1369 620 1433 dismntiam;
651 1368 905 1438 quoniam
959 1353 1063 1419 non
1096 1373 1180 1419 est
1210 1361 1472 1418 credibile
1520 1359 1716 1416 adver-

93 1465 283 1518 santia
312 1463 416 1516 sibi
448 1471 668 1516 sanctos
699 1460 840 1514 viros
868 1459 1106 1529 potuisse
1160 1456 1365 1524 dicere,
1396 1465 1422 1491 τι
1451 1454 1519 1510 de
1547 1453 1718 1525 gestis

97 1556 427 1628 praesertim
458 1555 668 1610 Domini
722 1552 1018 1610 Salvatoris
1045 1592 1059 1616 ,
1091 1557 1294 1621 quanto
1349 1547 1532 1603 studio
1591 1560 1718 1617 pos-

98 1666 347 1717 sumus,
406 1664 512 1704 non
566 1647 767 1704 dixisse
809 1660 904 1702 eos
954 1641 1322 1714 discrepantia
1374 1640 1719 1696 demonstre-

102 1759 255 1799 ιηιιε.

176 1839 234 1891 ‘2.
274 1837 344 1891 Et
397 1834 630 1906 primum
676 1833 918 1888 omnium
984 1832 1257 1888 neminem
1301 1844 1524 1885 movere
1557 1828 1721 1886 debet

97 1930 252 2001 quod
285 1931 360 1985 ita
393 1929 655 1998 scriptum
685 1937 808 1982 est:
847 1927 947 1996 Qui
977 1925 1258 1998 putabatur
1288 1939 1408 1980 "esse
1435 1924 1576 1994 ﬁlius
1623 1921 1720 1978 Jo-

96 2024 255 2096 seph.
293 2025 442 2080 Bene
470 2025 614 2080 enim
646 2023 954 2091 putabatur,
985 2022 1108 2091 quia
1163 2028 1356 2074 natura
1396 2033 1503 2072 non
1551 2025 1671 2072 erat
1701 2035 1715 2071 :

97 2119 203 2174 sed
251 2117 381 2172 ideo
419 2116 741 2187 putabatur,
765 2115 889 2184 quia
941 2129 1066 2168 eum
1125 2111 1290 2167 Maria
1324 2152 1338 2179 ,
1366 2125 1488 2182 quzc
1517 2109 1717 2181 Joseph

97 2215 225 2267 viro
257 2229 362 2266 suo
388 2219 507 2266 erat
532 2211 884 2279 desponsata,
917 2217 1271 2278 generaverat
1296 2221 1310 2272 ;
1341 2205 1420 2260 sic
1450 2203 1595 2259 enim
1625 2204 1720 2257 ha-

99 2305 205 2359 hes
251 2322 264 2356 :

100 2397 176 2452 55
205 2398 260 2468 )?
292 2399 537 2452 Diximus
569 2412 728 2467 supra
752 2412 854 2466 qua
886 2396 1096 2451 ratione
1129 2410 1225 2467 per
1245 2394 1504 2466 virginem
1531 2412 1542 2447 :
1567 2395 1720 2449 dixi-

102 2508 233 2546 mus
262 2497 429 2548 etiam
462 2507 566 2562 qua
616 2490 828 2545 ratione
873 2504 970 2560 per
1018 2489 1402 2557 deSpOnsatam
1426 2525 1444 2556 ,
1469 2495 1523 2542 et
1551 2502 1721 2556 quare

101 2600 312 2641 census
338 2593 586 2654 tempore
632 2583 781 2638 nasci
814 2582 1048 2637 voluerit
1093 2581 1354 2636 Dominus
1403 2579 1670 2636 Salutaris
1703 2597 1718 2637 :

105 2695 220 2733 non
264 2679 505 2732 alienum
540 2677 703 2733 etiam
736 2675 951 2731 videtur
973 2687 1029 2730 ut
1058 2691 1162 2746 qua
1213 2675 1424 2730 ratione
1450 2673 1477 2711 δ
1512 2673 1720 2730 fabrum

108 2782 329 2842 patrem
357 2771 628 2835 habuerit,
653 2769 1011 2825 declaremus.
1063 2767 1178 2823 Hoc
1219 2767 1363 2822 enim
1418 2775 1547 2838 typo
1597 2781 1723 2821 eum

113 2877 330 2936 patrem
361 2865 462 2919 sibi
485 2879 609 2918 esse
648 2863 985 2918 demonstrat
1015 2864 1104 2933 qui
1153 2861 1446 2916 fabricator
1481 2862 1722 2916 omnium

113 2957 364 3012 condidit
393 2956 684 3022 mundum;
717 2955 869 3025 juxta
903 2953 1115 3028 1314
1142 2953 1286 3025 quod
1317 2951 1576 3022 scriptum
1610 2961 1720 3007 est:

117 3050 187 3104 In
215 3051 473 3123 principio
503 3050 619 3120 fecit
646 3049 786 3102 Deus
818 3048 997 3102 aulum
1034 3059 1080 3101 et
1136 3058 1325 3100 terram
1352 3044 1371 3117 (
1395 3043 1523 3099 Gen.
1559 3059 1596 3110 ι,
1622 3044 1646 3099 1
1679 3044 1722 3116 ).

119 3144 258 3197 Nam
294 3143 395 3197 etsi
442 3143 680 3196 humana
718 3157 826 3194 non
880 3152 1005 3195 sunt
1060 3137 1426 3208 comparanda
1483 3138 1718 3203 divinis;

119 3247 284 3310 typus
315 3246 495 3292 tamen
525 3237 733 3308 integer
756 3247 838 3292 est
861 3235 1004 3307 quod
1031 3236 1191 3291 Pater
1211 3232 1408 3290 Christi
1441 3236 1560 3304 igne
1588 3249 1722 3304 ope-

122 3341 276 3384 ratur
297 3328 598 3398 etSpiritu,
630 3337 684 3384 et
711 3338 980 3400 tamquam
1013 3328 1189 3382 bonus
1214 3329 1411 3381 anima:
1440 3326 1591 3382 faber
1640 3327 1724 3381 vi-

124 3427 198 3479 tia
231 3433 412 3478 nostra
435 3423 816 3489 circumdolat,
847 3425 956 3478 cito
978 3421 1213 3478 securim
1246 3420 1541 3476 admovens
1566 3423 1724 3476 arbo-

127 3519 276 3573 ribus
300 3516 621 3584 infecundis,
656 3531 846 3572 secare
895 3515 1090 3570 doctus
1129 3516 1321 3585 exigua
1354 3556 1368 3581 ,
1399 3514 1724 3570 culminibus

126 3626 346 3666 scrvare
375 3609 654 3675 sublimia,
687 3608 856 3679 rigida
883 3609 1142 3662 tuentium
1177 3606 1400 3678 spiritus
1432 3608 1553 3678 igne
1585 3607 1723 3662 mol-

1819 986 2100 1056 quaaritur,
2133 989 2224 1059 qui
2257 989 2421 1043 etiam
2452 989 2506 1046 in
2535 1001 2728 1048 senatu
2757 1000 2813 1050 et
2838 991 3069 1062 reliquis
3098 1002 3121 1030 ο
3154 993 3320 1049 curiis
3346 992 3425 1048 ci-

1821 1080 2044 1134 vitatum
2097 1080 2316 1150 generis
2359 1083 2560 1138 asserit
2603 1084 2943 1155 dignitatem.
3000 1085 3211 1161 1315
3253 1085 3426 1153 Quam

1819 1172 2065 1229 deforme
2094 1185 2275 1234 autem
2308 1178 2354 1232 si
2385 1177 2576 1236 relicta
2607 1179 2706 1236 viri
2751 1182 2986 1250 origine,
3016 1184 3170 1250 origo
3203 1182 3428 1240 feminae

1821 1278 2178 1335 qumrcretur,
2211 1276 2270 1322 ut
2300 1270 2576 1328 videretur
2618 1280 2826 1341 patrem
2878 1289 2986 1328 non
3030 1273 3286 1330 habuisse
3336 1273 3429 1334 ille

1823 1361 1986 1417 totius
2012 1361 2197 1417 mundi
2227 1365 2440 1433 populis
2472 1365 2895 1437 prazdicandus?

1891 1452 1944 1510 4.
1979 1453 2085 1509 Sed
2115 1455 2278 1510 etiam
2335 1456 2463 1512 alibi
2513 1458 2731 1516 diverso
2774 1458 2970 1515 ordine
3015 1460 3425 1530 generationem

1821 1549 2113 1604 doceamus
2148 1565 2270 1608 esse
2312 1552 2632 1620 decursam;
2666 1570 2732 1610 ne
2761 1554 2848 1609 hic
2877 1569 3092 1624 quoque
3139 1553 3430 1626 Evangeli-

1823 1652 1922 1698 stre
1946 1643 2257 1716 discrepare
2281 1647 2588 1715 videantur,
2622 1648 2716 1719 qui
2739 1657 2977 1704 veterem
3008 1647 3256 1704 ordinem
3303 1661 3434 1706 sunt

1821 1736 2014 1791 secuti.
2047 1735 2140 1793 Sic
2164 1737 2309 1793 enim
2341 1737 2509 1794 habes
2542 1755 2556 1794 :
2587 1737 2715 1794 Fuit
2768 1739 2924 1794 homo
2950 1736 2978 1776 ἀ
3026 1755 3092 1794 ea;
3147 1739 3310 1796 Arati:
3335 1785 3350 1808 ,
3385 1751 3436 1796 et

1822 1843 2006 1880 nomen
2033 1831 2145 1901 ejus
2167 1827 2393 1894 Eleana.
2419 1830 2564 1899 ﬁlius
2595 1831 2899 1899 Hieremiel,
2923 1832 3069 1902 ﬁlius
3097 1831 3217 1889 Heli
3244 1873 3259 1896 ,
3289 1834 3434 1903 ﬁlius

1826 1918 1922 1974 0ιί
1947 1921 2011 1976 de
2029 1932 2202 1976 monte
2234 1922 2492 1995 Epln'aim
2523 1923 2565 1995 (l
2586 1923 2718 1996 Reg.
2751 1941 2791 1994 ι,
2825 1923 2902 1996 1).
2933 1925 3096 1982 Vides
3117 1937 3171 1982 et
3199 1942 3228 1981 a
3261 1927 3435 1998 patri-

1825 2015 1925 2070 bus
1943 2015 2010 2070 ad
2043 2016 2202 2081 ﬁlios,
2234 2027 2289 2072 et
2308 2033 2338 2072 a
2364 2018 2491 2074 ﬁliis
2518 2019 2586 2076 ad
2613 2029 2796 2092 patres
2839 2021 3066 2093 originis
3107 2021 3437 2093 descriptio.-

1826 2124 1947 2164 nem
1979 2109 2150 2166 veteri
2171 2125 2323 2166 more
2352 2120 2684 2171 contextam.
2717 2112 2884 2170 Vides
2913 2114 3114 2184 ubique
3170 2114 3431 2171 familiam

1827 2218 1924 2273 per
1951 2203 2193 2258 virorum
2221 2206 2603 2276 generationes
2629 2222 2754 2264 esse
2784 2208 3096 2264 decursam.
3121 2217 3145 2244 ο
3175 2207 3296 2266 Noli
3331 2209 3434 2263 mi-

313 2303 503 2358 Nonne
525 2302 607 2356 hic
627 2313 700 2356 est
727 2302 870 2372 ﬁlius
892 2296 1089 2371 Ioseph
1144 2299 1280 2371 fabri
1313 2303 1330 2370 (
1355 2297 1546 2352 Matth.
1578 2314 1668 2352 xui
1701 2339 1717 2367 ,
1750 2283 1800 2344 Β
1826 2298 1936 2356 rari
1966 2299 2013 2356 si
2045 2300 2330 2356 Matthaeus
2357 2301 2424 2358 ab
2454 2302 2730 2358 Abraham
2756 2317 2928 2374 usque
2957 2302 3024 2364 ad
3049 2301 3288 2373 Joseph,
3322 2303 3432 2360 Lu-

1825 2409 1916 2449 cas
1943 2409 1973 2450 a
1997 2393 2197 2468 Joseph
2230 2411 2402 2467 usque
2455 2397 2523 2454 ad
2568 2397 2739 2453 Adam
2774 2438 2790 2464 ,
2821 2405 2876 2456 et
2904 2396 2972 2454 ad
3003 2397 3172 2454 Deum
3203 2413 3436 2469 genera-

1829 2487 2034 2543 tionum
2066 2489 2314 2546 ordinem
2345 2491 2634 2560 percurrit.
2678 2490 2797 2546 Noli
2839 2491 3026 2548 mirari
3057 2491 3200 2560 quod
3226 2491 3434 2563 Joseph

1825 2580 1975 2652 origo
2004 2580 2276 2652 descripta
2295 2592 2398 2638 est.
2426 2582 2640 2638 Etenim
2668 2582 2969 2642 secundum
2997 2598 3218 2640 carnem
3251 2596 3434 2652 natus,

1823 2688 1982 2727 usum
2013 2673 2204 2730 debuit
2236 2675 2391 2745 sequi
2423 2676 2627 2740 carnis,
2659 2685 2715 2730 et
2743 2677 2833 2746 qui
2864 2676 2917 2730 in
2964 2676 3224 2731 saeculum
3256 2678 3434 2746 venit,

1826 2766 2010 2820 saeculi
2049 2765 2236 2820 debuit
2265 2783 2417 2824 more
2436 2767 2706 2834 describi;
2740 2768 2975 2823 maxime
2993 2784 3115 2823 cum
3149 2769 3203 2824 in
3230 2769 3437 2839 Joseph

1827 2857 2037 2928 origine
2063 2858 2229 2914 etiam
2267 2860 2421 2930 origo
2471 2861 2544 2916 sit
2572 2859 2778 2916 Mariae.
2809 2859 2942 2915 Nam
2971 2876 3094 2916 cum
3128 2861 3210 2918 vir
3255 2861 3439 2935 justus

1828 2951 1988 3006 fuerit
2008 2950 2230 3021 Josepb,
2265 2953 2450 3023 utique
2478 2967 2545 3007 ex
2592 2952 2736 3008 tribu
2773 2968 2869 3008 sua
2899 2995 2916 3022 ,
2942 2960 2998 3010 et
3025 2968 3091 3010 ex
3122 2956 3293 3024 patria
3334 2970 3436 3014 sua

1827 3046 2037 3117 accepit
2062 3060 2287 3101 uxorem
2319 3063 2332 3100 :
2365 3061 2467 3102 nec
2495 3047 2672 3118 potuit
2697 3048 2877 3118 justus
2933 3045 3117 3104 facere
3156 3058 3345 3106 contra
3376 3050 3435 3106 id

1827 3141 1972 3212 quod
2005 3140 2146 3212 Lege
2169 3141 2544 3212 praescriptum
2572 3152 2674 3198 est.
2707 3142 2798 3197 Sic
2847 3142 2994 3198 enim
3055 3141 3224 3198 habes
3258 3185 3273 3212 ,
3303 3144 3435 3215 quia

1829 3236 2196 3309 unusquisque
2225 3239 2278 3294 in
2304 3237 2676 3295 [hereditatem
2699 3240 2871 3296 tribus
2893 3255 3008 3296 sua!
3031 3242 3219 3312 patria:
3248 3241 3436 3299 adlim-

1827 3331 2022 3386 rebunt
2050 3330 2147 3385 ﬁlii
2176 3331 2480 3397 lsrael,nec
2503 3331 2570 3386 de
2600 3332 2741 3387 tribu
2769 3331 2837 3387 ad
2863 3331 3062 3388 tribum
3088 3333 3432 3392 transibunt:

1827 3431 1881 3478 et
1911 3424 2089 3478 omnis
2120 3421 2228 3477 filia
2259 3439 2380 3493 quae
2414 3423 2576 3480 habet
2608 3423 2982 3482 [nereditatem
3017 3424 3253 3482 tribuum
3288 3423 3435 3480 filio-

1829 3533 1945 3573 rum
1967 3517 2156 3580 lsrael,
2186 3517 2275 3572 uni
2303 3533 2366 3572 ex
2398 3518 2620 3589 populo,
2654 3528 2710 3574 et
2745 3534 2812 3573 ex
2848 3518 2989 3574 tribu
3023 3517 3192 3588 patris
3212 3518 3296 3572 sui
3325 3517 3434 3576 erit

1828 3626 1963 3666 uxor
1991 3609 2012 3682 (
2043 3609 2205 3665 Num.
2242 3625 2434 3676 xxxvr,
2461 3608 2615 3684 6-8).
2647 3609 2833 3682 Itaque
2860 3621 2914 3666 et
2944 3625 3142 3666 census
3185 3618 3433 3680 tempore

126 3705 247 3771 lire,
271 3714 324 3759 et
346 3704 399 3758 iu
433 3704 608 3758 varios
639 3718 768 3757 usus
794 3718 956 3758 omne
980 3702 1272 3757 humanum
1304 3717 1478 3773 genus
1507 3701 1719 3759 diversa
1748 3684 1794 3749 (ἶ
1827 3706 2072 3761 ascendit
2098 3704 2300 3776 Joseph
2331 3705 2401 3760 de
2427 3703 2591 3760 domo
2612 3713 2668 3761 et
2687 3705 2756 3760 de
2780 3705 2950 3774 patria
2985 3703 3154 3759 David
3187 3701 3338 3776 (Luc
3363 3716 3429 3771 tt,

129 3799 544 3855 ministeriorum
577 3797 836 3870 qualitate
866 3797 1126 3853 formare.

197 3893 248 3948 5.
273 3893 380 3948 Cur
409 3905 588 3947 autem
635 3893 836 3963 Joseph
870 3894 1038 3964 magis
1068 3909 1228 3963 quam
1263 3891 1444 3948 Maria:
1494 3908 1721 3964 genera-

127 3990 201 4044 tio
230 3987 583 4054 describatur,
617 4001 738 4042 cmn
769 3987 936 4041 Maria
967 3987 1035 4042 de
1061 3988 1270 4056 Spiritu
1318 3997 1510 4042 sancto
1557 4003 1722 4057 gene-

125 4081 322 4136 raverit
347 4079 625 4133 Christum
659 4121 673 4146 ,
705 4087 758 4133 et
787 4077 990 4148 Joseph
1031 4095 1058 4131 a
1109 4079 1462 4148 generatione
1505 4079 1719 4134 Domini

127 4175 366 4229 videatur
386 4174 617 4236 alienus,
638 4173 890 4228 dubitare
920 4187 1226 4243 possemus,
1250 4172 1354 4227 nisi
1381 4173 1718 4230 consuetudo

129 4285 224 4325 nos
256 4269 542 4324 instrueret
574 4268 999 4338 Scripturarum,
1026 4283 1149 4338 qua:
1181 4282 1397 4337 semper
1419 4267 1518 4321 viri
1550 4268 1716 4337 origi-

129 4379 244 4418 nem
272 4361 478 4432 qnzerit.
509 4360 599 4417 Sic
620 4361 763 4417 enim
794 4361 962 4415 habes
991 4378 1004 4414 :
1037 4359 1242 4415 Phares
1264 4360 1362 4414 fuit
1385 4359 1527 4415 filius
1564 4359 1718 4416 Judat

130 4455 375 4527 principis
398 4453 593 4510 Tribus
624 4472 636 4507 :
672 4452 773 4508 Hic
813 4453 1073 4526 generavit
1121 4452 1328 4507 llesron
1363 4495 1378 4521 ,
1411 4462 1458 4505 et
1511 4451 1716 4510 Ilesron

130 4552 374 4621 generavit
400 4549 574 4613 Aram,
614 4557 661 4604 et
690 4549 848 4602 Aram
895 4547 1156 4620 generavit
1205 4545 1588 4600 IIamminatlab
1622 4589 1636 4613 ,
1669 4557 1716 4602 et

134 4641 504 4695 ﬂamminadab
534 4641 795 4712 generavit
823 4640 1128 4704 Nahasson,
1158 4650 1203 4692 et
1238 4638 1517 4694 Nalmsson
1565 4657 1718 4712 gene-

132 4736 254 4788 ravit
281 4735 515 4801 Salmon,
543 4744 591 4788 et
616 4734 836 4790 Salmon
866 4733 1126 4804 generavit
1148 4731 1309 4795 Booz,
1335 4743 1378 4785 et
1402 4732 1543 4787 Boos
1565 4751 1715 4805 gene-

135 4831 252 4883 ravit
283 4827 476 4895 liobed,
510 4838 558 4884 et
587 4827 768 4884 Hobed
788 4828 1048 4900 generauit
1072 4825 1221 4882 Iesse
1248 4867 1265 4894 ,
1295 4836 1341 4881 et
1369 4825 1516 4883 Jesse
1563 4845 1716 4900 geneo

1823 3799 1858 3854 4
1885 3810 1931 3855 et
1962 3797 2069 3872 5),
2096 3808 2154 3853 ut
2184 3797 2530 3868 profiteretur
2551 3814 2672 3853 cum
2702 3798 2869 3854 Maria
2924 3813 3094 3854 uxore
3132 3812 3255 3853 sua.
3297 3796 3432 3865 Quae

1825 3907 1891 3946 ex
1920 3891 2109 3946 eadem
2139 3889 2304 3945 domo
2335 3931 2351 3956 ,
2382 3898 2438 3945 et
2469 3905 2533 3945 ex
2565 3889 2756 3945 eadem
2803 3890 2975 3960 patria
3034 3889 3430 3960 professionem

1825 3983 2021 4050 defert,
2057 3983 2242 4052 utique
2279 3980 2522 4052 ejusdem
2553 3981 2745 4050 tribus,
2775 3991 2832 4037 et
2859 3981 3102 4050 ejusdem
3135 3980 3322 4051 patria:
3367 3993 3430 4034 se

1825 4089 1946 4130 esse
1970 4075 2239 4145 designat.

1900 4168 1955 4222 5.
1986 4165 2226 4238 Cognata
2249 4181 2466 4238 quoque
2488 4165 2673 4222 Maria:
2694 4165 2968 4221 inducitur
2981 4161 3429 4234 Elizabeth(Luc.

1826 4276 1867 4328 ι,
1899 4258 2011 4332 '56)
2041 4279 2054 4315 :
2089 4261 2265 4330 primo
2294 4259 2439 4331 quod
2485 4275 2678 4316 omnes
2731 4259 2902 4315 Judaai
2944 4259 3157 4331 cognati
3187 4299 3205 4326 ,
3233 4273 3430 4329 quem-

1825 4351 2114 4407 admodum
2147 4361 2200 4407 te
2219 4349 2515 4423 Apostolus
2552 4349 2736 4408 docuit
2765 4350 2977 4418 dicens,
3013 4349 3264 4421 Optabam
3289 4349 3431 4405 enim

1825 4447 2103 4500 anathema
2132 4463 2241 4502 esse
2271 4448 2475 4519 ipse....
2511 4462 2606 4517 pro
2634 4444 2883 4517 fratribus
2907 4445 3055 4512 meis,
3086 4443 3320 4517 cegnatis
3350 4459 3433 4500 se-

1823 4545 2048 4599 cundum
2069 4561 2296 4611 carnem,
2321 4544 2412 4616 qui
2438 4554 2556 4600 sunt
2588 4541 2846 4598 Israelita:
2867 4544 2886 4611 (
2907 4541 3061 4598 Rom.
3090 4559 3168 4612 tx,
3199 4546 3234 4599 5
3262 4554 3308 4598 et
3334 4541 3426 4613 4).

1819 4636 2074 4708 Cognata:
2103 4651 2254 4708 ergo,
2289 4637 2414 4706 quia
2444 4635 2619 4690 ambae
2647 4634 2908 4691 lsraelita:
2948 4643 3106 4690 erant
3135 4651 3149 4689 :
3180 4634 3342 4690 simul
3371 4643 3430 4690 et

1819 4739 2085 4803 cognatae,
2115 4731 2239 4801 quia
2260 4731 2436 4786 ambae
2465 4738 2625 4786 erant
2646 4745 2714 4786 ex
2765 4729 2908 4785 tribu
2964 4728 3123 4785 Juda.
3180 4728 3429 4785 Didicisti

1819 4843 1886 4882 ex
1917 4827 2060 4882 tribu
2087 4824 2225 4882 Juda
2256 4823 2506 4892 Mariam,
2536 4825 2686 4881 disce
2707 4832 2764 4881 et
2794 4823 3093 4880 Elizabeth.
3127 4821 3260 4878 Nam
3311 4820 3426 4876 Ea:-

205 5022 226 5048 ιι
249 5011 396 5066 Rom.
426 5010 556 5082 edit.
589 5010 724 5076 sola,
750 5010 814 5082 de
839 5009 1265 5082 generationibus
1283 5010 1709 5078 prwsertim,etc.
1739 5014 1794 5074 D
1820 5026 1927 5081 que
1949 5009 2379 5082 significationes
2403 5007 2566 5065 habet
2585 5024 2647 5064 ea
2676 5024 2779 5082 vox
2811 5050 2828 5076 ,
2858 5024 2994 5080 quas
3037 5009 3298 5082 colligere
3339 5023 3432 5070 est

202 5081 547 5148 bCuiusmodi
571 5082 719 5135 faber
745 5081 905 5135 fuerit
933 5081 991 5136 S.
1025 5081 1225 5149 .loseph
1257 5081 1308 5134 in
1352 5091 1712 5136 controverso

140 5168 232 5213 est.
275 5154 372 5208 Alii
397 5154 585 5208 volunt
612 5153 775 5207 fuisse
799 5153 1115 5214 ferrarium.
1150 5151 1371 5219 quidam
1419 5165 1714 5208 cmmenta-

142 5232 284 5287 rium.
316 5228 498 5296 plures
527 5225 848 5294 Iiguarium;
880 5225 1021 5296 unde
1051 5224 1180 5296 illud
1219 5221 1576 5278 ecclesiastici
1613 5226 1714 5279 viri

146 5294 327 5356 tlicllllll
349 5297 633 5352 addllliall-
655 5300 868 5364 Αῃιιδιοε
889 5295 1054 5356 Θῦτος
1067 5294 1117 5351 δέ
1141 5295 1412 5356 ὁτέκτονος
1435 5297 1545 5356 υἱὸς
1565 5298 1716 5356 θήκην

143 5376 264 5442 αὐτῷ
287 5371 472 5445 enim
492 5371 621 5445 πρὸς
651 5370 862 5445 θάνατον
887 5367 1519 5445 ξαταςκενάζειΝἱιΙυῳν
1534 5378 1714 5445 autem

144 5447 202 5498 ab
231 5439 404 5498 Anthr.
439 5439 730 5512 signiﬁcari
759 5440 920 5512 simul
942 5451 995 5492 et
1027 5440 1306 5492 ferrariam
1341 5447 1394 5492 et
1435 5439 1714 5508 lignariam

143 5528 293 5570 artem
320 5514 614 5584 Josephum
646 5511 980 5575 exercuisse,
1011 5521 1071 5563 ut
1099 5512 1386 5579 sequentia
1433 5513 1579 5564 clare
1623 5526 1714 5566 os-

146 5589 366 5642 tendunt.

213 5670 229 5697 ε
259 5659 423 5713 Curia:
464 5655 601 5724 apud
635 5656 908 5709 Romanos
941 5653 1199 5724 tringinta
1231 5650 1469 5720 fuerunt,
1497 5652 1550 5706 in
1583 5668 1719 5724 quas

153 5731 387 5785 Romulus
415 5731 729 5782 universum
765 5726 1019 5796 populum
1053 5725 1240 5778 divisit
1265 5767 1278 5787 ,
1304 5741 1472 5796 quem
1509 5739 1716 5779 morem

151 5803 255 5856 alia:
274 5817 476 5870 quoque
531 5795 778 5854 civitates
828 5798 1054 5852 imitata:
1109 5802 1256 5849 sunt.
1302 5795 1508 5870 Iudicat
1539 5799 1722 5870 itaque

155 5866 328 5927 Doctor
357 5866 539 5926 noster
568 5873 712 5924 viros
746 5872 797 5924 in
826 5884 940 5923 sua:
978 5881 1253 5937 quemque
1301 5866 1468 5921 curia}
1509 5868 1723 5923 tabulas

163 5945 326 6000 referri
351 5954 510 6015 atque
531 5942 727 5999 ascribi
754 5941 966 6008 solitos,
996 5954 1103 5995 non
1137 5938 1388 5996 feminas.
1419 5939 1565 5997 Alias
1587 5954 1721 6013 quo.

1819 5100 1882 5137 ex
1913 5081 2046 5137 Cod.
2077 5081 2286 5137 Themi.
2315 5082 2410 5136 lib.
2438 5097 2545 5142 xvr,
2574 5083 2656 5134 tit.
2681 5081 2738 5144 Ξ,
2771 5081 2864 5135 lib.
2913 5097 2970 5146 n,
3002 5098 3081 5148 ut,
3107 5099 3218 5148 xxi,
3242 5092 3297 5138 et
3323 5085 3429 5140 ali-

1819 5155 1893 5208 bi.
1921 5154 2216 5209 Nonnullas
2245 5154 2408 5208 etiam
2435 5153 2670 5208 Rosinus
2693 5152 2789 5207 lib.
2815 5168 2888 5206 γι.
2918 5153 3095 5224 Antiq.
3119 5154 3273 5208 Ront.
3298 5171 3423 5226 cap.

1817 5227 1875 5293 2,
1903 5229 2094 5291 refert,
2128 5236 2289 5292 atque
2317 5227 2430 5278 alii.

1893 5295 1919 5333 ιι
1951 5297 2110 5352 Rom.
2136 5297 2295 5360 edit.,
2327 5314 2389 5350 ex
2411 5295 2748 5367 Aramathain
2777 5294 3094 5367 Sep/tim...
3121 5298 3263 5367 ﬁlius
3297 5297 3430 5354 Hie-

1821 5368 2025 5436 roltam,
2059 5370 2158 5438 ﬁlii
2184 5367 2344 5421 Ilelin
2371 5409 2386 5434 ,
2420 5368 2517 5438 filii
2569 5365 2754 5438 §oplti.
2805 5366 2933 5438 Mss.
2982 5365 3144 5423 Carn.
3174 5409 3188 5432 ,
3212 5368 3370 5424 Gem.
3407 5409 3426 5434 ,
3505 5367 3518 5378 ’

1827 5435 2094 5506 Ρτθιηίεὶε
2125 5440 2344 5494 Ramat/i
2371 5481 2384 5499 .
2410 5435 2516 5493 etc.
2577 5435 2784 5491 Rursus
2823 5437 2981 5494 Gem.
3009 5479 3025 5504 ,
3059 5439 3206 5493 Prat.
3236 5479 3252 5504 ,
3281 5439 3428 5508 ﬁlius

1824 5511 2044 5566 Ieremel
2068 5513 2306 5576 ,‘-Caru.,
2333 5508 2601 5574 Heromel,
2632 5509 2772 5576 ﬁlius
2800 5509 2945 5574 Heli,
2980 5510 3123 5580 ﬁlius
3149 5508 3264 5564 Zoi.
3289 5511 3424 5576 Qui-

1823 5585 1924 5638 bus
1950 5583 2157 5637 accedit
2178 5580 2342 5636 Corh.
2385 5582 2486 5636 nisi
2511 5582 2652 5650 quod
2687 5582 2872 5646 habet,
2900 5598 2963 5637 ea:
2999 5583 3183 5646 Aratlt,
3213 5593 3269 5634 et
3293 5582 3426 5636 scri-

1822 5653 1922 5719 bit,
1955 5653 2224 5708 Ilwremel.
2253 5652 2464 5723 Reliqui
2494 5667 2624 5708 vero
2651 5667 2773 5708 Cum
2823 5661 2934 5708 ant.
2984 5653 3116 5708 edit.
3177 5661 3424 5708 nostram

1823 5725 2088 5782 exhibent
2121 5726 2432 5779 leCliOIIt'l“.

1898 5809 1921 5836 θ
1951 5799 2079 5853 Αὀιὶ
2105 5799 2285 5852 mirari
2315 5797 2358 5852 si
2379 5806 2585 5851 sanctus
2640 5795 3012 5851 Matthwm....
3042 5794 3276 5850 ordinem
3305 5809 3426 5863 per-

1822 5873 2006 5940 currit,
2039 5871 2092 5925 in
2131 5869 2264 5925 edit.
2305 5868 2463 5924 Rom.
2493 5868 2732 5940 iugulata
2754 5876 2902 5925 sunt.
