4156 6346
492 293 625 351 1591

1852 279 2120 348 ΞΑΝΟΤΓ
2138 289 2460 350 AMBROSll

3656 291 3796 354 159!

491 426 710 483 surgens
741 407 916 466 Maria
942 406 997 466 in
1025 407 1203 465 diebus
1229 408 1334 465 illis
1359 449 1373 476 ,
1403 408 1528 466 abiit
1575 408 1630 464 in
1675 416 1920 462 montana
1968 424 2087 463 cum
2117 410 2164 470 Α
2192 407 2476 474 veritatem,
2505 417 2554 464 et
2577 425 2680 464 non
2707 409 2968 484 paenitebit
2991 425 3104 466 eum
3129 425 3148 467 :
3177 405 3263 466 Ex
3289 414 3460 484 fructu
3489 413 3681 469 ventris
3723 415 3798 468 tui

491 507 844 579 festinatione.
872 505 926 559 in
954 505 1232 571 civitatem,
1255 504 1451 573 inquit.
1472 499 1628 558 ludat
1649 546 1664 568 ,
1694 511 1743 558 et
1772 502 1983 558 intravit
2035 503 2094 556 in

493 599 705 654 domum
736 597 1010 653 Zachariae
1032 597 1185 663 (Luc.
1212 613 1250 662 ι,
1281 597 1350 652 39
1377 607 1424 651 et
1452 598 1522 652 ΔΟ
1545 599 1587 667 ).
1618 595 1755 654 Cum
1779 597 1923 652 enim
1953 597 2090 652 intra

495 692 670 748 tribus
695 707 823 747 suas
852 691 1065 764 Moyses
1088 688 1333 745 habitare
1353 705 1794 760 unumquemque
1839 688 2092 760 prmscri-

497 789 672 860 pscrit
714 787 911 852 (Nam.
961 803 1022 854 ιι,
1051 785 1120 856 2)
1156 803 1170 841 :
1204 786 1388 857 utique
1437 800 1559 840 cum
1587 785 1638 840 in
1669 783 1888 839 civitate
1940 782 2092 839 Iuda:

497 882 784 942 manserit.
810 890 928 936 erat
956 891 1005 934 et
1040 880 1090 934 in
1119 879 1261 934 tribu
1282 877 1450 944 Juda;
1481 879 1713 933 maxime
1731 892 1854 932 cum
1883 892 1947 932 ex
2002 891 2094 947 ge-

497 989 632 1030 nere
656 971 940 1028 Elizaheth
967 971 1167 1028 fuerint
1195 971 1526 1036 sacerdotes,
1549 987 1775 1043 quorum
1800 971 1944 1026 Deus
1970 985 2096 1041 por-

497 1069 575 1124 tio
601 1078 702 1124 est.
727 1069 897 1124 Simul
929 1084 1088 1139 quam
1133 1067 1439 1138 pulchrum,
1475 1076 1674 1122 utcnm
1701 1067 1792 1122 illa
1845 1081 2095 1136 praenun-

497 1163 629 1217 tium
653 1161 876 1230 Cbrisﬁ,
909 1162 1188 1217 Christum
1221 1163 1318 1216 ista
1342 1161 1682 1232 generaverit
1706 1201 1720 1224 .
1753 1170 1806 1215 et
1837 1160 2007 1215 altera
2027 1158 2095 1214 de

495 1255 700 1326 Spiritu
724 1268 913 1309 sancto
936 1255 1271 1326 conceperit,
1294 1255 1464 1309 altera
1511 1265 1701 1308 saneto
1729 1252 1930 1322 repleta
1973 1250 2098 1319 Spi-

495 1351 604 1406 ritu
652 1349 1096 1420 prophetaverit;
1130 1349 1431 1404 secundum
1480 1361 1700 1403 carnem
1761 1361 1975 1417 quoque
2017 1346 2096 1400 vi-

499 1442 729 1496 deantur
752 1440 920 1495 fuisse
945 1452 1215 1511 cognatm,
1238 1456 1359 1511 qua:
1389 1440 1687 1495 secundum
1723 1439 1890 1494 Deum
1937 1438 2098 1508 spiri-

495 1533 622 1589 talis
645 1535 985 1604 cognationis
1033 1532 1310 1588 consorlio
1367 1547 1472 1586 non
1523 1529 2003 1598 carebantiQuod
2051 1528 2097 1584 si

497 1627 677 1679 omnis
701 1625 917 1680 feminae
947 1633 1108 1694 caput
1134 1625 1218 1678 vir
1255 1623 1553 1679 secundum
1582 1633 1828 1678 sanctum
1861 1625 2092 1691 Aposto-

495 1716 607 1770 lum
641 1715 874 1788 (Ephes.
909 1731 959 1782 ν,
985 1715 1120 1788 25),
1143 1726 1197 1770 et
1224 1724 1351 1770 sunt
1379 1716 1488 1769 duo
1535 1714 1588 1768 in
1638 1729 1801 1769 carne
1850 1728 1952 1768 una
2011 1726 2097 1767 se-

2199 516 2389 571 ponam
2419 517 2576 572 super
2595 501 2765 556 sedem
2794 513 2934 558 tuam
2967 502 2986 576 (
3013 501 3158 558 Psal.
3189 518 3352 560 cxxxt
3381 546 3394 570 ,
3424 505 3485 560 11
3520 503 3562 577 ).
3599 505 3663 560 Et
3690 504 3794 560 ali-

2199 593 2252 648 bi
2297 612 2311 649 :
2355 593 2526 649 Semel
2547 595 2724 666 juravi
2751 596 2807 650 in
2834 606 3016 650 sancto
3037 597 3236 662 meo,si
3265 595 3437 652 David
3459 600 3700 666 utentior,
3718 615 3799 654 se-

2199 702 2312 741 men
2339 688 2454 756 ejus
2475 687 2528 740 in
2550 697 2796 742 veternum
2825 689 3070 754 manebit,
3102 699 3152 743 et
3173 690 3318 744 sedes
3349 691 3464 758 ejus
3493 693 3624 746 sicut
3646 694 3724 746 sol
3743 692 3795 746 in

2198 790 2472 854 conspectu
2494 797 2606 836 meo
2634 783 2653 849 (
2682 779 2832 837 Psal.
2867 797 3125 849 Lxxxvtu,
3151 782 3320 839 56-58
3350 782 3389 855 ).
3418 793 3442 820 ἰ
3463 783 3533 839 Ει
3553 785 3605 838 in
3637 785 3800 840 Para-

2200 874 2492 944 lipomenis
2523 893 2535 929 :
2569 875 2634 930 Et
2664 877 2762 930 erit
2790 892 2905 930 cum
2954 876 3194 947 completi
3224 878 3420 946 fuerint
3447 879 3556 934 dies
3587 880 3660 932 tui
3690 921 3705 946 ,
3749 889 3798 934 et

2199 970 2425 1023 dormies
2447 985 2560 1023 cum
2589 969 2818 1038 patribus
2848 970 2971 1035 tuis,
3002 969 3259 1024 suscitabo
3285 986 3458 1024 semen
3498 981 3642 1025 tuum
3683 980 3799 1042 post

2200 1073 2267 1127 te,
2293 1064 2490 1135 quierit
2513 1065 2577 1117 de
2603 1076 2774 1118 ventre
2794 1074 2902 1132 tuo,
2933 1075 2980 1118 et
3009 1064 3203 1137 parabo
3235 1081 3447 1138 regnum
3489 1069 3622 1140 ejus.
3669 1063 3796 1138 Ipse

2199 1157 2326 1212 mihi
2354 1157 2632 1228 azdiﬁcabit
2660 1157 2891 1222 domum,
2923 1167 2970 1212 et
2997 1159 3192 1229 erigant
3240 1159 3413 1213 sedem
3454 1163 3566 1234 ejus
3612 1162 3666 1214 in
3701 1175 3799 1216 ste-

2200 1253 2396 1306 culum.
2427 1251 2541 1323 Ego
2568 1267 2654 1306 ero
2683 1252 2729 1306 ei
2750 1253 2803 1306 in
2835 1263 3054 1324 patrem,
3082 1262 3132 1308 et
3163 1255 3271 1326 ipse
3312 1255 3412 1328 erit
3455 1255 3583 1309 mihi
3634 1255 3689 1309 in
3733 1257 3800 1326 fi-

2200 1344 2349 1414 lium,
2381 1357 2428 1401 et
2455 1346 2860 1401 misericordiam
2883 1363 3049 1402 meam
3075 1365 3174 1402 non
3197 1349 3493 1420 dispergam
3514 1351 3579 1404 ab
3600 1365 3658 1404 eo
3685 1392 3698 1417 ,
3726 1351 3799 1404 si-

2202 1450 2289 1494 cut
2311 1440 2536 1511 dispersi
2561 1440 2626 1494 ab
2656 1441 2720 1494 iis
2744 1442 2835 1511 qui
2879 1451 2999 1496 ante
3043 1451 3091 1496 te
3124 1444 3336 1512 fuerunt
3367 1445 3384 1509 (
3419 1443 3436 1496 I
3470 1441 3602 1496 Par.
3659 1458 3793 1508 xm,

2203 1530 2439 1602 11-15).
2489 1531 2592 1588 Per
2641 1533 2854 1588 Esaiam
2911 1549 3125 1606 quoque
3175 1535 3322 1591 idem
3365 1535 3626 1591 Dominus
3657 1536 3798 1590 Deus

2200 1627 2610 1695 generationem
2641 1627 2852 1683 Domini
2883 1629 3172 1693 revelavit,
3197 1630 3388 1686 dicens
3415 1649 3428 1684 :
3460 1629 3611 1686 Exiet
3658 1633 3800 1703 virga

2202 1718 2266 1773 de
2291 1718 2465 1773 radice
2493 1717 2659 1785 Iesse,
2689 1729 2735 1774 et
2763 1722 2863 1790 ﬂos
2889 1737 2955 1776 ex
2981 1723 3159 1776 radice
3188 1725 3301 1795 ejus
3328 1723 3570 1776 ascendet
3598 1763 3613 1791 ,
3645 1732 3692 1776 et
3719 1739 3799 1776 re-

495 1811 733 1866 cundum
773 1812 943 1882 legem
972 1809 1209 1865 divinam
1241 1809 1409 1882 (Gen.
1447 1825 1505 1876 ll,
1530 1810 1602 1865 ‘24
1630 1809 1649 1881 )
1676 1824 1693 1864 :
1728 1809 1912 1876 utique
1943 1808 1978 1863 ii
2002 1809 2092 1880 qui
2125 1815 2174 1876 Β
2201 1813 2423 1884 quiescet
2443 1829 2598 1885 super
2624 1831 2740 1868 eum
2763 1814 2993 1887 Spiritus
3025 1814 3256 1882 Domini,
3280 1815 3511 1887 Spiritus
3533 1818 3803 1889 sapientiae

495 1919 604 1960 una
631 1919 758 1959 caro
789 1913 965 1972 erant,
989 1912 1044 1959 et
1074 1919 1216 1959 unus
1273 1905 1496 1974 Spiritus
1521 1945 1538 1970 ,
1584 1901 1856 1974 quomodo
1890 1909 2100 1972 poterat

496 1997 615 2052 fieri
637 2007 693 2053 ut
710 1997 1024 2054 viderentur
1052 1999 1281 2068 patriam
1301 2005 1357 2052 et
1378 1997 1577 2052 tribum
1602 1995 1804 2051 habere
1825 1996 2054 2050 divisam
2077 1995 2100 2049 ?

498 2091 724 2146 Accedit
753 2091 882 2146 illud
933 2091 1076 2161 quod
1109 2090 1272 2145 etiam
1303 2090 1542 2160 Angelus
1571 2087 1786 2144 Gabriel
1816 2089 1882 2142 de
1914 2088 2099 2142 Domi-

498 2202 574 2242 no
606 2187 1090 2258 pra'nuntiaverat,
1120 2185 1265 2255 quod
1294 2182 1450 2238 Dabit
1487 2184 1569 2238 illi
1601 2183 1739 2238 Deus
1792 2184 1962 2237 sedem
1996 2181 2101 2236 Da-

497 2283 584 2337 vid
611 2283 774 2354 patris
800 2283 881 2336 sui
913 2279 1083 2354 (Luc.
1113 2294 1149 2346 ι,
1177 2276 1303 2349 5‘2).
1332 2279 1556 2334 Certum
1586 2288 1672 2334 est
1701 2277 1862 2350 igitur
1893 2277 2104 2350 1316

499 2377 662 2430 etiam
686 2375 907 2430 Mariam
930 2375 998 2430 de
1027 2373 1195 2429 David
1226 2373 1580 2444 generatione
1611 2385 1883 2427 manasse.
1928 2369 2100 2425 Simul

500 2469 662 2524 etiam
713 2469 974 2524 discimus
1003 2465 1136 2522 nihil
1165 2464 1370 2521 referre
1393 2481 1503 2536 quo
1525 2463 1716 2519 ordine
1736 2462 2103 2534 generationis

500 2563 675 2619 series
704 2563 1066 2634 exprimatur,
1096 2575 1220 2616 cum
1251 2559 1356 2616 iter
1379 2560 1503 2616 hinc
1533 2569 1695 2631 atque
1728 2558 1851 2614 inde
1877 2558 1946 2613 sit
1972 2571 2101 2630 per-

500 2659 671 2714 vium.

573 2751 628 2808 6.
673 2753 782 2808 Cur
819 2760 1000 2807 autem
1023 2759 1245 2806 sanctus
1265 2748 1552 2805 Matthteus
1595 2747 1664 2803 ab
1711 2746 1984 2803 Abraham
2013 2760 2106 2817 ge-

499 2847 844 2903 nerationem
875 2859 1198 2900 enumerare
1225 2842 1456 2912 coeperit
1478 2842 1704 2908 Christi,
1731 2849 1954 2897 sanctus
1975 2855 2105 2896 vero

503 2941 681 2996 Lucas
709 2957 740 2995 a
761 2941 981 2996 Clll‘iSlO
1010 2953 1181 3010 usque
1207 2939 1272 2992 ad
1323 2939 1489 2993 Deum
1544 2935 1856 3008 perduxerit
1882 2977 1896 3001 ,
1921 2937 2108 3004 expla-

503 3034 743 3091 nandum
767 3033 1006 3089 videtur.
1036 3031 1142 3088 Sed
1195 3031 1348 3103 prius
1397 3047 1494 3087 cur
1548 3040 1768 3086 sanctus
1824 3029 2107 3084 Matthteus

501 3141 629 3182 cum
656 3127 723 3181 ab
754 3126 1025 3182 Abraham
1055 3128 1285 3198 cmperit
1311 3123 1678 3196 generationis
1707 3123 1973 3190 ordinem,
1996 3137 2104 3178 non

2203 1917 2248 1963 et
2280 1907 2566 1961 intellectus
2592 1907 2610 1978 l_
2637 1905 2766 1960 Esai
2793 1922 2868 1976 xl,
2904 1911 2924 1962 l
2957 1921 3003 1962 et
3026 1908 3062 1963 2
3083 1909 3128 1980 ).
3164 1910 3228 1965 Et
3257 1909 3394 1965 infra
3425 1927 3439 1964 :
3472 1909 3537 1964 Et
3567 1911 3662 1964 erit
3715 1927 3801 1966 ra-

2203 1998 2295 2054 dix
2317 1997 2484 2063 Iesse,
2505 2009 2548 2054 et
2581 2000 2667 2070 qui
2699 2009 2937 2070 exsurget
2990 2001 3246 2072 imperare
3289 2003 3524 2073 gentibus
3551 2019 3569 2057 :
3594 2003 3648 2057 iu
3686 2003 3801 2074 ipso

2203 2106 2376 2168 gentes
2396 2094 2673 2167 sperabunt
2701 2094 2719 2166 (
2743 2090 2914 2161 Ibid.,
2945 2095 3012 2152 lt)
3039 2094 3080 2167 ).
3102 2095 3169 2151 Et
3197 2096 3324 2150 alibi
3352 2113 3365 2149 :
3389 2095 3533 2151 Puer
3557 2106 3708 2151 natus
3731 2107 3803 2152 est

2204 2187 2372 2254 nobis,
2402 2189 2546 2259 filius
2571 2189 2725 2243 datus
2769 2198 2844 2243 est
2870 2189 3014 2243 nobis
3050 2232 3064 2256 ,
3100 2191 3248 2256 cuius
3288 2190 3600 2263 principium
3649 2206 3805 2262 super

2205 2281 2445 2336 humeros
2468 2283 2600 2353 ejus,
2632 2293 2679 2336 et
2707 2282 2976 2337 vocabitur
3003 2299 3189 2337 nomen
3219 2283 3367 2355 ejus,
3397 2283 3575 2354 magni
3597 2283 3804 2337 consilii

2204 2376 2440 2448 angelus.
2468 2375 2735 2430 Adducam
2758 2377 2893 2431 enim
2921 2393 3099 2448 pacem
3118 2394 3272 2450 super
3299 2379 3559 2447 principes
3589 2385 3635 2432 et
3661 2378 3804 2431 salu-

2206 2479 2304 2524 tem
2330 2487 2348 2524 :
2377 2478 2425 2524 et
2453 2486 2639 2541 magna
2671 2478 2894 2541 potestas
2923 2474 3059 2542 ejus,
3093 2481 3141 2526 et
3171 2471 3313 2540 pacis
3343 2474 3458 2543 ejus
3493 2486 3596 2525 non
3623 2471 3716 2525 erit
3739 2470 3803 2540 ﬁ—

2207 2564 2310 2629 nis,
2335 2563 2389 2617 iu
2409 2565 2529 2618 sede
2555 2561 2747 2629 David,
2775 2573 2822 2618 et
2851 2564 2904 2617 in
2921 2579 3078 2636 regno
3109 2566 3223 2638 ejus
3246 2563 3264 2634 (
3286 2561 3435 2617 Esai.
3485 2579 3568 2632 Ix,
3597 2563 3688 2633 6).
3747 2562 3802 2618 ln

2206 2671 2317 2729 quo
2336 2656 2485 2726 juxta
2508 2656 2720 2728 Aquilae
2741 2672 2955 2728 quoque
2978 2658 3490 2726 interpretationem
3522 2671 3631 2712 non
3651 2657 3802 2727 quasi

2206 2748 2278 2804 de
2301 2748 2539 2815 homine,
2565 2748 2662 2803 sed
2680 2747 2749 2803 de
2766 2764 2833 2802 eo
2853 2749 2942 2817 qui
2971 2748 3115 2803 ultra
3143 2748 3416 2803 hominem
3430 2759 3577 2804 esset
3595 2747 3803 2820 1317

2208 2843 2441 2899 vidimus
2462 2843 2740 2898 exstitisse
2768 2843 3114 2912 promissum.
3160 2841 3306 2896 Idem
3335 2842 3479 2897 enim
3538 2841 3805 2910 interpre-

2211 2946 2353 2993 tatus
2374 2946 2456 2993 cst
2491 2955 2504 2991 :
2541 2937 2681 2992 Puer
2709 2948 2862 2990 natus
2889 2945 2964 2991 est
2991 2936 3156 3003 nobis,
3184 2934 3328 3005 ﬁlius
3358 2935 3509 2990 datus
3529 2944 3603 2991 est
3625 2933 3767 2988 nobis
3787 2975 3803 3001 ,

2210 3043 2258 3088 et
2286 3033 2424 3103 facta
2451 3041 2523 3087 est
2552 3047 2791 3085 mensura
2811 3034 2925 3098 eius
2945 3030 2998 3084 in
3028 3027 3244 3084 htunero
3280 3030 3416 3100 ejus,
3449 3038 3497 3083 et
3543 3027 3807 3084 vocabitur

2209 3143 2393 3182 nomen
2426 3129 2560 3200 ejus,
2586 3126 2908 3180 admirabilis
2929 3125 3255 3180 consiliarius
3274 3167 3288 3191 ,
3316 3122 3456 3179 Deus
3486 3124 3634 3196 fortis
3666 3164 3682 3190 ,
3715 3138 3809 3194 po-

502 3220 578 3275 ita
604 3220 892 3291 posuerit:
919 3219 1082 3274 Liber
1107 3219 1478 3290 generationis
1499 3216 1734 3272 Abraha:
1765 3256 1779 3282 ,
1812 3213 1927 3281 sed,
1957 3213 2110 3269 Liber
2135 3219 2180 3282 C
2214 3231 2346 3284 ιεηε,
2371 3231 2517 3294 pater
2559 3220 2759 3284 surculi,
2792 3219 3033 3290 princeps
3088 3218 3251 3288 pacis.
3303 3214 3436 3287 Ejus
3481 3216 3691 3287 impleta
3734 3224 3808 3270 est

502 3313 852 3384 generationis
877 3309 1005 3366 Iesu
1045 3309 1238 3366 Christi
1292 3310 1391 3376 ﬁlii
1446 3307 1616 3364 David
1649 3351 1663 3376 ,
1695 3309 1793 3377 filii
1844 3307 2107 3362 Abraham

505 3412 526 3483 (
553 3410 746 3466 Matth.
774 3427 814 3476 ι,
849 3412 872 3466 1
904 3409 944 3481 ).
968 3409 1038 3465 Ει
1065 3424 1164 3464 cur
1182 3408 1281 3464 bos
1304 3409 1443 3463 duos
1495 3407 1836 3478 potissimum
1863 3405 2107 3459 nomina-

502 3505 686 3569 verit.
730 3517 1070 3573 nequaquam
1117 3501 1554 3572 praetereundum
1609 3510 1756 3571 puto.
1791 3498 1904 3552 Non
1957 3498 2106 3552 enim

509 3596 683 3650 otiose
715 3593 1011 3649 ﬁdelissimi
1043 3603 1292 3648 auctores
1342 3594 1559 3664 generis
1607 3593 1910 3662 eliguntur;
1941 3600 1998 3645 ut
2027 3591 2110 3645 in-

505 3687 819 3757 telligamus
839 3685 983 3757 quod
1014 3685 1066 3740 in
1100 3685 1212 3756 ipsa
1243 3685 1595 3756 generatione
1635 3685 1815 3740 carnis
1849 3723 1864 3750 ,
1897 3683 2111 3753 spirita-

505 3777 574 3831 lis
604 3777 776 3847 magis
805 3777 1080 3832 successio
1116 3780 1442 3848 requiratur.
1488 3776 1606 3830 Duo
1652 3783 1779 3830 sunt
1826 3776 1971 3831 enim
2020 3775 2107 3831 isti

509 3871 608 3924 viri
631 3869 684 3925 in
717 3884 852 3941 quos
883 3881 1234 3925 manaveruut
1259 3870 1526 3941 promissa
1555 3869 1756 3924 divina.

577 3962 630 4019 7.
661 3963 817 4018 Prior
845 3963 1116 4019 Abraham
1149 3963 1238 4034 qui
1267 3972 1394 4018 ante
1424 3962 1626 4034 Moysis
1667 3961 1863 4033 legem,
1891 3971 1946 4018 et
1985 3971 2110 4017 ante

502 4059 764 4129 pOpqum
789 4056 1102 4113 .ludazorum
1133 4058 1355 4127 propria
1375 4057 1782 4126 derelinquens,
1803 4065 1860 4112 et
1886 4071 2113 4127 cognos-

503 4168 635 4210 cens
669 4151 860 4219 Deum,
891 4149 1233 4206 meruitlidci
1261 4149 1672 4214 tesﬁmonium;
1706 4151 1828 4220 quia
1881 4149 2112 4205 Credidit

508 4245 639 4312 Deo,
666 4256 714 4301 et
728 4255 1020 4318 reputatum
1047 4255 1119 4300 est
1149 4246 1196 4300 ei
1249 4247 1318 4299 ad
1363 4247 1624 4316 justitiam
1649 4245 1667 4314 (
1693 4243 1823 4298 Gen.
1874 4260 1969 4309 xv,
1999 4244 2064 4313 6)
2095 4262 2107 4298 :

505 4340 597 4413 qui
628 4341 792 4395 etiam
821 4355 847 4392 a
880 4339 990 4394 Deo
1017 4338 1224 4408 accepit
1253 4339 1530 4392 oraculum
1556 4380 1571 4404 ,
1591 4337 1807 4392 dicente
1833 4336 1934 4392 sibi
1965 4355 1978 4390 :
2011 4336 2112 4391 Exi

504 4435 569 4489 de
590 4445 727 4488 terra
753 4442 863 4499 tua,
887 4442 934 4485 et
959 4431 1024 4485 de
1043 4431 1347 4502 cognatione
1376 4440 1465 4484 tua
1493 4471 1507 4497 ,
1532 4439 1578 4483 et
1628 4429 1692 4484 de
1743 4429 1897 4484 domo
1943 4430 2108 4499 patris

510 4526 586 4580 tui
607 4567 620 4589 ,
650 4535 696 4579 et
735 4525 864 4578 vade
889 4524 941 4577 in
974 4532 1163 4577 terram
1188 4539 1341 4593 quam
1369 4521 1459 4576 tibi
1484 4521 1779 4576 monstrabo
1799 4564 1814 4589 ,
1840 4532 1889 4577 et
1921 4522 2112 4593 faciam

2212 3315 2517 3384 disciplina,
2544 3323 2592 3367 et
2622 3314 2766 3386 pacis
2789 3313 2900 3382 ejus
2922 3328 3023 3365 non
3049 3320 3124 3366 est
3150 3311 3291 3382 finis,
3319 3326 3478 3381 supra
3501 3309 3670 3364 sedem
3700 3301 3808 3362 Da-

2209 3407 2316 3473 vid,
2339 3417 2385 3462 et
2407 3424 2569 3476 supra
2597 3423 2810 3479 regnum
2841 3409 2975 3479 ejus.

2281 3501 2337 3557 9.
2378 3499 2569 3556 Omnia
2601 3500 2900 3557 convenire
2941 3501 3011 3555 de
3045 3498 3266 3556 Christo
3305 3498 3646 3556 evidentibus
3694 3497 3808 3568 sig-

2211 3604 2374 3650 natur
2409 3595 2678 3661 oraculis,
2713 3609 2812 3650 nec
2851 3609 3009 3664 posse
3035 3593 3234 3648 divina:
3274 3594 3504 3649 fructum
3552 3592 3810 3662 potentia:

2210 3687 2276 3746 ad
2310 3687 2619 3743 Salomonis
2639 3687 2868 3759 gratiam
2894 3687 3168 3755 derivari,
3193 3685 3286 3757 qui
3317 3685 3482 3740 David
3510 3685 3650 3740 lilius
3679 3683 3774 3738 fuit
3793 3724 3808 3747 ,

2212 3781 2366 3853 cujus
2398 3783 2521 3838 linis
2551 3782 2693 3837 haud
2724 3781 2886 3839 dubie
2931 3782 3298 3852 cognoscitur.
3331 3780 3480 3835 Finis
3523 3781 3666 3835 enim
3711 3775 3811 3831 fuit

2214 3880 2366 3952 regni
2395 3880 2732 3946 Salomonis,
2763 3887 2818 3933 et
2847 3879 3029 3949 pacis,
3065 3887 3120 3932 ut
3151 3877 3460 3947 Regnorum
3489 3872 3813 3930 lectionibus

2212 3973 2637 4028 demonstratur.
2667 3971 2817 4026 Unus
2846 3979 2929 4025 est
2957 3969 3236 4033 Christus,
3260 3967 3415 4038 cujus
3446 3979 3669 4036 regnum
3703 3979 3810 4020 non

2216 4065 2380 4120 habet
2411 4065 2594 4120 linem.
2627 4064 2830 4120 Deinde
2859 4063 3024 4118 nullis
3053 4061 3313 4118 Salomon
3350 4062 3604 4132 gentibus
3642 4058 3813 4128 impe-

2214 4163 2350 4215 ravit
2377 4200 2392 4224 ,
2420 4158 2670 4214 Christus
2703 4171 2833 4212 vero
2886 4156 3183 4212 Ecclesiam
3224 4156 3292 4211 de
3339 4154 3649 4209 nationibus
3679 4167 3815 4207 con-

2214 4252 2457 4324 gregavit
2489 4251 2779 4306 universis.
2815 4252 3097 4306 Postremo
3137 4250 3352 4305 vivente
3385 4247 3550 4303 David
3571 4289 3587 4314 ,
3619 4254 3676 4302 et
3721 4261 3815 4300 na-

2217 4357 2302 4403 tus
2333 4357 2416 4403 est
2448 4347 2742 4416 Salomon,
2773 4354 2828 4402 et
2858 4361 3082 4418 regnum
3113 4355 3197 4401 est
3223 4351 3571 4399 consecutus.
3603 4341 3700 4396 Hic
3721 4355 3816 4395 au-

2218 4451 2324 4497 tem
2356 4441 2445 4512 qui
2478 4441 2814 4512 promittitur
2839 4481 2854 4508 ,
2883 4448 3005 4510 post
3041 4447 3269 4493 mortem
3307 4436 3479 4492 David
3511 4445 3818 4490 surrrectu-

2215 4551 2309 4591 rus
2337 4548 2457 4590 esse
2481 4544 2842 4598 monstratur,
2869 4534 3009 4587 sicut
3036 4530 3202 4586 habes
3229 4547 3242 4584 :
3275 4529 3410 4596 Quia
3435 4545 3552 4583 cum
3577 4527 3818 4599 completi

474 4631 554 4693 ,τε
574 4621 627 4673 in
651 4627 850 4690 gentem
877 4634 1140 4689 inriguam.
1165 4628 1212 4672 ει
1250 4616 1545 4671 beneﬁcam
1568 4629 1615 4671 ιε
1641 4658 1656 4682 ι
1685 4627 1732 4670 ει
1760 4617 2100 4688 "mgni/90050
2128 4620 2181 4680 D
2208 4629 2399 4700 fuerint
2437 4624 2547 4679 dies
2586 4625 2696 4689 tui,
2729 4634 2779 4678 et
2802 4623 3074 4678 dormieris
3100 4639 3217 4676 cum
3259 4621 3493 4694 patribus
3523 4619 3623 4673 tuis
3643 4661 3658 4685 ,
3689 4633 3817 4673 sus-

502 4731 690 4771 nomen
721 4723 888 4778 tuum,
922 4725 970 4768 et
999 4715 1100 4768 eris
1127 4711 1422 4768 benedictus
1449 4756 1464 4780 ,
1493 4722 1540 4767 et
1571 4710 1866 4766 benedicam
1897 4711 2106 4766 benedi-

503 4820 674 4863 centes
704 4815 772 4873 te,
799 4814 845 4860 et
868 4805 1175 4859 maledicam
1195 4805 1560 4858 maledicentes
1585 4813 1656 4869 te,
1679 4814 1725 4858 et
1746 4803 2107 4859 benedicentur

501 4901 558 4956 in
587 4911 634 4954 te
663 4914 837 4954 omnes
869 4897 1029 4952 tribus
1058 4907 1210 4951 terrw
1236 4895 1255 4968 (
1284 4895 1416 4951 Gen.
1447 4911 1542 4962 xu,
1578 4895 1672 4951 1-5
1694 4893 1735 4963 ).
1761 4894 1922 4950 Vides
1946 4896 2107 4965 igitur

503 4993 954 5064 congregationes
986 4991 1226 5061 gentium
1262 5029 1277 5055 ,
1307 4998 1362 5043 et
1389 4997 1795 5044 sacrosanctum
1845 4988 2109 5044 Ecclesite

504 5089 706 5143 coetum
737 5085 961 5140 oraculo
984 5083 1172 5137 divino
1201 5081 1326 5136 huic
1353 5095 1474 5137 esse
1516 5081 1692 5150 primo
1750 5081 2102 5150 promissum.

507 5178 580 5235 Et
606 5180 728 5233 ideo
761 5181 804 5232 is
835 5184 1026 5230 auctor
1053 5173 1273 5246 generis
1293 5172 1483 5228 debuit
1525 5173 1802 5244 designari
1837 5215 1851 5240 ,
1885 5176 1976 5246 qui
2020 5176 2104 5230 in-

436 5329 448 5338 ,
505 5272 819 5329 staurandee
852 5269 1108 5325 Ecclesize
1123 5269 1476 5340 sponsionem
1505 5268 1710 5337 primus
1749 5271 2004 5326 emeruit.

579 5367 634 5421 8.
668 5363 837 5418 David
861 5377 1076 5434 quoque
1107 5361 1303 5416 merito
1319 5369 1374 5415 et
1403 5360 1517 5431 ipse
1556 5371 1744 5416 auctor
1763 5364 1980 5433 generis
2011 5363 2110 5420 dc-

502 5458 774 5523 claratur;
804 5457 926 5526 quia
956 5470 1076 5509 cum
1096 5453 1456 5526 jurejurando
1503 5469 1850 5525 responsum,
1875 5456 2016 5526 quod
2043 5473 2108 5513 ex

504 5555 626 5625 ipso
643 5551 939 5607 secundum
967 5565 1186 5604 carnem
1210 5549 1458 5605 Christus
1496 5548 1708 5606 futurus
1736 5561 1880 5606 esset
1910 5593 1925 5618 ,
1954 5566 2107 5608 acce-

502 5649 610 5718 pit;
645 5647 723 5701 sic
749 5643 893 5701 enim
927 5643 1190 5714 scriptum
1219 5651 1304 5698 est
1347 5660 1360 5698 :
1403 5640 1609 5697 Iuravit
1638 5642 1894 5698 Dominus
1938 5642 2112 5700 David

576 5776 603 5803 ⁴ι
637 5765 784 5821 Edit.
813 5779 876 5820 ac
892 5761 1049 5835 pauci
1081 5775 1237 5828 mss.,
1267 5759 1334 5814 Et
1364 5761 1416 5814 in
1455 5759 1933 5835 Paralipomenon.
1984 5761 2100 5835 Ali-7

497 5838 758 5909 qnotalii,
792 5835 856 5890 Et
893 5830 952 5889 in
1005 5832 1512 5903 Paralipomenonis.
1556 5830 1746 5886 Melius
1791 5831 1954 5888 Corb.
2005 5833 2097 5888 alii

2209 4719 2375 4774 citabo
2403 4720 2465 4772 de
2491 4718 2682 4772 semine
2715 4728 2800 4770 tuo
2818 4758 2833 4782 ,
2861 4717 2948 4785 qui
2995 4716 3090 4770 erit
3118 4731 3181 4770 ea:
3204 4724 3374 4770 ventre
3400 4724 3518 4780 tuo,
3549 4723 3596 4769 et
3623 4713 3818 4785 parabo

2207 4829 2423 4886 regnum
2437 4813 2568 4884 ejus.
2597 4810 2860 4882 Ipsemihi
2880 4810 3158 4882 mdiﬁcabit
3188 4812 3420 4875 doumm,
3442 4818 3491 4864 et
3509 4809 3708 4880 erigant
3735 4824 3819 4863 se-

2210 4907 2325 4963 dem
2349 4908 2461 4978 ejus
2487 4907 2541 4960 in
2568 4905 2818 4960 steculum
2843 4903 2885 4979 (l
2911 4903 3041 4958 Par.
3071 4919 3185 4958 xvu
3205 4945 3219 4969 ,
3246 4905 3306 4958 11
3336 4912 3380 4956 et
3407 4901 3519 4974 12).
3548 4900 3818 4973 Numquid

2210 5003 2263 5054 in
2295 4999 2551 5054 smculum
2584 5001 2828 5067 regnavit
2855 4997 3146 5064 Salomon,
3171 4995 3260 5067 qui
3294 4995 3453 5050 annis
3487 5003 3822 5050 tantummo-

2208 5087 2279 5142 do
2307 5086 2662 5157 quadraginta
2695 5084 2982 5156 regnavit?
3014 5083 3124 5154 Ego
3152 5099 3275 5150 ero,
3313 5083 3491 5154 inquit
3512 5124 3527 5148 ,
3555 5084 3600 5136 ei
3630 5085 3683 5138 in
3722 5099 3822 5156 pa-

2212 5188 2338 5234 trem
2362 5219 2378 5246 ,
2413 5189 2461 5234 et
2498 5179 2586 5232 ille
2615 5177 2742 5232 mihi
2773 5179 2825 5231 in
2854 5176 3023 5246 filium
3064 5173 3230 5247 (Ibid.
3251 5217 3266 5243 ,
3297 5173 3416 5246 15).
3441 5176 3574 5243 Quis
3601 5185 3684 5231 est
3712 5175 3818 5231 iste

2217 5273 2470 5343 proprius
2504 5272 2594 5327 Dei
2622 5271 2820 5337 Filius,
2851 5271 2952 5325 nisi
2983 5271 3069 5325 cui
3101 5269 3302 5325 dictum
3324 5277 3444 5326 est:
3477 5268 3650 5326 Filius
3675 5287 3822 5326 meus

2215 5381 2267 5420 es
2297 5375 2384 5430 tu,
2421 5381 2513 5435 ego
2553 5363 2704 5418 Itodie
2746 5365 2900 5436 genui
2931 5373 2977 5418 te
3024 5362 3200 5434 (Psal.
3226 5378 3296 5427 tt,
3329 5362 3432 5434 7)?
3472 5364 3573 5431 Et,
3611 5362 3824 5420 Miseri-

2215 5462 2446 5516 cordiam
2469 5477 2632 5515 meam
2654 5477 2755 5515 non
2785 5462 3081 5534 dispergam
3108 5461 3172 5516 ab
3199 5478 3377 5516 eo.....
3402 5472 3450 5516 et
3478 5462 3682 5530 ﬁdelem
3705 5479 3820 5518 eum

2211 5554 2422 5610 servabo
2451 5553 2505 5607 in
2533 5554 2684 5608 domo
2715 5571 2865 5622 mea,
2911 5564 2958 5610 et
3005 5557 3058 5609 in
3090 5570 3246 5628 regno
3298 5556 3414 5624 eius
3467 5557 3520 5610 in
3574 5557 3821 5612 steculum

2213 5647 2370 5721 (Par.
2399 5664 2534 5716 xvu,
2568 5650 2637 5706 15
2677 5658 2721 5703 et
2765 5648 2896 5721 iis)?
2925 5650 2996 5705 At
3035 5663 3168 5705 vero
3205 5649 3554 5707 Salomoncm
3585 5649 3820 5708 fortasse

2204 5765 2479 5892 nzpnulli,
2507 5767 2561 5824 in
2592 5765 3030 5839 Paralipomeuis.
3086 5781 3153 5822 ex
3180 5765 3374 5825 Grazco
3412 5765 3463 5824 ἓν
3505 5767 3819 5843 Harpalum-

2204 5859 2242 5892 μ
2297 5857 2394 5892 ους.

2203 5857 2394 5907 ptume.
