4014 6482
41 356 80 420 1
95 358 234 419 59⁸5

1060 353 1434 415 ΕΧΡΟΒΙΊἹΟ
1474 353 1729 415 EVANG.
1770 355 1919 416 SEO.
1960 357 2115 419 LUC.
2160 360 2292 420 LIB.
2333 360 2422 420 Ill.

3253 371 3393 429 i594

50 480 220 540 ideo
251 494 467 541 errasse
505 488 614 538 tam
653 477 921 553 graviter,
955 491 1024 535 ne
1040 487 1290 536 errarent
1310 479 1599 548 homines,
1632 490 1685 537 et
1711 482 1764 547 Α
1789 484 2217 556 quinquaginta;
2247 495 2302 541 et
2321 486 2467 557 quod
2498 497 2595 557 per
2622 484 2758 543 alias
2784 500 3046 559 personas
3070 489 3358 549 Matthaeus
3381 538 3396 563 ,

48 577 140 632 ad
202 579 382 651 ipsum
412 574 729 635 crederetur
776 588 1027 631 manasse
1074 576 1402 647 promissum
1428 618 1444 643 ,
1477 575 1695 633 divina-

51 687 213 730 rum
246 674 390 730 serie
432 670 788 743 cognovimus
829 667 1150 726 lectionum.
1196 668 1508 727 Ediﬁcavit
1547 670 1693 726 enim

54 768 361 838 templum
391 766 625 823 Astartre
653 764 801 821 idolo
828 772 855 802 ἰ
883 774 1107 835 propter
1133 779 1376 820 amorem
1404 764 1652 821 mulieris
1675 806 1690 831 ,

60 871 137 919 et
175 862 492 934 indignatus
520 869 604 918 est
634 858 899 917 Dominus
936 857 990 915 in
1032 859 1382 915 Salomonem
1413 857 1522 930 (lll
1561 858 1689 931 Reg.

54 971 126 1012 χι
150 999 168 1020 ,
210 954 247 1010 4
273 966 320 1010 et
347 958 503 1027 seq.).
533 955 589 1012 Si
618 952 779 1026 igitur
799 995 815 1019 ,
845 953 1063 1010 vivente
1092 951 1289 1019 David,
1323 968 1550 1024 regnare
1579 967 1694 1010 cte-

54 1048 159 1119 pit
206 1048 315 1119 (sic
343 1049 489 1105 enim
522 1047 728 1113 habes,
758 1045 903 1119 quod
930 1061 1054 1125 cum
1089 1054 1237 1102 esset
1260 1047 1561 1101 nuntiatum
1592 1046 1695 1101 Da-

53 1140 171 1198 vid
202 1157 436 1212 regnare
464 1141 815 1199 Salomonem
835 1182 855 1208 ,
877 1141 1123 1196 adoravit
1146 1155 1239 1195 rex
1262 1138 1427 1194 David
1451 1140 1502 1193 in
1527 1138 1691 1195 cubili

56 1248 225 1304 suo,
257 1242 315 1291 et
342 1233 481 1290 dixit
522 1232 633 1307 (Ill
676 1232 805 1305 Reg.
838 1248 893 1299 t,
923 1230 1017 1305 48)
1043 1250 1056 1287 :
1092 1231 1403 1288 Benedictus
1435 1230 1693 1288 Dominus

58 1323 233 1382 Deus
276 1325 475 1393 Israel,
506 1328 593 1398 qui
622 1326 763 1381 dedit
810 1324 935 1381 mihi
970 1326 1123 1381 hodie
1145 1326 1210 1382 de
1235 1328 1425 1382 semine
1465 1343 1577 1382 meo
1605 1343 1688 1383 se-

60 1420 299 1477 dentem
328 1422 381 1475 in
412 1421 596 1475 throno
620 1435 760 1482 meo,
797 1427 845 1473 et
870 1419 1008 1474 oculi
1032 1420 1131 1474 mei
1156 1419 1372 1492 uident),
1391 1421 1435 1475 si
1460 1420 1687 1489 erravit,

62 1514 126 1571 si
160 1514 427 1583 attendit,
461 1514 613 1571 vides
636 1510 892 1587 quoniam
925 1516 1176 1587 promissi
1206 1516 1379 1573 series
1410 1516 1687 1575 Christum

64 1610 408 1681 spopondit.

157 1705 256 1762 10.
299 1703 366 1760 Ει
409 1703 532 1761 ideo
569 1704 703 1761 istos
738 1702 879 1760 duos
914 1706 1135 1778 generis
1163 1714 1416 1763 auctores
1457 1722 1689 1779 evange-

64 1797 213 1855 lista
244 1799 445 1872 delegit
471 1818 485 1853 :
513 1816 676 1857 unum
696 1844 713 1869 ,
747 1801 837 1872 qui
869 1802 1197 1871 promissum
1228 1802 1435 1875 accepit
1462 1804 1530 1859 de
1556 1818 1687 1860 con-

1799 591 1897 648 per
1919 577 2055 635 alias
2085 578 2259 638 Lucas
2286 581 2692 653 generationem
2725 597 2975 640 manasse
3002 583 3394 658 descripserit:

1795 670 1851 726 in
1883 688 1991 744 quo
2024 673 2138 745 jam
2167 684 2322 745 potes
2357 676 2494 732 illud
2522 679 2754 747 probare
2779 678 2927 751 quod
2964 679 3235 751 diximus,
3269 683 3394 752 quia

1796 781 1918 825 cum
1946 766 2083 823 alios
2113 767 2396 826 Matthteus
2422 770 2658 840 majores
2690 771 2957 829 Dominici
2982 774 3220 845 generis,
3251 775 3394 833 alios

1796 873 1927 916 vero
1975 858 2150 917 Lucas
2201 860 2271 917 in'
2294 862 2489 919 ordine
2539 865 2912 935 generationis
2989 866 3256 933 texuerit;
3324 868 3396 924 ab

1793 950 2069 1008 Abraham
2111 962 2290 1011 tamen
2321 964 2378 1012 et
2415 954 2581 1012 David
2622 957 2862 1030 reliquos
2899 967 3150 1017 auctores
3178 961 3396 1032 generis

1795 1055 2020 1118 uterque
2040 1047 2382 1120 signiﬁcavit.

1866 1142 1954 1197 t5.
1994 1142 2150 1210 Quod
2191 1158 2324 1199 vero
2355 1158 2452 1214 per
2477 1143 2826 1203 Salomonem
2856 1146 3139 1204 Matthteus
3168 1162 3396 1219 genera-

1794 1234 1995 1291 tionem
2022 1234 2373 1293 derivandam
2406 1239 2645 1309 putavit,
2673 1239 2849 1297 Lucas
2870 1257 3002 1299 vero
3028 1258 3124 1312 per
3144 1242 3351 1300 Nathan
3381 1262 3396 1299 :

1795 1327 1938 1385 alter
1967 1330 2203 1400 regalem
2227 1372 2244 1397 ,
2294 1330 2434 1387 alter
2462 1332 2857 1390 sacerdotalem
2902 1333 3105 1392 Christi
3143 1336 3399 1392 familiam

1792 1422 2010 1479 videtur
2036 1423 2345 1481 ostendere.
2372 1424 2527 1496 Quod
2557 1442 2668 1483 non
2708 1428 2777 1483 ita
2819 1428 3069 1498 accipere
3092 1428 3353 1485 debemus
3375 1473 3391 1498 ,

1793 1518 1937 1589 quod
1967 1518 2199 1575 alterum
2215 1519 2385 1576 altero
2398 1523 2582 1577 verius
2608 1539 2620 1577 :
2641 1521 2735 1578 sed
2754 1522 2893 1579 alter
2909 1522 3068 1579 alteri
3088 1524 3203 1593 pari
3218 1524 3323 1580 ﬁde
3336 1533 3393 1579 et

1794 1611 2027 1667 veritate
2052 1612 2370 1670 concordet.
2394 1612 2516 1670 Fuit
2541 1615 2686 1670 enim
2713 1630 2844 1673 vere
2870 1624 2925 1673 et
2954 1616 3250 1672 secundum
3273 1632 3398 1672 car-

1793 1719 1918 1760 nem
1959 1705 2190 1775 regalis,
2221 1714 2278 1762 et
2318 1707 2674 1765 sacerdotalis
2715 1708 2970 1765 familiae:
2998 1725 3094 1766 rex
3136 1725 3204 1766 ex
3249 1709 3396 1782 regi-

1793 1797 1895 1855 bus
1916 1841 1932 1867 ,
1962 1799 2217 1856 sacerdos
2251 1817 2317 1857 cx
2357 1801 2761 1869 sacerdotibus,
2794 1803 2925 1860 licet
2959 1803 3238 1860 oraculum
3279 1819 3390 1860 non

63 1893 402 1963 gregatioae
425 1895 744 1965 populorum
775 1908 789 1949 :
823 1895 1081 1961 alterum,
1111 1896 1203 1968 qui
1236 1896 1305 1953 de
1330 1898 1685 1968 generatione
1716 1911 1764 1971 Β
1792 1891 1859 1948 de
1888 1893 2203 1949 carnalibus
2227 1937 2243 1962 ,
2273 1894 2369 1950 sed
2398 1895 2465 1950 de
2503 1895 2818 1953 ctelestibus
2859 1897 3226 1968 exprimatur;
3259 1912 3395 1967 quo-

63 1983 291 2042 Christi
359 1987 640 2044 oraculum
717 1998 1042 2046 consecutus
1116 1997 1220 2045 est.
1286 1989 1356 2045 Et
1410 1988 1534 2046 ideo
1615 1989 1681 2045 li-

63 2088 172 2135 eet
223 2079 415 2137 ordine
457 2082 531 2136 sit
573 2076 935 2138 successionis
983 2084 1288 2155 posterior,
1318 2084 1468 2154 prior
1506 2094 1684 2141 tamen

61 2186 245 2244 quam
276 2174 548 2231 Abraham
580 2176 634 2231 in
667 2173 880 2232 Domini
923 2178 1274 2248 generatione
1315 2176 1681 2246 describitur;

60 2267 206 2336 quia
241 2266 361 2336 plus
383 2275 466 2324 est
494 2268 818 2339 promissum
847 2270 1126 2338 accepisse
1152 2267 1220 2324 de
1242 2266 1460 2325 Christo
1481 2311 1496 2335 ,
1524 2284 1683 2341 quam

59 2357 145 2414 de
200 2358 482 2425 Ecclesia;
514 2362 771 2433 quoniam
819 2361 1061 2418 Ecclesia
1104 2362 1218 2433 ipsa
1261 2378 1358 2432 per
1385 2361 1683 2419 Christum.

61 2450 227 2522 Ergo
257 2467 396 2507 unus
424 2453 677 2526 princeps
704 2455 922 2526 generis
951 2455 1252 2511 secundum
1278 2470 1495 2511 carnem
1513 2498 1528 2523 ,
1555 2455 1579 2494 ιι
1609 2456 1688 2510 at-

61 2550 160 2600 ter
195 2544 452 2616 princeps
479 2547 697 2617 generis
742 2546 1040 2603 seenudmn
1076 2548 1320 2617 spiritum
1356 2565 1369 2601 :
1416 2548 1557 2603 alter
1601 2562 1687 2603 se—

58 2637 319 2693 cundum
341 2638 566 2695 seminis
586 2640 813 2709 gratiam
834 2682 849 2706 ,
881 2641 1019 2697 alter
1039 2641 1334 2697 secundum
1360 2642 1685 2713 populorum

58 2726 278 2790 ﬁdem:
303 2731 481 2799 potior
501 2732 648 2787 enim
671 2731 763 2801 qui
784 2732 958 2789 salvat
978 2747 1045 2788 eo
1068 2733 1157 2802 qui
1185 2735 1448 2789 salvator.
1474 2734 1545 2789 Et
1564 2734 1688 2789 ideo

64 2821 253 2878 David
295 2822 436 2879 ﬁlius
473 2823 712 2880 dicitur:
741 2821 893 2880 Liber
921 2826 1265 2896 generationis
1295 2825 1422 2881 Jesu
1459 2825 1686 2893 Christi,

62 2914 178 2984 ﬁlii
207 2913 380 2969 Dauid
423 2914 644 2990 (Matth.
674 2932 724 2984 ι,
754 2918 829 2986 1).
860 2917 993 2988 Ejus
1038 2918 1183 2974 enim
1214 2919 1389 2990 primo
1430 2919 1552 2975 loco
1589 2918 1687 2975 de-

62 3009 198 3067 buit
241 3008 385 3066 ﬁlius
421 3009 566 3079 dici,
596 3010 684 3067 cui
714 3010 834 3068 dari
874 3012 1017 3068 ﬁlius
1059 3021 1144 3067 est
1187 3011 1523 3083 promissus;
1562 3013 1694 3069 licet

63 3105 380 3177 Apostolus
420 3108 583 3163 etiam
628 3107 865 3164 Abraha:
899 3106 1175 3164 Christum
1208 3107 1353 3162 dicat
1395 3122 1519 3180 esse
1565 3124 1692 3179 pro-

64 3198 312 3255 missum
344 3217 359 3256 :
392 3200 616 3256 Abrahw
658 3201 805 3257 enim
846 3201 1000 3256 dictw
1040 3210 1157 3256 sunt
1208 3200 1572 3269 promissiones
1595 3242 1610 3265 ,
1642 3207 1690 3255 et

1790 1985 1936 2040 niam
1978 1994 2034 2042 et
2061 2002 2159 2042 rex
2188 1987 2241 2042 in
2284 1987 2383 2043 Dei
2413 1986 2613 2045 virtute
2648 1989 2899 2058 laetatur,
2942 1990 3030 2047 cui
3055 1989 3322 2062 judicium
3363 2005 3395 2046 a

1789 2079 1950 2137 Patre
1980 2096 2107 2151 rege
2133 2079 2405 2148 defertur,
2439 2090 2495 2137 et
2519 2081 2777 2138 sacerdos
2801 2090 2886 2139 est
2907 2083 2960 2139 in
2984 2091 3246 2139 :eternum
3267 2125 3282 2148 ,
3305 2096 3395 2139 se-

1787 2175 2024 2232 etmdum
2065 2175 2208 2247 quod
2240 2175 2500 2246 scriptum
2533 2184 2655 2232 est:
2686 2175 2766 2231 Tu
2795 2193 2849 2231 es
2887 2178 3127 2232 sacerdos
3156 2177 3210 2231 in
3237 2185 3392 2231 teter-

1789 2288 1913 2326 num
1940 2270 2225 2326 secundum
2254 2270 2491 2327 ordinem
2518 2268 2900 2326 Melchisedech
2940 2269 3126 2343 (Psal.
3157 2286 3243 2327 Ctx
3262 2312 3282 2342 ,
3310 2271 3394 2349 4).

1789 2363 1937 2421 Bene
1966 2365 2128 2437 igitur
2166 2372 2396 2436 uterque
2437 2364 2611 2421 tenuit
2642 2362 2839 2430 fidem;
2881 2373 2942 2420 ut
2982 2363 3268 2421 Matthazus
3300 2380 3398 2436 per

1789 2474 1950 2531 reges
1981 2460 2198 2516 ductam
2248 2460 2513 2531 originem
2545 2459 2961 2531 comprobaret,
2993 2467 3050 2514 et
3091 2458 3266 2514 Lucas
3299 2474 3398 2526 per

1786 2552 2103 2610 sacerdotes
2141 2567 2171 2607 a
2203 2552 2313 2607 Deo
2359 2552 2729 2608 transmissum
2779 2552 2831 2607 in
2874 2551 3150 2607 Christum
3192 2550 3391 2607 seriem

1788 2647 2004 2718 generis
2032 2644 2384 2713 deducendo,
2425 2643 2754 2700 sanctiorem
2787 2644 2956 2716 ipsam
2994 2643 3259 2713 originem
3298 2642 3395 2699 de-

1790 2742 2048 2799 clararet.
2069 2739 2242 2796 Simul
2273 2740 2326 2794 in
2361 2740 2463 2794 huc
2493 2754 2713 2810 quoque
2744 2738 2896 2793 vituli
2923 2739 3091 2808 figura
3114 2736 3358 2807 signatur
3378 2779 3395 2805 ,

1792 2833 1937 2905 quod
1965 2832 2164 2903 ubique
2186 2830 2527 2889 sacerdotale
2567 2830 2890 2904 mysterium
2917 2838 3071 2901 putat
3106 2842 3227 2884 esse
3270 2836 3391 2884 ser;

1792 2925 2051 2981 vandum.

1868 3021 1958 3076 14.
1998 3018 2109 3075 Nec
2138 3018 2356 3075 mireris
2383 3018 2426 3074 si
2471 3018 2541 3073 ab
2568 3017 2839 3074 Abraham
2872 3018 3055 3088 plures
3093 3014 3390 3072 secundum

1793 3113 1994 3170 Lucam
2039 3112 2416 3175 successiones
2443 3126 2614 3183 usque
2656 3110 2722 3166 ad
2762 3109 3035 3166 Christum
3068 3118 3232 3177 sunt,
3264 3123 3397 3179 pau-

1790 3208 1967 3264 ciores
1998 3204 2296 3263 secundum
2329 3205 2678 3271 Matthaeum;
2711 3220 2833 3260 cum
2868 3220 2963 3275 per
3008 3203 3143 3258 alias
3198 3217 3393 3274 perso-

67 3294 266 3350 semini
308 3297 444 3369 ejus.
477 3294 601 3351 Non
645 3296 814 3351 dicit:
849 3294 913 3350 Et
961 3295 1278 3359 seminibus,
1326 3304 1587 3365 tamquam
1633 3296 1686 3349 in
1713 3297 1759 3361 C
1794 3314 1893 3359 nas
1939 3297 2349 3379 generationem
2396 3296 2617 3353 fatearis
2663 3311 2788 3351 esse
2833 3296 3117 3350 decursum
3162 3312 3176 3350 :
3215 3303 3395 3365 potest

72 3388 293 3453 multis,
324 3388 413 3442 sed
439 3388 573 3443 sicut
599 3388 651 3443 in
691 3404 797 3443 uno
819 3403 839 3443 :
865 3387 934 3443 Et
959 3389 1142 3444 semini
1171 3397 1261 3443 tuo
1284 3430 1298 3454 ,
1323 3389 1412 3459 qui
1437 3399 1511 3443 est
1535 3387 1687 3443 Citrio

72 3490 194 3538 stus
226 3480 427 3553 (Galat.
455 3499 512 3538 ιιι
540 3525 556 3551 ,
590 3482 718 3556 l6);
751 3493 809 3541 ιιι
848 3484 1006 3541 alteri
1032 3483 1340 3555 proprietas
1382 3484 1689 3555 generatio-

71 3577 165 3633 nis
194 3619 210 3644 ,
240 3578 574 3648 principatus
623 3578 778 3635 alteri
818 3577 1116 3636 deferatur.
1158 3578 1240 3635 llli
1282 3578 1519 3634 delatum
1559 3587 1683 3647 est,

73 3681 135 3729 ut
166 3668 332 3726 Iesus
354 3672 473 3742 ejus
520 3670 664 3727 ﬁlius
710 3671 987 3729 diceretur
1017 3690 1032 3729 :
1077 3671 1201 3728 huic
1228 3672 1380 3742 quasi
1408 3672 1639 3744 principi
1669 3715 1684 3739 ,

77 3762 309 3819 familia:
338 3765 684 3837 gentiumque
725 3765 1085 3837 prterogativa
1137 3765 1352 3839 1318
1395 3774 1685 3832 servatur;

77 3865 142 3915 ut
191 3857 261 3915 ab
307 3858 579 3916 Abraham
653 3861 1027 3932 generationis
1090 3861 1386 3916 Deminicre
1445 3869 1691 3916 manaret

76 3954 388 4011 exordium.
413 3955 515 4021 Qui
538 3954 684 4011 enim
715 3956 837 4011 ﬁdei
870 3965 1060 4011 auctor
1082 3964 1199 4019 est,
1232 3955 1409 4026 ipsum
1442 3969 1689 4010 asserere

80 4045 363 4116 Scriptura
378 4062 593 4120 quoque
603 4047 789 4103 debuit
802 4049 999 4104 divina:
1010 4049 1374 4119 generationis
1386 4056 1685 4103 auctorem.

159 4140 250 4196 11.
288 4138 447 4196 Unde
471 4151 526 4196 et
552 4139 728 4197 Lucas
757 4141 822 4196 ad
852 4141 1022 4197 Deum
1053 4143 1263 4207 putavit
1285 4142 1547 4212 originem
1571 4140 1692 4210 ejus

84 4247 215 4289 esse
240 4230 619 4297 referendam;
649 4233 792 4303 quod
821 4248 982 4288 verus
1005 4233 1207 4290 Citriin
1234 4243 1523 4303 generator
1549 4232 1693 4288 Deus

82 4329 193 4394 sit,
216 4326 302 4383 vel
326 4327 623 4383 secundum
648 4344 832 4384 veram
858 4328 1266 4399 generationem
1298 4337 1446 4399 pater
1463 4370 1476 4391 .
1499 4328 1581 4382 vel
1608 4339 1694 4381 se-

85 4420 321 4479 cundum
351 4420 551 4477 lavacri
581 4423 1050 4492 regenerationem
1083 4422 1299 4494 mystici
1327 4421 1571 4478 muneris
1599 4436 1695 4474 au-

78 4524 228 4571 ctor.
262 4513 326 4570 Et
358 4512 481 4569 ideo
520 4528 628 4570 non
656 4530 686 4569 a
712 4518 888 4586 primo
925 4515 1332 4586 generationem
1374 4515 1492 4584 ejus
1530 4514 1695 4582 erepit

88 4610 400 4668 describere
425 4630 438 4667 :
463 4611 557 4669 sed
583 4620 768 4681 postea
795 4611 1123 4682 baptismum
1146 4610 1263 4681 ejus
1283 4610 1570 4680 explicuit,
1599 4625 1693 4663 att-

1788 3393 1934 3451 enim
1968 3392 2084 3447 ﬁeri
2116 3401 2174 3446 ut
2218 3390 2311 3446 alii
2363 3390 2659 3462 longaevam
2691 3390 3055 3461 transegerint
3084 3387 3249 3443 vitam
3270 3431 3285 3455 ,
3318 3387 3396 3442 al-

1791 3487 1958 3545 terius
1985 3500 2119 3541 vero
2148 3484 2517 3557 generationis
2559 3482 2658 3539 viri
2692 3482 2976 3539 immatura
3006 3489 3166 3537 aetate
3206 3481 3394 3536 deces-

1788 3580 2003 3646 serint;
2057 3594 2183 3636 cum
2227 3577 2511 3633 videamus
2557 3575 2868 3647 complures
2908 3586 3069 3628 senes
3110 3588 3231 3628 eum
3279 3573 3395 3627 suis

1790 3675 2078 3745 nepotibus
2106 3674 2323 3740 vivere,
2355 3672 2493 3728 alios
2516 3686 2645 3728 vero
2674 3671 2819 3727 viros
2847 3669 3028 3725 statim
3078 3667 3201 3724 ﬁliis
3240 3666 3393 3723 obire

1791 3770 2079 3839 susceptis.

1865 3863 1952 3919 15.
1970 3862 2101 3918 Illud
2118 3878 2331 3933 quoque
2344 3861 2679 3917 advertimus
2694 3859 2835 3930 quod
2855 3868 3075 3915 sanctus
3090 3856 3394 3922 Matthteus,

1791 3954 1958 4011 Jacob
1975 3956 2063 4024 qui
2088 3954 2188 4009 fuit
2206 3964 2359 4024 pater
2375 3953 2600 4023 Joseph.
2619 3953 2785 4007 tilium
2807 3951 3022 4007 Mathan
3041 3964 3164 4006 esse
3187 3965 3395 4006 memo-

1792 4048 1994 4103 raverit
2014 4045 2227 4119 (Matth.
2249 4062 2293 4111 ι,
2317 4045 2409 4116 15)
2439 4046 2644 4101 :Lucas
2658 4060 2787 4100 vero
2814 4042 3020 4115 Jnseph
3045 4043 3130 4098 cui
3152 4042 3389 4113 despon-

1795 4150 1908 4197 sata
1936 4149 2052 4194 crat
2077 4139 2243 4194 Maria
2264 4180 2278 4204 ,
2303 4139 2467 4193 tilium
2490 4138 2607 4193 Heli
2649 4162 2665 4201 ;
2709 4137 3025 4193 lleliautem
3055 4135 3225 4190 ﬁlium
3256 4133 3390 4189 Mel-

1794 4238 1881 4293 chi
1912 4251 2033 4292 esse
2058 4235 2406 4305 descripserit
2432 4233 2583 4305 (Luc.
2606 4249 2702 4300 ιιι,
2724 4231 2840 4302 24).
2868 4232 3154 4301 Quomodo
3183 4232 3396 4306 1319

1795 4333 1955 4388 unius
1988 4332 2098 4386 duo
2143 4341 2349 4399 partes,
2387 4330 2438 4385 id
2479 4338 2586 4397 est,
2616 4329 2735 4386 lleli
2780 4338 2833 4384 et
2872 4328 3080 4385 Jacob?
3110 4327 3396 4396 Quomodo

1796 4427 1958 4484 etiam
1982 4424 2089 4480 duo
2116 4424 2323 4494 paterni
2346 4424 2428 4478 avi
2449 4466 2464 4492 ,
2494 4424 2710 4479 Mathan
2736 4432 2789 4478 et
2815 4420 3008 4477 Melehi
3026 4420 3049 4473 ?
3069 4420 3175 4476 Sed
3199 4421 3243 4475 si
3270 4435 3397 4477 vere

1796 4518 2029 4590 qureris,
2064 4518 2304 4572 invenies
2331 4515 2510 4589 (Deut.
2535 4531 2671 4584 xxv,
2699 4515 2753 4585 5)
2781 4514 2922 4583 quod
2945 4514 3097 4583 juxta
3128 4512 3398 4585 prem-rip-

1797 4621 1910 4667 tum
1943 4611 2075 4681 legis
2103 4610 2304 4666 veteris
2330 4612 2439 4665 duo
2472 4609 2672 4664 fratres
2712 4608 2959 4664 diversos
2989 4606 3130 4664 ﬁlios
3166 4617 3188 4647 ο
3219 4606 3394 4663 uteri-

90 4717 296 4762 etorem
340 4707 582 4762 omnium
625 4706 792 4761 Deum
835 4721 932 4776 per
962 4704 1293 4774 baptismum
1333 4705 1559 4773 cupiens
1600 4703 1696 4759 tle-
1726 4694 1771 4755 D
1801 4719 1898 4758 nos
1923 4717 1990 4758 ex
2037 4718 2139 4757 una
2189 4716 2356 4757 uxore
2395 4701 2775 4772 generaverint
2818 4700 3046 4774 (Euseb.
3079 4699 3212 4756 Cres.
3249 4699 3396 4757 Eccl.

96 4808 401 4856 monstrare
420 4842 436 4867 ,
468 4800 742 4857 Christum
772 4815 988 4871 quoque
1018 4814 1046 4854 a
1078 4799 1187 4854 Deo
1213 4798 1402 4854 ordine
1447 4812 1695 4853 manasse

96 4895 456 4950 successionis
476 4897 749 4950 asseruit:
780 4893 1032 4948 universa
1063 4901 1398 4959 contexens,
1432 4900 1489 4946 ttt
1517 4900 1571 4947 et
1603 4906 1693 4945 se-

95 4987 326 5043 cundum
355 4998 602 5044 naturam
624 5031 640 5055 ,
673 4996 729 5043 et
775 4986 1073 5045 secundum
1105 4988 1333 5056 gratiam
1357 5027 1372 5052 ,
1405 4995 1462 5042 et
1495 4999 1694 5041 secun-

97 5078 221 5135 dum
250 5094 468 5136 carnem
499 5081 592 5136 Dei
624 5079 821 5136 Filium
854 5082 1278 5137 demonstraret.
1317 5078 1469 5148 Quod
1513 5090 1693 5134 autem

100 5172 395 5229 evidentius
416 5173 614 5229 divinae
642 5173 1010 5243 generationis
1041 5172 1302 5227 indicium
1323 5213 1336 5237 ,
1365 5185 1527 5243 quam
1551 5169 1694 5241 quod

103 5265 167 5321 de
193 5268 542 5338 generatione
570 5265 852 5334 dicturus,
884 5266 1060 5334 ipsum
1088 5264 1304 5321 Patrem
1330 5264 1591 5336 praemisit
1615 5265 1695 5319 lo-

103 5368 348 5430 quentem
376 5378 389 5414 :
423 5357 523 5416 Hic
545 5368 624 5415 est
644 5358 787 5431 ﬁlius
809 5374 952 5414 meus
975 5358 1196 5415 dilectus
1214 5401 1227 5426 ,
1255 5360 1311 5415 in
1336 5376 1440 5429 quo
1459 5360 1695 5431 complu-

107 5451 184 5505 rui
205 5450 354 5519 (Luc.
384 5466 475 5516 ιιι,
508 5451 581 5506 22
601 5493 617 5518 ,
649 5449 838 5525 sup.)?

175 5544 259 5598 12.
299 5543 399 5601 Hic
427 5560 643 5616 quoque
669 5544 833 5615 aliqui
862 5542 1042 5599 solent
1063 5543 1307 5600 inserere
1327 5546 1693 5615 quasstiones,

106 5641 237 5710 quod
266 5641 548 5698 Mattlueus
579 5642 647 5697 ab
668 5641 938 5698 Abraham
969 5654 1140 5711 usque
1167 5639 1233 5695 ad
1256 5640 1537 5699 Christum
1563 5657 1696 5714 qua-

110 5731 341 5808 draginta
362 5734 498 5791 duas
518 5735 896 5807 generationes
914 5732 1347 5803 enumeraverit,
1371 5734 1546 5791 Lucas
1567 5748 1699 5791 vero

180 5868 201 5931 ἒ
232 5859 386 5915 Rom.
414 5857 573 5928 edit.,
603 5869 815 5931 propter
835 5874 1062 5914 amorem
1091 5858 1386 5915 mulierum.

175 5929 200 5965 δ
231 5932 352 5989 Mss.
384 5933 576 5988 navem
598 5929 915 6003 hntiqttioris
939 5938 1133 5987 manus
1148 5972 1161 5996 ,
1183 5931 1311 5986 utter
1337 5931 1577 6006 print'eps
1600 5949 1690 6005 ge-

1797 4797 1922 4851 hist.
1951 4796 2041 4851 lib.
2071 4812 2125 4861 1,
2155 4810 2206 4851 c.
2251 4796 2331 4865 7).
2364 4794 2623 4850 Traditur
2654 4795 2795 4850 enim
2831 4794 3044 4850 Mathan
3066 4836 3081 4859 ,
3112 4793 3204 4865 qui
3232 4809 3260 4847 a
3294 4793 3397 4847 Sa-

1797 4892 2016 4947 lomone
2046 4904 2216 4961 genus
2235 4888 2421 4954 duxit,
2450 4888 2619 4945 Jacob
2647 4903 2937 4959 generasse
2961 4888 3129 4943 lilium
3147 4928 3162 4954 ,
3194 4898 3248 4943 et
3269 4903 3400 4943 uxo-

1797 5000 1858 5042 re
1887 4985 2212 5054 superstite,
2244 4984 2574 5045 decessisse.
2609 5000 2768 5054 quam
2800 4993 2987 5055 postea
3020 4982 3213 5039 Mclchi
3241 4997 3398 5039 acce-

1800 5077 1880 5150 pit
1910 5093 2135 5134 uxorem
2155 5120 2169 5143 ,
2199 5093 2264 5132 ex
2297 5092 2401 5149 qua
2426 5084 2732 5148 'generatus
2761 5087 2843 5133 est
2871 5077 2991 5133 l-leli
3021 5096 3034 5132 :
3065 5093 3252 5135 rursus
3284 5078 3398 5134 Ileli

1798 5172 1967 5229 fratre
2007 5174 2126 5229 sine
2157 5171 2344 5227 liberis
2387 5170 2726 5233 decedente.
2761 5172 3043 5241 copulatus
3087 5180 3171 5226 est
3215 5168 3401 5228 fratris

1801 5267 1962 5321 uxori
1984 5309 2001 5333 ,
2033 5275 2089 5322 et
2115 5266 2390 5337 generavit
2421 5265 2590 5321 ﬁlium
2618 5265 2819 5336 loseph
2846 5306 2862 5332 ,
2895 5266 2983 5337 qui
3006 5266 3159 5335 juxta
3200 5264 3399 5337 Legem

1800 5360 1970 5417 Jacoh
1999 5359 2140 5415 ﬁlius
2180 5359 2412 5423 dicitur;
2443 5360 2697 5431 quoniam
2726 5374 2911 5415 semen
2945 5358 3127 5414 fratris
3159 5357 3400 5416 defuncti

1804 5454 1971 5510 frater
1993 5454 2144 5524 juxta
2172 5453 2305 5524 legis
2344 5453 2544 5508 veteris
2571 5452 2769 5508 seriem
2794 5451 3111 5508 suscitabat.
3156 5450 3230 5507 lla
3259 5450 3399 5507 duo-

1804 5562 1924 5603 rum
1955 5546 2098 5601 ﬁlius
2119 5545 2296 5601 dictus
2319 5553 2402 5599 est
2419 5588 2434 5611 ,
2467 5560 2574 5601 non
2597 5545 2666 5600 ab
2689 5554 2920 5616 utroque
2944 5552 3236 5614 generatus
3261 5564 3274 5600 :
3303 5544 3400 5599 sed

1802 5642 1929 5713 quia
1948 5641 2170 5697 alterius
2192 5640 2491 5696 secundum
2513 5639 2915 5709 generationem
2932 5681 2948 5704 ,
2972 5637 3195 5693 alterius
3215 5651 3404 5692 secun-

1805 5736 1934 5792 dum
1957 5734 2155 5807 Legem
2184 5733 2358 5790 factus
2384 5743 2466 5789 est
2491 5733 2653 5788 ﬁlius.
2679 5732 2736 5788 ln
2766 5747 2874 5803 quo
2899 5732 3217 5803 praescripto
3245 5728 3372 5802 Legi

1798 5864 1940 5921 neris
1962 5862 2245 5919 secundum
2269 5858 2552 5916 Christum.

1874 5949 1895 5971 υ
1932 5935 2130 5991 Vocnm
2160 5933 2389 5987 uterinos
2416 5929 2571 5985 Rom.
2600 5925 2731 5981 edit.
2760 5922 3074 5981 sustulerat.
