4156 6346
543 347 675 403 1595

1850 341 2093 399 SANC‘I‘I
2135 339 2463 399 AMBROSII

3708 346 3726 401 1
3739 345 3842 401 596

536 466 771 521 futuram
816 466 1227 539 perpetuitatem
1276 464 1654 520 defunctorum
1700 462 1927 518 seminis
1976 457 2568 530 nobisAevangelista
2605 473 2803 515 nomen
2848 458 3115 527 inseruit,
3145 458 3214 516 de
3259 474 3364 532 qua
3405 457 3581 518 divise
3624 461 3840 518 interim

534 574 658 617 esse
686 562 1010 632 promissam
1052 576 1161 617 non
1204 558 1472 617 intellexit
1501 557 1730 629 populus
1771 556 2131 614 Iuda-orum:

535 652 633 710 sed
663 654 959 710 secundum
1001 655 1235 710 litteram
1278 653 1552 720 accipiens
1574 693 1590 719 ,
1628 651 1857 721 gratiam
1888 648 2135 722 corrupit

534 746 760 803 oraculi.
790 747 940 802 Alius
959 748 1105 802 enim
1133 754 1252 802 erat
1284 748 1482 813 frater,
1509 744 1601 816 qui
1625 743 2003 800 defunctorum
2025 742 2136 799 fra-

538 846 682 894 trum
726 853 914 895 semen
944 840 1317 904 resuscitaret,
1350 853 1456 894 non
1486 835 1654 894 frater
1681 838 1976 893 secundum
2015 851 2137 893 car-

541 933 623 988 nis
649 935 1063 1005 germanitatem
1087 976 1102 1001 ,
1131 932 1227 990 sed
1269 933 1566 989 secundum
1605 933 1789 1003 gratiae
1819 932 2130 1002 puritatem.

540 1025 608 1080 Et
633 1026 756 1081 ideo
799 1025 1059 1094 fortasse,
1092 1025 1277 1082 Frater
1317 1044 1418 1082 non
1460 1027 1705 1093 redimit,
1735 1026 1947 1081 redimet
1985 1029 2136 1080 homo

540 1117 717 1189 (Psal.
744 1135 911 1175 xum
931 1162 945 1185 ,
971 1120 1062 1192 8);
1098 1121 1223 1192 quia
1255 1136 1361 1176 non
1393 1134 1687 1192 germanus
1720 1119 1885 1176 frater
1914 1121 2021 1186 ille,
2039 1119 2136 1176 sed

544 1215 804 1271 Dominus
849 1224 905 1272 et
945 1217 1216 1272 mediator
1247 1216 1338 1272 Dei
1369 1224 1425 1273 et
1455 1216 1733 1272 hominum
1778 1214 1941 1270 homo
1976 1214 2136 1271 Chri-

536 1320 654 1366 stus
670 1310 831 1367 Jesus
854 1312 1272 1369 resurrectionis
1285 1312 1513 1383 gratiam
1536 1312 1867 1387 propagavit.
1894 1309 2046 1366 Licet
2067 1309 2139 1366 sit

537 1403 789 1459 versiculi
819 1402 975 1462 istius
1005 1412 1063 1461 et
1090 1404 1193 1459 alia
1222 1403 1637 1475 interpretatio,
1666 1418 1826 1476 quam
1855 1416 1955 1458 suo
1990 1402 2139 1459 dice-

541 1512 661 1552 mus
688 1497 809 1554 loco
832 1498 1050 1571 (Enarr.
1075 1499 1130 1553 in
1159 1495 1306 1553 Psal.
1334 1496 1543 1569 vam).

613 1589 699 1645 16.
743 1590 859 1645 Νοιι
885 1590 1179 1647 absurdum
1205 1601 1389 1646 autent
1419 1590 1633 1646 videtur
1662 1589 1802 1659 quod
1824 1632 1840 1658 ,
1869 1589 2139 1661 geminato

542 1684 770 1757 mystico
815 1701 1081 1755 numero,
1125 1697 1316 1758 quater
1358 1686 1527 1741 denas
1580 1687 1959 1757 generationes
2005 1686 2139 1742 divi-

540 1774 747 1831 dendas
784 1789 1005 1833 sanctus
1040 1772 1319 1833 Matthatus
1358 1777 1606 1848 putavit,
1644 1778 1712 1833 ab
1749 1779 2019 1834 Abraham
2047 1795 2140 1835 us-

2238 553 2580 609 tractandum
2609 553 2842 610 videtur.

2311 649 2400 706 18.
2441 648 2684 705 Primum
2715 649 2860 706 enim
2886 650 2932 706 si
2962 651 3106 707 veris
3134 651 3385 708 intendas
3424 651 3695 720 animum,
3726 652 3844 709 hmc

2237 746 2435 802 mulier
2458 760 2562 801 non
2596 754 2703 801 tam
2735 745 2972 813 famosa,
3004 761 3164 818 quam
3191 747 3369 818 justa;
3401 762 3508 803 non
3537 748 3680 803 enim
3709 756 3847 804 tem-

2236 843 2440 915 poralis
2468 859 2624 898 usum
2670 841 2911 899 libidinis
2966 843 3284 914 requisivit,
3329 844 3425 898 sed
3477 843 3845 899 successionis

2236 937 2464 1009 gratiam
2492 937 2819 1009 concupivit.
2861 936 2991 992 Erat
3012 936 3153 993 enim
3183 948 3206 976 ο
3238 936 3482 996 deforme
3505 937 3707 992 liberos
3733 952 3845 992 non

2238 1029 2480 1086 habere:
2514 1029 2655 1101 quod
2688 1029 2850 1085 etiam
2882 1031 3059 1102 legum
3089 1030 3328 1085 civilium
3374 1028 3475 1084 fuit
3519 1028 3848 1085 auctoritate

2240 1125 2579 1181 mulctatum.
2610 1124 2939 1181 Promiserat
2970 1140 3088 1181 eam
3121 1124 3230 1179 filio
3276 1139 3374 1179 suo
3419 1123 3589 1180 ludas
3611 1164 3631 1193 ,
3661 1135 3717 1181 et
3750 1123 3847 1179 diu

2239 1227 2515 1290 pactarum
2556 1217 2763 1275 ftedera
2790 1218 3078 1275 distulerat
3113 1218 3445 1289 nuptiarum.
3490 1218 3596 1274 Per
3635 1234 3846 1274 moram

2241 1313 2494 1385 promissi
2531 1312 2821 1369 defunctus
2849 1323 2935 1369 est
2961 1326 3211 1383 sponsus.
3234 1310 3481 1367 Nondum
3497 1310 3843 1383 virginitatis,

2241 1409 2480 1464 nondum
2530 1408 2814 1464 viduitatis
2834 1405 2862 1446 ἀ
2889 1416 3013 1462 ante
3036 1405 3241 1462 Christi
3266 1406 3560 1461 adventum
3584 1393 3851 1462 vernabat

2239 1502 2434 1573 gratia.
2457 1501 2657 1557 Dolens
2680 1516 2740 1557 se
2770 1500 2891 1556 sine
2914 1499 3038 1555 filiis
3076 1498 3425 1566 remansisse,
3458 1496 3640 1553 dolum
3665 1496 3851 1553 studio

2240 1596 2616 1667 generationis
2653 1603 2962 1651 commenta
2993 1602 3078 1648 est
3100 1634 3115 1657 ,
3145 1604 3198 1650 et
3228 1592 3422 1649 Judam
3453 1593 3683 1648 consilio
3711 1608 3854 1661 prte-

2239 1692 2439 1758 vertit;
2472 1700 2532 1747 ut
2573 1707 2634 1747 se
2678 1690 2855 1747 eidem
2900 1688 3127 1745 offerret
3168 1698 3451 1756 ornatam,
3493 1696 3853 1759 posteaquam

2242 1786 2551 1843 defunctam
2581 1785 2700 1858 ejus
2722 1785 2983 1856 cognovit
3012 1798 3263 1840 uxorem.
3308 1781 3476 1837 Vides
3517 1781 3702 1852 utique
3731 1797 3856 1836 mu-

539 1883 645 1939 que
674 1868 741 1924 ad
774 1868 938 1925 David
964 1911 980 1939 ,
1012 1886 1041 1924 a
1072 1871 1242 1927 David
1287 1887 1461 1943 usque
1498 1871 1565 1927 ad
1610 1873 2137 1944 transmigrationem
2167 1863 2214 1923 Β
2245 1881 2393 1936 neris
2435 1880 2597 1935 vitam
2640 1878 2898 1950 probari,
2928 1877 3074 1949 quod
3125 1891 3230 1932 non
3282 1876 3520 1931 alienum
3570 1875 3860 1947 prmripuit

538 1959 826 2033 Babylonis
851 2004 867 2028 ,
906 1950 943 2018 a.
981 1963 1458 2035 transmigratione
1510 1964 1801 2037 Babylonis
1852 1982 2025 2035 usque
2071 1967 2139 2023 ad

539 2055 816 2112 Christum
843 2075 856 2112 :
887 2057 943 2114 in
970 2074 1077 2129 quo
1099 2060 1245 2116 vices
1273 2060 1632 2115 mutationum
1664 2061 1869 2131 pariter
1893 2062 2142 2133 designa-

542 2148 640 2202 vit.
670 2148 755 2204 ΑΙ)
781 2149 1055 2206 Abraham
1083 2151 1227 2208 enim
1258 2166 1428 2222 usque
1458 2152 1523 2207 ad
1553 2153 1718 2208 David
1751 2164 1993 2225 tempora
2022 2155 2141 2212 sine

538 2242 757 2312 regibus
802 2242 900 2297 fuit
932 2244 1166 2314 populus
1214 2244 1564 2313 Judteorum;
1607 2261 1832 2319 regnum
1875 2248 2017 2304 enim
2060 2251 2142 2318 ju-

537 2345 683 2391 stum
713 2352 743 2390 a
771 2336 936 2392 David
966 2339 1169 2408 coepit:
1202 2338 1403 2396 deinde
1434 2355 1529 2411 per
1566 2355 1723 2411 reges
1766 2352 1944 2397 actum
1969 2358 2141 2413 genus

539 2444 702 2486 omne
731 2440 816 2486 est
851 2431 1195 2501 Iudaeorum,
1223 2444 1276 2491 et
1319 2435 1642 2491 intemerata
1673 2452 1841 2509 usque
1867 2438 1931 2493 ad
1964 2448 2142 2495 trans-

542 2523 921 2594 migrationem
952 2540 1140 2582 eorum
1166 2542 1329 2598 regna
1371 2529 1862 2586 manserunt.-Post
1888 2532 2143 2588 transmi-

538 2617 842 2691 grationetn
885 2635 1014 2675 vero
1040 2621 1095 2676 in
1137 2636 1389 2677 occasum
1417 2621 1799 2694 degenerantis
1830 2625 2014 2697 populi
2047 2642 2143 2682 no-

542 2711 722 2767 bilitas
747 2713 1070 2771 circumcisa
1110 2717 1393 2788 vergebat.
1422 2724 1450 2756 ι
1490 2717 1568 2774 De
1593 2719 1978 2793 quinquaginta
2010 2737 2142 2779 vero

540 2809 978 2865 successionibus
1006 2827 1139 2882 quas
1167 2814 1237 2868 ab
1266 2813 1538 2870 Abraham
1572 2814 1744 2871 Lucas
1770 2818 2141 2876 contexendas

545 2902 788 2971 putavit,
821 2905 1033 2959 numeri
1068 2906 1281 2978 mystici
1315 2918 1526 2963 servata
1564 2910 1737 2978 gratia
1775 2910 1908 2964 satis
1947 2910 2140 2967 claret.

541 2996 674 3052 Nam
707 3005 763 3052 et
790 2996 1034 3055 decimus
1059 3010 1112 3055 et
1138 3001 1403 3072 septimus
1446 3017 1706 3057 numerus
1733 3005 1992 3074 mysticus
2023 3013 2140 3072 est,

542 3101 594 3146 et
620 3091 783 3146 tertio
807 3101 1034 3164 uterque
1062 3095 1329 3165 repetitus
1354 3097 1675 3169 mysterium
1701 3098 1896 3169 signat.
1923 3098 1989 3153 Et
2014 3113 2145 3169 pen-

543 3195 786 3254 tecostc,
819 3189 975 3258 cujus
1020 3189 1231 3256 Lucas,
1272 3199 1329 3247 et
1378 3201 1738 3247 Iesseracoste
1762 3234 1777 3259 ,
1811 3193 1964 3264 cujus
2011 3195 2145 3250 Mat-

2205 2038 2209 2042 ,
2246 1973 2486 2041 thorum,
2520 1989 2628 2028 non
2663 1971 2974 2027 meretricio
2999 1969 3180 2025 studio
3207 1970 3365 2041 quasi
3398 1969 3656 2024 meretrix
3687 1967 3860 2023 ador-

2244 2078 2365 2124 nata
2396 2078 2480 2124 est
2512 2083 2526 2133 ;
2575 2083 2681 2122 non
2726 2067 2873 2122 enim
2905 2081 3090 2136 vagam
3121 2065 3359 2135 captavit
3388 2063 3669 2120 libidinem
3696 2105 3711 2127 ,
3752 2062 3855 2119 sed

2243 2161 2335 2218 diu
2385 2160 2563 2217 soceri
2604 2159 2847 2215 fraudata
2889 2158 3211 2229 promissis,
3242 2172 3307 2212 ex
3341 2171 3403 2212 ea
3455 2155 3657 2211 familia
3690 2171 3855 2224 quam

2238 2256 2557 2328 delegerat,
2597 2268 2865 2311 converso
2893 2253 3050 2321 dolo,
3081 2250 3318 2307 fructum
3352 2248 3522 2305 voluit
3547 2249 3859 2304 successio-

2244 2351 2327 2406 nis
2353 2349 2596 2420 adipisci.
2621 2349 2753 2417 Quis
2779 2348 2958 2418 itaque
2981 2346 3222 2412 castior,
3256 2344 3346 2399 illa
3378 2359 3500 2416 qum
3530 2342 3732 2398 tamdiu
3757 2358 3858 2399 cx-

2241 2445 2514 2513 spectavit
2547 2440 2908 2510 promissum,
2944 2453 3012 2494 an
3041 2437 3133 2493 ille
3163 2439 3253 2507 qui
3295 2452 3534 2493 amorem
3569 2437 3710 2493 ferre
3742 2450 3856 2492 non

2244 2537 2418 2608 potuit
2449 2536 2733 2592 oblatum?
2759 2534 2858 2590 Illa
2884 2550 3003 2605 quae
3032 2533 3215 2604 sponsi
3249 2531 3507 2587 familiam
3551 2547 3659 2587 non
3705 2528 3858 2597 refu-

2241 2629 2359 2699 git,
2393 2644 2457 2681 an
2491 2628 2595 2683 iste
2623 2627 2714 2696 qui
2748 2623 3094 2681 meretricem
3128 2622 3371 2692 putavit?
3397 2620 3489 2678 llla
3518 2638 3639 2694 qum
3661 2621 3853 2677 horam

2210 2723 2323 2803 .sui
2358 2720 2604 2792 corporis
2632 2715 2944 2774 volentibus
2988 2732 3094 2771 non
3149 2715 3395 2785 permisit
3448 2713 3515 2769 ad
3561 2713 3854 2784 copulam,

2244 2828 2310 2868 an
2342 2811 2447 2868 iste
2477 2811 2569 2883 qui
2602 2810 2745 2881 quod
2776 2808 2960 2864 studio
2988 2807 3155 2878 erepit
3182 2806 3387 2862 erroris
3410 2849 3425 2873 ,
3458 2806 3523 2861 ad
3554 2806 3858 2862 successio-

2245 2905 2331 2961 nis
2355 2904 2583 2977 gratiam
2610 2903 2864 2959 castitate
2889 2899 3134 2956 mulieris
3158 2899 3594 2956 consummavit?
3618 2900 3710 2955 Illa
3728 2915 3857 2972 qua:

2246 2999 2387 3055 filios
2436 3014 2540 3053 non
2595 2996 2866 3061 habebat,
2910 3005 2965 3051 et
3011 3005 3226 3066 tempus
3276 2993 3652 3067 conceptionis
3701 3009 3854 3049 mora

2244 3091 2478 3163 conjugii
2515 3091 2739 3146 timebat
2767 3087 3017 3145 excludi:
3052 3088 3143 3142 ilia
3173 3103 3293 3158 quae
3319 3089 3643 3158 gravitatem
3677 3098 3857 3143 maltr—

2245 3188 2408 3243 rioris
2439 3186 2630 3257 elegit,
2662 3201 2731 3240 an
2760 3185 2865 3241 iste
2892 3183 2984 3256 qui
3008 3193 3220 3240 a-tatem
3249 3184 3700 3241 adolescentioris
3721 3185 3857 3240 ada-

540 3288 716 3351 tttams
747 3292 964 3339 secutus
990 3293 1075 3340 est
1105 3286 1332 3356 gratiam
1358 3328 1372 3352 ,
1399 3288 1531 3341 satis
1559 3301 1832 3359 superque
1859 3304 2141 3344 numerum
2169 3257 2215 3318 δ
2250 3279 2454 3335 mm’il?
2486 3278 2731 3349 Denique
2760 3277 2876 3349 ἰρεθ
2923 3277 3208 3333 confessus
3253 3288 3337 3333 est
3385 3278 3572 3334 dicens
3599 3297 3610 3331 ε
3640 3277 3856 3347 Justiti-

543 3377 833 3449 tnysticum
863 3378 1237 3449 prodiderunt.

618 3471 705 3526 17.
747 3471 1002 3544 Plerique
1029 3474 1194 3529 etiam
1226 3473 1493 3530 mirantur
1517 3489 1614 3530 cur
1637 3473 1872 3532 Thamar
1899 3475 2144 3532 mulieris

545 3565 764 3620 famosa!
786 3610 801 3632 ,
833 3575 892 3621 ut
920 3567 1028 3622 illis
1057 3568 1273 3624 videtur
1294 3611 1308 3633 ,
1339 3570 1625 3627 Matth-acus
1665 3572 2142 3628 commemoratio.

545 3674 668 3714 nem
703 3658 756 3713 in
791 3660 1068 3715 Dnminica
1097 3662 1447 3733 generatione
1484 3664 1879 3719 contexendam
1925 3676 2145 3735 putave—

542 3751 631 3806 rit.
655 3750 683 3789 δ
713 3752 820 3808 Cur
848 3754 1010 3809 etiam
1042 3753 1186 3809 Ruth
1209 3796 1224 3820 ,
1254 3771 1352 3811 cur
1376 3757 1494 3826 ejus
1517 3772 1729 3827 quoque
1757 3756 1996 3814 mulieris
2021 3773 2139 3828 qua:

545 3841 688 3900 Urim
715 3861 849 3899 uxor
882 3845 1015 3913 fuit,
1047 3856 1101 3902 et
1135 3848 1319 3903 occiso
1364 3849 1578 3922 1320
1599 3847 1795 3904 marito
1820 3892 1835 3919 ,
1877 3850 1929 3906 in
1971 3850 2140 3906 David

544 3937 760 4007 nuptias
784 3941 1156 4010 commigravit
1181 3956 1196 4007 ;
1223 3955 1345 3996 cum
1377 3944 1677 4012 praesertim
1709 3942 1887 3999 Sarra:
1909 3985 1925 4011 ,
1954 3953 2005 3999 et
2037 3943 2143 4000 Re-

542 4028 754 4096 beccte,
778 4041 833 4087 et
854 4030 1058 4089 Rachel
1080 4042 1387 4089 sanctarum
1423 4035 1742 4092 feminarum
1775 4052 2041 4109 nusquam
2064 4034 2140 4093 fe-

536 4124 674 4180 cerit
703 4125 1058 4183 mentionem.
1102 4127 1192 4185 Sic
1238 4129 1381 4183 enim
1425 4128 1590 4186 habes
1622 4147 1635 4184 :
1671 4132 1929 4185 Abraham
1969 4132 2147 4204 genuit

540 4218 712 4285 Isaac,
733 4219 761 4274 I
769 4238 888 4276 sane
898 4223 1073 4295 genuit
1086 4220 1124 4275 Ι
1126 4223 1272 4286 acab,
1288 4222 1450 4278 Iacob
1470 4225 1650 4298 genuit
1667 4224 1864 4279 ludant
1886 4236 1935 4281 et
1956 4225 2145 4293 fratres

539 4312 656 4382 ejus
679 4330 698 4369 :
726 4311 894 4371 ludas
914 4325 1080 4371 autem
1108 4317 1286 4387 genuit
1314 4315 1515 4371 Phares
1543 4328 1589 4372 et
1619 4316 1810 4372 Zaram
1839 4335 1901 4374 ea:
1919 4317 2145 4372 Thamar

539 4404 756 4475 (Matth.
786 4424 835 4475 ι,
865 4408 900 4463 2
926 4419 976 4465 et
1005 4408 1086 4482 '5).
1114 4408 1232 4465 Non
1261 4409 1436 4466 otiose
1480 4412 1664 4482 itaque
1695 4410 1854 4482 hujus
1905 4411 2146 4468 mulieris

2247 3381 2362 3427 cata
2393 3381 2466 3427 est
2493 3371 2725 3427 Thamar
2760 3371 2924 3442 magis
2965 3387 3116 3440 quant
3144 3387 3282 3444 ego;
3314 3380 3526 3443 propter
3562 3369 3698 3439 quod
3744 3386 3855 3425 non

2249 3466 2368 3521 dedi
2406 3483 2519 3520 eam
2575 3464 2736 3521 Selon
2767 3463 2880 3535 filio
2908 3480 3016 3519 meo
3065 3462 3217 3534 (Gen.
3244 3480 3485 3531 xsxvm,
3517 3462 3633 3537 26).
3666 3463 3856 3536 Itaque

2248 3560 2335 3614 illa
2366 3558 2602 3629 experiri
2636 3568 2945 3613 exactorem
2977 3557 3154 3628 ipsum
3187 3573 3300 3613 suae
3342 3556 3520 3612 voluit
3562 3558 3855 3616 castitatis.

2254 3655 2495 3725 Denique
2538 3668 2829 3725 numquam
2862 3661 3048 3723 postea
3102 3653 3279 3708 virum
3312 3660 3534 3723 experta
3564 3660 3648 3707 est
3670 3695 3684 3720 ,
3715 3651 3859 3707 ami-
3932 3670 3937 3677 λ

2247 3766 2393 3809 ctum
2416 3751 2691 3808 viduitatis
2709 3751 2943 3822 sumpsit
2965 3766 2993 3804 a
3027 3749 3175 3806 coitu
3201 3768 3214 3804 :
3246 3749 3352 3806 iSte
3381 3751 3543 3805 unius
3569 3749 3717 3804 horae
3748 3750 3857 3803 int-

2251 3847 2587 3919 patiens,qui
2617 3862 2789 3902 annos
2812 3862 2841 3901 a
2861 3845 3040 3915 puella
3064 3854 3319 3916 exegerat
3343 3843 3858 3909 castitatis,luctum

2250 3942 2490 4012 expulit,
2527 3952 2550 3979 ε
2579 3951 2787 3996 vestem
2821 3939 3084 4007 mutavit,
3115 3954 3325 3996 comam
3359 3939 3628 4008 totondit,
3659 3954 3858 4011 rogum

2250 4037 2490 4093 deseruit
2515 4079 2531 4105 ,
2567 4034 2784 4091 thorum
2812 4044 3027 4090 amator
3049 4034 3313 4090 ascendit.
3591 4033 3594 4037 ’

2327 4133 2414 4188 19.
2456 4130 2565 4187 Sed
2602 4146 2707 4186 non
2738 4128 2810 4185 ita
2843 4129 2989 4185 illam
3021 4129 3389 4193 defendimus,
3421 4134 3479 4183 ut
3505 4127 3665 4182 istum
3696 4141 3861 4182 accu-

2251 4242 2437 4283 semus
2483 4243 2496 4280 :
2549 4226 2715 4280 immo
2760 4232 3058 4295 utrumque
3104 4235 3465 4286 excusemus;
3513 4236 3620 4274 non
3669 4228 3859 4275 autem

2255 4336 2384 4389 nos,
2418 4318 2512 4374 sed
2545 4319 2863 4391 mysterium
2906 4316 3048 4389 quod
3090 4315 3299 4385 cepulae
3330 4314 3474 4370 illius
3514 4313 3720 4371 fructus
3764 4330 3863 4371 ex-

2256 4415 2492 4487 pressit;
2534 4414 2819 4485 generavit
2862 4412 3006 4469 enim
3076 4410 3274 4465 mulier
3316 4408 3519 4466 Phares
3560 4422 3615 4465 et
3660 4408 3859 4465 Zaram

617 4607 642 4634 η
670 4597 875 4672 Omnes,
896 4599 1028 4656 edit.
1053 4609 1108 4655 et
1137 4600 1288 4671 pauci
1320 4614 1452 4655 mss.
1472 4642 1487 4666 ,
1517 4597 1597 4656 De
1631 4598 2004 4672 quinquaginta
2031 4615 2149 4655 vero
2175 4600 2227 4661 D
2255 4616 2371 4672 rum
2392 4639 2407 4667 ,
2438 4608 2545 4653 etc.
2574 4595 2640 4653 L.
2660 4598 2703 4672 A2
2725 4607 2777 4672 e_t
2808 4596 2871 4672 '5,
2900 4595 3156 4672 ju_quas,
3181 4593 3321 4672 sicut
3349 4601 3402 4672 et
3428 4593 3484 4672 _i_n
3511 4592 3731 4665 Papiam
3754 4637 3768 4672 ε
3794 4609 3862 4653 ac

540 4671 953 4796 ᾳςῖεναιίοηὶὁιιε
972 4687 993 4738 ;
1023 4672 1115 4729 alii
1157 4672 1339 4745 plures
1369 4681 1423 4728 et
1463 4673 1734 4745 potiores,
1767 4714 1778 4727 .

548 4758 591 4796 rt
629 4758 709 4796 us.

548 4758 709 4797 νιυαι.

617 4832 644 4873 ι)
677 4833 960 4910 Curetium
986 4834 1156 4903 Ruth,
1187 4853 1281 4910 cur
1302 4840 1509 4910 ejus....
1534 4835 1911 4908 commigravit.
1944 4835 2068 4890 llam
2090 4834 2145 4892 in

549 4905 707 4961 Rern.
733 4907 862 4961 edit.
889 4923 996 4962 non
1027 4905 1396 4964 inveniuntur.

617 5007 639 5035 ο
674 4997 843 5070 Quam
875 5008 1027 5069 turpe
1057 4998 1220 5053 fuerit
1240 5009 1366 5053 ante
1393 5009 1605 5068 partum
1628 4997 1927 5070 virgineum
1954 4999 2146 5068 conju-

582 5077 696 5123 ntos
728 5069 913 5125 liberis
935 5086 1151 5133 carere,
1180 5070 1418 5124 declarat
1449 5070 1645 5125 Rachel
1670 5069 1807 5125 Gen.
1835 5071 1933 5133 ΞΟ,
1963 5072 2024 5134 1,
2054 5072 2143 5126 ubi

578 5142 720 5213 acolr
745 5143 974 5203 marito,
1010 5141 1088 5196 Da
1118 5140 1245 5195 mihi
1272 5143 1490 5206 liberos,
1524 5141 1726 5213 inqttit,
1760 5142 1992 5211 alioquin
2036 5158 2145 5195 mo-

545 5211 848 5284 riaraldem
880 5215 1041 5270 etiam
1073 5214 1449 5284 cognoscimus
1493 5211 1607 5270 tum
1635 5228 1700 5268 ex
1745 5213 1934 5269 dolore
1981 5217 2147 5271 Anna:

545 5283 734 5357 matris
763 5284 1063 5351 Samuelis,
1110 5283 1243 5357 Reg.
1281 5286 1307 5340 1
1329 5328 1343 5352 ,
1377 5296 1487 5341 tum
1527 5302 1592 5342 ex
1621 5286 1799 5342 verbis
1832 5289 2002 5341 Ann-.u
2036 5301 2149 5341 ma-

544 5356 642 5411 tris
667 5355 891 5429 Joannis
920 5355 1211 5429 Baptistae,
1240 5358 1371 5414 Luc.
1397 5359 1418 5414 1
1444 5401 1457 5423 ,
1480 5358 1572 5414 ‘25.
1608 5359 1775 5429 Leges
1814 5372 2029 5428 quoque
2065 5359 2147 5412 ci-

547 5429 681 5483 viles
701 5427 843 5498 apud
867 5427 1141 5485 Romanos
1166 5433 1286 5486 latae
1313 5441 1440 5486 sunt
1460 5441 1650 5486 contra
1673 5427 1873 5485 emlibes
1895 5427 2145 5497 etorbos,

546 5501 799 5555 nimirum
834 5500 941 5556 Lex
979 5501 1152 5571 Papia
1176 5544 1193 5569 ,
1226 5512 1283 5558 et
1319 5502 1432 5559 Lex
1457 5502 1606 5557 Julia
1630 5519 1649 5558 :
1683 5518 1909 5572 quarum
1958 5516 2148 5571 patulas

547 5575 820 5641 Augustus
844 5615 858 5640 ,
893 5584 949 5628 ιιι
992 5591 1019 5626 a
1070 5575 1339 5631 Suetonio
1381 5590 1443 5629 ac
1479 5576 1669 5630 Tacito
1711 5575 1981 5643 proditum
2020 5584 2098 5628 est
2128 5615 2145 5641 ,

547 5648 716 5701 auxit.
746 5644 942 5702 Verum
971 5662 1064 5700 eas
1092 5647 1310 5702 domum
1353 5646 1697 5701 sustulerunt
1721 5644 2014 5701 Christiani
2050 5645 2152 5697 im-

551 5725 830 5784 peratores
851 5759 865 5780 ,
903 5733 1025 5771 cum
1055 5717 1443 5772 Constantinus
1475 5717 1696 5785 Magnus
1724 5728 1780 5770 et
1808 5716 2149 5771 Theodosius

548 5787 742 5841 Junior
771 5787 987 5841 easdem
1012 5790 1122 5857 jam
1159 5806 1350 5858 magna
1393 5804 1456 5844 ex
1502 5800 1654 5858 parte
1698 5788 2060 5855 minuissent,
2092 5799 2151 5843 ιιι

550 5862 1078 5934 i_ntelligitureCod.
1112 5864 1321 5921 Tlteud.
1353 5863 1447 5918 lib.
1483 5877 1599 5934 vnt,
1630 5864 1710 5919 tit.
1746 5864 1833 5921 16.
1872 5862 1933 5918 L.
1967 5863 2148 5934 unica,

548 5904 1933 6012 b21353;@2333:aelii:EiéT'E't"‘t‘iif'bL"ju}§
1964 5904 2151 5991 755531

1793 4712 1829 4726 ..
1842 4713 1855 4726 .
1887 4687 2147 4727 successo-

2254 4664 2457 4726 Juliam
2482 4670 2708 4725 consule
2739 4666 2932 4723 Godef.
2966 4664 3135 4723 Porro
3162 4666 3305 4738 quod
3337 4664 3600 4738 additur,
3625 4668 3861 4722 nondum

2254 4743 2566 4813 uirginitatis
2588 4783 2602 4806 ,
2636 4739 2865 4795 nondum
2900 4736 3326 4794 viduitatis'ante
3360 4736 3551 4813 Christi
3580 4739 3857 4797 aduentum

2253 4811 2498 4869 vernabat
2521 4813 2690 4884 gratia
2714 4854 2729 4879 ,
2752 4813 2830 4867 sic
2858 4813 3243 4884 interpretare,
3269 4818 3327 4864 ut
3346 4825 3452 4865 non
3484 4811 3734 4864 absolute.
3756 4826 3859 4884 nec

2251 4882 2755 4957 genlureistitisse
2776 4926 2791 4950 ,
2817 4882 2907 4954 qui
2937 4884 3035 4936 has
3065 4883 3294 4957 virtutes
3310 4885 3721 4957 colerentante
3753 4882 3859 4957 Do-

2254 4952 2382 5013 mini
2412 4956 2700 5012 adventum
2726 4972 2740 5015 :
2786 4952 2908 5009 cunt
2939 4956 3270 5010 contrarium
3310 4953 3493 5017 Elius,
3527 4952 3759 5008 Elismus
3789 4955 3860 5009 de

2251 5030 2593 5100 virginitate,
2620 5028 2805 5083 Judith
2826 5037 2916 5100 ,et
2945 5029 3097 5080 Anna
3126 5025 3475 5100 Prophetissa
3496 5024 3568 5100 de
3596 5024 3858 5083 viduitate

2249 5096 2611 5157 convincam:
2646 5100 2738 5153 sed
2768 5098 3034 5153 indicatttr
3066 5098 3281 5153 easdem
3310 5096 3432 5150 illas
3459 5098 3687 5150 virtutes
3707 5139 3720 5159 ,
3754 5112 3857 5154 nec

2249 5172 2540 5228 admodum
2588 5171 2933 5242 frequentes,
2980 5184 3082 5225 nec
3127 5184 3320 5239 magno
3366 5167 3418 5222 in
3465 5169 3638 5236 pretio
3689 5166 3857 5226 fuisse

2250 5255 2376 5300 ante
2400 5243 2602 5299 Christi
2636 5254 2902 5312 tempora.

2321 5335 2348 5375 ιι
2383 5341 2515 5393 Ante
2539 5336 2732 5393 Christi
2761 5337 3035 5391 adventum
3057 5378 3070 5401 ,
3106 5336 3156 5391 in
3190 5335 3346 5389 Rom.
3384 5332 3515 5388 edit.
3547 5342 3854 5390 resecatam

2251 5420 2353 5466 CSI.

2327 5512 2350 5543 ο
2388 5501 2589 5557 Vestem
2632 5501 2878 5567 mutarit,
2907 5499 3187 5571 lugubrem
3233 5496 3523 5562 videlicet,
3555 5498 3857 5571 seu_vidui-

2253 5575 2394 5630 tatis.
2420 5574 2577 5642 Quod
2606 5585 2786 5629 autent
2813 5569 3229 5634 etiam‘dicitur,
3259 5586 3459 5623 comam
3485 5569 3710 5623 totuudit
3734 5611 3749 5633 ,
3775 5572 3856 5626 itt-

2252 5646 2435 5703 nuitur
2462 5662 2578 5699 tuos
2603 5650 2818 5716 priscos
2836 5643 3177 5699 orientalium
3202 5642 3501 5711 prmsertim
3530 5642 3851 5716 populorum

2251 5721 2341 5789 qui
2373 5720 2425 5774 in
2459 5713 2617 5773 luctu—
2633 5718 2851 5772 barbam
2886 5716 3192 5783 ponebant,
3224 5713 3850 5789 e_t-ittespromitlcbant.

2252 5784 2408 5857 Quod
2451 5805 2583 5845 vero
2613 5789 2988 5859 subjungitur,
3020 5802 3203 5859 rogum
3231 5784 3490 5859 deseruit,
3522 5799 3713 5859 rogus,
3749 5786 3854 5859 late

2257 5852 2490 5919 sumitur
2521 5879 2617 5934 pro
2650 5852 2878 5934 tumulo.
2902 5860 3035 5914 Nam
3065 5852 3301 5925 Hebraei,
3329 5856 3469 5917 sicut
3498 5864 3554 5917 et
3583 5852 3850 5933 Egyptii,

2255 5943 2501 5992 mortuos
2524 5932 2637 5991 non
2667 5932 2916 5989 urebant.
