4014 6468
71 394 232 453 3297

1074 387 1441 446 EXPOSITIO
1482 388 1740 446 EVANG.
1782 388 1935 447 SEC.
1976 388 2133 447 LUC.
2177 388 2306 445 LIB.
2348 388 2436 446 Ill.

3260 390 3399 448 1508

48 508 235 567 ilios
259 554 274 577 ,
303 510 581 583 generavit
608 509 873 581 geminos.
899 506 1055 564 Unde
1077 523 1184 563 non
1211 508 1387 563 otiose
1415 506 1699 563 Matthreus
1726 508 1775 572 Α
1802 507 1997 564 Oriens
2030 523 2225 565 nomen
2256 518 2340 564 est
2377 507 2510 564 mihi
2544 525 2556 562 :
2588 508 2740 578 cujus
2773 508 2826 564 in
2860 509 3185 581 patriarchis
3212 508 3404 581 primi-

48 615 396 679 strumque
422 606 688 677 signavit,
717 619 838 661 cum
868 603 1075 659 Phares
1123 601 1500 657 tantummodo
1541 616 1707 675 comi

54 704 544 759 riemorationem
594 715 758 756 causa
805 700 1128 771 deposceret
1174 716 1187 752 :
1234 697 1443 771 1321
1496 696 1694 753 Phares

45 797 236 851 enim
269 796 445 870 genuit
476 795 644 850 Esron
667 836 681 862 ,
710 793 880 848 Esron
910 793 1088 866 genuit
1115 792 1270 846 Aram
1294 789 1511 863 (Matth.
1537 790 1646 859 1,5)
1677 808 1691 847 :

46 885 291 945 leinde
321 905 418 958 per
443 888 690 944 ordinem
730 886 945 959 singuli.
980 886 1087 940 Cur
1117 894 1296 939 autem
1324 927 1338 952 ,
1382 900 1505 941 cum
1545 884 1695 940 Isaac

46 983 226 1042 luos
267 986 634 1055 generaverit,
663 983 829 1039 Jacoh
853 980 1059 1052 plures,
1088 981 1422 1052 singulorum
1457 989 1693 1037 tantum-

46 1084 254 1138 nodo
298 1097 438 1152 quos
472 1079 837 1136 successionis
878 1078 1172 1133 Dominicm
1201 1092 1362 1133 causa
1396 1076 1691 1147 poscebat,

45 1174 219 1232 iecit
268 1179 570 1248 Scriptum
619 1175 791 1231 series
842 1174 1211 1239 mentionem,
1270 1173 1460 1226 horum
1512 1182 1695 1255 auten!

45 1280 390 1344 utrumque
447 1269 794 1338 memoravit,
830 1269 931 1326 nisi
964 1270 1089 1341 quia
1119 1269 1207 1324 hic
1233 1269 1285 1323 in
1315 1276 1545 1339 utroque
1576 1283 1696 1340 my-

45 1371 327 1424 sterium
360 1369 482 1424 est?

151 1461 262 1519 ‘20.
286 1461 658 1518 Tractavimus
689 1459 945 1516 moralem
966 1457 1143 1513 locum
1167 1499 1181 1522 .
1214 1458 1339 1529 quia
1379 1473 1484 1514 non
1527 1471 1694 1531 opera

53 1556 405 1612 meretricis
437 1556 699 1621 exercuit,
731 1552 824 1609 sed
857 1567 1082 1607 munera
1111 1551 1457 1607 fecunditatis
1486 1551 1650 1622 elegit
1676 1567 1691 1606 :

56 1655 399 1703 tractemus
437 1648 786 1711 historicum,
816 1654 868 1701 et
900 1644 1188 1718 mysticum
1213 1643 1561 1699 ventilemus.
1588 1640 1693 1699 Ne-

56 1757 204 1809 que
232 1741 380 1796 enim
410 1742 528 1796 sine
562 1738 819 1813 mysterio
851 1748 1031 1809 potest
1054 1752 1177 1793 esse
1209 1736 1351 1809 quod
1390 1735 1646 1792 annulum
1674 1776 1693 1805 ,

51 1843 130 1888 et
169 1834 380 1888 monile
410 1832 642 1905 accepit,
677 1841 732 1887 et
760 1832 988 1902 virgam.
1015 1830 1130 1885 Non
1163 1829 1287 1884 vilis
1316 1844 1545 1900 persona
1574 1844 1694 1900 qua:

1799 609 1887 657 tus
1928 600 2110 655 radius
2155 600 2294 657 lucis
2348 601 2529 657 illuxit
2578 599 2795 671 (Zacclt.
2835 618 2921 673 vt,
2971 602 3084 671 l2).
3136 602 3199 658 ili
3250 601 3399 659 enim

1798 696 1955 765 primi
1987 697 2113 751 vitm
2144 712 2254 752 sum
2285 709 2467 753 actttm
2509 698 2561 754 in
2599 697 2704 756 hoc
2734 699 2936 756 smculo
2968 699 3351 771 pra‘miserunt
3380 734 3399 764 ,

1797 790 1849 845 in
1893 804 2120 861 quorum
2155 806 2315 846 manu
2350 791 2519 846 nostri
2550 806 2764 863 quoque
2791 802 2946 851 actus
2972 801 3242 863 tamquam
3285 790 3403 861 ple-

1797 882 1972 938 nioris
2003 886 2280 952 corporis,
2313 884 2402 953 qui
2435 883 2614 940 adhuc
2647 896 2852 940 natura:
2879 885 3110 957 quodam
3142 898 3403 957 generanc

1797 976 1863 1030 tis
1912 985 2067 1030 utero
2113 974 2470 1043 tenebamur,
2503 977 2672 1048 ﬁgura
2718 978 3015 1047 princessit.
3072 976 3180 1033 Sed
3222 974 3401 1032 media

1798 1080 2070 1140 tamquam
2098 1068 2245 1138 scpis
2270 1069 2485 1141 objecta
2514 1069 2673 1141 Legis
2703 1083 2785 1126 est
2815 1071 3146 1131 observatio.
3178 1078 3233 1125 et
3262 1084 3398 1141 quo-

1795 1164 2087 1221 dammodo
2134 1165 2240 1220 vita
2287 1165 2556 1234 majorum
2604 1166 2822 1222 videtur
2866 1166 3159 1232 incisa,de
3204 1181 3308 1238 qua
3343 1166 3402 1222 in

1796 1267 1925 1331 typo
1950 1260 2042 1315 illa
2074 1259 2363 1324 obstetrix,
2389 1257 2623 1315 fortasse
2648 1259 2879 1329 justitia,
2905 1276 3025 1332 quae
3048 1275 3148 1316 nos
3169 1260 3403 1317 emissos

1796 1353 1917 1408 alvo
1947 1361 2153 1407 natura:
2176 1352 2365 1408 matris
2386 1353 2624 1422 excepit,
2648 1352 2854 1408 dixisse
2884 1353 3159 1423 proditur:
3191 1353 3403 1429 1323

1798 1445 1902 1501 Hic
1943 1447 2076 1501 exiet
2118 1444 2281 1513 prior.
2327 1445 2395 1500 Et
2430 1461 2621 1501 revera
2662 1446 2928 1503 mirabilis
2977 1446 3065 1502 ille
3109 1456 3226 1502 erat
3268 1446 3405 1502 ordo

1797 1538 2034 1610 pietatis,
2076 1552 2183 1593 non
2234 1552 2261 1591 a
2312 1538 2518 1611 Moyse,
2544 1554 2644 1594 nec
2689 1540 2756 1593 ab
2795 1539 2976 1611 aliquo
3014 1538 3270 1608 homine,
3303 1551 3408 1595 nec

1800 1649 1895 1704 per
1930 1632 2232 1701 hominem,
2258 1632 2353 1687 sed
2377 1647 2602 1688 munere
2631 1630 2863 1705 quodam
2896 1630 3181 1703 sapientiae
3211 1638 3405 1702 sponte

1797 1740 1856 1780 se
1890 1725 2225 1780 infundentis
2255 1725 2576 1797 impressus.

1805 1857 1819 1872 .
1868 1822 1959 1879 25.
1983 1823 2160 1878 Prima
2187 1824 2344 1895 igitur
2361 1823 2643 1893 disciplina
2666 1823 2882 1895 pietatis
2903 1821 3203 1879 secundum
3222 1821 3403 1879 Evan-

52 1928 334 1974 merctur
359 1918 610 1991 accipere
632 1927 1040 1983 ornamentum,
1067 1916 1427 1986 signaculum,
1459 1925 1687 1986 potesta-
1728 1919 1775 1982 B
1801 1920 2030 1989 gelium;
2064 1917 2187 1986 quia
2232 1933 2327 1988 per
2363 1932 2580 1973 crucem
2608 1915 2637 1955 ι)
2665 1926 2719 1972 et
2761 1916 3079 1988 sanguinem
3125 1914 3405 1971 credimus

50 2023 197 2068 tem
235 2031 248 2066 :
284 2011 550 2067 factorum
596 2013 930 2082 signaculum
954 2053 969 2079 ,
996 2010 1234 2081 pectoris
1260 2017 1641 2065 ornamentum
1676 2051 1691 2077 ,

46 2106 255 2176 regiae
284 2105 560 2161 libertatis
586 2105 815 2175 insigne.
845 2104 985 2175 Ergo
1005 2103 1359 2158 utordiamur
1388 2101 1693 2167 historiam,

47 2215 210 2255 cum
255 2212 543 2271 generaret
574 2198 847 2266 Thamar,
879 2198 1051 2269 legisti
1097 2197 1221 2269 quia
1256 2211 1394 2250 unus
1420 2194 1490 2252 de
1540 2207 1694 2251 utero

48 2291 205 2360 ejus
249 2291 515 2363 praemisit
560 2307 803 2358 manum,
835 2305 994 2362 quam
1043 2290 1347 2359 corripiens
1392 2287 1688 2356 obstetrix,

47 2400 310 2441 coccum
337 2386 525 2456 ligavit
546 2383 735 2440 dicens
766 2401 780 2439 :
817 2382 919 2437 Hic
949 2384 1081 2438 exict
1114 2384 1255 2454 prior
1275 2380 1428 2454 (Gen.
1456 2396 1690 2449 xxxviii,

50 2477 201 2551 28).
234 2477 306 2535 Ut
337 2488 518 2534 autem
550 2494 771 2534 manum
802 2479 1079 2533 revocavit
1112 2493 1246 2545 puer
1272 2476 1325 2531 in
1360 2477 1551 2530 matris
1578 2487 1695 2531 ute-

53 2589 232 2637 rum,
264 2574 447 2628 statim
467 2573 633 2627 exivit
657 2573 827 2627 frater
848 2570 986 2641 ejus.
1018 2570 1159 2625 Dixit
1182 2580 1363 2624 autem
1391 2568 1654 2624 obstetrix
1678 2586 1691 2623 :

57 2666 230 2733 Quid
282 2667 449 2722 incisa
500 2675 571 2720 est
615 2682 706 2738 per
738 2676 787 2719 te
825 2665 1011 2736 sepis?
1033 2674 1080 2718 et
1115 2666 1311 2718 vocavit
1358 2679 1540 2716 nomen
1582 2665 1695 2736 ejus

63 2757 315 2812 Phares.
346 2756 414 2810 Et
435 2765 548 2827 post
565 2757 733 2826 ipsum
761 2755 915 2810 exivit
936 2756 1097 2822 frater
1126 2758 1265 2827 ejus,
1287 2755 1339 2807 in
1366 2757 1515 2826 cujus
1536 2769 1696 2806 manu

58 2858 195 2904 erat
224 2865 465 2913 coccum,
505 2859 551 2902 et
590 2848 786 2901 voravit
814 2862 998 2901 nomen
1030 2846 1139 2917 ejus
1181 2844 1375 2900 Zaram
1408 2841 1596 2917 (Ibid.,
1626 2842 1696 2900 29

59 2955 124 2999 et
170 2941 466 3015 50).Vitles
512 2949 710 3011 quanta
756 2941 1024 3010 enigmata
1066 2940 1384 3012 mysterium
1422 2938 1697 3009 prodant?

64 3036 281 3091 Manus
315 3035 595 3104 praemissa
615 3077 629 3101 ,
657 3048 879 3089 coccum
908 3034 1153 3105 ligatum,
1189 3032 1414 3089 reducta
1456 3047 1647 3088 manus
1678 3074 1694 3100 ,

64 3146 194 3184 vox
226 3127 540 3184 obstetricis
579 3127 817 3199 gemina,
849 3125 991 3198 quod
1026 3128 1175 3198 prior
1211 3126 1353 3182 alter
1382 3125 1583 3195 exiret,
1612 3141 1699 3183 se-

68 3240 215 3296 pem
250 3222 389 3278 alter
420 3222 704 3278 incideret.

1799 2011 2024 2075 Christi,
2056 2010 2213 2080 cujus
2243 2010 2513 2066 Abraham
2554 2009 2697 2065 diem
2758 2008 2931 2075 vidit,
2963 2018 3019 2065 et
3057 2008 3278 2079 gavisus
3316 2014 3407 2064 est

1798 2106 1979 2179 (Joan.
2017 2121 2131 2171 vin,
2161 2102 2255 2178 56)
2280 2124 2292 2160 :
2318 2104 2475 2175 cujus
2504 2103 2616 2159 Noe
2645 2104 2877 2175 gratiam
2912 2103 2964 2157 in
2993 2111 3121 2175 typo
3146 2100 3407 2157 Ecclesia:

1798 2201 2102 2272 ﬁguratam,
2134 2198 2363 2270 spiritali
2389 2198 2697 2270 cognitione
2718 2196 3004 2270 prmsensit
3030 2214 3042 2250 :
3070 2194 3229 2266 cujus
3256 2195 3408 2255 Isaac

1796 2295 1971 2353 vicem
2014 2297 2066 2350 in
2104 2293 2375 2349 Sacriﬁcio
2425 2309 2530 2348 non
2580 2290 2851 2347 recusavit
2896 2289 3054 2362 (Gen.
3092 2304 3229 2356 xxn,
3274 2288 3405 2359 10):

1796 2405 1957 2461 quem
1981 2386 2152 2444 Jacob
2170 2402 2291 2443 cum
2325 2386 2593 2455 vinceret,
2618 2383 2863 2439 adoravit
2891 2382 3044 2457 (Gen.
3070 2397 3242 2446 χχιιι,
3266 2380 3362 2451 Ξὸ)
3389 2398 3403 2435 :

1796 2484 1952 2550 cujus
1983 2480 2179 2536 Esaias
2210 2479 2465 2534 ruborem
2499 2476 2633 2532 vidit
2653 2476 3105 2532 vestimentorum
3136 2474 3285 2546 (nam
3320 2489 3411 2531 se-

1798 2575 2034 2631 cundum
2098 2572 2445 2645 Evangelium
2501 2571 2608 2626 vita
2658 2570 2819 2625 etiam
2864 2567 3251 2638 prophetarum
3293 2566 3401 2639 est)

1798 2668 1969 2743 (Esai.
2020 2684 2181 2731 ant,
2226 2668 2283 2740 2)
2338 2685 2352 2723 :
2402 2666 2455 2721 in
2505 2665 2659 2736 cujus
2708 2663 2975 2733 sanguine
3007 2665 3149 2716 inter
3192 2660 3407 2716 excidia

1799 2762 1984 2817 mundi
2037 2759 2267 2831 publica:
2305 2758 2540 2813 futurum
2582 2757 2773 2814 salutis
2825 2755 3033 2827 insigne
3077 2753 3267 2809 Rhaab
3318 2753 3410 2811 illa

1802 2870 1929 2932 typo
1960 2856 2215 2913 meretrix
2246 2855 2451 2925 (Josue,
2484 2870 2542 2919 ιι,
2571 2854 2625 2924 l)
2646 2895 2659 2918 ,
2694 2850 2956 2924 mysterio
2988 2848 3233 2906 Ecclesia
3270 2845 3408 2903 indi-

1800 2953 1941 3007 cavit
1971 2967 1984 3003 :
2017 2966 2137 3019 qua:
2168 2947 2462 3003 multorum
2496 2958 2859 3003 convenarum
2898 2941 3147 3014 copulam
3180 2955 3285 2996 non
3321 2954 3409 2995 re-

1801 3054 1974 3105 cusat.
1998 3053 2053 3098 et
2082 3057 2189 3114 quo
2216 3038 2559 3109 conjunctior
2589 3037 2861 3109 pluribus,
2893 3050 2961 3091 eo
2984 3033 3187 3090 castior
3214 3050 3228 3087 :
3260 3042 3283 3071 ο
3308 3032 3411 3088 im-

1802 3137 2067 3195 maculata
2108 3138 2282 3206 virgo,
2330 3132 2449 3188 sine
2494 3132 2646 3201 ruga,
2690 3128 2896 3200 pudore
2935 3127 3166 3199 integra,
3219 3138 3407 3181 amore

1800 3234 2035 3304 plebeia,
2060 3240 2206 3288 casta
2239 3227 2519 3293 meretrix,
2541 3226 2699 3281 vidua
2727 3223 2951 3291 sterilis,
2971 3223 3124 3294 virgo
3150 3220 3408 3277 fecunda.

157 3319 256 3373 2i.
285 3317 395 3373 Cur
433 3317 797 3379 autem.alter
826 3331 1043 3372 manum
1087 3316 1349 3388 przcmisit
1388 3332 1455 3372 ex
1504 3326 1692 3386 utero,

1806 3325 2074 3390 Meretrix,
2122 3324 2245 3395 quia
2287 3337 2315 3377 a
2364 3319 2607 3393 pluribus
2646 3316 2982 3373 amatoribus
3033 3315 3410 3388 frequentatur

71 3415 232 3470 alter
276 3412 492 3483 genitali
523 3412 803 3484 prtecessit
830 3420 1063 3476 exortu;
1097 3411 1200 3466 nisi
1239 3411 1359 3481 quia
1392 3426 1492 3481 per
1520 3406 1693 3480 gemi-

78 3523 292 3564 norum
337 3508 655 3578 mysterium
696 3507 907 3576 gemina
936 3506 1265 3563 describitur
1295 3516 1319 3543 α
1345 3507 1448 3560 vita
1476 3506 1699 3576 pepulo-

81 3618 216 3657 rum
241 3619 253 3655 :
283 3615 383 3654 una
411 3600 708 3655 secundum
735 3599 954 3671 Legem,
978 3601 1146 3656 altera
1175 3599 1470 3655 secundum
1506 3599 1695 3655 ﬁdem:

84 3711 205 3750 una
242 3691 541 3749 secundum
576 3694 847 3760 litteram,
879 3693 1049 3748 altera
1089 3692 1385 3749 secundum
1431 3693 1699 3764 gratiam?

89 3791 260 3846 Prior
293 3789 461 3859 gratia
494 3804 652 3859 quam
677 3787 788 3843 Lex
819 3806 832 3842 :
865 3788 1015 3859 prior
1045 3788 1179 3843 lidcs
1207 3804 1367 3860 quam
1399 3789 1599 3845 littera.
1639 3787 1703 3843 Et

94 3884 230 3939 ideo
271 3881 459 3951 gratia:
489 3892 650 3955 typus
691 3899 910 3938 manum
948 3894 1075 3938 ante
1107 3883 1394 3952 praemisit;
1428 3884 1548 3954 quia
1580 3899 1704 3953 gra-

91 3978 188 4031 tia:
221 3985 376 4030 actus
402 3983 528 4029 ante
568 3975 872 4046 prmcessit,
898 3975 991 4046 qui
1032 3974 1131 4029 fuit
1164 3976 1216 4029 in
1257 3973 1391 4037 Job,
1421 3974 1707 4030 Melchise-

93 4069 262 4131 tlech.
298 4068 595 4136 Abraham,
623 4067 803 4133 Isaac,
836 4077 891 4124 et
933 4068 1119 4134 Jacoh,
1151 4068 1239 4139 qui
1273 4083 1369 4139 per
1400 4066 1557 4121 ﬁdem
1587 4068 1707 4124 sine

94 4166 246 4235 Lege
272 4163 525 4217 vivebant
559 4181 572 4217 :
604 4161 837 4216 Credidit
864 4162 1008 4217 enim
1038 4162 1292 4215 Abraham
1314 4158 1448 4226 Deo,
1478 4170 1525 4214 et
1548 4177 1707 4228 repu-

97 4266 269 4312 tutum
302 4263 375 4309 est
415 4256 461 4308 ei
496 4253 564 4307 ad
594 4255 856 4327 justitiam
886 4251 1043 4320 (Gen.
1074 4268 1169 4318 xv,
1200 4250 1274 4323 6).
1314 4250 1708 4309 Melchisedech

100 4365 325 4424 quoque
377 4350 550 4404 sancti
604 4348 831 4422 gratiam
877 4346 1193 4417 praecedens
1234 4346 1484 4402 sacriﬁcii
1539 4347 1711 4418 ﬁgura

104 4440 432 4498 monstravit
455 4439 608 4512 (Gen.
635 4455 752 4508 xiv,
782 4440 872 4509 18)
894 4458 909 4503 ;
931 4440 1327 4511 przevcnicntcs
1344 4440 1487 4496 enim
1511 4439 1710 4512 Legem

104 4536 435 4609 patriarchae
467 4538 640 4589 sancti
662 4577 677 4603 ,
707 4535 1147 4607 przrscriptorum
1167 4534 1412 4590 vinculis
1437 4536 1669 4591 absoluti
1695 4576 1710 4604 ,

108 4631 277 4687 libera
308 4638 363 4685 et
389 4629 659 4685 consimili
687 4629 842 4684 nobis
864 4629 1143 4701 Evangelii
1164 4630 1337 4701 gratia
1361 4628 1708 4685 refulserunt.

177 4725 269 4779 22.
300 4723 490 4780 Junior
520 4723 711 4780 horum
746 4721 934 4789 frater,
961 4724 1234 4781 secundus
1289 4723 1423 4779 ortlo
1452 4724 1706 4794 pietatis;

109 4821 313 4893 primus
340 4819 484 4873 enim
519 4818 570 4873 in
606 4817 931 4890 patriarchis
956 4860 972 4888 ,
1006 4817 1278 4874 secundus
1317 4817 1369 4872 in
1413 4818 1632 4887 regibus
1656 4825 1711 4875 et

108 4912 484 4971 sacerdotibus
501 4922 602 4969 est.
633 4912 872 4985 Utraque
889 4913 1032 4969 enim
1052 4913 1163 4967 vita
1187 4911 1485 4967 sccundmn
1506 4911 1708 4979 Deum;

113 5013 233 5083 quia
275 5010 352 5066 illi
383 5024 602 5080 quoque
641 5008 732 5081 qui
764 5008 1059 5065 secundum
1091 5009 1264 5081 legem
1298 5008 1466 5081 Moysi
1495 5008 1709 5077 religio-

115 5121 225 5159 sam
252 5114 305 5160 et
334 5103 477 5175 piam
510 5103 754 5158 militiam
785 5103 1121 5172 militabant,
1151 5119 1256 5159 non
1284 5111 1411 5158 sunt
1437 5103 1626 5174 gratia:
1656 5112 1714 5161 et

121 5198 340 5253 honoris
374 5207 625 5252 exsortes
660 5214 672 5249 :
717 5196 810 5251 sed
839 5197 987 5266 prior
1016 5197 1233 5269 pietatis
1264 5197 1472 5252 fructus
1509 5198 1563 5253 in
1617 5214 1708 5254 auo

122 5293 344 5357 toribus,
390 5307 549 5363 quam
592 5290 644 5345 in
678 5291 1006 5347 heredibus.
1044 5281 1387 5349 Prior'cnim
1427 5292 1587 5360 Zara,
1618 5294 1709 5364 qui

121 5385 562 5457 interpretatione
603 5385 875 5454 signiﬁcat
914 5387 1137 5450 oriens;
1168 5387 1256 5442 lux
1298 5388 1444 5443 enim
1499 5388 1714 5458 pietatis

123 5480 229 5534 veri
267 5478 524 5550 splendor
560 5478 792 5533 orientis
835 5487 939 5543 est,
976 5479 1122 5534 illius
1164 5481 1349 5552 utique
1391 5480 1485 5553 qui
1529 5480 1712 5537 dixit:

128 5669 217 5789 Ra
253 5661 760 5791 Vitttznpopulorum.
809 5660 1068 5723 Ultimam
1120 5676 1310 5719 vocem
1376 5670 1720 5733 expuoxerat

176 5749 275 5790 om.
314 5752 343 5788 e
387 5752 400 5789 l
432 5776 444 5789 .

176 5749 275 5790 om.
314 5749 444 5790 emt.

194 5802 220 5842 δ
246 5805 400 5860 llum.
441 5805 599 5880 edit.,
624 5816 671 5861 et
696 5808 1009 5880 sanguinem
1028 5806 1287 5867 credimus
1308 5807 1635 5865 Christo.....
1662 5807 1719 5865 ιιι

133 5888 243 5947 typo
269 5894 405 5932 arcte
434 5878 734 5949 ﬁguratam,
758 5878 865 5939 etc.

201 5962 221 5990 υ
243 5951 376 6009 Cod.
411 5952 570 6008 Mich.
613 5961 668 6008 et
700 5953 855 6011 Colh.
888 5972 1022 6015 unus
1050 5998 1065 6025 ,
1098 5958 1402 6012 intemerata
1464 5954 1712 6031 genitrix.

1801 3439 1922 3480 cum
1948 3418 2252 3476 dilectionis
2282 3416 2563 3480 illecebra,
2590 3423 2644 3468 et
2672 3410 2791 3466 sine
2827 3409 3137 3466 colluvione
3173 3407 3358 3463 delicti
3391 3421 3409 3460 :

1804 3518 1908 3586 Qui
1924 3516 2066 3573 enim
2086 3514 2313 3570 all/iteret
2337 3509 2613 3575 meretrici,
2637 3523 2793 3561 unum
2816 3522 3003 3576 corpus
3026 3512 3099 3559 est
3122 3501 3163 3561 (Ι
3189 3500 3310 3556 Cor.
3330 3516 3409 3569 vt,

1804 3613 1911 3683 16).
1943 3610 2114 3665 Vidua
2160 3606 2395 3671 sterilis,
2429 3620 2550 3672 qua:
2576 3602 2693 3656 viro
2743 3614 2936 3671 parere
2975 3612 3082 3653 non
3122 3595 3268 3652 norit
3313 3595 3410 3648 ah-

1802 3714 1958 3762 sente
1982 3717 2012 3758 ιο
2028 3701 2173 3757 venit
2197 3699 2278 3754 vir
2298 3741 2315 3767 ,
2343 3705 2397 3753 et
2424 3696 2570 3751 hunc
2600 3692 2855 3764 populum
2887 3691 3211 3764 plebemque
3246 3701 3412 3757 gene-

1804 3798 1963 3855 ravit:
1998 3795 2162 3867 Virgo
2193 3790 2446 3856 lecunda,
2476 3804 2597 3858 qua:
2627 3787 2767 3841 hanc
2788 3785 2975 3854 genuit
3004 3777 3408 3838 multitudinem

1805 3906 1927 3945 cum
1955 3887 2129 3943 fructu
2153 3882 2378 3949 amoris,
2412 3882 2531 3937 sine
2560 3894 2662 3933 usu
2689 3876 2950 3932 libidinis.

1876 3984 1967 4038 24.
2013 3979 2120 4036 Sed
2160 3989 2219 4031 ut
2264 3975 2330 4031 ad
2368 3974 2650 4029 historiam
2691 3979 3031 4025 revertamur
3076 3984 3089 4021 :
3137 3963 3266 4037 quid
3308 3961 3413 4018 sibi

1807 4076 1998 4132 volunt
2023 4068 2331 4127 obstetricis
2362 4066 2574 4138 eloquia
2609 4062 2839 4118 dicentis
2872 4078 2884 4114 :
2917 4058 3018 4114 llic
3051 4057 3184 4112 exiet
3221 4056 3363 4126 prior
3394 4070 3413 4120 ;

1812 4171 1914 4226 nisi
1945 4168 2065 4238 quia
2094 4169 2214 4236 ejus
2246 4175 2433 4237 typum
2458 4162 2713 4234 gerebat,
2744 4159 2836 4229 qui
2865 4166 2990 4214 ortu
3035 4152 3282 4225 corporis
3314 4165 3416 4220 po-

1811 4263 2029 4322 sterior,
2060 4259 2257 4315 virtute
2283 4266 2338 4313 et
2364 4253 2592 4311 veritate
2622 4253 2828 4324 primus
2857 4248 3121 4312 existens,
3146 4243 3417 4316 principa-

1812 4366 1927 4413 tum
1955 4354 2062 4411 sibi
2089 4352 2329 4411 omnium
2350 4347 2683 4406 vindicavit?
2715 4345 2844 4402 lude
2885 4351 2941 4399 et
2984 4341 3224 4398 Joannes
3251 4354 3264 4392 :
3290 4335 3420 4392 Post

1812 4469 1893 4507 me
1920 4450 2054 4508 venit
2078 4449 2180 4517 uir,
2205 4448 2294 4520 qui
2323 4456 2442 4501 ante
2461 4460 2541 4501 me
2569 4447 2737 4516 factus
2764 4450 2838 4497 est
2862 4436 3043 4506 (1mm.
3071 4452 3109 4501 ι,
3146 4434 3257 4504 l7).
3281 4428 3420 4500 Quid

1814 4545 1917 4603 sibi
1943 4544 2051 4600 vult
2080 4540 2223 4615 quod
2252 4554 2475 4596 coccum
2506 4538 2560 4594 in
2589 4550 2754 4593 manu
2782 4533 2900 4605 ejus
2925 4529 3130 4603 ligavit,
3161 4526 3266 4583 nisi
3292 4524 3419 4597 quia

1818 4649 1976 4711 typus
2002 4636 2119 4708 ejus
2146 4642 2295 4700 erat,
2326 4632 2415 4703 qui
2443 4627 2468 4667 ά
2509 4628 2691 4685 crucis
2723 4626 2926 4683 indicio
2958 4630 3167 4690 sua',et
3194 4616 3417 4690 sangui-

1736 4711 1902 4789 Dnis
1956 4728 2221 4786 eﬁ‘usione
2269 4736 2448 4783 actum
2496 4722 2791 4782 illustravit
2832 4717 3184 4777 humanum?
3234 4715 3423 4784 Itaque

1818 4834 2170 4897 posteaquam
2217 4834 2435 4875 manum
2484 4816 2741 4882 reduxit,
2778 4812 2932 4885 quasi
2974 4810 3239 4867 incisione
3279 4805 3424 4865 facta

1819 4917 1987 4987 scpis,
2018 4915 2185 4971 exivit
2208 4910 2378 4968 frater
2414 4910 2531 4981 ejus
2557 4950 2573 4975 ,
2601 4922 2763 4983 quem
2792 4904 2946 4977 quasi
2977 4901 3216 4958 medium
3246 4897 3422 4967 parie-

1820 5018 1926 5065 tem
1951 5006 2095 5077 scpis
2109 5006 2189 5061 vel
2214 5003 2464 5059 maceria:
2485 4999 2781 5071 Apostolus
2805 4990 3336 5065 nominavit(Epltes.
3358 5003 3425 5057 tt,

1822 5103 1934 5177 14),
1963 5114 2124 5174 atque
2160 5102 2276 5173 ipsc
2314 5099 2383 5156 de
2424 5097 2687 5154 incisione
2714 5108 2913 5149 nomen
2942 5088 3188 5160 accepit;
3220 5086 3425 5142 Phares

1808 5203 1957 5257 enim
2002 5198 2197 5255 divisio
2236 5205 2321 5253 est
2364 5211 2377 5248 :
2425 5190 2579 5249 unde.
2606 5196 2662 5245 et
2701 5185 2960 5244 Phariszci
3011 5179 3325 5251 nuncupati,
3356 5190 3425 5232 eo

1817 5295 1957 5369 quod
2010 5311 2037 5349 a
2086 5292 2381 5348 multorum
2440 5304 2499 5343 se
2552 5280 3029 5354 conjunctionilms
3078 5278 3423 5369 separarent.

1820 5362 2039 5444 Eeatius
2061 5399 2240 5443 autem
2269 5392 2326 5440 et
2356 5382 2528 5438 multo
2554 5378 2750 5434 melius
2778 5374 2970 5429 fuisset
2997 5385 3105 5425 non
3144 5362 3312 5421 incidi
3341 5377 3431 5417 sc-

1822 5498 1967 5554 pem,
2000 5480 2097 5537 sed
2137 5494 2300 5536 unam
2348 5473 2595 5533 eamdem
2646 5480 2702 5527 et
2743 5466 3030 5525 iudivisam
3076 5468 3425 5533 permanere.

1827 5664 1892 5719 Et
1919 5670 2041 5734 post
2063 5662 2162 5718 tria
2186 5661 2350 5718 verba
2377 5660 2470 5716 ubi
2494 5658 2628 5734 edit.
2659 5669 2832 5734 amore
2858 5650 3076 5734 repleta,
3108 5642 3432 5734 partc'i‘Lrnss.

1823 5712 1997 5791 amore
2040 5735 2238 5806 plebeio
2279 5742 2449 5798 casta,
2491 5731 2653 5806 longe
2692 5712 2948 5806 plurimi,
2978 5712 3433 5806 amore‘piﬁb‘ejp‘,

2434 5782 2716 5864 ini-{ﬁsa
2736 5805 2899 5873 atque
2920 5782 3104 5849 amore
3126 5782 3432 5858 popularis,

1824 5882 2099 5954 quodnon
2129 5870 2268 5934 male
2292 5886 2513 5954 aptatur
2537 5870 2821 5954 Ecclesiae.

1895 5950 1921 5990 ἀ
1944 5952 2075 6012 Mss.
2102 5944 2374 6019 nonnulli,
2408 5947 2576 6003 crucis
2598 5944 2852 6004 incisione
2877 5952 3004 5994 sum.
