4014 6488
69 377 188 435 601

1037 367 1400 428 ΕΧΡΟδΙΗΟ
1443 369 1697 427 [ΝΛΜ.
1743 367 1893 429 SEC.
1935 369 2090 428 LUC.
2135 370 2266 428 LIB.
2309 369 2396 427 ΙΙΙ.

3236 377 3376 434 iﬁlli

59 510 271 548 ursum
331 505 404 549 est
454 492 781 550 Hierusalem
812 531 829 560 ,
889 490 1050 546 libera
1106 499 1182 545 est
1237 490 1255 560 (
1288 488 1431 545 Ibid.
1458 530 1471 555 ,
1529 489 1599 544 26
1631 489 1671 559 ).
1703 497 1756 556 Α
1784 488 1996 544 Domini
2029 490 2197 560 figura
2229 493 2526 559 praecessit.
2563 490 2712 547 Hanc
2741 492 2905 564 igitur
2930 493 3286 560 aztnulemur;
3321 503 3380 548 ut

124 587 225 643 ‘29.
259 585 345 642 Ad
389 586 534 641 illam
568 585 730 656 igitur
763 598 926 654 quam
971 585 1187 640 medius
1224 583 1403 655 paries
1429 581 1674 638 incidere

53 692 109 735 :t
139 680 396 737 dividere
423 695 530 736 non
560 679 754 750 potuit,
788 677 984 732 mentis
1007 677 1339 732 sublimitate
1362 674 1674 731 tendamus.

53 778 300 834 Solutus
327 787 411 832 est
441 776 587 832 enim
617 773 920 830 secundum
964 772 1303 830 intellectum
1335 768 1676 841 corporalem

64 871 153 926 lle
200 869 386 941 paries
413 867 615 924 veteris
643 863 981 923 Testamenti
1025 881 1039 919 ε
1069 865 1296 936 expulsa
1327 871 1413 919 est
1455 861 1675 928 ancilla,

54 974 288 1019 .cnetur
333 962 526 1018 libera.
573 961 652 1016 Ex
704 960 878 1016 libera
922 973 1110 1014 sumus
1149 956 1337 1022 liberi;
1381 954 1552 1012 libera
1596 963 1682 1011 est

53 1055 214 1110 enim
239 1055 508 1120 Ecclesia,
535 1051 760 1124 expulsa
792 1061 875 1106 est
903 1051 1207 1122 Synagoga.
1233 1047 1515 1105 Serviebat
1535 1047 1678 1102 enim

53 1149 312 1220 populus
338 1149 654 1205 .Iudaaorum
683 1188 698 1215 ,
727 1155 997 1203 remotum
1040 1155 1124 1202 est
1151 1145 1432 1201 servitutis
1466 1143 1679 1215 jugum,

54 1244 219 1314 quod
262 1252 469 1300 nostra:
507 1243 703 1298 anima:
743 1240 989 1312 quaedam
1033 1238 1168 1294 colla
1213 1236 1583 1308 reprimebat;
1615 1251 1686 1293 ne

1778 585 1900 654 quia
1929 583 2043 640 [nec
2079 585 2322 641 moribus
2351 585 2490 642 hanc
2535 589 2941 657 praerogativam
2977 591 3176 646 meruit
3203 588 3381 644 adsci-

1779 675 1992 731 srenda!
2007 677 2288 733 societatis
2305 694 2439 744 suae,
2469 679 2611 734 sicut
2638 679 2860 737 historia
2887 681 3048 738 docet
3075 699 3087 735 :
3120 697 3219 737 nos
3245 696 3382 753 quo-

1778 785 1883 841 que
1927 781 2150 842 propter
2199 787 2412 828 murum
2461 772 2785 829 electionem
2835 774 2888 830 in
2937 775 3236 831 Ecclesium
3277 773 3384 830 Do-

1780 864 1935 930 mini,
1966 863 2174 919 meritis
2201 864 2646 936 suffragantibus,
2675 867 2993 939 allegemur.

1854 957 1944 1012 5|.
1991 957 2202 1011 Etenim
2229 972 2350 1012 cum
2385 958 2661 1014 Israelitas
2692 960 2747 1016 in
2787 962 2979 1018 diebus
3006 961 3258 1019 iudicum
3287 977 3383 1018 su-

1782 1050 2088 1122 perioribus
2124 1049 2297 1107 fames
2337 1053 2674 1122 temporibus
2703 1067 2959 1126 urgeret,
2999 1073 3027 1110 a
3061 1056 3382 1113 Bethlehem

1784 1143 2003 1199 civitate
2028 1143 2254 1211 iudicas,
2289 1143 2342 1199 in
2376 1161 2480 1217 qua
2512 1157 2668 1204 natus
2699 1158 2784 1205 est
2805 1147 3090 1216 Christus,
3120 1151 3254 1208 abiit
3303 1152 3386 1208 vir

1786 1239 1968 1294 colere
1999 1239 2053 1293 in
2085 1253 2215 1310 agro
2242 1238 2396 1295 Moab
2419 1256 2542 1296 cum
2577 1257 2747 1297 uxore
2773 1255 2826 1299 et
2857 1243 3070 1300 duobus
3096 1245 3246 1313 filiis,
3276 1245 3389 1302 Eli-

1788 1334 1999 1389 melech
2033 1335 2150 1389 viro
2182 1350 2403 1400 nomen,
2439 1337 2652 1392 mulieri
2681 1336 2894 1394 Noemi.
2929 1337 3050 1394 Filii
3084 1339 3200 1410 ejus
3232 1355 3388 1397 acce-

1791 1437 1988 1498 perunt
2018 1426 2119 1481 sibi
2145 1443 2347 1484 uxores
2373 1427 2692 1485 Moabitidas
2711 1471 2725 1496 ,
2756 1445 2952 1486 nomen
2989 1431 3077 1486 uni
3104 1432 3308 1502 Orpha,
3337 1439 3393 1488 et

1794 1535 1990 1575 nomen
2021 1519 2275 1576 secunda:
2309 1520 2451 1576 Ruth
2493 1538 2507 1575 :
2540 1530 2593 1576 et
2625 1521 3072 1577 inhabitaveruut
3101 1523 3212 1578 illic
3237 1523 3392 1592 quasi

1793 1611 1981 1666 decem
2017 1611 2196 1679 annis,
2231 1621 2286 1668 et
2313 1612 2515 1668 mortui
2547 1623 2690 1668 sunt.
2729 1613 2835 1669 Sed
2869 1613 3132 1671 derelicta
3155 1615 3353 1671 mulier
3375 1657 3391 1683 ,

53 1339 218 1392 ultra
257 1339 526 1409 parietem
559 1338 681 1391 vitae
712 1335 910 1407 prioris
954 1348 1238 1404 possemus
1263 1332 1533 1403 aspicere.
1578 1330 1686 1386 lla-

53 1432 276 1488 bemus
301 1432 492 1502 jugum
523 1431 721 1486 b0num
750 1444 814 1483 ac
835 1429 974 1493 leve,
1004 1426 1148 1498 quod
1178 1425 1407 1483 habenis
1437 1426 1605 1497 pacis,
1632 1432 1690 1481 et

54 1526 274 1594 gratiae
315 1524 546 1579 vinculis
571 1524 740 1594 magis
767 1521 960 1592 erigal,
985 1537 1146 1593 quam
1178 1521 1444 1591 deprimat
1468 1520 1692 1590 copula-

61 1626 190 1672 tus.
225 1617 327 1673 Hic
353 1626 436 1674 est
466 1616 744 1680 Dominus,
774 1616 930 1686 cujus
960 1615 1013 1670 in
1043 1614 1178 1669 Zara
1208 1623 1370 1684 typus
1398 1622 1526 1668 ante
1555 1628 1693 1682 pra:-

65 1714 253 1769 ccssit
278 1731 294 1780 ;
323 1729 389 1769 eo
431 1711 574 1784 quod
607 1727 672 1768 ex
716 1710 855 1766 tribu
898 1719 953 1766 et
991 1725 1060 1764 ex
1106 1709 1316 1764 semine
1363 1706 1509 1763 illius
1539 1705 1692 1762 Zaras
1795 1702 2005 1759 duobus
2037 1703 2163 1759 filiis
2188 1714 2244 1759 et
2270 1704 2386 1760 viro
2419 1706 2639 1776 proprio
2670 1705 2928 1762 destituta
2949 1749 2963 1773 ,
3000 1709 3220 1778 cognito
3248 1708 3395 1780 quod

71 1807 354 1863 Dominus
381 1807 538 1864 Jesus
581 1806 881 1862 secundmn
922 1818 1144 1859 carnem
1175 1818 1284 1858 non
1324 1801 1499 1857 solum
1541 1817 1573 1855 a
1613 1800 1693 1856 fe-
1801 1797 1948 1852 Dens
1977 1798 2225 1856 visitaret
2252 1798 2448 1868 Israel,
2477 1801 2689 1872 regredi
2732 1803 2949 1858 domum
2980 1819 3198 1873 parans,
3231 1804 3400 1876 coepit

69 1908 255 1970 mina,
283 1903 378 1959 sed
404 1904 564 1960 etiam
596 1902 697 1957 sub
728 1901 872 1972 Lege
902 1906 1195 1971 generatus
1227 1907 1352 1964 est;
1383 1907 1439 1952 nt
1480 1911 1576 1953 eos
1602 1896 1693 1968 qui
1725 1923 1774 1984 Β
1799 1891 2028 1947 suadere
2056 1903 2114 1948 ut
2140 1894 2358 1949 domum
2389 1897 2660 1966 propriam
2690 1906 3002 1968 repeterent
3027 1915 3226 1954 uxores
3254 1901 3397 1955 tilio-

65 2002 187 2056 suh
218 2000 366 2071 Lege
407 2007 595 2065 erant,
625 1998 919 2054 redimeret
944 1998 1118 2066 pretio
1147 1993 1428 2067 sanguinis
1454 1993 1561 2048 sui.
1586 1992 1694 2048 Cu-
1801 2003 1920 2044 rum
1955 2003 2197 2045 suorum.
2225 1989 2342 2046 Una
2370 1992 2646 2047 concessit
2675 2009 2690 2046 :
2720 1992 2862 2048 ltuth
2913 2009 3042 2049 vero
3081 2009 3202 2049 cum
3237 2011 3400 2052 socru

61 2093 174 2164 jus
215 2094 387 2166 figura
429 2093 552 2149 ideo
589 2093 643 2148 in
696 2107 860 2148 manu
907 2091 1052 2146 illius
1093 2089 1244 2144 Zarat
1296 2087 1572 2159 pra-cessit
1598 2102 1614 2153 ;
1645 2095 1704 2141 ut
1801 2083 2023 2138 mansit.
2052 2083 2152 2139 Cui
2175 2101 2298 2140 cum
2330 2085 2536 2141 diceret
2565 2101 2754 2141 socrus
2783 2105 2795 2140 :
2825 2085 2955 2142 Ecce
2975 2091 3090 2159 jam
3112 2104 3405 2158 consponsa

67 2186 436 2257 prornitteret
454 2185 610 2241 nobis
633 2185 759 2257 quia
783 2193 1041 2240 venturus
1062 2189 1215 2247 erat,
1241 2179 1333 2252 qui
1359 2180 1555 2235 veteris
1578 2179 1702 2233 vita:
1807 2187 1897 2230 tua
1922 2175 1990 2230 ad
2019 2178 2267 2248 populant
2306 2195 2455 2234 suum
2485 2194 2716 2251 regressa
2748 2189 2852 2245 est,
2885 2189 2934 2235 et
2980 2181 3048 2233 ad
3079 2182 3200 2236 deos
3228 2197 3349 2236 suos
3382 2198 3402 2235 :

68 2290 386 2336 revocaret
417 2294 596 2347 usum,
627 2289 681 2335 et
709 2278 1016 2334 libertatem
1047 2291 1210 2348 quam
1241 2276 1500 2332 tribuerat
1528 2279 1704 2344 primo
1805 2279 1849 2324 el
1879 2281 1932 2324 tu
1960 2279 2208 2325 revertere
2241 2272 2434 2342 pariter
2469 2289 2586 2327 cum
2628 2289 2912 2345 consponsa
2958 2284 3044 2327 tua
3065 2314 3080 2341 ,
3125 2271 3396 2342 respondit

69 2374 165 2429 illi
193 2373 347 2442 Adae,
376 2373 432 2428 in
464 2372 636 2429 Adam
665 2373 964 2427 novissimo
993 2370 1359 2436 reformaret;
1395 2376 1452 2424 ut
1475 2368 1586 2439 jam
1611 2383 1705 2439 ge-
1808 2363 1948 2418 Ruth
1982 2381 2000 2420 :
2035 2364 2158 2420 Non
2181 2368 2444 2440 contingat
2471 2368 2597 2421 mihi
2619 2368 2872 2424 dimittere
2903 2378 2951 2424 te
2973 2409 2988 2435 ,
3022 2379 3068 2422 et
3095 2379 3116 2408 ο
3141 2368 3310 2424 redire
3337 2365 3409 2422 ad

73 2483 196 2523 nus
227 2467 510 2522 hominum
541 2464 659 2521 sine
690 2466 806 2536 lege
829 2463 902 2519 sit
923 2463 1222 2518 servitutis.
1809 2460 1931 2513 deos
1963 2475 2137 2528 meos;
2165 2462 2287 2529 quia
2317 2478 2636 2533 quocumque
2666 2473 2719 2517 tu
2741 2464 2884 2528 ieris,
2907 2463 2991 2517 ibo
3015 2473 3210 2528 tecum,
3239 2473 3285 2517 et
3321 2463 3411 2517 ubi

164 2563 258 2619 50.
297 2571 323 2600 ει
350 2561 408 2619 Si
453 2561 620 2633 igitur
646 2560 885 2616 Thamar
924 2557 1278 2630 cognovimus
1320 2565 1546 2629 propter
1593 2571 1708 2627 ηις·
1810 2561 1864 2606 tu
1891 2553 2222 2620 habitaveris,
2245 2553 2508 2609 habitabo.
2539 2554 2775 2626 Pupulus
2808 2567 2944 2620 tuus,
2975 2556 3199 2628 populus
3225 2573 3367 2610 meus
3391 2571 3412 2611 :

75 2658 322 2713 sterium
367 2657 510 2712 inter
548 2655 859 2710 llominicas
905 2653 1290 2726 generationes
1336 2668 1459 2708 esse
1498 2651 1707 2707 descri-
1811 2644 1953 2701 Deus
1976 2657 2115 2715 tuus,
2153 2646 2290 2702 Deus
2318 2664 2482 2703 meus.
2511 2646 2581 2702 Et
2615 2648 2700 2702 ubi
2721 2663 2925 2704 utortua
2954 2650 3136 2719 fueris,
3169 2651 3364 2703 moriar
3394 2664 3415 2704 :

80 2760 246 2822 plain
277 2766 292 2800 :
321 2747 466 2804 Ruth
489 2763 705 2819 quoque
727 2749 846 2802 sine
882 2745 1048 2801 dubio
1081 2747 1197 2813 pari
1243 2743 1457 2800 ratione
1486 2745 1712 2800 minime
1813 2751 1860 2796 et
1892 2742 1978 2794 ubi
2008 2741 2210 2809 sepulta
2260 2741 2422 2810 {ueris
2447 2783 2461 2810 ,
2492 2743 2714 2813 sepeliar
2745 2742 2932 2813 (Rutlt.
2969 2759 3016 2808 ι,
3054 2741 3140 2807 15,
3176 2741 3282 2813 17).
3320 2743 3418 2798 At-

81 2841 531 2914 praetermissam
573 2840 847 2905 aestimare
883 2840 1146 2896 debemus
1176 2856 1190 2893 :
1220 2838 1289 2894 de
1337 2855 1439 2910 qua
1476 2841 1714 2894 sensisse
1815 2847 1920 2902 Que
1948 2833 2021 2887 ita
2046 2833 2167 2888 dua:
2201 2846 2564 2904 pervenerunt
2587 2834 2930 2892 Bethlehem.
2965 2835 3076 2892 flos
3099 2837 3261 2908 igitur
3296 2851 3417 2893 mo-

85 2935 320 2991 videtur
345 2934 645 3005 Apostolus
672 2943 916 3001 sanctus,
951 2948 1074 2989 cum
1098 2932 1522 3004 alienigenarum
1555 2945 1717 2993 voca-
1817 2941 1928 2992 res,
1959 2935 2119 2995 atque
2142 2925 2168 2964 ἀ
2199 2927 2339 2982 hanc
2369 2928 2712 2984 sanctitatem
2741 2946 2866 3003 erga
2891 2946 3128 3000 socrum,
3158 2933 3416 3002 pietatem

87 3032 312 3085 tionem
345 3029 587 3100 gentium
623 3026 820 3099 Spiritu
859 3026 1183 3098 praevideret
1231 3040 1328 3096 per
1364 3024 1715 3096 Evangelium
1820 3034 1947 3089 erga
1975 3019 2316 3087 defunctum,
2350 3020 2668 3092 religionem
2699 3039 2825 3095 erga
2871 3025 3037 3080 Demn
3066 3041 3188 3082 cum
3216 3042 3421 3099 cogno-

87 3137 227 3180 esse
272 3120 676 3185 celebrandum,
717 3120 903 3175 dicens
947 3119 1090 3191 quod
1141 3119 1249 3176 Lex
1292 3133 1400 3174 non
1446 3122 1518 3174 sit
1557 3117 1719 3188 justis
1821 3114 1988 3169 visset
2017 3114 2160 3169 Booz
2191 3130 2424 3186 proavus
2457 3115 2622 3172 David
2653 3117 2840 3187 (Ruth.
2881 3135 2954 3185 tv,
2990 3122 3114 3191 15),
3148 3121 3312 3192 juxta
3344 3123 3422 3178 lc-

90 3216 309 3287 posila,
357 3214 451 3272 sed
505 3215 720 3286 injustis
749 3214 792 3288 (l
839 3213 976 3270 Tim.
1025 3231 1061 3280 ι,
1110 3213 1187 3285 9).
1247 3213 1531 3282 Quomodo
1571 3213 1717 3267 enim
1822 3224 1943 3279 gem
1977 3209 2182 3281 Moysi,
2217 3219 2276 3264 ut
2320 3226 2505 3265 semen
2537 3211 2775 3268 defuncti
2820 3214 3048 3284 proximi
3090 3217 3419 3285 suscitaret,

91 3311 256 3366 Ruth
284 3351 299 3376 ,
327 3325 450 3365 cum
479 3317 626 3366 esset
652 3308 955 3379 alienigena
978 3351 992 3376 ,
1022 3307 1212 3364 Iudico
1243 3309 1472 3379 nupsit?
1503 3307 1572 3362 Et
1612 3322 1714 3377 qua
1743 3319 1789 3382 (ζ
1821 3318 1940 3359 eam
1965 3303 2068 3359 sibi
2099 3305 2262 3374 elegit
2287 3320 2530 3361 uxorem.

95 3403 323 3461 ratione
363 3402 415 3456 in
456 3401 658 3458 Christi
687 3401 1042 3472 generatione
1085 3401 1201 3472 ejus
1242 3403 1450 3472 putavit
1484 3415 1718 3471 evangco
1897 3399 1988 3453 3:2.
2033 3397 2222 3454 Refert
2250 3408 2430 3456 autem
2461 3401 2748 3458 advertere
2776 3403 2916 3474 quod
2946 3413 3001 3460 et
3029 3405 3078 3459 in
3103 3421 3236 3479 agro
3261 3405 3427 3475 pleno

94 3500 234 3557 lista
261 3498 472 3569 ecpula:
499 3497 1078 3559 commemorationem
1118 3511 1242 3551 esse
1278 3496 1490 3570 1325
1519 3497 1721 3551 facien-
1823 3493 2014 3548 messis
2046 3503 2282 3564 reperta,
2310 3495 2639 3566 manipulos,
2671 3497 2809 3552 sicut
2833 3497 3097 3570 scriptum
3121 3511 3202 3556 est
3231 3498 3422 3573 (Ruth.

98 3594 262 3660 dam,
291 3607 412 3664 qua:
443 3590 603 3662 Legis
639 3591 781 3647 serie
811 3589 1134 3646 vetabatur?
1166 3587 1194 3627 ι)
1222 3587 1339 3645 Non
1387 3604 1516 3660 ergo
1545 3603 1612 3645 ex
1646 3589 1722 3644 le-
1824 3608 1890 3658 ιι,
1918 3591 2034 3666 l7),
2065 3594 2352 3666 colligens,
2384 3605 2438 3652 et
2465 3598 2644 3652 socrui
2669 3596 2878 3655 fructus
2901 3613 3206 3664 reservans,
3232 3608 3424 3655 etnon

99 3691 301 3763 gitima
332 3689 584 3747 Salvator
611 3689 964 3761 generatione
989 3688 1226 3744 manavit
1259 3688 1438 3759 (Deut.
1462 3685 1720 3758 xxurﬁ)?
1826 3697 1948 3756 post
1974 3686 2229 3754 juvenem
2255 3689 2423 3757 abiit,
2453 3689 2549 3746 sed
2575 3691 2747 3746 virum
2780 3691 3077 3762 perfectum
3102 3700 3286 3748 secuta
3317 3700 3424 3760 est,

107 3783 348 3839 Videtur
373 3797 497 3838 esse
535 3781 782 3838 deforme
807 3823 824 3850 ,
853 3782 957 3837 nisi
997 3781 1063 3836 ad
1091 3781 1461 3851 AllOalOllcalll
1495 3789 1721 3836 sentcn-
1833 3779 2046 3852 1326
2076 3781 2218 3837 unde
2242 3790 2297 3837 et
2329 3783 2526 3838 meruit
2567 3783 2756 3840 audire
2791 3802 2803 3837 :
2837 3783 2969 3851 Quia
2997 3785 3181 3839 mulier
3224 3785 3428 3841 virtutis

111 3881 252 3936 tiam
283 3878 593 3940 revertaris,
619 3878 739 3949 quia
757 3878 840 3932 (ea:
869 3893 972 3932 non
997 3886 1070 3931 est
1090 3877 1249 3947 justis
1278 3877 1446 3946 posita
1473 3917 1487 3942 ,
1520 3877 1609 3930 sed
1642 3876 1726 3929 in-
1828 3891 1880 3930 es
1912 3886 2001 3942 tu;
2033 3878 2109 3931 vel
2139 3879 2261 3947 quia
2287 3877 2411 3931 bene
2433 3878 2606 3948 fecisti
2635 3878 3040 3933 misericordiam
3083 3890 3224 3933 tuam
3253 3881 3429 3936 novis-

100 3973 298 4049 justis.
328 3971 456 4026 lltcc
477 3973 623 4027 enim
653 3986 772 4026 cum
803 3970 876 4024 sit
913 3969 1184 4040 alinigcna
1204 3979 1259 4024 et
1286 3968 1531 4024 Moabilis
1563 3967 1727 4040 (prae-
1830 3967 2055 4034 simam,
2103 3970 2220 4038 plus
2258 3986 2411 4040 quam
2443 3971 2661 4039 primum
2691 3969 2878 4040 (Ruth.
2907 3986 2968 4026 ιιι
2988 4013 3001 4036 ,
3039 3972 3154 4038 10).
3186 3971 3433 4028 Novissi-

112 4070 312 4126 sertim
342 4082 465 4123 cum
505 4066 589 4121 lex
618 4066 790 4137 Moysi
831 4063 1144 4135 prohiberet
1176 4062 1273 4118 has
1301 4062 1539 4132 nuptias,
1586 4062 1727 4116 Moa-
1833 4074 1919 4113 ma
1971 4058 2112 4114 enim
2172 4061 2541 4116 misericordia
2580 4061 2844 4118 Ecclesiae
2871 4073 3212 4134 congregatae
3238 4074 3260 4101 α
3295 4079 3432 4135 pra:-

117 4163 374 4231 bitasque
413 4157 732 4214 excluderet
765 4157 832 4212 ab
866 4156 1146 4221 Ecclesia;
1175 4155 1254 4210 sic
1290 4154 1436 4210 enim
1467 4155 1730 4224 scriptum
1836 4164 1943 4209 stat
1981 4155 2166 4224 priori.
2200 4156 2355 4224 Quod
2389 4157 2609 4212 brevius
2639 4157 2728 4212 hic
2760 4157 3027 4226 dicimus,
3061 4158 3186 4229 quia
3222 4157 3436 4230 plenius

120 4250 422 4326 est(1bid.)
441 4269 453 4305 :
472 4248 1196 4305 Moabitaznonintroibuntin
1215 4247 1504 4302 Ecclesiam
1522 4247 1734 4304 Domini
1838 4247 1892 4302 in
1925 4247 2077 4302 libris
2104 4247 2434 4319 digessimus
2465 4266 2600 4321 quos
2632 4249 2700 4306 de
2727 4249 2859 4305 Fide
2886 4251 3077 4321 scripsi
3105 4250 3254 4321 (Lib.
3284 4266 3342 4307 ιιι
3371 4249 3436 4308 de

125 4346 382 4418 usquead
405 4345 613 4398 tertiam
637 4351 684 4399 et
710 4353 948 4414 quartam
977 4341 1355 4415 generationem
1382 4381 1397 4407 ,
1429 4351 1475 4395 et
1507 4357 1662 4411 usque
1681 4341 1735 4395 in
1839 4338 1945 4408 [ide
1972 4340 2040 4394 ad
2079 4337 2342 4408 Gratiam,
2384 4359 2429 4396 c.
2465 4343 2545 4414 5).
2600 4343 3072 4415 ApprOpinquavit
3112 4351 3295 4400 autem
3343 4345 3435 4416 qui

129 4438 403 4512 siccatum)
431 4436 708 4510 quomodo
739 4434 966 4491 intravit
1003 4433 1058 4488 in
1095 4432 1395 4488 Ecclesium
1421 4472 1439 4499 ,
1472 4433 1574 4488 nisi
1613 4433 1737 4504 quia
1843 4431 2003 4503 longe
2033 4444 2183 4500 erat;
2219 4434 2342 4506 quia
2367 4435 2753 4508 elongavitqui
2780 4435 3058 4508 prosimus
3085 4446 3221 4505 erat,
3250 4447 3306 4494 et
3326 4437 3438 4493 cal-

133 4543 325 4593 sancta
350 4544 406 4591 et
433 4531 774 4589 immaculata
799 4529 1038 4586 moribus
1065 4543 1227 4599 supra
1256 4527 1429 4598 legem
1453 4527 1591 4584 facta
1616 4528 1740 4584 est?
1842 4540 2184 4587 ceamentum
2249 4531 2518 4603 proximi,
2570 4534 2800 4590 muliere
2863 4534 3152 4607 acquisivit
3193 4546 3436 4607 accepta.

137 4630 198 4688 Si
227 4630 371 4687 enim
393 4628 505 4685 Lex
531 4627 712 4698 impiis
741 4633 798 4682 et
823 4624 1203 4696 peccatoribus
1228 4622 1401 4694 posita
1428 4633 1532 4692 cSI,
1558 4623 1739 4694 utique
1843 4625 1956 4681 Mos
1983 4627 2128 4682 enim
2161 4635 2280 4682 erat
2309 4637 2364 4682 ut
2391 4627 2482 4699 qui
2513 4628 2794 4698 proximus
2821 4638 2970 4697 erat,
3001 4629 3047 4685 si
3093 4630 3262 4687 nollet
3296 4631 3444 4687 acci-

139 4724 310 4792 Ruth,
338 4739 456 4794 quae
478 4720 852 4778 definitionem
876 4719 1036 4791 Legis
1057 4718 1317 4784 excessit,
1350 4727 1404 4774 et
1437 4719 1658 4775 intravit
1685 4720 1737 4774 in
1767 4724 1818 4784 D
1846 4734 1972 4790 pere
1993 4718 2046 4773 in
2078 4718 2388 4790 conjugium
2420 4720 2778 4790 propinquam
2803 4736 2979 4788 suam,
3013 4723 3440 4780 calceamentmu

143 4817 442 4876 Ecclesium
466 4859 481 4884 ,
507 4824 565 4874 et
611 4815 751 4872 facta
804 4822 890 4870 est
937 4813 1219 4880 lsraelitis,
1253 4821 1309 4869 et
1357 4811 1558 4868 meruit
1602 4813 1744 4869 inter
1845 4828 2002 4869 suum
2027 4814 2287 4880 solveret,
2313 4823 2368 4870 et
2398 4813 2519 4869 aliis
2547 4814 2769 4871 cederet
2801 4814 2988 4888 (Ruth.
3020 4833 3096 4884 ιν,
3129 4814 3184 4888 7)
3222 4817 3312 4874 :in
3337 4834 3448 4890 quo

145 4911 377 4984 majores
407 4910 674 4968 Dominici
697 4907 914 4982 generis
941 4905 1274 4978 computari,
1305 4913 1526 4977 propter
1545 4921 1746 4978 cogna-
1849 4921 1959 4960 non
1993 4904 2266 4962 mediocre
2295 4906 2654 4978 mysterium,
2691 4923 2760 4964 eo
2804 4907 2950 4979 quod
2981 4908 3030 4964 is
3057 4910 3147 4980 qui
3189 4910 3448 4982 alienige-

148 5007 348 5062 tionem
396 5004 592 5061 mentis
631 5005 804 5060 electa
835 5016 943 5057 non
975 4999 1222 5072 corporis
1251 5041 1266 5067 ,
1298 5015 1555 5070 magnum
1593 4999 1748 5056 nobis
1850 5014 1977 5054 nam
2006 4999 2059 5054 in
2093 5007 2220 5071 typo
2261 4999 2525 5070 sumpsit,
2572 4999 2978 5073 evangelizandi
3021 5002 3232 5074 accepit
3280 5001 3449 5060 facul-

148 5099 457 5170 exeinplum
487 5105 590 5166 est,
618 5097 743 5168 quia
767 5095 820 5152 in
846 5095 939 5150 illa
967 5104 1213 5150 nostrum
1242 5093 1486 5149 omnium
1513 5093 1603 5164 qui
1631 5093 1747 5149 col-
1854 5101 2041 5147 tatem.

151 5193 274 5250 lecti
307 5207 371 5248 ex
411 5190 666 5264 gentibus
706 5204 894 5246 sumus
919 5230 935 5257 ,
969 5186 1309 5259 ingrediendi
1354 5186 1408 5243 in
1452 5185 1748 5242 Ecclesiam
1925 5187 2015 5244 55.
2064 5188 2305 5262 Denique
2353 5189 2407 5245 in
2457 5197 2589 5262 typo
2634 5188 2734 5248 bas
2774 5189 2945 5248 fuisse
2973 5188 3193 5264 nuptias
3221 5197 3451 5249 testatur

230 5394 256 5424 τι
289 5384 448 5439 Rom.
496 5379 630 5438 edit.
668 5376 806 5450 sola,
845 5375 938 5431 Sic
970 5377 1222 5450 ἐρωῇ...
1259 5374 1626 5450 descriptam:
1654 5375 1759 5444 Qui

146 5457 257 5526 fuit
288 5456 431 5510 Obed
452 5494 468 5521 ,
487 5453 574 5526 qui
595 5451 702 5526 juit
731 5448 894 5514 Boos,
931 5446 1036 5502 etc.
1068 5446 1176 5502 Cur
1203 5448 1355 5503 etiam
1378 5447 1520 5504 Ruth
1541 5451 1757 5504 mentio-

160 5523 272 5584 nem
301 5526 421 5599 fecit
448 5523 750 5599 Matthteus.

231 5599 258 5638 δ
299 5590 444 5654 Edit.
482 5596 703 5652 Amerb.
737 5602 900 5666 atque
931 5590 1057 5646 Era.
1081 5635 1098 5660 ,
1132 5590 1256 5646 Non
1285 5608 1404 5666 ergo
1429 5591 1568 5663 quod
1594 5606 1658 5646 ex
1683 5592 1758 5666 Ie:

168 5672 362 5745 gitima,
395 5678 502 5745 etc.
525 5667 663 5745 βίη.
687 5661 828 5745 eum
860 5666 1047 5735 paucis
1089 5678 1222 5745 mss.
1243 5705 1258 5728 ,
1293 5661 1414 5718 Non
1442 5661 1588 5745 ergo
1617 5661 1758 5745 quod

168 5734 267 5798 non
313 5734 373 5796 ea:
400 5741 624 5812 legitima
679 5734 1308 5812 Salvamr‘generatione
1346 5734 1571 5790 manavit
1618 5734 1760 5790 vide-

174 5823 274 5880 tur,
304 5825 410 5870 etc.
447 5805 602 5867 Nullo
628 5825 816 5866 sensu.
850 5805 996 5864 Edit'.
1031 5807 1216 5870 Rom.,
1257 5805 1379 5860 Non
1409 5825 1528 5880 ergo
1562 5824 1626 5862 ea:
1657 5825 1759 5862 non

175 5886 393 5956 legitima
422 5885 745 5956 Salvatorem
768 5881 1366 5956 ﬁgenerationemanasse
1390 5880 1612 5956 videtur,
1644 5889 1754 5936 etc.

175 5951 289 6016 Non
321 5957 512 6016 melius
532 5997 547 6026 ,
579 5955 707 6013 licet
746 5951 820 6010 illi
851 5968 992 6011 unus
1021 5967 1054 6011 e
1079 5951 1202 6010 Vat.
1239 5951 1362 6010 cod.
1406 5954 1756 6024 astipuletur,

1864 5375 1966 5434 nisi
1991 5376 2136 5447 quod
2165 5387 2312 5445 ante,
2348 5379 2606 5452 legitima,
2638 5381 2808 5450 deest,
2841 5401 2965 5440 non.
2997 5383 3265 5441 Germana
3296 5385 3457 5442 lectio

1864 5457 1970 5524 est,
1999 5465 2160 5524 quam
2192 5467 2259 5506 ex
2292 5467 2424 5508 mss.
2455 5453 2642 5508 decem
2672 5455 2892 5524 optimae
2920 5463 3064 5511 nota:
3093 5458 3454 5513 restituimus.

1940 5523 1964 5594 ε
2008 5521 2134 5594 Mss.
2165 5538 2272 5577 non
2299 5525 2485 5594 pauci,
2516 5526 2685 5580 redire
2705 5521 2775 5580 ad
2801 5526 2967 5582 Deum
3008 5545 3194 5582 meum.
3228 5528 3374 5594 Alii,
3404 5537 3462 5584 et

1863 5590 1995 5648 edit.
2031 5593 2201 5648 redire
2226 5590 2462 5650 ad‘Deos
2493 5613 2669 5652 meos.
2709 5597 2816 5654 Sed
2860 5599 2913 5653 in
2955 5601 3128 5654 sacris
3167 5600 3290 5655 cod.
3324 5590 3458 5653 neu-

1866 5673 2006 5718 trum
2039 5665 2320 5731 invenias;
2355 5674 2413 5721 ut
2448 5667 2743 5724 verisimile
2783 5670 2855 5725 sit
2883 5686 3087 5726 meram
3111 5686 3233 5727 esse
3258 5670 3460 5726 verbu-

1865 5751 1988 5812 rum
2010 5734 2201 5812 Noemi
2221 5739 2604 5808 repetitionem
2633 5740 2916 5812 abraliquo
2944 5741 3170 5798 librario
3191 5743 3466 5812 scriptore

1867 5806 1921 5862 in
1957 5806 2372 5865 Ambrosianum
2399 5818 2602 5866 uastum
2639 5806 2934 5869 inductam.

1941 5877 1965 5916 (ἲ
2009 5880 2166 5957 ltotn.
2199 5882 2354 5947 edit.,
2389 5885 2521 5957 hanc
2549 5883 2853 5957 clutritutem
2874 5901 2994 5957 erga
3027 5901 3252 5957 socrum.

1943 5963 1966 5989 ο
2008 5952 2084 6009 tta
2109 5967 2239 6010 mss.
2270 5967 2367 6010 sex
2394 5953 2786 6024 probatissimi,
2811 5952 2988 6029 neque
3009 5956 3077 6016 ab
3097 5958 3185 6016 his
3209 5957 3473 6018 recedunt
