4156 6346
565 280 702 342 1603

1930 290 2176 349 SANCTI
2215 282 2540 352 AMBROSII

3736 302 3871 367 {Gut

556 398 867 457 benedictio
908 401 1186 459 seniorum
1231 402 1526 462 dicentium
1559 400 1703 460 :Det
1749 402 2002 459 Dominus
2042 421 2158 460 mu-
2188 420 2242 481 Α
2337 408 2428 465 56.
2469 407 2656 482 Neque
2685 416 2865 469 tamen
2892 411 3075 469 abnuo
3099 425 3226 471 cum
3253 413 3494 477 Thamar
3519 420 3576 475 et
3596 419 3870 479 Ruthde-

556 491 733 548 lierem
776 510 895 565 quas
932 497 1093 550 intrat
1123 497 1177 551 in
1209 496 1421 551 domum
1467 508 1609 551 luant
1631 538 1645 565 ,
1681 498 1813 553 sicut
1853 496 2090 564 Rachel,
2121 506 2168 552 et

557 586 694 641 sicut
727 585 909 656 Liam,
948 605 1065 661 qua:
1103 589 1491 659 tediﬁcaverunt
1525 589 1736 645 domum
1769 588 1976 655 Israel,
2016 599 2062 645 et
2089 590 2172 662 [a-

562 695 676 734 cere
706 682 940 737 virtutem
971 684 1025 737 in
1051 680 1292 751 Ephrata
1315 699 1334 738 :
1362 693 1410 738 et
1432 684 1496 739 sit
1528 700 1716 738 nomen
1746 685 1799 741 in
1824 682 2124 747 Bel/tleltem
2151 700 2171 740 :

565 783 614 827 et
643 774 735 842 ﬁat
764 775 945 830 domus
974 785 1063 830 tua
1105 778 1237 831 sicut
1276 778 1459 834 domus
1505 777 1745 847 Phares,
1785 795 1933 851 quem
1974 779 2173 851 peperit

567 867 800 925 Thamar
819 870 998 927 ludat.
1026 869 1106 927 De
1132 874 1324 930 semine
1357 882 1444 928 tuo
1470 874 1555 928 det
1579 875 1667 929 tibi
1698 872 1953 928 Dominus
1983 890 2045 929 ea:
2076 873 2173 927 Itac

551 966 747 1036 puella.
787 963 855 1021 Et
884 967 1083 1038 accepit
1111 967 1250 1023 Boos
1290 967 1461 1035 Ruth,
1495 978 1543 1023 et
1587 968 1643 1039 fa
1658 978 1743 1022 cla
1784 979 1859 1023 est
1898 967 1953 1022 in
1987 968 2172 1021 matri-

555 1058 785 1111 monium
840 1056 1060 1131 (Ibid.,
1118 1060 1343 1134 11-15),
1395 1071 1451 1118 et
1506 1046 1721 1133 peperit
1765 1060 1915 1117 Obed
1966 1067 2172 1130 patrem

557 1148 734 1219 Jesse,
764 1167 926 1207 avum
973 1152 1166 1208 David.
1210 1154 1380 1211 Recte
1420 1155 1585 1227 igitur
1620 1165 1839 1211 sanctus
1882 1154 2167 1210 Matthmus

560 1258 657 1314 per
682 1245 1035 1318 Evangelium
1058 1260 1250 1318 gentes
1272 1246 1341 1303 ad
1390 1249 1692 1304 Ecclesium
1720 1258 2035 1314 vocaturus,
2070 1262 2173 1303 au-

562 1348 772 1392 ctorem
804 1339 982 1411 ipsum
1026 1348 1053 1377 ει
1094 1341 1382 1396 Dominum
1428 1340 1650 1413 gentilis
1694 1341 2171 1413 congregationis,

564 1429 999 1502 alienigenarum
1031 1434 1440 1504 generationem
1477 1434 1775 1490 secundum
1809 1419 2031 1489 carnem
2079 1447 2173 1488 as-

557 1524 860 1595 sumpsisse
900 1528 1267 1595 memoravit;
1311 1535 1372 1583 ut
1407 1528 1521 1599 jam
1555 1539 1682 1582 tunc
1720 1536 1869 1583 esset
1915 1526 2171 1582 iudicium

561 1616 708 1686 Quod
737 1616 829 1671 illa
855 1624 1138 1689 generatio
1163 1619 1351 1675 ederet
1371 1620 1612 1690 gentium
1641 1631 1977 1684 vocatorem,
2002 1634 2165 1691 quem

558 1724 929 1779 sequeremur
956 1727 1149 1768 omnes
1176 1729 1241 1767 ex
1269 1711 1591 1785 alienigenis
1621 1713 1963 1786 congregati,
2005 1712 2171 1768 relin-

2273 503 2473 571 fendo,
2503 513 2819 577 peccatores
2871 522 3089 579 quoque
3143 510 3284 566 inter
3322 512 3558 582 majores
3606 514 3871 573 Dominici

2273 599 2493 668 generis
2543 610 2889 672 computatos
2944 618 2958 656 :
3008 617 3240 673 quorum
3295 609 3871 666 commemorationem

2273 701 2493 749 sanctus
2518 693 2694 749 Lucas
2718 695 2993 752 declinare
3022 696 3363 767 desiderans,
3390 700 3553 756 alium
3582 702 3872 774 quemdam

2273 790 2679 847 successionum
2702 791 2949 847 ordinem
2981 795 3155 847 tenuit
3189 815 3202 850 :
3237 808 3415 864 neque
3444 795 3663 864 Achab,
3696 812 3876 869 neque

2273 880 2588 938 Jechoniam
2614 924 2630 950 ,
2659 898 2834 955 neque
2860 894 3137 955 postremo
3167 886 3312 942 Uria:
3338 902 3562 945 uxorem
3591 890 3879 946 nominan~

2274 977 2374 1033 dos
2413 979 2656 1046 putavit;
2715 988 2775 1034 ut
2826 979 3226 1035 immaculatum
3258 982 3613 1038 sacerdotalis
3655 984 3877 1055 generis

2274 1070 2473 1127 seriem
2521 1071 2841 1128 declararet.
2900 1072 3008 1128 Sed
3059 1070 3171 1128 uttl
3205 1074 3282 1129 illi
3322 1074 3535 1130 consilii
3593 1078 3677 1131 sui
3731 1077 3877 1133 ratio

2272 1164 2522 1220 subsistit
2559 1182 2572 1218 :
2604 1163 2678 1219 ita
2706 1164 2870 1221 etiam
2898 1168 3073 1220 sancti
3107 1165 3348 1221 Matthaei
3393 1168 3682 1223 consilium
3725 1183 3756 1222 a
3787 1185 3879 1223 ra-

2276 1238 2438 1314 tionis
2461 1258 2670 1329 justitia
2712 1274 2821 1315 non
2849 1259 3132 1318 abhorret.
3159 1261 3295 1317 Nam
3321 1276 3444 1318 cum
3472 1262 3877 1335 evangelizarct

2275 1351 2564 1408 Dominum
2594 1353 2892 1409 secundum
2919 1369 3139 1410 carnem
3189 1370 3315 1410 esse
3359 1367 3679 1427 generatum
3710 1397 3726 1423 ,
3780 1356 3875 1429 qui

2275 1447 2517 1502 omnium
2548 1456 2767 1518 peccata
2794 1449 3130 1519 susciperet,
3160 1449 3461 1519 subjectum
3486 1450 3721 1522 injuriis,
3747 1451 3879 1507 sub-

2279 1541 2453 1599 ditum
2488 1542 2758 1610 passioui;
2793 1557 2862 1599 ne
2906 1542 3068 1613 hujus
3104 1542 3325 1615 quidem
3355 1543 3565 1614 putavit
3593 1554 3877 1600 exsortem

2273 1635 2626 1693 asserendum
2653 1649 2774 1691 esse
2820 1636 3038 1705 pietatis
3063 1677 3078 1702 ,
3112 1643 3170 1690 ut
3198 1637 3487 1692 maculatae
3522 1652 3740 1707 quoque
3764 1637 3881 1692 ori-

2272 1729 2417 1800 ginis
2440 1744 2547 1784 non
2575 1738 2857 1785 recusaret
2884 1728 3139 1798 injuriam
3176 1745 3189 1783 :
3222 1731 3387 1785 simul
3420 1747 3486 1786 ne
3519 1730 3751 1801 puderet
3773 1731 3879 1788 Ec-

559 1813 792 1876 quentes
822 1817 1080 1876 paterna,
1108 1819 1163 1863 et
1190 1807 1436 1862 dicentes
1477 1808 1528 1861 ei
1566 1809 1657 1878 qui
1694 1823 1795 1862 nos
1821 1806 1888 1862 ad
1916 1806 2011 1861 Dei
2040 1805 2158 1860 cul-

2271 1822 2492 1880 clesiam
2533 1823 2603 1878 de
2651 1822 3032 1893 peccatoribus
3070 1825 3389 1894 congregari
3412 1863 3428 1890 ,
3458 1838 3581 1879 cum
3613 1824 3881 1880 Dominus

560 1906 676 1952 tum
741 1908 996 1965 vocaret,
1046 1900 1199 1955 verbi
1247 1902 1418 1970 gratia
1458 1899 1628 1954 Paulo
1654 1942 1670 1964 ,
1710 1910 1804 1955 aut
1845 1901 2171 1970 cuicumque

556 1992 818 2062 episcopo
850 2008 864 2045 z
898 1990 1133 2064 Populus
1156 2002 1297 2059 tuus,
1327 1992 1554 2065 populus
1575 2008 1717 2047 meus
1751 2003 1838 2047 :et
1861 1991 2004 2046 Deus
2031 2001 2171 2060 tuus,

558 2084 703 2141 Deus
748 2103 889 2142 meus
917 2084 1106 2160 (Ruth.
1136 2105 1183 2156 ι,
1232 2085 1347 2159 16).
1382 2086 1527 2159 Ergo
1568 2084 1757 2155 Ruth,
1789 2090 1931 2143 sicut
1976 2086 2069 2142 Lia
2115 2093 2172 2142 et

556 2178 801 2244 Rachel,
837 2179 1004 2236 oblita
1032 2181 1291 2252 populum
1320 2194 1503 2247 suum,
1537 2189 1592 2235 et
1617 2180 1838 2235 domum
1867 2182 2035 2252 patris
2058 2180 2168 2246 sui,

558 2275 782 2331 solvens
810 2275 1083 2331 vinculum
1112 2274 1294 2348 Legis,
1321 2274 1566 2347 ingressa
1589 2282 1674 2330 est
1701 2274 1756 2329 in
1788 2275 2108 2331 Ecclesiam.

626 2371 718 2428 δι.
762 2371 936 2428 Solvit
965 2384 1153 2427 autem
1195 2373 1667 2438 calceamentum,
1714 2371 1805 2442 qui
1850 2384 1958 2426 non
2010 2384 2170 2427 accc-

564 2466 640 2538 pit
667 2464 988 2520 Ecclesiam.
1019 2462 1090 2519 Et
1114 2464 1289 2536 Moysi
1312 2463 1513 2520 dicitur
1542 2481 1554 2517 :
1582 2463 1739 2519 Solve
1765 2463 2172 2519 calceamentum

556 2557 745 2632 perluat
788 2570 994 2612 tuorum
1024 2555 1222 2631 (Exod.
1259 2574 1355 2624 tu,
1405 2555 1497 2628 5);
1534 2571 1604 2613 ne
1630 2557 1748 2627 ipse
1776 2572 2011 2627 sponsus
2063 2556 2168 2613 Ec-

557 2655 741 2709 clesiae
782 2651 1120 2709 crederetur.
1166 2650 1330 2707 Solus
1358 2651 1450 2706 ille
1485 2665 1595 2706 non
1640 2651 1839 2716 solvit,
1881 2651 1973 2721 qui
2007 2666 2168 2706 verus

552 2760 637 2805 est
667 2761 928 2818 sponsus.
974 2744 1043 2802 Et
1084 2745 1208 2802 ideo
1233 2745 1369 2802 dicit
1407 2744 1649 2803 Joannes
1678 2762 1691 2800 :
1721 2745 1887 2819 Cujus
1928 2763 2027 2801 non
2058 2763 2171 2800 sum

550 2845 754 2915 dignus
779 2843 921 2898 solve
937 2856 999 2909 re
1017 2842 1295 2916 corrigiam
1319 2842 1649 2897 calceamenti
1674 2841 1809 2908 eius.
1836 2840 1979 2913 Ergo
2004 2850 2059 2897 et
2086 2840 2175 2897 hic

553 2945 717 3010 typus
738 2946 846 3004 est,
875 2946 931 2993 et
956 2936 1252 2992 mdiﬁcavit
1276 2933 1500 2991 domum
1522 2932 1713 2989 Israel.

625 3033 717 3088 55.
760 3031 934 3098 Quam
985 3046 1118 3087 vero
1171 3032 1635 3086 commemoratio
1699 3029 1820 3101 ejus
1876 3028 2173 3086 Dominica:

550 3127 818 3197 prosapiae
847 3124 1013 3180 fuerit
1039 3126 1329 3180 inserenda
1352 3167 1367 3191 ,
1396 3125 1642 3179 declarat
1670 3123 1915 3196 mysterii
1945 3123 2158 3179 altioris

2279 1916 2346 1972 de
2374 1915 2748 1987 peccatoribus
2779 1926 3115 1972 nasceretur.
3144 1916 3429 1973 Postremo
3460 1925 3520 1972 ut
3546 1917 3880 1974 beneﬁcium

2277 2008 2669 2080 redemptionis
2698 2009 2862 2065 etiam
2904 2024 2934 2064 a
2976 2010 3090 2066 suis
3121 2009 3419 2081 majoribus
3456 2011 3774 2077 inchoaret;
3807 2027 3882 2068 ne

2277 2103 2400 2174 quis
2452 2112 2665 2174 putaret
2704 2102 2930 2174 originis
2980 2105 3248 2160 maculam
3297 2105 3687 2176 impedimento
3717 2120 3882 2176 posse

2275 2211 2399 2255 esse
2432 2198 2619 2255 virtuti
2645 2214 2660 2252 :
2692 2212 2797 2254 nec
2825 2212 2886 2254 se
2922 2200 3165 2256 insolens
3182 2199 3252 2256 de
3277 2202 3360 2256 sui
3388 2215 3448 2257 se
3473 2201 3693 2273 generis
3721 2200 3884 2256 nobi-

2275 2291 2429 2347 litate
2453 2291 2717 2363 jactarct,
2762 2306 2903 2348 neve
2934 2302 3220 2363 parentum
3248 2295 3484 2351 crimina
3508 2294 3880 2352 verecundior

2273 2385 2627 2441 erubesceret
2648 2427 2663 2449 ,
2696 2386 2782 2441 cui
2813 2386 3205 2445 obumbrandae
3230 2390 3458 2463 originis
3503 2390 3732 2446 facultas
3779 2389 3883 2446 da-

2274 2488 2426 2534 retur
2451 2478 2585 2535 ﬂore
2616 2477 2855 2536 virtutis.

2345 2573 2437 2627 57.
2478 2575 2563 2629 An
2597 2588 2731 2629 vero
2775 2583 3002 2631 sanctus
3040 2575 3208 2632 David
3233 2619 3249 2642 ,
3292 2576 3419 2635 licet
3459 2578 3625 2634 multa
3671 2577 3789 2649 ejus
3820 2578 3880 2635 in

2273 2667 2591 2740 mysterium
2626 2667 2945 2740 ﬁgurentur,
2976 2687 3083 2728 non
3113 2687 3181 2729 eo
3214 2675 3529 2745 prtecelsior
3548 2715 3562 2739 ,
3592 2674 3738 2746 quod
3778 2675 3881 2730 hoc

2275 2762 2475 2818 minem
2497 2775 2557 2817 se
2578 2777 2701 2818 esse
2719 2765 2994 2834 cognovit,
3012 2771 3069 2822 et
3083 2767 3434 2825 commissum
3463 2783 3628 2838 super
3649 2768 3883 2840 abrepta

2274 2853 2418 2911 Uriat
2449 2870 2617 2911 uxore
2663 2866 2944 2927 peccatum
2991 2860 3324 2930 pmniteutia:
3365 2862 3573 2931 putavit
3616 2861 3879 2935 lacrymis

2271 2948 2602 3006 abluendum
2625 2992 2639 3017 ,
2687 2951 2982 3007 ostendens
3024 2954 3186 3011 nobis
3214 2956 3483 3011 neminem
3527 2955 3715 3013 virtuti
3747 2974 3880 3028 pro-

2274 3044 2406 3114 prim
2434 3043 2639 3100 debere
2673 3045 2991 3103 conﬁdere?
3026 3048 3298 3105 Habemus
3323 3052 3468 3106 enim
3495 3050 3874 3108 adversarium

2272 3154 2549 3209 magnum,
2578 3139 2672 3211 qui
2699 3140 2841 3197 vinci
2871 3157 2900 3196 a
2932 3142 3090 3198 nobis
3112 3144 3230 3201 sine
3258 3145 3353 3200 Dei
3388 3145 3573 3202 favore
3599 3163 3706 3202 non
3736 3162 3870 3217 pose

553 3222 873 3292 εκμτθεδίον
924 3235 1032 3292 qua
1075 3218 1460 3291 Prophemum
1492 3227 1577 3313 ⁸δὲ
1610 3234 1677 3274 ex
1719 3234 1920 3290 genere
1956 3219 2076 3313 eius
2107 3220 2158 3273 ίιι
2188 3232 2233 3294 C
2271 3233 2363 3289 sit.
2394 3233 2463 3289 Et
2491 3236 2811 3306 plerumque
2840 3235 2893 3290 in
2926 3237 3225 3295 illustribus
3249 3249 3305 3295 et
3331 3241 3504 3296 beatis
3531 3241 3662 3296 viris
3683 3241 3871 3313 gravia

553 3317 797 3389 Ephrata
826 3314 1111 3372 Christum
1156 3330 1278 3371 esse
1303 3312 1676 3385 generandum
1700 3355 1715 3380 ,
1743 3328 1869 3369 cum
1911 3312 2116 3368 dicitur
2153 3328 2168 3367 :

545 3409 647 3467 D.t
669 3411 761 3466 tibi
786 3411 1157 3463 Dominus.....
1182 3409 1355 3478 facere
1384 3410 1635 3462 virtutem
1659 3408 1712 3462 in
1734 3406 1991 3481 Ephrala,
2026 3419 2073 3463 et
2098 3395 2171 3463 si‘

547 3522 736 3561 nomen
764 3504 818 3560 in
847 3502 1148 3558 Betlile/tem
1200 3501 1396 3575 (Ruth.
1426 3517 1518 3568 ιν,
1556 3502 1616 3556 ll
1637 3503 1678 3572 ).
1710 3503 1844 3569 Qua:
1891 3512 1975 3557 est
2013 3503 2162 3557 enim

550 3603 745 3667 virtus,
780 3599 884 3655 nisi
913 3613 1041 3669 qua:
1072 3612 1169 3668 per
1194 3594 1472 3652 Christum
1496 3596 1741 3666 gentium
1774 3597 2005 3667 pepulos
2030 3611 2163 3652 con-

545 3692 821 3767 gregavit?
850 3691 1006 3762 Quod
1040 3702 1225 3746 autem
1259 3705 1457 3746 nomen
1482 3730 1497 3755 ,
1523 3688 1627 3744 nisi
1656 3688 1787 3744 illud
1820 3690 1962 3760 quod
1993 3690 2161 3748 Beth-

549 3788 727 3845 lehem
760 3788 933 3860 patria
961 3785 1184 3841 Domini
1211 3783 1507 3841 secundum
1529 3798 1748 3840 carnem
1775 3784 2050 3841 nascentis
2073 3795 2157 3842 est

551 3882 732 3941 facta?
784 3883 939 3940 Unde
980 3898 1077 3953 per
1113 3881 1435 3952 pr0phetam
1485 3879 1686 3935 dictum
1743 3887 1831 3936 est
1872 3898 1885 3934 :
1928 3879 2000 3935 Et
2043 3892 2097 3935 tu
2124 3879 2151 3920 δ

552 3977 848 4034 Betltleltem
869 3974 1093 4043 Iudaeae,
1118 3993 1223 4030 non
1242 3993 1292 4031 es
1316 3974 1531 4029 minima
1546 3974 1677 4028 inter
1693 3975 1951 4046 principes
1971 3975 2152 4041 Juda;

547 4090 611 4129 ex
649 4082 696 4126 te
740 4071 878 4126 enim
923 4069 1054 4125 exiet
1081 4069 1324 4140 princeps
1370 4068 1458 4138 qui
1486 4066 1696 4140 1327
1720 4077 1863 4139 regat
1906 4068 2151 4139 populum

546 4182 712 4222 meum
739 4162 909 4221 Israel
940 4160 1129 4235 (Mich.
1155 4178 1210 4230 ν,
1232 4160 1319 4234 ‘2).
1338 4159 1601 4218 Videmus
1626 4162 1789 4231 igitur
1810 4161 2096 4217 mulierum
2125 4174 2147 4202 ο

544 4257 1057 4319 commemorationi
1084 4256 1367 4313 historiam
1390 4297 1404 4323 ,
1436 4270 1617 4313 mores
1634 4297 1648 4323 ,
1670 4258 1990 4328 mysterium
2017 4272 2149 4314 con-

544 4372 752 4415 ventre.

547 4523 680 4580 edit.
716 4521 821 4577 nisi
853 4518 997 4591 quod
1029 4531 1128 4591 pro
1152 4558 1167 4585 ,
1201 4514 1449 4591 dicimus,
1475 4514 1666 4591 legunt
1687 4556 1702 4579 ,
1742 4514 2140 4591 comprehendi,

550 4611 658 4650 non
691 4608 850 4649 secus
872 4588 942 4646 ac
971 4588 1128 4646 multi
1155 4604 1221 4645 ex
1260 4603 1392 4643 mss.
1425 4588 1673 4642 Aliorum
1700 4600 1831 4642 vero
1858 4588 2144 4653 nonnulli,

550 4674 760 4737 prwslal
782 4665 943 4736 priori
975 4679 994 4716 :
1020 4663 1075 4737 in
1100 4677 1333 4737 quo_non
1367 4659 1620 4737 mediocre
1647 4660 1949 4732 mysterium
1980 4676 1998 4714 :
2026 4660 2145 4726 qui.

547 4731 695 4799 itam.
728 4731 939 4808 priestat
966 4731 1150 4808 priori.
1184 4731 1247 4786 Et
1278 4749 1379 4787 non
1403 4735 1658 4808 mediocre
1686 4736 2010 4808 mysterium,
2036 4739 2145 4808 etc.

549 4803 780 4878 Quidam
813 4806 975 4861 etiam
1007 4807 1299 4869 omittunt,
1338 4821 1461 4878 non.
1494 4803 1562 4878 At
1592 4803 1752 4878 certe
1779 4807 1895 4860 haec
1932 4805 2098 4860 verba
2132 4822 2143 4858 :

546 4877 603 4938 in
624 4898 725 4953 quo
746 4896 847 4935 non
872 4878 1128 4953 mediocre
1152 4877 1474 4953 mysterium,
1501 4877 1705 4953 incuria
1730 4879 2147 4953 amanuensium

551 4946 646 5012 vel
674 4957 793 5009 loco
813 4960 982 5017 mota,
1012 4948 1098 5005 vel
1125 4946 1475 5018 superaddita
1500 4946 1781 5014 videntur,
1804 4964 1928 5005 cum
1956 4950 2149 5005 eadem

552 5028 711 5097 paulo
733 5034 856 5096 post
885 5031 1220 5094 repetantur.

624 5125 650 5154 α
692 5115 821 5170 Era.
866 5121 922 5170 et
961 5128 1079 5183 seq.
1113 5110 1245 5167 edit.
1272 5149 1288 5179 ,
1311 5108 1601 5165 Dominum
1626 5111 1896 5184 gentilitite
1935 5129 2150 5186 congre-

546 5188 790 5262 gationis.

620 5279 648 5319 ι»
691 5280 851 5334 Rom.
894 5275 1059 5345 edit.,
1090 5274 1390 5331 Bethleliem
1420 5272 1658 5344 Ephrata
1688 5293 1791 5332 non
1834 5293 1887 5331 es
1928 5278 2145 5333 minima

544 5354 602 5409 in
639 5351 866 5407 millibus
911 5345 1054 5420 Iuda
1083 5364 1101 5403 :
1132 5350 1391 5402 uiiuirum
1432 5364 1499 5402 ex
1531 5348 1677 5404 LXX
1702 5392 1717 5414 ,
1766 5349 1911 5420 apud
1963 5365 2099 5420 quos
2123 5394 2139 5419 ,

545 5430 633 5483 καὶ
756 5423 973 5499 Βηθλεέμ
997 5417 1135 5499 uino;
1166 5419 1383 5499 Ἐφραθά
1403 5461 1416 5499 .
1438 5421 1713 5499 tilla-700%;
1738 5418 1787 5477 εἶ
1806 5417 1909 5479 *τοῦ
1931 5419 2064 5499 εἶναι
2090 5417 2141 5479 ei

545 5498 779 5573 χιλιάσιν
798 5492 987 5573 desidia.
1153 5492 1337 5573 Saftien
1364 5492 1882 5573 vides-negationem
1911 5496 2104 5551 deesse
2122 5538 2137 5563 ,

543 5564 705 5643 quam
740 5584 841 5624 nee
871 5565 977 5643 ulla
1007 5564 1171 5643 hiblia
1202 5564 1778 5643 a_lio_rum_idi_omatum
1811 5578 2132 5643 agnoscunt.

546 5633 664 5700 Vet.
698 5651 885 5696 autem
912 5636 1043 5691 edit.
1063 5677 1079 5709 _.
1112 5635 1410 5709 Betlilehem
1434 5633 1684 5709 Judte_....
1712 5633 2139 5709 inter'principes

540 5714 703 5771 Iuda.
732 5712 833 5770 Cui
859 5707 1080 5782 lectioni
1100 5708 1467 5782 sun‘ragantnr
1494 5707 1684 5779 scripti
1712 5709 1837 5765 cod.
1863 5707 1963 5764 nisi
1992 5707 2136 5782 quod

540 5790 727 5858 Optimi
759 5778 1327 5858 habent,_BstltleItem
1352 5779 1591 5858 Iudaeis;
1616 5778 1682 5836 et
1711 5782 1814 5858 _alii
1847 5778 2093 5858 nonnulli
2118 5825 2133 5849 ,

541 5851 861 5928 nequaquam
890 5853 1104 5908 utininta
1131 5868 1185 5909 es
1228 5869 1244 5920 ;
1287 5866 1399 5923 quo
1439 5852 1602 5909 modo
1652 5851 1814 5910 etiam
1866 5855 2140 5927 reperitur

2279 3341 2495 3398 peccata
2525 3330 2691 3388 luisse
2716 3330 2989 3401 reperies;
3030 3341 3088 3387 ut
3114 3335 3268 3404 quasi
3299 3335 3548 3392 homines
3582 3336 3872 3394 tentationi

2275 3423 2516 3491 patuisse
2541 3437 2836 3494 cognoscas
2858 3466 2873 3490 ,
2906 3440 2977 3483 ne
3000 3427 3293 3484 virtutibus
3318 3429 3551 3500 egregiis
3580 3430 3868 3500 plusquam

2270 3511 2520 3571 homines
2546 3516 2915 3573 crederentur.
2965 3519 3022 3576 Si
3052 3520 3196 3576 enim
3242 3521 3411 3577 David
3442 3523 3566 3593 quia
3601 3538 3872 3593 prmum—

2268 3608 2455 3677 ptione
2496 3609 2711 3666 virtutis
2747 3612 2927 3668 elatus
2967 3613 3222 3670 dixerat:
3252 3616 3315 3671 Si
3352 3617 3555 3671 reddidi
3579 3618 3872 3675 retribuat-

2265 3701 2400 3755 tibus
2427 3701 2556 3756 mihi
2593 3704 2730 3758 mala
2774 3703 2948 3777 (Psal.
2986 3722 3087 3772 vn,
3123 3708 3178 3780 5)
3212 3725 3226 3761 :
3260 3717 3315 3764 et
3344 3708 3470 3764 alibi
3499 3728 3513 3763 :
3546 3709 3660 3782 Ego
3688 3721 3866 3767 autem

2265 3794 2376 3848 dixi
2419 3797 2471 3849 in
2522 3811 2636 3850 mea
2678 3796 2996 3854 abundantia
3022 3841 3038 3867 ,
3082 3816 3187 3855 non
3226 3802 3462 3858 movebar
3505 3804 3560 3858 in
3607 3815 3867 3862 (uernum

2266 3884 2439 3957 (Psal.
2470 3903 2595 3942 uix
2615 3928 2631 3954 ,
2666 3886 2754 3961 7);
2786 3892 2968 3947 statim
3000 3884 3301 3951 insolentias
3330 3896 3489 3966 hujus
3522 3912 3733 3967 pcnnam
3760 3895 3863 3955 su-

2261 3981 2429 4037 biisse
2456 3999 2515 4039 se
2545 3989 2900 4056 memoravit,
2930 3988 3117 4046 dicens
3153 4008 3166 4046 :
3209 3991 3451 4047 Avertisti
3490 3994 3677 4063 faciem
3716 4004 3863 4049 tuam

2256 4091 2287 4129 a
2312 4092 2422 4143 me,
2472 4086 2519 4132 et
2566 4080 2733 4150 factus
2759 4097 2876 4136 sum
2916 4085 3250 4141 conturbatus
3280 4085 3446 4157 (Ibid.
3474 4130 3491 4156 ,
3520 4088 3577 4160 8)
3619 4106 3634 4143 :
3662 4089 3710 4144 si
3739 4090 3863 4159 ipse

2257 4168 2521 4228 Dominici
2542 4176 2760 4244 generis
2780 4185 2971 4233 auctor
2993 4179 3296 4236 insolentia:
3321 4183 3534 4255 excepit
3554 4181 3858 4250 ollensam;

2253 4274 2454 4332 quanto
2485 4267 2653 4338 magis
2671 4284 2772 4326 nos
2792 4273 2972 4327 caeteri
3006 4281 3344 4344 peceatores,
3364 4277 3561 4346 quibus
3578 4277 3722 4335 nulla
3743 4277 3863 4333 sui.

2250 4354 2493 4430 fragatur
2521 4364 2877 4434 praerogativa
2916 4368 3235 4424 meritorum
3258 4409 3274 4436 ,
3310 4370 3617 4427 insolentia:
3646 4384 3854 4442 scopu-

2253 4521 2396 4590 apud
2424 4521 2613 4579 Matth.
2648 4542 2722 4594 tt,
2756 4527 2810 4583 6.

2331 4624 2353 4651 ε
2396 4613 2556 4695 Rom.
2587 4618 2745 4685 edit.,
2780 4624 3317 4695 commemorationem
3347 4628 3596 4695 historiae,
3622 4634 3855 4693 moribus

2173 4706 2225 4772 D
2255 4689 2561 4772 mysterium
2588 4694 2877 4772 convenire.
2917 4688 3041 4749 Vel.
3064 4710 3192 4772 cum
3235 4701 3422 4770 paucis
3461 4688 3594 4757 mss:
3627 4688 3855 4760 comma:

2251 4760 2530 4814 morationi
2589 4762 2891 4830 historiam,
2943 4768 3205 4848 moribus,
3235 4760 3361 4848 .etc.
3409 4772 3513 4829 Alii
3555 4790 3682 4832 vero
3720 4779 3847 4834 cod.

2255 4845 2450 4902 magno
2476 4849 2706 4891 numero
2734 4846 2792 4893 et
2819 4844 3166 4907 auctoritate,
3198 4853 3257 4897 ut
3284 4844 3338 4898 in
3369 4853 3540 4902 testu.

2324 4919 2631 5012 dita'etlit.
2663 4944 2728 4984 ac
2751 4945 2898 5012 λιφε.
2931 4942 3124 5012 omnes
3153 4937 3326 5012 tribus
3349 4940 3620 5010 exceptis,
3649 4943 3740 5012 qui
3770 4944 3854 5001 le-

2255 5007 2388 5065 gunt
2420 5015 2433 5050 :
2465 4995 2569 5053 Ille
2617 5002 2823 5056 consilii
2861 5005 2942 5057 sui
2978 5005 3180 5062 ratione
3208 5009 3453 5065 substitit.
3482 4995 3854 5074 tenuive-1:0

2256 5074 3075 5157 mss:_quatuordecim_pptiuta:
3102 5092 3246 5157 nota:
3274 5083 3324 5157 in
3358 5084 3464 5137 line
3492 5084 3592 5139 loci
3622 5086 3849 5157 habent,

2255 5156 2289 5193 a
2312 5142 2528 5196 rationis
2546 5144 2757 5226 justitia
2782 5142 3062 5226 adhorret;
3105 5153 3195 5226 ubi
3226 5153 3359 5208 edit.
3391 5163 3446 5210 et
3480 5157 3580 5209 soli
3611 5142 3848 5226 quatuor

2254 5227 2384 5296 mss.
2411 5255 2426 5279 ,
2453 5231 2485 5267 a
2510 5218 2710 5270 ratione
2733 5219 2991 5296 iustitiae,
3024 5231 3130 5275 etc.
3178 5225 3421 5296 Denique
3451 5228 3539 5296 ubi
3570 5218 3702 5283 edit.
3733 5274 3749 5296 ,
3782 5233 3849 5286 de

2248 5281 2390 5370 lora
2430 5302 2539 5340 esse
2571 5281 2944 5370 .genetialumj
2976 5281 3030 5370 i_t_t
3076 5281 3844 5370 memoratisquatuordeciin

2248 5369 2382 5410 mss.
2418 5372 2534 5439 non
2568 5358 3145 5439 inveniaspdelara,
3179 5370 3322 5439 quod
3356 5358 3566 5427 videtur
3608 5358 3846 5432 absurde

2247 5429 2676 5515 superadditulm.
2695 5447 2824 5514 cum
2848 5429 3171 5515 Ambrosius
3191 5429 3308 5512 ipse
3336 5460 3444 5499 non
3467 5445 3532 5499 de
3562 5443 3725 5515 Zara,

2246 5500 2313 5587 dp
2344 5499 2552 5556 Phares
2578 5502 2854 5587 gltristittii
2898 5499 3266 5587 descendere,
3299 5529 3461 5584 supra
3484 5557 3500 5582 ,
3537 5533 3689 5573 num.
3711 5499 3842 5587 'lvé,

2242 5570 2635 5655 observaverit.
2669 5575 2801 5655 Nam
2826 5578 2972 5655 quod
2997 5578 3140 5637 idem
3160 5586 3233 5639 ait
3252 5570 3409 5641 nuni.
3429 5570 3521 5655 ἑὸ,
3538 5570 3843 5647 Dominum

2242 5650 2321 5726 ex'
2344 5644 2498 5734 tribu.
2515 5653 2572 5700 et
2596 5648 2807 5705 εθηιὶιιε
2835 5649 3006 5733 lane
3028 5664 3348 5734 generatum
3400 5644 3557 5728 esse,
3600 5644 3847 5734 hoc—ipe:

2243 5716 2396 5797 rigide
2424 5717 2938 5797 interpretamurac
2962 5723 3008 5780 si
3031 5716 3301 5797 Scriptum
3330 5716 3481 5788 esset
3506 5716 3520 5788 ξ
3542 5716 3614 5789 ex
3642 5716 3837 5791 eadem

2244 5788 2384 5843 tribu
2411 5800 2465 5844 et
2491 5788 2732 5860 semine,
2765 5795 2964 5865 quibus
2990 5788 3168 5854 editus
3216 5801 3313 5857 fuit
3352 5803 3522 5870 Zrtra,
3558 5788 3835 5866 (liliisluni

2240 5874 2363 5929 esse
2395 5876 2769 5934 propagatum.
