4014 6468
37 348 208 404 acus
1049 337 1419 409 EXPOSITIO
1458 337 1721 397 EVANG.
1760 335 1909 397 ssc.
1952 335 2108 395 LUC.
2153 334 2283 393 LIB.
2327 322 2415 392 tu.
3248 334 3391 392 too;

45 480 167 519 um
211 464 420 521 timere
449 460 709 518 debemus
730 502 747 528 ,
797 458 851 516 in
883 472 993 531 quo
1022 457 1367 529 naufragium
1405 457 1477 514 sit
1504 457 1675 529 bono-
1703 459 1752 521 Α
1783 454 1943 519 tinet,
1977 453 2119 525 quod
2159 452 2298 510 dixit
2333 474 2346 509 :
2381 450 2516 507 Ecce
2540 449 2835 506 audivimus
2865 465 2978 506 eam
3012 451 3065 505 in
3098 449 3333 523 Ephrata
3368 468 3387 507 :

37 569 228 621 rum;
270 553 570 626 praesertim
606 568 729 608 cum
762 559 947 607 tantus
978 551 1060 607 vir
1095 549 1255 606 nobis
1299 558 1354 606 et
1382 548 1680 622 magisterii
1784 548 2071 603 invenimus
2100 565 2213 603 eum
2241 549 2292 602 in
2329 546 2524 616 campis
2556 545 2701 601 silva:
2733 545 2907 616 (Paul.
2940 561 3103 603 cum
3123 588 3136 612 ,
3173 546 3262 617 ϐ).
3292 546 3389 601 ΑΙ-

37 657 283 705 auctor
313 649 385 704 sit
420 655 475 704 et
513 646 779 718 exempli,
812 646 903 717 qui
935 643 1090 715 quasi
1120 642 1450 713 palinodiam
1492 658 1685 714 quam-
1788 649 1960 697 terunt
1984 641 2292 712 specialiter
2314 650 2340 678 ἰ
2362 640 2430 696 ad
2457 640 2720 697 Dominici
2744 640 2994 710 corporis
3011 642 3388 711 sponsionem,

37 742 194 796 dam
255 741 321 797 ad
364 738 830 812 reprOpitiandum
875 737 1159 793 Dominum
1191 735 1245 793 in
1295 735 1685 807 posterioribus
1786 733 1929 805 quod
1954 734 2179 791 oraculo
2201 733 2650 790 manifestissimo
2676 733 2976 802 reveletur,
3001 749 3126 791 cum
3151 736 3388 792 dicitur:

37 834 391 891 cauendum
417 832 644 905 putavit,
674 830 860 888 dicens
881 848 895 885 :
914 829 1161 894 Domine,
1187 845 1288 884 non
1309 838 1382 886 est
1408 832 1687 885 exaltatum
1787 824 1874 883 Ex
1904 827 2083 899 fructu
2104 829 2295 885 uentris
2324 829 2402 883 tui
2425 845 2619 900 ponam
2648 845 2805 901 super
2822 830 2997 885 sedem
3026 842 3167 887 tuam
3192 830 3391 904 (Ibid.,

37 943 154 982 cor
188 944 392 991 meum,
420 943 578 999 neque
597 926 650 982 in
682 925 843 981 altum
866 925 987 981 elati
1011 934 1132 980 sunt
1174 926 1310 980 oculi
1352 924 1450 979 mei
1491 923 1684 994 (Psal.

37 1034 255 1087 ωαχ,
292 1021 347 1091 1)
381 1038 395 1074 :
427 1029 482 1078 ct
510 1019 774 1076 Dominus
802 1036 835 1073 a
864 1019 1059 1075 dextris
1090 1019 1241 1085 meis,
1275 1035 1340 1075 ne
1366 1034 1691 1075 contmouear

38 1111 263 1185 (Psal.
295 1129 366 1171 xv
394 1155 411 1182 ,
454 1113 510 1183 8)
536 1129 552 1180 ;
585 1113 745 1170 scivit
770 1111 915 1169 enim
948 1112 1166 1184 quando
1197 1128 1258 1169 se
1286 1113 1391 1171 sibi
1417 1112 1688 1181 credidit,

40 1220 203 1261 esse
231 1221 295 1263 se
318 1207 554 1276 lapsum.
590 1204 834 1277 Denique
883 1203 1015 1260 nihil
1048 1204 1195 1259 aliud
1236 1219 1357 1261 esse
1388 1204 1442 1259 in
1470 1202 1693 1261 homine

42 1297 431 1371 designavit,
462 1298 566 1354 nisi
616 1298 738 1369 quia
773 1297 987 1373 1328
1018 1296 1192 1353 Deum
1222 1296 1392 1352 novit.
1425 1295 1517 1353 Sic
1548 1298 1691 1353 enim

50 1391 263 1446 habes
297 1407 311 1445 :
346 1390 484 1460 Quid
524 1399 604 1446 est
628 1390 803 1453 homo,
826 1390 964 1459 quod
1003 1389 1271 1444 innotuisti
1299 1389 1347 1444 ei
1384 1397 1516 1444 :aut
1553 1388 1695 1458 [ilius

52 1484 361 1552 hominis,
409 1485 533 1553 quia
578 1491 845 1553 computes
891 1498 1012 1538 eum
1041 1480 1217 1554 (Psal.
1248 1495 1451 1550 CXLIII,
1499 1481 1597 1552 3)?
1637 1479 1695 1541 Si

54 1594 225 1651 ergo
249 1576 419 1634 David
450 1577 789 1633 insolentiam
819 1574 1068 1643 damnat,
1102 1573 1466 1630 humilitatem
1498 1573 1694 1645 induit,

58 1682 245 1730 recte
270 1673 324 1729 in
356 1672 583 1729 historia
625 1670 818 1728 uxoris
858 1669 1003 1730 Uria:
1031 1672 1410 1743 magisterium
1439 1669 1584 1727 istud
1613 1672 1697 1727 al-

60 1765 361 1822 fectandae
393 1764 714 1820 humilitatis
736 1765 1084 1822 adsciscitur.

1792 920 1907 993 ll).
1941 920 2063 977 Noli
2093 931 2273 977 tamen
2305 930 2455 977 tanto
2490 922 2770 993 negligens
2795 938 2920 979 esse
2950 924 3254 995 promisso;
3283 940 3391 980 non

1791 1015 1934 1071 enim
1962 1013 1988 1051 ι)
2016 1016 2133 1069 sine
2163 1014 2484 1070 deﬁnitione
2510 1014 2694 1070 datum
2719 1025 2821 1071 est.
2857 1016 2963 1072 Sed
2989 1017 3033 1071 si
3064 1016 3395 1074 custodieris

1792 1115 2207 1175 testamentum,
2237 1115 2295 1164 et
2327 1106 2633 1164 testimonia
2660 1108 2967 1165 servaveris
2994 1108 3238 1176 Domini,
3275 1125 3398 1180 qua:

1793 1201 1847 1257 in
1882 1200 2177 1274 Evangelia
2206 1216 2266 1258 se
2302 1201 2594 1271 pollicetur
2626 1216 2750 1258 esse
2778 1203 3085 1269 dicturum,
3119 1205 3214 1260 tibi
3258 1220 3397 1275 quo-

1794 1308 1901 1366 que
1918 1295 2075 1363 capia
2106 1294 2255 1351 sedis
2288 1292 2493 1365 patebit
2514 1304 2756 1350 :cternm.
2791 1294 2919 1353 llaec
2940 1296 3009 1353 de
3039 1313 3207 1354 uxore
3229 1296 3396 1354 Urias.

1869 1388 1961 1445 40.
2003 1387 2080 1444 De
2113 1387 2301 1445 Achab
2328 1398 2509 1444 autem
2542 1389 2675 1444 satis
2711 1390 2907 1457 claret,
2940 1390 3027 1446 cui
3076 1407 3213 1447 uxor
3240 1390 3402 1448 λεια-

1796 1482 1884 1539 bet
1915 1480 2022 1553 (Ill
2050 1481 2181 1555 Reg.
2220 1498 2329 1553 va,
2365 1482 2461 1555 51)
2494 1499 2508 1537 :
2549 1494 2605 1539 et
2636 1483 2706 1541 dc
2734 1482 2996 1541 .lt'chonia
3028 1485 3098 1541 de
3133 1502 3240 1557 quo
3270 1488 3404 1543 satis

1798 1576 2030 1633 idoneus
2053 1584 2244 1634 auctor
2265 1586 2352 1635 est
2382 1578 2704 1648 Hieremias,
2730 1579 2951 1634 maximi
2982 1595 3131 1637 reum
3162 1596 3285 1636 esse
3306 1580 3404 1636 de-

1801 1668 1916 1726 licti
1945 1686 1959 1725 :
1988 1670 2075 1726 cui
2098 1671 2259 1727 etiam
2293 1669 2439 1743 quod
2468 1670 2657 1728 habuit
2683 1687 2906 1739 nomen,
2936 1670 3157 1743 eripuit.
3189 1671 3257 1727 Et
3279 1671 3406 1728 ideo

1800 1765 1892 1837 qui
1940 1762 2187 1821 Joachim
2246 1767 2299 1820 iu
2343 1766 2655 1837 Regnorum
2696 1766 2851 1822 libris
2904 1767 3105 1823 dicitur
3136 1766 3239 1839 (IV
3269 1768 3405 1839 Reg.

152 1861 255 1917 58.
288 1861 354 1914 Et
376 1868 554 1917 tamen
578 1859 622 1914 si
647 1875 715 1914 ex
740 1874 803 1915 ea
835 1870 997 1914 natus
1024 1866 1110 1914 est
1137 1857 1230 1914 ille
1258 1856 1516 1928 paciﬁcus
1546 1855 1703 1913 Salo—
1730 1872 1780 1935 Β
1804 1873 1959 1926 xx",
1993 1857 2078 1931 1),
2106 1857 2402 1915 Jechouias
2427 1858 2496 1916 ab
2528 1857 2798 1915 Hieremia
2830 1868 2916 1916 est
2945 1860 3254 1917 nominatus
3276 1901 3291 1927 ,
3326 1862 3413 1917 di—

63 1968 242 2021 mon,
262 1953 546 2009 videamus
560 1967 630 2008 ne
641 1951 1114 2024 fortemysterium
1128 1953 1219 2019 sit,
1238 1951 1381 2021 quod
1400 1950 1615 2006 sublato
1638 1963 1703 2004 eo

61 2048 147 2103 de
172 2046 384 2114 medio,
410 2047 501 2118 qui
524 2055 650 2103 ante
672 2046 928 2119 conjugio
953 2061 1054 2102 suo
1083 2046 1301 2117 plebem
1325 2045 1566 2116 gentium
1586 2045 1704 2101 vin-

62 2142 341 2209 dicabat,
368 2141 460 2197 alii
493 2141 738 2198 Ecclesia
773 2142 890 2197 viro
920 2142 1191 2213 nupserit,
1223 2155 1353 2196 vero
1378 2140 1570 2197 David.
1602 2140 1704 2197 Da-

64 2237 173 2291 vid
204 2235 352 2293 enim
386 2247 610 2293 vocatus
661 2244 747 2292 est
788 2234 1079 2303 Christus,
1125 2235 1182 2292 in
1229 2235 1471 2306 parentis
1501 2248 1703 2291 nomen

62 2331 360 2398 adscitus,
389 2330 543 2401 juxta
569 2332 716 2403 quod
745 2331 1006 2402 scriptum
1035 2340 1119 2386 est
1144 2348 1159 2385 :
1184 2326 1368 2385 Inveni
1392 2327 1566 2385 David
1591 2345 1703 2385 ser-

67 2440 210 2480 vum
242 2441 413 2480 meum
440 2423 617 2498 (Psal.
649 2440 923 2493 uxxvtu,
949 2422 1079 2497 21);
1110 2425 1194 2480 cui
1222 2425 1407 2495 nupsit
1436 2423 1702 2492 Ecclesia,

67 2532 213 2587 quae
249 2515 415 2571 Verbi
441 2515 672 2581 semine,
706 2525 760 2571 et
790 2515 992 2586 Spiritu
1024 2515 1122 2571 Dei
1148 2513 1552 2586 plena,Cbristi
1579 2532 1705 2573 cor-

74 2625 197 2681 pus
221 2607 451 2676 effudit,
484 2608 749 2681 pepulum
782 2611 994 2665 scilicet
1024 2606 1417 2665 Christianum.
1452 2610 1552 2666 Est
1575 2625 1707 2680 ergo

74 2703 334 2769 mulier,
377 2717 497 2772 qua:
537 2700 760 2756 vivente
791 2701 909 2756 viro
946 2699 1167 2772 alligata
1196 2711 1280 2758 est
1314 2701 1421 2773 legi
1455 2720 1470 2756 ε
1498 2712 1556 2758 et
1585 2702 1707 2759 ideo

79 2805 355 2850 mortuus
379 2802 467 2849 est
495 2792 576 2849 vir
603 2793 759 2864 ejus;
790 2800 845 2848 ut
875 2809 984 2849 non
1011 2803 1158 2849 esset
1186 2794 1456 2861 adultera,
1488 2795 1533 2850 si
1563 2803 1708 2852 esset

81 2903 225 2943 cum
260 2885 368 2940 alio
399 2885 534 2939 viro.
560 2884 878 2955 Mysterium
904 2884 1073 2956 igitur
1103 2885 1157 2941 in
1188 2885 1356 2956 ﬁgura
1376 2925 1392 2951 ,
1425 2896 1708 2957 peccatum

86 2983 150 3037 in
198 2979 432 3035 historia
476 2978 679 3050 :culpa
720 2994 819 3051 per
862 2978 1177 3050 hominem,
1226 2990 1568 3038 sacramenta
1615 2997 1713 3052 per

83 3075 353 3132 verbum.
389 3074 466 3130 De
501 3089 605 3146 qua
636 3072 863 3130 historia
891 3072 1153 3145 quoniam
1180 3073 1307 3129 alibi
1336 3073 1549 3144 plenius
1568 3072 1711 3129 dixi-

89 3184 247 3231 mus,
276 3166 364 3222 Itic
389 3165 872 3221 trauscurrendum
896 3164 1134 3221 videtur.
1166 3164 1468 3236 Meritoque
1489 3176 1712 3222 sanctus

1808 1963 1967 2011 cente
1994 1967 2083 2019 co,
2112 1951 2357 2025 Abjectus
2383 1960 2455 2007 est
2479 1949 2761 2007 Jecltonias
2784 1962 2837 2008 ut
2863 1967 2974 2018 vas,
3001 1963 3023 1990 ο
3051 1968 3156 2009 non
3185 1964 3258 2008 est
3286 1969 3411 2010 usus

1810 2048 1863 2102 in
1894 2063 1988 2114 eo;
2009 2056 2221 2120 prepter
2245 2046 2383 2119 quod
2414 2046 2630 2120 1329
2650 2048 2916 2119 projeclus
2942 2054 3018 2103 est
3039 2047 3151 2118 ipse
3170 2087 3188 2117 ,
3212 2043 3239 2083 ἀ
3260 2059 3307 2101 et
3328 2062 3413 2102 se-

1808 2156 1926 2196 men
1963 2141 2097 2215 ejus.
2132 2139 2325 2211 Terra,
2360 2150 2529 2208 terra,
2561 2140 2687 2195 audi
2719 2145 2921 2196 verbum
2958 2140 3204 2208 Domini,
3248 2141 3415 2199 scribe

1808 2236 1978 2291 virum
2006 2236 2163 2291 istum
2204 2235 2538 2302 abdicatum;
2568 2234 2689 2306 quia
2722 2252 2822 2290 non
2849 2246 3089 2309 exsurget
3117 2253 3182 2293 ea.
3222 2236 3418 2294 semine

1808 2331 1921 2401 ejus
1944 2330 2129 2385 sedens
2156 2330 2207 2383 iu
2238 2327 2423 2384 throno
2452 2328 2623 2384 David
2641 2370 2659 2397 ,
2702 2330 2942 2401 princeps
2983 2329 3158 2385 adhuc
3186 2331 3241 2385 in
3268 2328 3418 2385 Iuda

1810 2425 2031 2499 (Jerem.
2073 2440 2220 2492 χιιι,
2251 2420 2468 2495 28-50).
2522 2423 2601 2480 Eo
2627 2423 2772 2481 enim
2823 2436 3086 2497 regnante
3111 2467 3128 2492 ,
3172 2424 3416 2481 Judaeum

1811 2518 2092 2592 Babylonii
2124 2524 2499 2584 vastaverunt,
2528 2532 2705 2588 neque
2733 2529 2922 2588 postea
2946 2533 3201 2590 umquam
3230 2517 3301 2574 de
3327 2533 3419 2575 se-

1811 2611 1962 2668 mine
1991 2612 2110 2682 ejus
2140 2625 2367 2681 regnum
2398 2610 2685 2682 quisquam
2718 2612 2770 2666 iu
2815 2610 3006 2667 Iudaea
3050 2617 3226 2682 potuit
3273 2611 3420 2667 obti—

1814 2720 1965 2761 nere.
2002 2706 2195 2759 Postea
2228 2703 2373 2761 enim
2419 2703 2650 2774 populus
2677 2703 2747 2758 de
2777 2702 3089 2772 captivitate
3115 2702 3375 2763 dimissus
3401 2745 3417 2772 ,

1814 2799 1916 2854 sub
1936 2796 2316 2853 sacerdotibus
2336 2806 2392 2852 et
2414 2795 2705 2852 tetrarchis
2733 2795 2854 2851 fuit.
2881 2794 3036 2853 Unde
3058 2796 3221 2852 etiam
3249 2810 3424 2869 usque

1815 2889 1882 2945 ad
1908 2889 2111 2945 Christi
2141 2887 2550 2959 generationem
2581 2902 2835 2945 mansere
2865 2888 3177 2955 tetrarchae,
3213 2904 3282 2945 ne
3312 2887 3421 2960 ipsi

1815 2980 2036 3053 quidem
2055 3023 2072 3049 ,
2102 2987 2361 3051 quantum
2392 2979 2621 3035 historia
2651 2979 2838 3047 docet,
2869 2981 3068 3053 regalis
3091 2981 3415 3054 dignitatem

1816 3076 2034 3146 generis
2063 3082 2434 3130 reservantes.

1889 3169 1979 3225 Μ.
2014 3167 2210 3225 Fertur
2231 3168 2375 3224 enim
2402 3166 2471 3224 ab
2504 3166 2609 3234 his,
2636 3166 2729 3240 qui
2758 3167 2874 3224 sive
2902 3170 3289 3240 argumentati,
3308 3171 3424 3229 sive

91 3260 274 3318 David
307 3259 375 3316 de
407 3257 507 3313 hac
537 3260 765 3313 hismria
807 3258 1095 3331 mysticum
1138 3259 1404 3330 psalmum
1440 3258 1709 3329 quinqua-
1738 3271 1784 3335 ρ
1819 3260 2145 3333 simpliciter
2187 3260 2481 3329 docentes,
2529 3261 2643 3318 sive
2668 3276 2800 3317 vere
2843 3271 3156 3319 astruentes
3181 3263 3426 3321 tradide-

89 3356 369 3428 gesimum
395 3355 615 3426 scripsit
637 3365 862 3425 prepter
891 3353 1167 3410 Bersabee
1195 3354 1441 3424 nuptias,
1471 3353 1660 3410 dicens
1687 3371 1702 3408 :

96 3448 170 3504 In
205 3448 492 3522 plurimum
532 3446 647 3502 lava
673 3463 754 3502 me
792 3445 855 3501 ab
898 3446 1159 3521 injustitia
1190 3464 1305 3501 mea
1328 3488 1344 3515 ,
1385 3457 1432 3502 et
1466 3464 1499 3500 a
1523 3446 1711 3502 delicto

97 3560 220 3598 meo
248 3544 443 3596 munda
469 3558 549 3596 me
575 3537 754 3612 (Psal.
782 3555 834 3604 ι,
867 3538 949 3612 4).
980 3538 1041 3595 Si
1068 3540 1405 3612 iniquitatem
1429 3553 1582 3594 suam
1616 3539 1710 3595 Dei

98 3638 317 3692 amicus
347 3635 628 3708 agnoscit,
661 3646 715 3690 et
743 3632 950 3690 meritis
998 3635 1110 3689 suis
1143 3634 1362 3689 obstare
1402 3632 1659 3689 delictum
1694 3651 1708 3688 :

99 3731 150 3789 si
202 3730 438 3802 denique
481 3729 593 3785 Deo
647 3744 708 3785 se
757 3743 1012 3800 peccasse
1057 3727 1380 3795 conﬁtetur;
1411 3743 1509 3783 cur
1558 3737 1611 3782 tu
1643 3726 1713 3783 de

102 3822 455 3882 confessione
500 3823 746 3879 criminis
773 3822 1068 3879 erubescas
1092 3862 1108 3889 ,
1138 3838 1262 3878 cum
1290 3821 1537 3877 criminis
1564 3836 1713 3878 com-

107 3929 380 3985 mentum,
413 3935 519 3974 nou
548 3916 824 3974 confessio
848 3917 919 3971 sit
944 3916 1178 3988 pudori?

188 4013 277 4070 39.
323 4012 466 4084 Ergo
487 4027 608 4068 cum
636 4010 803 4066 David
832 4008 1107 4065 Bersabee
1134 4007 1415 4069 historiam
1447 4022 1554 4062 non
1578 4022 1717 4077 prte-

112 4108 414 4167 termiserit
442 4106 497 4163 in
524 4106 636 4163 suis
668 4104 935 4171 Psalmis;
969 4115 1028 4159 ut
1058 4105 1111 4159 in
1146 4118 1209 4159 ea
1237 4101 1321 4158 vel
1354 4101 1676 4174 mysterium
1701 4140 1716 4167 ,

116 4203 207 4257 vel
232 4209 409 4256 actum
438 4198 693 4271 perfecta:
722 4196 1060 4269 poenitentia:
1084 4210 1183 4252 nos
1206 4194 1453 4259 doceret,
1479 4192 1606 4264 jure
1637 4191 1721 4245 vi-

118 4295 315 4352 demus
350 4292 511 4348 etiam
544 4292 597 4348 in
627 4289 1076 4365 generationibus
1106 4287 1406 4344 Dominicis
1439 4302 1547 4343 non
1580 4300 1721 4357 prasa

120 4388 460 4453 termissam;
488 4387 614 4458 quia
659 4393 716 4441 et
758 4384 875 4455 ipse
924 4380 1099 4438 David
1137 4381 1227 4454 qui
1259 4395 1380 4437 eam
1423 4378 1637 4450 accepit
1666 4378 1720 4433 in

122 4496 344 4539 uxorem
372 4478 504 4545 sibi,
532 4476 907 4553 generationis
940 4475 1238 4531 Dominicae
1268 4470 1569 4528 secundum
1603 4487 1723 4526 car-

125 4594 250 4635 nem
277 4590 579 4647 praecessor
600 4574 883 4629 asseritur.
904 4570 1073 4643 Cujus
1094 4568 1350 4641 Speciale,
1376 4579 1435 4625 ut
1456 4567 1719 4634 diximus,

1816 3366 1942 3411 runt
1969 3355 2149 3421 nobis,
2176 3355 2304 3428 quia
2335 3355 2559 3412 Idumaei
2598 3356 2841 3412 latrones
2874 3356 3202 3412 Ascalonem
3233 3355 3427 3414 urbem

1813 3451 2123 3509 Palaestina
2149 3452 2407 3524 ingressi,
2443 3450 2512 3508 de
2544 3452 2669 3507 fano
2710 3450 2981 3522 Apollinis
3012 3451 3156 3522 quod
3188 3452 3424 3509 vicinum

1814 3542 1986 3601 muris
2004 3543 2503 3614 erat,Antipatrum
2527 3543 2753 3600 llerodis
2780 3542 3065 3613 cujusdam
3095 3554 3117 3580 θ
3136 3543 3427 3602 llieroduli

1813 3640 1991 3697 ﬁlium
2025 3640 2170 3696 inter
2217 3640 2355 3695 alios
2381 3638 2662 3695 abduxere
2701 3638 3016 3709 captivum,
3044 3653 3208 3711 quem
3266 3650 3425 3709 pater

1815 3733 2094 3790 redimere
2144 3741 2366 3805 prepter
2415 3741 2795 3804 paupertatem
2848 3730 3115 3801 nequivit.
3172 3731 3220 3784 ls
3262 3730 3431 3803 igitur

1818 3825 2065 3882 imbutus
2092 3824 2396 3895 disciplinis
2426 3834 2483 3879 et
2508 3823 2784 3897 mysteriis
2809 3820 3147 3889 Judazorum,
3179 3822 3432 3895 Hyrcano

1817 3917 2021 3976 .ludzea:
2054 3918 2165 3989 regi
2191 3916 2427 3972 amicitia
2454 3917 2764 3987 copulatur,
2793 3929 2954 3986 quem
2976 3930 3074 3984 pro
3092 3928 3152 3970 se
3171 3916 3236 3970 ad
3260 3914 3426 3972 Pom-

1823 4013 2002 4084 peium
2036 4011 2318 4083 Hyrcanus
2341 4011 2577 4082 legatum
2600 4009 2841 4066 direxit:
2896 4021 2952 4068 ct
2980 4013 3106 4082 quia
3135 4010 3424 4083 legationis

1824 4105 2001 4162 fructu
2027 4104 2229 4174 potitus
2260 4115 2368 4171 est,
2402 4119 2501 4176 per
2521 4119 2642 4159 eam
2670 4104 2901 4177 gratiam
2933 4114 3138 4177 partetn
3171 4107 3323 4177 regni
3349 4107 3430 4162 af-

1822 4199 2068 4256 fectavit.
2103 4197 2298 4254 Occiso
2327 4208 2511 4254 autem
2563 4197 2856 4267 Antipatro
2888 4208 3114 4271 propter
3153 4199 3431 4258 felicitatis

1826 4290 2111 4357 invidiam,
2137 4290 2281 4347 illius
2308 4291 2426 4363 ejus
2450 4289 2693 4348 llerodes
2715 4299 2903 4362 postea
2925 4291 3029 4349 sub
3051 4295 3292 4351 Antonio
3342 4309 3429 4352 se-

1828 4384 2247 4441 natusconsulto
2272 4382 2479 4441 ludatis
2508 4398 2740 4457 regnare
2788 4397 3097 4457 praeceptus
3122 4399 3226 4444 est.
3257 4388 3431 4461 Cujus

1828 4477 2071 4534 Herodes
2117 4477 2258 4535 ﬁlius
2302 4488 2359 4534 et
2398 4478 2490 4534 alii
2539 4476 2855 4535 tetrarchae.
2906 4476 2927 4517 ί
2980 4479 3134 4548 Quod
3187 4481 3310 4539 ideo
3359 4500 3427 4539 ex

1826 4571 2137 4630 Graecorum
2158 4571 2399 4628 historiis
2432 4572 2739 4644 putavimus
2761 4572 3219 4647 transferendum,
3247 4587 3304 4633 ut
3326 4579 3433 4635 cla-

126 4676 408 4737 merltum;
442 4676 500 4726 ut
528 4667 788 4725 Ecclesia:
819 4667 871 4723 in
909 4665 1013 4721 hoc
1041 4665 1303 4738 mysterio
1328 4664 1540 4719 videret
1560 4677 1720 4719 exor—
1746 4667 1795 4728 ι)
1824 4672 1942 4721 reat
1969 4662 2238 4719 Herodem
2270 4663 2420 4719 nullo
2464 4662 2679 4719 afﬁnem
2706 4666 2891 4736 generi
2943 4665 3258 4724 Judaorum
3284 4711 3301 4738 ,
3335 4688 3426 4729 rc-

127 4776 262 4831 tum,
287 4772 340 4819 et
366 4762 633 4833 acciperet
654 4760 936 4817 oraculum
968 4758 1112 4831 quod
1136 4774 1199 4813 ex
1228 4774 1328 4813 suo
1351 4756 1603 4813 Christus
1627 4773 1718 4830 ge-

132 4872 258 4915 nere
299 4865 634 4912 nasceretur.
666 4853 916 4911 Alterum
959 4855 1104 4909 enim
1150 4851 1218 4908 ad
1249 4851 1551 4910 Ecclesiam
1598 4868 1725 4924 per-

207 5035 234 5065 ι
268 5025 467 5081 Omnes
487 5023 646 5090 edit.,
673 5022 743 5078 ad
764 5021 1023 5077 Dominiei
1049 5020 1281 5094 corporis
1310 5020 1722 5093 susceptionem;

139 5114 322 5157 omnes
349 5112 605 5161 mss.,....
637 5096 965 5168 sponsionem
974 5138 983 5168 τ

206 5170 235 5209 ι)
271 5170 429 5226 Rom.
479 5168 612 5224 edit.
633 5165 673 5234 ,⁷
692 5168 806 5222 sine
833 5166 1148 5223 conditione.
1179 5165 1319 5223 Alite
1348 5178 1415 5222 ac
1443 5178 1575 5220 mss.
1604 5179 1723 5219 om-

144 5239 741 5324 nes,.sine.deﬁnitione.
773 5234 880 5294 Sed
909 5236 1002 5294 hic
1032 5238 1314 5310 utriusque
1341 5236 1535 5294 eadem
1559 5236 1722 5308 plane

142 5312 453 5386 signiﬁcatio
478 5321 585 5367 est.

213 5396 235 5426 ο
274 5384 431 5440 Rom.
454 5384 589 5439 edit.
614 5397 738 5436 cum
760 5379 972 5436 duobus
994 5388 1088 5434 aut
1113 5381 1287 5437 tribus
1306 5379 1534 5435 omnino
1559 5393 1690 5434 mss.
1705 5418 1721 5446 ,

148 5462 293 5533 cujus
309 5473 411 5511 non
449 5466 523 5533 es_t
547 5471 673 5533 usus
697 5455 753 5507 in
780 5469 872 5533 eet!
907 5466 1045 5533 unus
1072 5467 1164 5533 aut
1188 5453 1329 5508 alter
1350 5493 1365 5518 ,
1395 5452 1482 5507 cui
1518 5467 1621 5533 non
1648 5459 1724 5506 est

148 5522 259 5585 usus
280 5530 331 5583 in
378 5544 455 5582 eo.
486 5525 655 5581 Patth
685 5535 809 5590 post
833 5522 997 5580 Curb.
1040 5523 1220 5585 solus,
1254 5534 1302 5578 et
1336 5540 1508 5579 semen
1548 5525 1662 5590 eius
1692 5539 1723 5576 a

149 5613 295 5657 terra.
320 5600 497 5663 'Audi,
525 5609 629 5654 etc.
665 5594 706 5651 F
710 5599 786 5652 ul.
805 5638 821 5663 ,
848 5606 896 5651 et
917 5611 1085 5650 semen
1121 5597 1234 5669 ejus
1256 5596 1309 5650 in
1340 5606 1499 5651 terra.
1537 5594 1723 5669 Terra,

150 5673 281 5739 audi,
309 5680 413 5725 etc.
435 5669 722 5726 Posuemo
753 5669 926 5737 major
949 5682 1013 5722 ac
1042 5666 1219 5738 podor
1248 5684 1372 5737 pars
1396 5682 1555 5739 mss.,
1580 5666 1724 5737 prin-

154 5737 277 5817 ceps.
312 5743 491 5797 Adhuc
531 5752 590 5797 eo
642 5741 779 5797 enim
805 5737 1089 5814 regnante;
1121 5747 1228 5795 tres
1254 5779 1269 5806 ,
1302 5740 1356 5794 in
1380 5737 1571 5795 ludam
1607 5752 1725 5811 reg-

155 5825 315 5879 nante,
340 5826 447 5871 etc.

220 5886 242 5924 ει
264 5884 486 5956 Quidam
518 5902 676 5955 mss.,
706 5895 751 5941 et
782 5901 950 5942 semen
976 5883 1087 5957 ejus
1115 5900 1147 5939 a
1176 5889 1329 5939 terra.
1379 5880 1534 5952 Audi,
1578 5891 1682 5939 etc.

1826 4775 1993 4830 gnum
2015 4757 2319 4814 adulterina
2343 4756 2536 4813 fraude
2565 4756 2851 4830 quaesisse.
2902 4759 3146 4833 Denique
3174 4763 3429 4823 conscius

1829 4849 2187 4922 ignobilitatis
2211 4863 2347 4919 suae,
2403 4865 2472 4906 ne
2495 4865 2601 4924 qua
2632 4851 2869 4923 posteris
2914 4854 3029 4910 suis
3057 4855 3139 4911 vel
3185 4854 3254 4913 de
3284 4875 3430 4930 prae-

1907 5027 1931 5101 ξ
1962 5016 2264 5087 Hierodnti,
2297 5018 2402 5075 hoc
2430 5029 2534 5087 est,
2562 5021 2707 5101 servi
2734 5036 2834 5101 seu
2856 5024 3095 5083 ministri
3142 5029 3424 5101 cujusdam

1829 5090 1962 5169 tedis
1988 5105 2160 5146 sacrae
2181 5130 2197 5158 ,
2242 5101 2385 5169 pu_ta_
2420 5094 2683 5163 custodis,
2712 5102 2773 5149 ut
2818 5090 3252 5169 interpretantur
3299 5090 3425 5164 cod.

1827 5163 1989 5222 Colb.
2017 5178 2182 5229 unus,
2212 5161 2268 5219 et
2288 5161 2409 5220 Ful.

1905 5230 1925 5273 ί
1960 5234 2086 5313 Haec
2105 5235 2295 5292 iisdem
2315 5251 2454 5313 pene
2484 5235 2665 5293 verbis
2686 5236 2942 5313 leguntur
2960 5243 3099 5313 apud
3128 5244 3426 5310 Eusebium

1833 5305 1931 5364 lib.
1961 5322 1978 5362 ι
2009 5309 2136 5362 hist.
2174 5305 2377 5389 cap._'7,
2411 5308 2566 5389 isque
2594 5305 3033 5389 eauex'Africau'o
3058 5305 3430 5389 desumpsisse

1830 5393 1892 5434 se
1920 5389 2191 5454 testatn_r_:
2223 5379 2337 5454 sed
2359 5380 2604 5454 narratio
2634 5380 2724 5435 illa
2756 5392 2813 5436 ut
2852 5398 3079 5454 prorsus
3110 5379 3350 5446 fabulosa
3373 5379 3432 5451 et

1830 5450 2207 5527 commentitia
2240 5450 2732 5527 rejicitur_;_neque
2756 5450 2983 5514 omnino
3006 5459 3264 5527 probatur
3293 5450 3429 5522 Am;

1830 5520 2039 5606 ιηιοςδὶοζ
2069 5522 2341 5606 Craterum
2372 5537 2469 5577 cur
2498 5523 2584 5578 hic
2608 5520 2761 5606 tanto
2789 5529 2970 5606 studio
3007 5520 3076 5585 de
3110 5530 3309 5589 Christi
3337 5520 3432 5606 ge‘

1831 5594 2432 5674 ncalngia.diSp_utetur
2456 5610 2613 5674 ,“non
2653 5597 2759 5674 alia
2809 5600 3025 5674 videtur
3071 5618 3194 5658 esse
3222 5594 3381 5661 causa
3408 5647 3425 5674 ,

1829 5661 2065 5749 quatn'ut
2080 5661 2258 5749 Judaei
2268 5676 2321 5749 et
2334 5668 2581 5749 gentiles.
2597 5668 2688 5738 qui
2710 5683 2830 5749 cum
2853 5668 3076 5749 Juliano
3095 5661 3426 5749 apudCyril:

1831 5737 2053 5811 libs-In
2079 5746 2134 5793 et
2190 5737 2312 5793 aliis
2339 5737 2476 5795 locis
2520 5737 2973 5811 evangeltsutrum
3026 5737 3428 5807 dissensionem

1828 5809 2149 5867 Christianis
2170 5826 2465 5881 numquam
2498 5826 2604 5866 non
2623 5809 2968 5882 objieiehant,
2992 5815 3422 5876 revincereutur.
