4156 6346
551 305 686 365 16οῚ

1895 305 2141 364 SANCTI
2177 305 2500 365 AMBROSII

3719 319 3741 377 i
3752 319 3855 378 608

545 429 751 498 scripto
783 428 955 485 veteri
998 430 1230 500 quaestio
1259 437 1596 496 moveretur,
1622 429 1924 500 scripturas
1955 447 2144 486 eorum
2175 440 2229 502 Α
2253 445 2348 499 ego
2375 445 2488 483 sum
2515 445 2608 485 rea:
2649 429 2831 502 (Ioan.
2863 448 3016 503 xvtu,
3047 434 3162 508 57).
3191 435 3464 509 Numquid
3487 452 3618 512 ergo
3659 447 3714 494 ot
3740 439 3856 509 ipse

546 520 810 588 incendit,
838 521 1138 577 exstimans
1167 522 1308 592 quod
1354 523 1399 578 si
1457 522 1658 578 indicia
1689 523 1758 578 de
1787 523 2004 593 publico
2030 539 2150 578 sus-

545 611 786 680 tulisset,
827 614 992 670 nullis
1011 615 1132 670 aliis
1167 616 1492 671 testimoniis
1521 616 1732 672 clarere
1761 625 1984 687 posset,
2021 617 2150 687 quin

544 706 614 764 de
650 711 1083 779 patriarcharum
1112 709 1196 766 vel
1240 709 1637 782 proselytorum
1667 723 1909 767 veterum
1949 724 2150 782 genere

544 800 887 859 demanaret.
921 801 1029 859 Sed
1061 813 1119 858 ut
1150 802 1409 874 pleraque
1425 819 1574 859 cura:
1607 805 1856 859 humanm
1883 813 2034 870 sunt,
2059 817 2152 859 co-

541 897 770 968 gnitioni
812 897 917 952 hoc
957 905 1012 953 et
1060 896 1298 969 indagini
1344 897 1588 954 veritatis
1637 898 1992 970 przejudicare
2037 913 2147 952 non

547 991 744 1061 potuit.

612 1084 702 1139 42.
731 1083 808 1141 Ne
841 1084 999 1142 nobis
1027 1094 1206 1143 tamen
1229 1087 1400 1158 possit
1429 1085 1782 1158 prmjudicare
1825 1084 2104 1141 videamus
2127 1125 2143 1152 ,

541 1180 630 1251 qui
663 1181 776 1236 veri
809 1181 1117 1254 regalisque
1146 1183 1366 1254 generis
1397 1181 1630 1238 dicimus
1650 1179 1951 1246 Christum,
1976 1189 2030 1236 et
2053 1194 2148 1250 per

544 1289 706 1330 veros
735 1283 790 1330 et
821 1275 1035 1333 nobiles
1061 1291 1219 1344 reges
1239 1285 1418 1332 actum
1451 1275 1664 1332 Domini
1692 1291 1885 1347 genus.
1919 1274 2026 1331 Sed
2057 1272 2146 1330 ubi

541 1369 852 1426 adulterina
875 1385 1102 1442 regnum
1129 1369 1403 1427 all'ectavit
1432 1385 1671 1442 prepago
1697 1413 1710 1437 ,
1740 1369 2144 1426 successionem

542 1461 844 1518 nobilitatis
872 1479 1008 1530 suae,
1043 1479 1152 1520 non
1184 1464 1460 1534 potentim,
1487 1463 1582 1519 sed
1610 1462 1980 1534 generationis
2009 1461 2146 1516 ordo

544 1559 799 1613 servavit.
845 1553 1049 1612 Tamen
1096 1557 1272 1629 ipsum
1313 1571 1497 1629 regem
1530 1556 1830 1612 secundum
1877 1555 2145 1612 honorem

537 1651 729 1708 saeculi
760 1666 864 1706 non
893 1650 1207 1722 accepimus
1247 1650 1546 1706 Christum.
1580 1649 1868 1720 Quomodo
1901 1666 2032 1722 ergo
2061 1649 2146 1705 Ea:

535 1745 714 1814 fructu
758 1745 948 1799 ventris
993 1745 1069 1799 tui
1117 1761 1307 1814 ponant
1345 1761 1506 1814 super
1543 1744 1717 1799 sedem
1758 1754 1900 1798 tuam
1944 1742 2140 1818 (Psal.

537 1850 639 1892 cxx
652 1853 718 1904 si,
743 1836 859 1906 il)?
875 1837 1159 1907 Quomodo
1177 1848 1230 1894 et
1247 1838 1472 1910 angelus
1491 1837 1556 1894 de
1574 1855 1639 1895 eo
1658 1839 1812 1906 dicit,
1825 1836 1970 1908 quod
1985 1835 2144 1892 Dabit

537 1929 618 1985 illi
640 1929 901 1987 Dominus
927 1930 1071 1988 Deus
1096 1933 1267 1987 sedem
1303 1932 1470 1987 David
1498 1935 1661 2005 patris
1690 1934 1774 1988 sui
1797 1975 1814 2000 ,
1839 1944 1884 1987 et
1908 1933 2140 2003 regnabit

533 2023 587 2080 in
616 2025 774 2082 domo
797 2026 962 2082 Iacob
1020 2028 1173 2101 (Luc.
1208 2044 1247 2097 ι,
1281 2029 1403 2100 52)?
1430 2028 1716 2098 Quomodo
1744 2043 1976 2100 regnare
2009 2043 2138 2099 pro-

539 2119 772 2175 mittitur
798 2163 814 2188 ,
847 2136 949 2176 nec
984 2122 1335 2178 ostenditur?
1369 2126 1474 2178 Aut
1505 2122 1780 2194 quomodo
1823 2137 1888 2178 ex
1931 2121 2141 2177 semine

536 2213 818 2272 Iechonite
841 2217 1022 2273 nullus
1048 2225 1372 2290 regnaturus
1400 2218 1602 2274 dicitur
1647 2234 1745 2289 per
1773 2219 2092 2289 pr0pbetam
2118 2218 2139 2272 ?

533 2305 590 2366 Si
619 2310 764 2365 enim
815 2309 1064 2368 Christus
1089 2313 1361 2383 regnavit,
1392 2329 1458 2367 ex
1486 2312 1696 2368 semine
1727 2321 1910 2368 autem
1941 2310 2137 2367 Ieclio-

535 2403 640 2460 nia:
669 2405 922 2463 Christus
969 2418 1088 2474 est,
1135 2407 1396 2478 propheta
1427 2408 1686 2463 mentitus
1731 2418 1856 2474 est,
1916 2404 2140 2462 mentita

529 2507 654 2554 sunt
680 2509 734 2555 et
778 2499 1019 2556 oracula.
1053 2499 1162 2558 Sed
1191 2500 1305 2556 illic
1336 2500 1548 2556 futuros
1577 2516 1646 2557 ex
1696 2500 1906 2556 semine
1933 2497 2134 2555 .Ieeho-

536 2592 640 2650 nia:
684 2604 933 2665 posteros
983 2609 1091 2651 non
1123 2606 1383 2667 negatur;
1417 2605 1471 2652 et
1499 2596 1623 2652 ideo
1663 2595 1730 2652 de
1784 2594 1990 2651 semine
2020 2593 2140 2664 ejus

534 2697 619 2745 est
647 2687 936 2745 Christus:
970 2698 1026 2746 et
1053 2688 1196 2759 quod
1227 2689 1472 2760 regnavit
1499 2688 1774 2754 Christus,
1809 2703 1918 2743 non
1947 2696 2138 2742 contra

530 2784 873 2855 prephetiam
901 2793 1132 2847 est;non
1159 2783 1306 2839 enim
1335 2783 1587 2840 saiculari
1620 2783 1829 2838 honore
1855 2780 2130 2852 regnavit,

532 2894 634 2937 nec
648 2879 702 2934 in
725 2879 1003 2936 Ieehonia:
1015 2878 1238 2935 sedibus
1251 2877 1412 2944 sedit,
1429 2877 1524 2934 sed
1540 2877 1788 2948 regnavit
1809 2875 1861 2930 in
1878 2873 2009 2931 sede
2035 2875 2138 2928 Da-

534 2975 645 3032 vid.
673 2975 886 3049 1330
901 2975 1196 3031 45.Verum
1214 2989 1336 3029 cum
1353 2973 1469 3045 ipse
1488 2973 1780 3030 Jechonias
1801 2968 2138 3043 Davidjsede-

430 3085 437 3090 ·
530 3069 601 3125 rit
629 3070 837 3135 sedem,
872 3067 1324 3140 quemadmodum
1354 3067 1590 3124 solvitur
1619 3065 1763 3138 quod
1798 3065 2001 3122 dictum
2027 3071 2131 3129 est,

533 3165 656 3236 quia
698 3164 870 3220 David
903 3163 1088 3220 sedem
1116 3163 1394 3220 Jechoniae
1443 3162 1646 3234 posteri
1684 3177 1793 3216 non
1824 3159 2089 3216 sedebnut
2116 3199 2130 3226 ,

527 3272 652 3314 cum
695 3257 889 3314 eadem
920 3256 1082 3313 sedes
1114 3257 1281 3312 inisse
1307 3255 1556 3312 videatur
1585 3252 1918 3309 amborum?
1949 3252 2132 3322 Itaque

530 3361 588 3408 et
619 3367 720 3409 nos
742 3351 930 3408 sedem
965 3350 1130 3406 David
1185 3351 1353 3406 fuisse
1400 3365 1597 3420 negare
1645 3365 1752 3405 non
1808 3361 2128 3420 possumus;

530 3459 637 3502 non
663 3445 910 3501 eamdem
925 3452 1108 3500 tamen
1127 3444 1268 3516 regis
1291 3443 1456 3499 David
1477 3443 1661 3500 sedem
1679 3442 1952 3508 Christus,
1971 3455 2131 3512 quam

526 3538 821 3597 Jechonias
850 3539 987 3595 sedit
1008 3539 1227 3611 ;.immo
1251 3554 1351 3595 nec
1377 3541 1664 3610 quisquam
1695 3536 1836 3592 alius
1862 3553 1934 3593 ex
1965 3551 2133 3606 gene-

529 3651 590 3694 re
618 3637 784 3692 David
809 3635 993 3693 sedem
1028 3635 1146 3707 ejus
1173 3634 1349 3707 potuit
1385 3637 1582 3691 sedere
1608 3675 1624 3702 ,
1649 3649 1808 3706 quam
1839 3633 2088 3691 Christus
2114 3647 2128 3698 ;

529 3735 655 3803 quia
689 3745 790 3788 uec
818 3731 873 3787 in
921 3731 1032 3786 alio
1079 3745 1265 3787 semen
1287 3729 1408 3800 ejus
1459 3739 1722 3785 mternnm
1752 3739 1874 3793 est,
1933 3725 2030 3783 sed
2076 3728 2129 3780 in

526 3823 779 3890 Christo,
827 3823 968 3880 sicut
999 3823 1142 3880 Deus
1187 3823 1302 3895 ipse
1324 3821 1773 3892 juravitdicens:
1833 3821 2004 3876 Semel
2036 3823 2130 3894 jn-

523 3919 635 3974 ravi
665 3925 692 3956 ³
717 3919 772 3972 in
799 3928 977 3974 sancto
1003 3934 1136 3988 meo,
1168 3918 1212 3974 si
1239 3915 1411 3971 David
1439 3915 1656 3970 mentiar
1675 3957 1690 3982 ,
1715 3930 1889 3969 semen
1920 3915 2032 3984 ejus
2075 3913 2128 3967 in

527 4024 776 4069 teternum
817 4012 1057 4080 manebit,
1091 4023 1136 4068 et
1162 4010 1308 4066 sedes
1343 4010 1454 4082 ejus
1484 4010 1616 4065 sicut
1646 4012 1724 4064 sol
1751 4009 1805 4092 in
1855 4017 2128 4079 conspectu

526 4123 637 4164 meo
667 4106 843 4179 (Psal.
877 4122 1143 4173 Lxsxvut,
1169 4103 1337 4162 ὅδε-58
1360 4103 1402 4177 ).
1441 4105 1615 4173 Quem
1649 4104 1812 4175 igitur
1840 4101 1971 4158 dicit
1997 4101 2128 4156 hic?

525 4199 641 4260 Non
670 4204 1014 4260 Salomonem
1045 4201 1251 4271 utique,
1284 4215 1391 4254 non
1425 4199 1665 4256 Roboam
1689 4243 1702 4266 ,
1738 4215 1844 4254 non
1873 4197 2086 4254 Nathan
2111 4238 2125 4263 ,

524 4300 620 4358 sed
653 4299 803 4356 illum
825 4298 895 4354 de
925 4313 1032 4367 quo
1059 4295 1178 4352 solo
1209 4302 1387 4366 potest
1417 4293 1638 4350 dicere:
1674 4293 1875 4349 Ponant
1904 4294 1956 4348 in
1995 4293 2127 4346 mari

523 4411 729 4451 manum
755 4397 888 4467 ejus,
912 4403 958 4448 et
987 4392 1039 4448 in
1073 4389 1369 4462 ﬂuminibus
1391 4390 1654 4444 dexteram
1676 4391 1810 4460 ejus.
1833 4387 1860 4441 1
1868 4405 1957 4459 pse
1980 4389 2126 4442 invo-

522 4489 657 4546 cabit
680 4505 778 4556 me,
801 4487 961 4543 Pater
989 4503 1128 4542 meus
1151 4503 1205 4542 es
1227 4495 1279 4540 tu
1298 4483 1490 4556 (lbid.,
1513 4484 1586 4539 26
1601 4493 1648 4539 et
1676 4483 1770 4555 27)
1795 4500 1814 4550 ;
1845 4492 1901 4539 et
1922 4482 2122 4537 Ponant

524 4583 578 4638 in
621 4584 866 4639 sarculum
893 4582 1069 4638 steculi
1110 4597 1278 4637 semen
1301 4581 1412 4652 ejus
1433 4621 1447 4645 ,
1503 4589 1550 4634 et
1581 4580 1824 4634 thronum
1850 4580 1962 4652 ejus
1990 4577 2122 4632 sicut

2172 1871 2220 1932 Β

2254 524 2516 579 mentitus
2546 534 2651 590 est,
2683 525 2804 596 quia
2828 542 3059 598 regnare
3083 544 3143 586 se
3170 531 3331 595 dixit,
3363 532 3456 602 qui
3480 547 3587 588 non
3614 532 3858 604 regnavit

2252 612 2307 670 in
2341 617 2542 672 terris?
2565 617 2853 686 Quomodo
2875 619 3158 694 Scriptura
3192 624 3445 695 solvitur,
3470 641 3593 698 qua:
3625 641 3856 698 regnare

2251 721 2374 764 eum
2408 708 2563 774 dicit,
2597 722 2649 766 et
2683 727 2916 783 regnare
2942 729 3050 770 non
3078 717 3324 772 astruit?

2321 804 2413 860 44.
2447 806 2503 861 ln
2530 807 2821 880 abruptum
2847 809 3232 881 disputationis
3263 815 3544 878 venimus,
3578 815 3849 875 haeremus

2251 895 2303 950 in
2346 897 2484 952 vado
2505 938 2522 965 ,
2555 909 2610 955 et
2634 901 2866 970 quodam
2896 904 3142 961 veritatis
3192 907 3474 980 naufragio
3501 907 3846 967 ﬁuctuamus.

2249 989 2570 1047 Excitemus
2599 992 2765 1064 igitur
2793 995 3095 1065 Christum,
3116 998 3293 1069 ipsum
3316 1000 3743 1074 interrogemus,
3770 1003 3854 1074 ip-

2248 1097 2310 1140 se
2357 1085 2708 1155 respondeat.
2746 1086 3152 1162 lnterrogemus
3173 1091 3509 1164 Scripturas.
3542 1095 3853 1153 Invenimus

2252 1178 2376 1248 quia
2398 1195 2621 1250 regnum
2649 1181 2862 1238 Domini
2889 1199 2998 1239 non
3023 1197 3104 1240 est
3133 1185 3199 1241 de
3213 1185 3314 1242 hoe
3327 1187 3552 1253 mundo;
3573 1190 3687 1260 ipse
3705 1189 3850 1245 enim

2248 1269 2412 1327 dixit:
2441 1271 2674 1346 Regnum
2701 1291 2864 1331 meum
2888 1293 2991 1332 non
3014 1288 3087 1332 est
3109 1278 3172 1332 de
3194 1280 3291 1334 hoc
3312 1281 3504 1336 mundo
3522 1279 3581 1352 (1
3586 1282 3716 1351 bid.,
3737 1282 3848 1352 56).

2248 1365 2347 1435 Qui
2375 1367 2508 1424 dicit
2535 1384 2644 1424 non
2675 1383 2796 1426 esse
2826 1369 2894 1426 de
2929 1374 3030 1427 hoc
3060 1373 3263 1428 mundo
3294 1389 3519 1445 regnum
3551 1388 3732 1442 suum,
3765 1390 3854 1431 os-

2251 1459 2424 1514 tendit
2452 1475 2574 1516 esse
2596 1475 2759 1532 supra
2793 1463 3075 1519 mundum.
3125 1464 3200 1519 Ita
3235 1473 3290 1520 et
3310 1475 3427 1521 erat
3457 1481 3680 1538 regnum
3706 1465 3848 1537 ejus,

2248 1560 2303 1608 et
2329 1568 2436 1607 non
2476 1562 2630 1608 erat:
2663 1569 2770 1610 non
2816 1563 2935 1612 erat
2976 1557 3028 1612 in
3059 1557 3284 1626 sateulo,
3331 1568 3446 1614 erat
3475 1574 3638 1630 supra
3665 1574 3852 1616 saucu-

2247 1647 2378 1702 lum.
2416 1647 2548 1703 Erat
2574 1664 2702 1720 ergo
2722 1665 2945 1722 regnum
2970 1651 3117 1707 aliud
3149 1652 3262 1708 veri
3296 1651 3496 1720 David,
3527 1652 3673 1724 quod
3701 1653 3850 1710 solus

2247 1740 2495 1798 Christus
2523 1745 2762 1814 accepit:
2797 1754 2853 1801 et
2877 1757 2994 1802 erat
3016 1761 3201 1804 semen
3233 1747 3376 1803 aliud
3407 1746 3598 1812 David,
3626 1747 3850 1820 quodin

2248 1841 2510 1888 aeternum
2540 1845 2744 1900 manet,
2765 1835 2836 1890 de
2859 1852 2968 1907 quo
2991 1836 3142 1893 solus
3165 1850 3458 1910 generatus
3478 1836 3848 1906 estCln-istus,

2248 1925 2339 1996 qui
2369 1928 2516 1982 solus
2548 1942 2708 1983 verus
2735 1927 2877 1984 titius
2904 1929 3072 1986 David
3101 1973 3115 1997 ,
3142 1931 3297 2004 cujus
3327 1932 3490 1988 etiam
3541 1931 3692 1988 solus
3745 1949 3848 1988 no-

2247 2035 2373 2077 men
2413 2021 2662 2092 accepit,
2712 2022 2864 2093 juxta
2887 2025 3031 2094 quod
3060 2027 3316 2098 scriptum
3346 2037 3472 2083 est:
3501 2024 3683 2082 Inveni
3736 2023 3851 2081 Da-

2247 2114 2331 2171 vid
2358 2131 2560 2169 servum
2590 2132 2777 2182 meum,
2799 2117 2852 2171 in
2886 2118 2997 2174 oleo
3014 2131 3193 2175 sancto
3219 2137 3329 2176 meo
3357 2121 3484 2175 tinxi
3511 2121 3665 2191 eum(
3695 2119 3847 2176 Psal.

2245 2223 2506 2276 Lxxxvni,
2539 2207 2656 2281 21).
2684 2209 2839 2278 Quod
2890 2213 3078 2285 utique
3110 2229 3217 2269 non
3241 2213 3310 2270 de
3339 2215 3604 2286 propheta
3639 2213 3843 2282 David,

2245 2301 2340 2357 sed
2387 2302 2456 2357 de
2489 2302 2716 2358 Domino
2761 2303 2866 2361 dici
2900 2307 3186 2378 praamissa
3220 2309 3536 2377 declarant;
3584 2311 3849 2382 scriptum

2244 2404 2328 2449 est
2355 2394 2500 2448 enim
2529 2410 2542 2447 :
2576 2393 2744 2450 Posui
2768 2396 3092 2468 adjutorium
3119 2416 3276 2470 super
3299 2410 3557 2472 potentem
3576 2443 3591 2470 ,
3621 2411 3670 2456 et
3699 2404 3848 2458 exal-

2245 2487 2346 2541 tavi
2398 2489 2618 2543 electum
2666 2489 2731 2544 de
2755 2493 2945 2564 p0pulo
2979 2509 3088 2548 meo
3121 2491 3312 2565 (lbid.,
3339 2493 3459 2563 20).
3490 2494 3652 2551 Solus
3697 2496 3848 2552 etiim

2247 2592 2465 2654 potens,
2499 2577 2892 2644 sulus‘electus
2919 2598 3002 2644 est
3031 2586 3302 2644 Christus.
3332 2588 3658 2646 Sanctorum
3695 2592 3846 2648 enim

2244 2677 2421 2746 majus
2447 2678 2500 2732 in
2523 2677 2825 2751 iide,quam
2848 2680 3271 2753 iugenerationc
3294 2697 3482 2740 semen
3500 2693 3604 2741 est.
3627 2685 3698 2741 Et
3722 2685 3849 2742 ideo

2242 2769 2538 2842 Apostolus
2571 2793 2583 2829 :
2619 2774 2680 2832 Si
2730 2777 2868 2831 enint
2902 2777 2993 2848 qui
3036 2793 3100 2833 ea:
3141 2778 3244 2848 ﬁde
3291 2787 3411 2834 sunt
3438 2821 3452 2846 ,
3509 2779 3563 2834 hi
3589 2779 3688 2851 ﬁlii
3725 2791 3847 2838 sunt

2245 2866 2488 2924 Abrahte.
2523 2869 2723 2941 (Galat.
2757 2887 2837 2938 in,
2864 2872 2943 2945 7).

2314 2959 2407 3017 45.
2439 2963 2573 3018 illud
2605 2980 2821 3037 quoque
2845 2981 2952 3022 non
2986 2969 3506 3038 praetermittendum
3550 2978 3797 3041 putamus
3827 3012 3842 3038 ,

2241 3055 2387 3126 quod
2421 3074 2449 3111 a
2485 3058 2655 3114 David
2687 3060 3019 3130 temporibus
3049 3077 3222 3133 usque
3250 3062 3318 3119 ad
3345 3063 3662 3121 Jecboniam
3689 3108 3706 3133 ,
3738 3066 3845 3125 hoc

2241 3160 2348 3218 est,
2382 3167 2551 3225 usque
2588 3154 2655 3210 ad
2684 3156 3054 3226 captivitatem
3083 3199 3098 3225 ,
3127 3173 3250 3214 eum
3281 3159 3472 3217 decem
3522 3169 3578 3216 et
3627 3168 3843 3232 septem

2239 3243 2443 3302 fuerint
2494 3263 2652 3320 reges
2705 3248 2932 3318 Indaxe,
2987 3255 3401 3324 quatuordeeim
3452 3259 3843 3328 generationes

2240 3350 2460 3397 sanctus
2510 3343 2798 3400 Matthmus
2849 3346 3128 3417 posuerit:
3161 3358 3216 3403 et
3247 3365 3436 3405 rursus
3462 3350 3531 3406 ab
3581 3349 3842 3408 Iechouia

2241 3452 2340 3510 usq
2349 3452 2413 3494 ue
2427 3438 2492 3493 ad
2506 3438 2708 3511 Ioseph
2721 3437 2749 3478 ι’
2762 3456 2885 3496 cum
2899 3441 3096 3498 viritim
3109 3443 3262 3519 133
3271 3446 3698 3518 lgenerationes
3713 3446 3843 3503 duo-

2241 3533 2417 3590 decim
2472 3546 2894 3606 computentur,
2927 3549 3114 3609 postea
3160 3541 3567 3610 quatuordecint
3610 3556 3840 3614 genera-

2238 3629 2413 3684 tiones
2437 3628 2739 3700 descriptas
2767 3645 2888 3687 esse
2917 3633 3324 3688 memoraverit.
3353 3634 3440 3691 Sic
3453 3634 3598 3689 enim
3631 3635 3836 3692 habes:

2239 3721 2428 3778 Omnes
2455 3725 2828 3795 generationes,
2851 3724 2914 3780 ab
2942 3726 3204 3782 Abraham
3221 3745 3382 3800 usque
3404 3728 3472 3782 ad
3489 3727 3660 3784 David
3683 3747 3830 3801 gene-

2234 3817 2458 3872 rationes
2477 3818 2863 3888 quatuordecim
2882 3835 2900 3873 :
2918 3829 2964 3876 et
2981 3838 3012 3874 a
3032 3819 3202 3876 David
3219 3839 3376 3893 usque
3393 3823 3462 3876 ad
3498 3825 3836 3897 transmigra-

2233 3912 2417 3967 tionem
2430 3910 2730 3984 Babylonis,
2747 3914 3099 3984 generationes
3111 3916 3500 3988 quatuordecim
3521 3926 3602 3972 :ct
3616 3935 3646 3970 a
3660 3929 3834 3973 trans-

2236 4007 2543 4077 migrationc
2583 4004 2864 4078 Babylonis
2896 4025 3056 4080 usque
3082 4009 3151 4065 ad
3181 4007 3444 4066 Christum
3476 4012 3834 4084 generationes

2231 4101 2618 4171 quatuordecim
2648 4099 2863 4173 (Matth.
2885 4117 2927 4170 ι,
2980 4103 3095 4174 17).
3129 4102 3195 4158 Et
3225 4105 3462 4175 primum
3493 4115 3709 4176 oportet
3737 4123 3831 4162 cu-

2232 4212 2515 4268 gnoseere,
2551 4197 2698 4266 quod
2727 4209 2852 4255 ante
2876 4199 2988 4270 jam
3019 4200 3276 4268 diximus,
3310 4216 3471 4272 posse
3504 4203 3686 4274 plures
3706 4218 3831 4260 esse

2231 4295 2640 4359 successiones,
2695 4305 2752 4351 et
2804 4297 3087 4366 pauciores
3141 4298 3545 4368 generationes.
3597 4298 3830 4356 Possunt

2230 4387 2374 4441 enim
2405 4387 2607 4443 diutius
2635 4388 2818 4444 vivere
2862 4388 3052 4462 aliqui,
3073 4397 3129 4445 et
3158 4391 3334 4446 serius
3383 4407 3678 4463 generare,
3733 4402 3828 4449 aut

2230 4490 2379 4538 certe
2421 4484 2635 4552 penitus
2664 4493 2914 4539 exsortes
2943 4483 3310 4554 generationis
3357 4485 3613 4542 existere.
3642 4485 3826 4559 Itaque

2230 4591 2338 4632 non
2367 4592 2488 4646 qua:
2544 4592 2771 4647 regum,
2831 4576 3020 4633 eadem
3072 4578 3489 4649 generationum
3547 4589 3819 4652 tempora.

521 4677 632 4734 dies
658 4675 771 4732 coeli
800 4675 989 4746 (lbid.,
1019 4675 1132 4748 50).
1159 4674 1272 4730 Non
1301 4674 1486 4746 utique
1516 4675 1659 4730 hunc
1688 4672 1944 4729 thronum
1966 4673 2116 4729 Salo.
2146 4692 2201 4752 ι)
2227 4667 2384 4726 Unde
2413 4678 2469 4726 et
2515 4669 2800 4726 Matthmns
2857 4687 2950 4726 eos
2977 4687 3118 4743 quos
3144 4671 3212 4727 ad
3258 4675 3670 4744 generationem
3709 4690 3818 4732 non

521 4787 650 4829 mon
680 4771 845 4836 sedit,
875 4785 982 4826 non
1013 4768 1281 4837 ltoboam,
1331 4785 1439 4825 non
1465 4767 1779 4825 Jechonias.
1831 4765 1926 4823 Vis
1979 4767 2120 4822 scire

518 4866 643 4938 quis
662 4863 907 4921 sederit?
939 4861 1038 4918 Hic
1053 4872 1139 4918 est
1163 4861 1231 4918 de
1252 4877 1361 4934 quo
1382 4861 1513 4918 dicit
1529 4860 1759 4929 angelus
1785 4859 1853 4915 ad
1870 4860 2115 4916 Mariam:

522 4958 660 5016 Ecce
678 4957 938 5029 concipies
967 4957 1020 5011 in
1050 4963 1216 5022 utero,
1246 4965 1294 5012 et
1319 4956 1489 5027 paries
1514 4956 1701 5024 ﬁlium,
1730 4964 1776 5010 et
1802 4954 2001 5010 vocabis
2028 4971 2120 5009 no-

519 5069 634 5108 men
660 5053 772 5124 ejus
791 5049 994 5106 Iesum.
1016 5047 1122 5104 Hic
1145 5049 1241 5104 erit
1269 5065 1505 5119 magnus,
1529 5058 1575 5101 et
1587 5049 1729 5116 ﬁlius
1754 5047 2012 5104 Altissimi
2029 5066 2117 5104 vo-

513 5146 746 5204 cabitur:
772 5155 822 5201 et
842 5144 981 5199 dabit
1009 5143 1089 5198 illi
1121 5140 1371 5196 Dominus
1395 5138 1538 5196 Deus
1568 5139 1738 5195 sedem
1755 5137 1924 5194 David
1953 5143 2116 5212 patris

513 5243 616 5308 sui,
650 5250 697 5296 et
727 5238 961 5312 regnabit
1007 5237 1061 5292 in
1089 5237 1241 5291 domo
1283 5231 1448 5289 Iacob
1475 5235 1528 5288 in
1575 5242 1818 5288 internum
1845 5273 1859 5300 ,
1893 5243 1939 5287 et
1968 5236 2115 5306 regni

512 5340 624 5412 ejus
641 5352 742 5391 non
753 5335 847 5391 erit
861 5330 1142 5406 ﬁnis(Luc.
1161 5347 1203 5398 ι,
1217 5331 1283 5386 31
1299 5341 1347 5386 et
1363 5329 1480 5401 52).
1499 5329 1556 5386 Si
1575 5329 1772 5398 angelo
1790 5344 1895 5384 non
1910 5329 2110 5394 credis,

509 5428 615 5500 ipsi
658 5427 854 5484 saltem
891 5425 1117 5481 Domino
1146 5421 1312 5480 crede
1343 5421 1590 5479 dicenti:
1647 5419 1730 5477 Tu
1783 5420 1918 5476 dicis
1941 5462 1956 5491 ,
1989 5423 2110 5494 quia

581 5606 608 5636 ⁸
639 5597 783 5656 Edit.
815 5598 872 5653 in
900 5593 1106 5651 Christo
1127 5608 1258 5660 meo;
1293 5608 1451 5657 mss.,
1480 5593 1532 5647 in
1563 5599 1882 5646 sanctomeo.

578 5669 607 5710 δ
640 5670 767 5728 Mss.
800 5685 905 5726 non
935 5669 1113 5737 pauci,
1139 5683 1259 5723 cum
1288 5666 1554 5721 varietate.
1584 5663 1774 5719 Melius
1802 5661 1894 5716 alii
1937 5668 2100 5732 atque

507 5760 698 5803 omnes
727 5743 859 5800 edit.
890 5757 1006 5796 cum
1035 5739 1246 5795 viritim.
1352 5809 1365 5814 _
1583 5807 1613 5814 _
1657 5807 1668 5814 _
1875 5806 1919 5814 ,Α
2043 5806 2053 5814 ,

581 5818 823 5872 °Umnes
865 5814 996 5870 edit.
1027 5855 1043 5880 ,
1093 5823 1138 5866 et
1180 5821 1292 5882 post
1335 5809 1532 5882 Iorami
1573 5807 1756 5882 Oziam
1803 5806 2094 5882 subiecerit.

505 5887 636 5950 Mss.
662 5904 695 5948 θ
722 5879 1035 5958 contrario,
1072 5895 1118 5943 et
1149 5879 1464 5957 postIoram
1505 5880 1762 5954 Iosophat
1802 5879 2097 5953 subjecet‘il.

2223 4765 2435 4837 putavit
2465 4765 2763 4837 pertinere,
2793 4767 3077 4838 prmteriit.
3112 4765 3245 4822 Nam
3285 4769 3330 4824 si
3363 4770 3704 4840 propositum
3731 4786 3820 4826 es-

2222 4867 2307 4917 set
2334 4860 2386 4916 ei
2441 4863 2826 4919 successiones
2845 4861 3179 4930 describere,
3207 4864 3604 4922 rationabiliter
3633 4881 3817 4924 move-

2223 4970 2408 5012 remur
2430 4998 2446 5021 ,
2475 4971 2574 5012 cur
2603 4973 2726 5012 cum
2759 4956 3070 5029 Regnorum
3105 4959 3261 5014 libris
3287 4967 3344 5015 et
3390 4959 3817 5032 Paralipomenis

2223 5048 2538 5118 conveniat,
2561 5049 2704 5121 quod
2732 5061 2854 5121 post
2883 5051 3071 5107 Joram
3100 5050 3373 5109 Ochozias
3405 5056 3738 5126 regnaverit,
3765 5065 3820 5112 et

2220 5140 2436 5210 Jodam,
2455 5153 2510 5199 et
2525 5143 2771 5199 Amasias
2793 5161 2806 5197 ε
2826 5143 3062 5202 Amasize
3088 5156 3272 5203 autem
3287 5149 3613 5206 successerit
3631 5148 3812 5216 Ozias;

2219 5247 2440 5292 sanctus
2470 5237 2757 5293 Matthzeus
2787 5249 2896 5294 tres
2925 5239 3047 5295 illos
3074 5256 3231 5313 reges
3259 5241 3604 5312 praeterierit,
3635 5245 3817 5302 Ocho-

2217 5328 2379 5397 ziam,
2413 5328 2606 5385 Jodam
2635 5341 2691 5386 et
2720 5331 3018 5400 Amasiam,
3059 5335 3082 5364 °
3116 5345 3170 5389 et
3197 5334 3522 5405 postIoram
3551 5335 3817 5408 Iosophat

2215 5421 2530 5494 subiecerit.
2559 5420 2828 5496 (leieg.
2858 5440 2976 5492 vni,
3001 5433 3048 5481 et
3072 5426 3351 5499 deinceps;
3384 5429 3426 5486 ll
3457 5428 3590 5487 Par.
3661 5446 3773 5487 χχιι
3793 5473 3812 5502 ,

2210 5588 2340 5656 Quae
2380 5586 2598 5659 quidem
2648 5600 2787 5659 vera
2808 5585 2973 5642 lectio
2998 5596 3124 5654 est,
3153 5603 3275 5644 cum
3302 5589 3440 5646 infra
3471 5591 3527 5646 in
3555 5591 3812 5650 omnibus

2210 5657 2433 5715 omnino
2465 5675 2596 5715 mss.
2625 5670 2679 5717 et
2704 5657 2837 5716 edit.
2880 5659 2984 5730 hoc
3013 5660 3186 5730 ipsum
3231 5677 3430 5719 nomen
3476 5665 3806 5721 inveniatur.

2208 5729 3276 5808 Quocircanihilabsurdidieturuntcum
3307 5750 3576 5806 putamus,
3606 5736 3700 5808 qui
3729 5738 3812 5792 ai-

2208 5804 2480 5872 tirmarit,
2522 5804 2710 5861 Oziam
2759 5801 3050 5860 Ambrosio
3099 5801 3450 5864 trinomincm
3503 5801 3670 5863 fuisse
3697 5850 3710 5870 .
3743 5823 3808 5864 ac

2208 5891 2316 5936 non
2341 5877 2504 5938 modo
2531 5877 2717 5934 Oxiam
2740 5885 2902 5945 atque
2925 5877 3195 5947 Asariam,
3220 5881 3420 5954 quibus
3446 5879 3726 5940 vocabulis
3747 5879 3805 5937 in
