4156 6346
578 331 711 392 1011

1901 328 2152 388 SANCTI
2189 330 2516 388 AMBROSII

3743 335 3879 394 1612

571 458 762 521 raptus
792 447 856 502 ad
885 447 1086 505 caelum
1112 446 1232 502 es”
1259 444 1414 503 Unde
1436 443 1787 531 manifestum
1810 452 1916 511 est,
1943 455 1994 500 et
2019 444 2175 500 Chri-
2201 452 2256 514 Α
2279 457 2513 514 matrem,
2542 449 2760 518 accipiet
2793 436 3039 504 uirtutem
3065 447 3333 516 Damasci,
3366 458 3412 506 et
3433 449 3605 520 spolia
3630 449 3881 506 Samaria

574 553 718 601 stum
753 544 996 611 potuisse
1027 559 1131 599 nou
1163 541 1306 598 mori
1335 583 1350 609 ,
1385 549 1410 579 ο
1433 541 1530 597 sed
1586 541 1864 606 noluisse;
1911 547 1974 596 ut
2021 539 2178 602 nobis

576 653 725 693 mors
758 639 846 694 illa
873 637 1178 708 prodesset.
1220 636 1290 692 Et
1323 636 1416 692 ille
1447 635 1671 705 quidem
1722 645 1910 706 raptus
1933 645 2019 692 est
2042 678 2058 704 ,
2109 651 2179 694 ne

574 731 780 787 malitia
813 739 1049 786 mutaret
1085 744 1180 786 cor
1210 729 1363 799 ejus:
1395 731 1657 787 Dominus
1677 739 1856 786 autem
1880 745 2042 800 quem
2065 744 2177 786 ma-

571 823 690 878 litia
733 824 918 880 smculi
965 834 1178 879 mutare
1209 839 1317 879 non
1350 832 1605 893 poterat,
1635 838 1703 879 eo
1730 823 1872 882 unde
1904 830 2173 889 venerat,

484 933 498 944 -
571 927 781 973 natura:
811 932 925 972 sua:
955 916 1246 986 majestate
1275 917 1562 974 remeavit.
1595 917 1804 974 Siletur
1835 932 1971 974 sane
2003 917 2177 988 parri-

569 1009 691 1064 cida
719 1009 904 1066 fratris
929 1026 945 1076 ;
972 1025 1150 1082 neque
1170 1010 1316 1065 enim
1348 1009 1675 1068 rationabile
1697 1020 1816 1068 erat
1843 1021 1900 1069 ut
1922 1026 2049 1068 eum
2081 1010 2174 1082 qui

567 1112 922 1175 percusserat
949 1102 1177 1159 fratrem
1202 1101 1360 1175 (Gen.
1389 1119 1470 1172 tv,
1506 1101 1598 1177 8),
1633 1104 1777 1160 inter
1828 1105 2041 1162 Domini
2071 1120 2176 1160 nu-

569 1206 810 1252 meraret
834 1206 1128 1263 auctores;
1157 1197 1567 1254 curn-servulus
1595 1197 1700 1253 iste
1727 1199 2027 1254 servaverit
2054 1239 2069 1263 ,
2114 1207 2176 1255 ut

565 1289 790 1346 fraterni
818 1305 917 1346 eos
942 1290 1176 1346 nominis
1200 1291 1408 1347 honore
1434 1291 1462 1331 ι)
1485 1291 1758 1350 donaret:
1794 1292 1897 1349 iste
1921 1308 2028 1349 non
2055 1308 2174 1349 ser-

565 1387 797 1451 vaverit,
825 1401 929 1442 nec
955 1385 1110 1441 fratri
1141 1389 1470 1458 pepercerit.
1502 1387 1608 1444 Sed
1632 1401 1732 1443 nec
1755 1387 1888 1443 illud
1910 1387 2168 1456 otiosum,

561 1476 709 1549 quod
740 1478 871 1536 Setlt
923 1480 1232 1548 prreleritus
1281 1498 1390 1536 non
1430 1491 1514 1536 est
1565 1479 1718 1552 (Gen.
1767 1495 1825 1548 ν,
1873 1481 1955 1552 5),
2006 1495 2168 1551 quem

561 1570 872 1641 posteriore
889 1563 1062 1626 Adam
1093 1575 1451 1643 generatione
1481 1575 1764 1644 suscepit;
1805 1581 1865 1630 ut
1893 1588 2016 1629 cum
2047 1572 2171 1628 dua:

557 1662 670 1720 sint
698 1664 884 1736 populi
923 1665 1335 1736 generationes,
1369 1668 1681 1738 signaretur
1726 1666 1779 1722 in
1812 1675 1944 1738 typo
1985 1666 2172 1722 Domi-

560 1771 689 1818 num
715 1755 899 1818 Jesutn
918 1756 1193 1814 Christum
1223 1759 1276 1814 in
1312 1761 1618 1830 posteriore
1640 1761 1822 1830 potius
1841 1773 2005 1830 quam
2026 1759 2170 1830 prio—

559 1865 619 1910 re
645 1854 1000 1922 generatione
1032 1855 1451 1909 numerandum.

628 1942 716 2000 49.
756 1943 877 2000 Jam
904 1945 973 2002 de
1000 1947 1116 2016 ipso
1143 1946 1318 2006 Adam
1349 1948 1439 2018 qui
1465 1946 1620 2018 juxta
1643 1945 1962 2017 Apostolum
1986 1945 2168 2020 (Rom.

553 2052 606 2091 ν.
640 2038 732 2108 is)
760 2039 985 2110 figuram
1015 2041 1228 2110 accepit
1275 2040 1502 2106 Christi,
1530 2040 1659 2110 quid
1692 2039 1974 2109 pulchrius
1997 2041 2172 2110 potuit

553 2132 872 2199 convenire,
900 2148 1060 2202 quam
1090 2145 1146 2188 ut
1173 2145 1519 2191 sacrosancta
1548 2133 1829 2205 generatio
1851 2150 1878 2188 a
1904 2135 1998 2192 Dei
2035 2134 2170 2192 Filio

551 2225 844 2296 inciperet,
871 2237 927 2283 et
947 2242 1118 2293 usque
1138 2229 1203 2284 ad
1229 2229 1323 2284 Dei
1357 2213 1550 2286 Filium
1573 2229 1936 2286 deduceretur
1964 2247 1978 2288 :
2010 2245 2166 2286 crea-

548 2323 744 2387 tusque
768 2318 1104 2386 praecederet
1133 2320 1186 2378 iu
1217 2323 1407 2393 ligttra,
1439 2334 1494 2377 ut
1544 2333 1705 2380 natus
1734 2323 1786 2380 in
1818 2324 2052 2379 veritate
2081 2337 2166 2380 se-

543 2421 809 2482 queretur
839 2430 851 2466 :
881 2413 949 2468 ad
999 2413 1290 2485 imaginem
1343 2415 1518 2473 factus
1543 2415 1699 2488 (Gen.
1728 2433 1769 2483 t,
1792 2415 1887 2486 Ἦ)
1918 2418 2162 2489 praeiret,

549 2516 775 2576 propter
819 2523 981 2577 quem
1015 2509 1105 2565 Dei
1139 2510 1316 2581 imago
1344 2510 1746 2568 descenderet?
1774 2511 1839 2570 Et
1867 2512 1911 2568 si
1962 2520 2166 2582 myste-

544 2597 683 2656 rium
707 2599 867 2668 primi
888 2601 1245 2660 discutiamus
1266 2605 1492 2672 erroris,
1526 2605 1730 2675 lignum
1757 2605 2004 2660 scientia:
2033 2602 2163 2668 boui

545 2700 601 2746 et
629 2691 780 2758 mali,
807 2692 1029 2750 fallente
1057 2695 1299 2762 diabolo,
1330 2697 1438 2752 Eva
1471 2697 1764 2765 suadente,
1805 2698 1899 2754 ille
1924 2699 2164 2770 gustavit

542 2783 702 2858 (Gen.
735 2801 816 2854 ttt,
847 2787 901 2858 6)
927 2806 941 2856 ;
990 2797 1048 2845 ut
1071 2789 1177 2846 iste
1204 2791 1362 2848 nobis
1387 2792 1701 2864 priusquam
1731 2793 1900 2856 sciret
1929 2793 2158 2862 malum,

541 2879 768 2948 eligeret
801 2879 1026 2950 bonum,
1057 2883 1273 2954 dirique
1304 2887 1576 2955 serpentis
1631 2886 1858 2944 insidias
1907 2886 2158 2946 Ecclesia

543 2969 832 3038 suadente,
858 2985 1171 3042 evacuaret,
1201 2977 1354 3046 juxta
1382 2979 1526 3047 quod
1579 2980 1845 3049 scriptum
1868 2990 1952 3040 est
1977 2997 1991 3036 :
2019 2981 2161 3048 Quo-

543 3065 684 3119 niam
738 3064 1038 3137 priusquam
1085 3069 1214 3124 sciat
1245 3087 1376 3140 puer
1423 3070 1615 3126 bonum
1657 3083 1748 3126 aut
1789 3073 2003 3141 malum,
2053 3091 2159 3130 non

545 3162 714 3216 credet
749 3159 961 3216 malitia
1016 3174 1071 3218 ut
1121 3165 1278 3234 eligat
1327 3165 1466 3235 quod
1519 3166 1709 3222 bonum
1742 3167 2017 3238 est(Esai.
2054 3185 2153 3238 vu,

2284 539 2453 611 (Esai.
2481 556 2594 607 vut,
2624 543 2702 613 4).
2740 542 2838 597 llic
2875 542 3023 598 enim
3074 550 3160 600 est
3214 558 3348 618 puer
3375 542 3532 614 cujus
3561 541 3881 606 incunabula

2282 632 2420 703 Magi
2451 634 2638 706 spoliis
2669 635 3028 692 orientalibus
3049 636 3389 692 referserunt
3418 634 3633 707 (Matth.
3666 651 3725 702 tt,
3759 632 3882 707 il);

2280 725 2405 795 quia
2428 741 2562 798 gens
2585 736 2715 782 ante
2739 727 3018 784 Christum
3047 727 3350 794 incredula,
3380 726 3448 784 de
3473 727 3682 788 eXuviis
3710 726 3884 782 idolo-

2279 833 2424 886 rum,
2471 828 2678 876 mutata
2726 820 2839 893 jam
2894 821 3023 891 fide,
3075 821 3364 880 manubias
3410 821 3610 888 obtulit
3655 820 3883 888 Domino

2279 913 2656 984 triumphales.

2349 1006 2440 1063 50.
2485 1007 2612 1063 llaec
2638 1007 2760 1076 tibi,
2793 1007 2981 1076 frater,
3015 1009 3083 1064 de
3127 1009 3479 1082 generatione
3528 1009 3730 1070 Christi
3772 1023 3883 1065 non

2277 1099 2549 1173 incognita
2590 1102 2773 1172 putavi
2830 1102 3094 1174 prolixius
3151 1101 3588 1176 prosequenda;
3650 1117 3716 1160 ne
3761 1100 3886 1173 quis

2275 1211 2398 1251 cum
2459 1197 2560 1252 ista
2604 1196 2658 1252 iu
2690 1196 2989 1267 Evangelio
3027 1199 3207 1256 minus
3243 1208 3454 1255 attento
3483 1197 3667 1254 animo
3694 1213 3886 1256 recen-

2274 1296 2445 1358 seret,
2473 1288 2817 1362 aliquatenus
2848 1289 3296 1364 ﬂuctuaretzquaa
3326 1294 3497 1350 sancti
3532 1293 3886 1364 evangelista:

2273 1385 2340 1440 ad
2375 1386 2582 1453 majora
2609 1385 2893 1452 miracula,
2927 1397 2984 1442 et
3025 1387 3293 1444 diviniora
3329 1387 3541 1446 Domini
3573 1397 3722 1460 gesta
3759 1401 3887 1458 pro-

2274 1487 2551 1550 perantes,
2583 1478 2996 1550 perstringenda
3056 1479 3296 1554 brevius,
3328 1495 3489 1554 quam
3533 1478 3885 1538 diffundenda

2273 1570 2496 1627 uberius
2545 1580 2895 1644 putaverunt.
2953 1571 3156 1628 Eorum
3212 1573 3378 1644 igitur
3404 1587 3578 1638 more,
3607 1573 3697 1644 qui
3747 1572 3884 1630 satis

2273 1673 2468 1738 putant
2497 1664 2698 1736 ignaris
2731 1663 2954 1722 viarum.
2984 1665 3139 1737 quasi
3168 1675 3326 1720 notas
3353 1664 3618 1736 quasdam
3665 1664 3884 1722 itineris

2272 1769 2328 1816 et
2354 1759 2577 1816 semitas
2597 1757 3006 1826 demonstrare,
3060 1757 3320 1831 spiritalis
3349 1760 3448 1814 viae
3476 1760 3705 1820 semitas
3725 1759 3884 1814 colli-

2194 1861 2243 1924 Β
2269 1861 2480 1924 gentes,
2507 1850 2695 1908 videro
2716 1861 2898 1906 utrum
2925 1850 3168 1907 secundo
3199 1850 3447 1907 veritatis
3475 1860 3700 1921 eventu,
3729 1859 3883 1907 certe

2272 1943 2529 2015 religioso
2553 1942 2677 1998 fidei
2707 1942 2873 1998 ductu
2900 1942 2954 2000 in
2986 1943 3370 2015 mysteriorum
3400 1953 3608 1998 secreta
3653 1951 3884 1999 conten-

2270 2036 2453 2094 dimus
2484 2055 2497 2092 :
2549 2047 2804 2093 verentes
2836 2052 2907 2092 ue
2929 2037 3051 2106 quis
3080 2037 3179 2092 ista
3203 2051 3326 2092 cum
3351 2035 3563 2110 legerit,
3588 2036 3731 2107 quod
3756 2051 3882 2106 pro-

2271 2131 2594 2190 verbialiter
2632 2129 2852 2198 dicitur,
2898 2130 3056 2210 quasi
3095 2145 3230 2203 puer
3255 2128 3607 2197 machaeram,
3645 2136 3884 2184 tractare

2270 2241 2366 2294 per
2397 2225 2678 2296 infantiam
2702 2223 2864 2280 fortia
2889 2237 3039 2279 arma
3069 2222 3328 2291 nesciret,
3360 2223 3644 2296 magisque
3683 2224 3883 2277 vulnus

2267 2333 2340 2374 ex
2367 2294 2758 2389 imprudentia,
2791 2333 2952 2388 quatn
3001 2317 3230 2376 salutent
3263 2333 3329 2380 ex
3361 2294 3596 2374 lectione
3623 2317 3880 2373 sentiret.

2266 2411 2520 2468 luﬁrmos
2569 2411 2716 2467 enim
2773 2410 2879 2466 tela
2933 2427 3031 2466 sua
3061 2411 3378 2478 vulnerant,
3409 2425 3508 2466 nec
3531 2419 3710 2482 potest
3736 2410 3883 2466 bene

2265 2508 2341 2566 uti
2369 2509 2560 2580 armis,
2587 2506 2680 2588 qui
2702 2523 2766 2564 ea
2788 2507 2934 2566 ferre
2957 2524 3064 2564 non
3097 2509 3342 2566 noverit.
3373 2508 3443 2564 Et
3473 2507 3597 2570 ideo
3623 2508 3766 2565 circa
3810 2507 3880 2562 fi-

2264 2601 2392 2660 dem
2445 2602 2526 2666 vir
2577 2602 2852 2675 perfectus
2881 2601 3139 2673 exigitur,
3172 2603 3224 2656 in
3254 2616 3493 2674 quonon
3530 2617 3626 2674 per
3652 2601 3880 2657 humum

2263 2695 2508 2760 scientia:
2538 2704 2720 2766 reptet
2752 2695 3006 2764 infantia,
3048 2711 3157 2754 non
3201 2694 3400 2752 debilis
3445 2696 3717 2768 quaedam,
3774 2709 3883 2753 nec

2261 2803 2458 2852 carens
2500 2789 2753 2846 sensibus
2802 2789 3050 2868 mysticae
3103 2789 3436 2862 cognitionis
3469 2791 3670 2848 titubet
3714 2797 3878 2858 tetas,

2261 2900 2383 2956 quae
2405 2884 2606 2940 virtute
2630 2885 2934 2954 juventutis
2955 2883 3181 2956 amissa,
3214 2900 3473 2946 coronam
3497 2885 3724 2958 gloriosi
3751 2899 3880 2940 cer-

2264 2977 2483 3034 taminis
2531 2992 2642 3034 non
2688 2978 2959 3050 requirat,
2987 2989 3044 3042 et
3090 2980 3430 3040 senescentis
3459 2980 3656 3052 aquila:
3687 2977 3878 3045 modo,

2259 3087 2382 3146 qua:
2431 3073 2581 3153 prius
2631 3081 2725 3130 aut
2767 3075 3011 3144 leporem
3063 3089 3258 3146 rapere
3285 3073 3516 3156 pedibus
3557 3081 3878 3139 consuerat,

2259 3177 2778 3238 autanserem,tevo
2812 3171 2956 3228 fessa
2982 3172 3250 3234 minorum
3279 3172 3460 3235 avium
3491 3171 3779 3252 implumes
3797 3173 3903 3226 fer

545 3256 658 3329 iii).
694 3255 908 3331 1335
933 3255 1026 3325 Et,
1063 3258 1369 3329 priusquam
1394 3259 1526 3314 sciat
1572 3275 1756 3316 uocare
1802 3274 2004 3334 patrem
2059 3272 2149 3318 aut
2175 3254 2219 3318 C
2255 3271 2343 3319 tus
2358 3263 2621 3336 requirat,
2643 3265 2737 3336 qui
2774 3264 3085 3326 solidiorem
3101 3266 3279 3321 cibum
3294 3263 3491 3322 aiferre
3505 3279 3616 3322 non
3639 3265 3877 3337 possint.

614 3407 638 3470 Ρ
668 3397 830 3470 _Edit.
861 3414 1052 3454 omnes
1083 3413 1204 3453 cum
1249 3407 1405 3470 parte
1448 3414 1610 3468 mss.,
1645 3401 1737 3456 sed
1787 3401 2036 3469 voluisse,
2065 3417 2157 3459 re-

541 3468 839 3535 spicientes
883 3470 1134 3526 nimirum
1164 3472 1230 3525 ad
1251 3468 1545 3540 sequentia
1574 3473 1689 3540 illa,
1719 3482 1779 3528 ut
1825 3473 1970 3529 nobis
2017 3491 2158 3529 mors

539 3541 632 3596 illa
660 3543 945 3612 prodesset.
975 3543 1101 3598 Mss.
1134 3559 1264 3598 vero
1286 3542 1453 3601 Corb.
1477 3559 1542 3600 ac
1571 3545 1763 3601 decem
1792 3545 1886 3602 alii
1910 3547 2157 3606 melioris

543 3623 707 3692 notae,
757 3616 848 3669 sed
902 3614 1171 3692 noiuisse._
1201 3615 1435 3692 0pliuta__
1471 3617 1654 3674 lectio.
1715 3616 2155 3692 Subitttelligitut‘

542 3685 689 3741 enim
719 3702 821 3740 non
849 3686 1001 3752 mori,
1031 3687 1174 3758 quod
1206 3687 1485 3759 prazcedit.

2331 3403 2362 3445 δ
2402 3403 2458 3458 In
2487 3404 2618 3459 edit.
2655 3404 2910 3460 omnibus
2933 3419 2997 3458 ac
3020 3420 3150 3458 mss.
3185 3404 3388 3476 aliquot
3418 3403 3878 3461 desiderabantur

2259 3477 2545 3546 sequentia
2581 3477 2719 3532 :iste
2739 3491 2845 3531 non
2883 3477 3180 3544 seruaverit,
3231 3493 3324 3536 nec
3349 3480 3504 3547 fratri
3534 3478 3815 3547 pepercerit
3852 3493 3876 3533 :

2258 3565 2381 3620 quae
2440 3550 2605 3605 verba
2630 3565 2696 3620 ex
2733 3563 2863 3604 mss.
2916 3549 3107 3610 decem
3149 3551 3460 3608 remotioris
3490 3552 3589 3605 aevi
3622 3549 3875 3610 restitui-

2259 3619 2378 3694 mus
2401 3638 2414 3684 ;
2441 3636 2562 3694 cum
2591 3619 2832 3694 alioquin
2861 3621 3145 3694 utpleuior
3158 3621 3434 3694 Oppositio
3449 3620 3733 3688 reddatur,
3753 3637 3872 3677 non

2255 3693 2597 3748 sintomniuo
2625 3690 2947 3764 superﬂuaf
3196 3690 3210 3693 '
3237 3690 3243 3738 ῖ

576 3808 3818 3838 M

1679 3918 2031 4003 LIBER
2106 3914 2716 4032 QUARTUS.

1999 4113 2383 4130 —

625 4216 836 4295 1333
866 4219 918 4274 i.
961 4215 1076 4273 Non
1106 4215 1426 4285 absurdum,
1453 4217 1668 4287 opinor,
1687 4216 1756 4273 de
1785 4219 2142 4287 generatione

547 4312 763 4370 Domini
783 4311 1118 4367 confecimus
1141 4323 1307 4378 opus:
1329 4317 1482 4363 certe
1506 4307 1902 4364 infructuosum
1923 4326 2028 4365 nou
2046 4309 2147 4366 fuit

2247 4216 2342 4275 sed
2383 4217 2692 4276 confecisse
2745 4234 2988 4289 cursum,
3043 4222 3135 4293 qui
3162 4221 3447 4282 descendit
3502 4223 3554 4278 in
3613 4232 3859 4296 portum.

2317 4311 2375 4365 2.
2421 4313 2486 4368 Et
2513 4313 2788 4386 plerisque
2841 4314 2894 4370 in
2949 4315 3087 4371 locis
3141 4317 3377 4374 fortasse
3421 4318 3711 4375 ammnitas
3739 4319 3859 4389 ipsa

546 4401 843 4463 Dominicis
875 4403 1080 4460 diutius
1111 4401 1379 4458 inhaerere
1413 4400 1878 4484 majoribus.Nam
1909 4403 1954 4457 si
1985 4403 2018 4458 ii
2050 4402 2144 4474 qui
2245 4405 2494 4461 locorum
2541 4407 2737 4462 invitet
2791 4417 3288 4477 prtetermeantem.
3347 4409 3482 4466 Nam
3523 4410 3570 4466 si
3602 4411 3855 4484 Ulyssem

542 4515 800 4573 magnum
821 4514 969 4554 mare
985 4496 1211 4553 littorali
1231 4508 1425 4567 parant
1441 4483 2138 4568 navigatione'lransmitte-

546 4594 854 4659 re,altioris
872 4591 1254 4661 compendium
1287 4605 1499 4658 cursus,
1525 4590 1752 4646 “itidem
1785 4601 1840 4647 ut
1870 4591 2139 4660 uos,iitlu-

537 4686 636 4741 cite
661 4684 973 4742 infirmitate
998 4683 1251 4749 vitantes,
1276 4699 1437 4756 agros
1467 4693 1521 4738 et
1543 4683 1704 4742 urbes
1727 4682 1914 4740 littore
1937 4685 2138 4741 deduc-

537 4787 620 4835 tas
640 4778 784 4848 capti
817 4777 1061 4836 locorqu
1085 4775 1288 4832 decore
1309 4777 1620 4846 frequenter
1642 4776 1884 4836 iuvisunt
1903 4795 1916 4831 :
1933 4787 2136 4850 quanto

533 4872 706 4945 magis
737 4887 836 4927 nos
871 4872 922 4925 in
947 4880 1100 4924 tanto
1131 4887 1235 4924 non
1259 4871 1684 4937 elementorum,
1713 4871 1809 4927 sed
1855 4881 2131 4944 gestorum

528 4964 834 5021 caelestium
864 4962 952 5018 siti
983 4960 1272 5033 profundo,
1299 4960 1591 5016 viciniores
1617 4962 1802 5034 legere
1831 4974 2043 5035 portus,
2077 4976 2132 5022 et

525 5056 842 5128 frequentes
871 5070 1057 5110 amare
1088 5053 1354 5110 debemus
1381 5057 1680 5112 excursus!
1713 5072 1779 5111 ne
1805 5058 1926 5128 quis
1957 5060 2129 5132 longce

525 5149 884 5220 navigationis
915 5147 1076 5203 taedio
1107 5145 1378 5217 fatigatus,
1407 5148 1606 5203 fastidii
1635 5151 1895 5206 vomitum
1944 5161 2133 5211 tenere

522 5258 630 5297 non
660 5240 903 5314 possit.b
944 5243 1102 5295 Certe
1128 5242 1172 5294 si
1204 5241 1324 5310 quis
1361 5239 1551 5294 iututre
1603 5244 1737 5296 ratis
1783 5243 1910 5298 vitia
1961 5245 2125 5302 infida

520 5337 894 5408 perspexerit,
953 5344 1229 5407 tamquam
1303 5335 1567 5406 frequenti
1625 5335 1888 5394 librorum
1961 5354 2120 5411 portu

2244 4500 2418 4568 illum,
2449 4509 2506 4556 ut
2549 4501 2747 4560 fabulae
2791 4503 2973 4562 ferunt
3005 4505 3173 4578 (licet
3216 4516 3269 4562 et
3296 4506 3566 4579 Propheta
3596 4507 3802 4564 dixerit
3835 4523 3853 4562 :

2251 4593 2464 4668 1335
2485 4595 2801 4652 Habitabant
2824 4599 2878 4652 in
2891 4615 2952 4654 ea
2970 4599 3096 4668 ﬁlia:
3123 4599 3558 4673 Sirenum(Esai.
3575 4615 3698 4666 xm,
3721 4600 3788 4656 Ἦ
3803 4602 3850 4672 ):

2243 4687 2346 4744 etsi
2363 4704 2466 4742 non
2488 4689 2717 4745 dixisset
2735 4691 3022 4762 propheta,
3038 4707 3203 4748 nemo
3217 4704 3396 4749 tamen
3409 4694 3528 4764 jure
3545 4694 3853 4766 reprehen—

2242 4781 2394 4838 deret
2420 4800 2434 4850 ;
2464 4798 2589 4840 cum
2610 4796 2663 4842 et
2686 4786 2934 4858 gigantes
2958 4784 3024 4858 (il
3055 4787 3183 4860 Reg.
3235 4803 3288 4855 v,
3321 4787 3415 4862 ‘22,
3445 4798 3493 4843 et
3539 4805 3695 4856 xxttt,
3728 4788 3845 4862 i5),

2237 4884 2295 4931 et
2325 4877 2523 4933 vallem
2555 4879 2806 4935 Titanum
2847 4880 3122 4952 Scriptura
3150 4881 3675 4956 comprehenderit)
3707 4894 3765 4950 c;
3797 4883 3848 4941 si

2237 4986 2368 5042 ergo
2409 4970 2654 5044 Ulyssem
2704 4972 2861 5029 Illum
2918 4986 3040 5046 post
3089 4975 3280 5031 decem
3333 4990 3598 5032 annorum
3648 4976 3846 5033 exsilia

2235 5067 2432 5137 quibus
2452 5067 2713 5124 bellatum
2740 5069 2793 5124 in
2821 5069 2915 5126 llio
2952 5081 3055 5138 est,
3109 5070 3410 5142 decemque
3437 5071 3640 5126 erroris
3666 5087 3843 5128 annos

2238 5158 2591 5218 festinantem
2626 5162 2693 5217 ad
2727 5164 2987 5232 patriam,
3016 5163 3313 5236 Lotophagi
3343 5165 3612 5222 suavitate
3640 5165 3852 5242 bacca-.-~

2230 5268 2348 5308 rum
2375 5265 2560 5311 tenere
2593 5266 2888 5326 potuerunt
2920 5275 2933 5312 :
2959 5257 3006 5313 si
3037 5257 3179 5313 horti
3207 5259 3415 5314 Alcinoi
3441 5258 3785 5315 retardarunt
3815 5274 3834 5326 ;

2226 5348 2270 5402 si
2319 5361 2598 5419 postremo
2640 5349 2864 5407 Sirenes
2885 5359 3048 5408 cantu
3089 5353 3243 5408 vocis
3271 5353 3540 5418 illectum,
3581 5352 3646 5407 ad
3698 5351 3832 5409 illud

516 5431 756 5502 objecto,
794 5431 922 5484 licet
963 5437 1022 5484 ut
1070 5429 1282 5483 aurium
1339 5430 1461 5484 vela
1495 5429 1751 5500 deponat,
1783 5442 1837 5490 et
1867 5433 2118 5497 lectionis
2221 5440 2489 5500 famosum
2543 5444 2841 5514 voluptatis
2887 5446 3227 5516 naufragium
3272 5461 3410 5517 pene
3464 5445 3828 5512 deduxerant,

511 5527 806 5581 anchoratn
838 5523 984 5596 figat.
1013 5523 1130 5580 Non
1175 5522 1388 5580 videtur
1436 5523 1748 5583 deseruisse
1807 5530 2107 5602 navigium,

535 5641 602 5702 ια
640 5639 801 5702 Rom.
830 5636 965 5714 edit.
1002 5637 1124 5714 hinc
1153 5636 1692 5714 rescideral,_itidem
1738 5652 1795 5696 ut
1821 5659 1913 5696 nos
1937 5659 1958 5700 .°
1990 5662 2112 5714 quas

500 5723 678 5768 tamen
734 5710 895 5766 verba
950 5725 1048 5766 nec
1089 5711 1269 5765 inulla
1301 5710 1401 5764 alia
1430 5710 1560 5766 edit.
1593 5711 1675 5767 vel
1703 5727 1834 5768 mss.
1873 5710 2098 5782 praeter-

498 5785 806 5850 mittuntur,
839 5797 938 5837 nec
966 5797 1100 5837 sane
1140 5783 1374 5850 ineptum
1405 5783 1732 5838 sententiam
1765 5785 2026 5844 efficiunt.

2216 5535 2320 5590 nisi
2365 5535 2628 5592 adversus
2659 5537 2998 5595 illecebrosas
3044 5538 3255 5595 sonitus
3301 5539 3587 5596 cantilena
3619 5541 3826 5596 inserta

2217 5650 2330 5730 quis
2352 5651 2538 5734 inlicite
2551 5653 2676 5709 ratis
2699 5655 2822 5712 vitia
2849 5659 3272 5730 perspexerit
3299 5667 3451 5732 portu
3479 5657 3698 5734 objecta,
3730 5675 3832 5716 au-

2209 5725 2343 5776 rium
2369 5725 2479 5797 vela
2503 5725 2750 5797 deponat.

2287 5805 2307 5832 τ
2353 5796 2416 5850 Si
2460 5796 2581 5871 ergo
2627 5797 2865 5871 Ulyssem
2915 5801 3087 5868 illum,
3139 5802 3254 5858 haec
3285 5802 3487 5858 omissa
3531 5802 3742 5860 fuerant
3771 5801 3830 5860 in

573 5852 599 5894 δ
641 5856 717 5911 ita
743 5855 924 5914 cuncti
951 5868 1083 5912 mss.
1114 5863 1169 5911 et
1196 5865 1304 5910 vet.
1341 5853 1474 5912 edit.
1505 5854 1662 5913 Rom.
1700 5871 1851 5927 vero,
1882 5857 2032 5926 Certe
2055 5864 2101 5924 si
2210 5866 2372 5939 Rom.
2410 5852 2572 5930 editi?
2599 5852 3087 5950 cumtamen—[ﬁsi
3105 5852 3486 5948 piFe‘niiéiiiﬁ
3513 5852 3831 5950 longi—itii;
