4014 6508
63 417 212 482 l613

1038 402 1412 471 EXPOSITIO
1450 405 1710 480 EVANG.
1750 411 1900 476 SEC.
1942 411 2099 477 LUC.
2142 409 2272 470 LIB.
2317 404 2404 468 IV.

3252 413 3391 477 16M

63 552 189 596 :era
225 536 504 596 sociorum
549 531 838 590 clausisset
857 543 1022 586 aures
1051 545 1066 583 :
1095 537 1298 600 quanto
1329 526 1506 597 magis
1549 525 1680 582 reli-
1707 531 1956 593 Aesset,
2011 541 2135 582 cum
2186 527 2304 596 ipse
2344 522 2448 582 sub
2492 522 2635 596 Lege
2660 537 2768 581 non
2816 534 2965 582 esset
2997 528 3390 594 ,eircumcisus

63 631 260 702 giosos
307 631 456 686 viros
477 626 780 684 cmlcstium
824 623 1092 680 factorum
1119 621 1278 677 cedet
1325 619 1687 676 admiratione
1788 627 1872 676 est
1903 635 1917 686 ;
1949 627 2008 674 ut
2033 634 2133 674 eos
2153 619 2246 690 qui
2272 617 2375 675 sub
2401 617 2549 690 Lege
2595 627 2742 685 sunt,
2786 618 3127 678 lucrifaceret
3155 641 3168 676 :
3194 622 3278 679 his
3298 622 3390 696 qui

63 727 302 783 mulceri
334 726 347 780 !
377 727 549 794 Atque
576 722 662 777 hic
685 721 795 792 jam
825 734 930 776 non
961 718 1248 774 baccarum
1280 713 1522 770 suavitas
1553 713 1688 770 hau-

63 819 289 883 rienda,
331 816 427 874 sed
478 816 632 887 panis
677 815 770 872 ille
820 811 911 884 qui
963 807 1337 866 descenditde
1362 807 1505 864 cmlo
1535 823 1548 859 :
1577 821 1686 862 non

63 913 226 968 olera
257 911 469 970 Alcinoi
494 909 809 982 spectanda,
836 904 932 962 sed
953 913 1296 960 sacramenta
1321 898 1685 960 suntChristi.

63 1004 203 1061 Nam
244 1006 346 1073 Qui
371 1005 612 1076 inﬁrmus
643 1011 739 1068 est,
765 1001 910 1056 olera
955 997 1234 1054 manducet
1260 996 1440 1070 (Rom.
1470 1010 1583 1063 xlv,
1607 992 1689 1065 9.).

63 1097 187 1154 Non
227 1097 549 1154 claudenda:
581 1097 748 1167 igitur
775 1108 959 1160 aures,
978 1092 1074 1148 sed
1103 1089 1410 1148 reseranda:
1439 1096 1565 1144 sunt
1593 1104 1608 1144 :
1634 1096 1694 1142 ut

63 1190 284 1254 Christi
309 1209 413 1248 vox
442 1191 616 1265 possit
639 1189 835 1252 audiri,
877 1203 1039 1258 quam
1083 1185 1330 1257 quisquis
1361 1182 1690 1255 perceperit,

63 1284 423 1356 naufragium
448 1299 558 1342 non
587 1282 818 1340 timebit.
865 1279 984 1336 Non
1015 1278 1418 1352 corporalibus.
1450 1284 1509 1333 ut
1541 1275 1694 1347 Ulys-

63 1391 193 1446 ses,
223 1387 248 1415 ³
279 1377 347 1434 ad
402 1377 653 1434 arborem
710 1375 938 1436 vinculis
975 1372 1186 1450 1335
1241 1370 1568 1443 alligandus,
1595 1369 1691 1427 sed

65 1471 302 1530 animus
326 1470 395 1532 ad
418 1471 598 1526 crucis
622 1470 821 1541 lignum
841 1457 1171 1538 spiritalibus
1200 1466 1432 1524 nexibus
1456 1463 1701 1520 vincien-

69 1566 189 1622 dus
218 1582 234 1634 ;
267 1583 335 1622 ne
359 1565 703 1624 lasciviarum
732 1569 1012 1618 moveatur
1039 1558 1340 1625 illecebris,
1372 1571 1702 1629 cursumque

72 1667 300 1716 naturae
323 1656 647 1727 detorqueat
695 1655 748 1714 in
779 1652 1075 1726 periculum
1108 1651 1432 1722 voluptatis.

158 1755 218 1810 5.
265 1751 558 1823 Figmentis
584 1749 728 1806 enim
773 1747 1002 1819 poeticis
1044 1745 1226 1804 fabula
1277 1744 1588 1806 celeratur;
1644 1750 1706 1798 ut

79 1848 342 1920 quaedam
387 1847 580 1920 puella:
600 1844 893 1916 scopuloso
943 1844 998 1898 in
1026 1843 1208 1900 littore
1234 1841 1400 1898 maris
1433 1838 1707 1896 habitasse

1791 713 1912 768 sine
1941 712 2081 784 Lege
2103 721 2282 778 erant,
2321 712 2558 770 convivii
2591 715 2982 772 communitate
3001 717 3238 772 sociatus
3263 726 3350 774 est
3372 736 3390 784 ;

1793 815 1854 862 ut
1908 805 2219 861 lucraretur
2271 820 2392 873 eos,
2446 806 2540 878 qui
2561 807 2681 862 sine
2720 806 2864 878 Lege
2892 809 3164 866 vivebant.
3196 811 3395 868 Factus

1793 908 1878 954 est
1908 897 2137 954 inﬁrmis
2162 899 2412 956 inﬁrmus
2441 916 2540 969 per
2563 903 2809 972 corporis
2848 903 3158 974 passionem
3187 921 3202 970 ;
3229 915 3286 960 ut
3311 906 3398 962 in-

1792 989 1981 1056 ﬁrmos
2005 990 2371 1048 lucrifaceret.
2411 990 2673 1049 Omnibus
2705 1004 2982 1065 postremo
3007 998 3188 1054 omnia
3222 998 3397 1056 factus

1794 1093 1899 1152 est,
1931 1100 2135 1158 pauper
2165 1083 2516 1155 pauperibus,
2568 1085 2718 1142 dives
2741 1087 3021 1156 divitibus,
3054 1093 3190 1148 ﬂens
3219 1090 3398 1148 ﬂenti-

1795 1178 1919 1246 bus,
1961 1179 2210 1242 esuriens
2260 1179 2650 1244 esurientibus,
2698 1180 2892 1238 sitiens
2913 1183 3240 1250 sitientibus,
3275 1201 3404 1256 pro-

1795 1257 1936 1332 ﬂuus
1963 1272 2385 1338 abundantibus.
2411 1273 2468 1332 In
2497 1288 2720 1332 carcere
2741 1291 2862 1332 cum
2892 1292 3128 1348 paupere
3147 1289 3252 1345 est,
3277 1295 3401 1336 cum

1799 1368 1964 1424 Maria
1993 1368 2112 1435 ﬂet,
2154 1383 2276 1424 cum
2297 1367 2560 1439 apostolis
2588 1369 2856 1438 epulatur,
2891 1385 3016 1426 cum
3063 1372 3404 1429 Samaritana

1799 1460 1961 1516 sitit:
1994 1458 2049 1516 in
2100 1459 2320 1520 deserto
2373 1460 2580 1528 esurit;
2610 1471 2670 1516 ut
2720 1461 2876 1518 cibus
2933 1463 3093 1534 primi
3131 1464 3407 1531 hominis,

1803 1568 1966 1625 quem
1996 1553 2441 1623 prtavaricatione
2462 1562 2793 1626 gustaverat,
2819 1554 3028 1626 jejunio
3058 1557 3270 1615 Domini
3298 1561 3410 1614 sol-

1804 1657 2048 1704 veretur.
2079 1646 2275 1704 Nostro
2303 1648 2548 1718 periculo
2572 1647 2747 1705 Adam
2776 1649 3018 1706 scientia:
3042 1650 3170 1707 boni
3198 1661 3254 1708 et
3283 1653 3415 1714 mali

1813 1741 2026 1816 1336
2054 1741 2250 1798 famem
2269 1740 2454 1810 solvit,
2482 1751 2675 1800 nostro
2686 1743 3060 1812 emolumento
3085 1745 3282 1803 faem
3310 1748 3416 1805 iste

1807 1834 2070 1905 Suscepit.

79 1942 400 2015 prodantur
435 1960 448 1998 :
482 1956 600 2012 qua:
626 1941 673 1996 si
712 1953 849 2012 quos
875 1937 1170 1994 deﬂectere
1187 1931 1459 2005 navigium
1487 1939 1709 2004 propter
1739 1935 1788 2011 Β
1890 1927 2047 1998 (Cap.
2081 1925 2171 1984 IV.
2201 1958 2273 1969 —
2308 1929 2464 1985 Vers.
2494 1931 2577 2002 l.)
2607 1939 2629 1969 ο
2653 1929 2804 1985 Tunc
2830 1930 2985 1989 Iesus
3042 1933 3232 1990 ductus
3251 1945 3325 1992 est
3356 1936 3415 1992 in

76 2036 307 2092 aurium
339 2034 669 2091 suavitatem
699 2032 843 2088 dulci
895 2045 1029 2087 voce
1075 2029 1443 2100 pepulissent,
1474 2027 1527 2081 in
1569 2023 1708 2080 vada

76 2142 235 2183 caeca
264 2129 548 2192 deductos,
580 2136 634 2182 et
665 2123 829 2180 inﬁda
851 2125 1088 2180 statione
1127 2123 1411 2192 deceptos,
1441 2117 1710 2188 naufragii

80 2219 426 2276 miserabilis
450 2228 599 2275 sorte
624 2225 1036 2274 consumerent.
1059 2212 1440 2284 Compositum
1461 2212 1566 2268 hoc
1591 2225 1714 2281 spe-

81 2312 198 2382 cie,
233 2323 286 2369 et
325 2312 616 2367 ambitiosa
641 2309 1053 2382 comparatione
1078 2306 1322 2366 fucatum
1344 2315 1430 2363 est
1459 2322 1476 2372 ;
1512 2314 1570 2360 ut
1596 2317 1715 2360 ma-

84 2421 177 2469 re,
218 2421 350 2471 vox,
380 2403 623 2468 femina).
651 2403 833 2459 littora
862 2401 1086 2468 vadosa,
1119 2400 1416 2472 ﬁngantur.
1447 2397 1601 2468 Quod
1623 2412 1718 2454 au-

85 2505 205 2553 tem
260 2513 410 2552 mare
452 2497 738 2567 abruptius
779 2511 938 2566 quam
976 2495 1258 2562 sarculum,
1310 2501 1420 2550 tam
1463 2492 1712 2560 infidum,

87 2601 208 2646 tam
237 2591 468 2658 mobile,
485 2600 593 2645 tam
611 2588 958 2659 profundum,
986 2597 1092 2644 tam
1117 2586 1526 2642 immundorum
1549 2584 1714 2656 Spiri-

87 2696 252 2744 tuum
277 2687 500 2741 ﬂatibus
527 2683 939 2758 procellosum?
966 2681 1104 2750 Quid
1133 2681 1238 2738 sibi
1269 2682 1382 2736 vult
1415 2680 1714 2750 puellarum

89 2782 280 2852 figura
307 2823 322 2846 ,
376 2780 483 2844 nisi
528 2780 749 2840 evirata:
798 2777 1090 2848 voluptatis
1120 2774 1397 2843 illecebra,
1430 2789 1551 2845 qua:
1581 2788 1715 2830 con-

92 2874 363 2930 stantiam
413 2870 841 2944 captrednentis
866 2868 1193 2926 effeminet?
1233 2868 1366 2936 Quae
1416 2877 1599 2922 autem
1626 2865 1720 2922 illa

95 2964 266 3034 vada,
323 2963 427 3024 nisi
476 2971 678 3026 nostra:
715 2962 925 3032 scopuli
970 2971 1098 3024 sunt
1135 2961 1374 3017 salutis?
1404 2959 1548 3016 Nihil
1573 2960 1721 3016 enim

97 3069 218 3116 tam
247 3074 476 3124 cazcum,
501 3072 665 3130 quam
720 3055 1002 3114 saecularis
1032 3056 1315 3114 suavitatis
1373 3054 1675 3127 periculum
1707 3071 1722 3110 :

97 3168 233 3224 quae
287 3152 417 3207 dum
473 3155 677 3208 mulcet
708 3152 976 3218 animum,
1011 3150 1180 3207 vitam
1219 3150 1424 3217 obruit,
1458 3161 1514 3205 et
1533 3163 1728 3220 corpo-

95 3247 219 3303 reis
250 3246 575 3317 quibusdam
615 3246 857 3318 scopulis
887 3261 1112 3306 sensum
1152 3245 1352 3302 mentis
1380 3243 1562 3302 illidit.

1813 2019 2075 2078 desertum
2105 2022 2168 2076 ab
2209 2021 2440 2094 Spiritu,
2482 2034 2539 2080 ut
2576 2032 2864 2082 tentaretur
2903 2042 2936 2080 α
2975 2025 3206 2082 diabolo.

1890 2117 1942 2176 7.
1971 2116 2242 2174 Convenit
2279 2116 2556 2176 recordari
2594 2119 3048 2190 quemadmodum
3077 2121 3146 2178 de
3170 2123 3425 2194 paradiso

1817 2208 1872 2270 in
1899 2209 2177 2268 desertum
2208 2210 2378 2269 Adam
2403 2212 2614 2282 primus
2641 2211 2851 2284 ejectus
2878 2213 2951 2270 sit
2988 2213 3148 2286 (Gen.
3180 2232 3257 2281 Ill,
3289 2213 3426 2288 24);

1816 2311 1879 2361 ut
1900 2304 2154 2360 advertas
2181 2303 2642 2375 quemadmodum
2671 2305 2740 2361 de
2766 2306 2984 2364 deserto
3012 2308 3080 2364 ad
3111 2308 3426 2381 paradisum

1816 2398 1992 2456 Adam
2023 2397 2296 2456 secundus
2325 2399 2641 2456 reverterit.
2682 2399 2875 2458 Videte
2905 2403 3050 2458 enim
3072 2405 3428 2476 quemadmo-

1817 2493 1946 2550 dum
1970 2493 2084 2550 suis
2111 2492 2269 2550 nodis
2297 2494 2613 2564 pracjudicia
2637 2495 3010 2565 resolvantur,
3034 2506 3089 2554 et
3113 2500 3231 2556 suis
3243 2499 3430 2555 divina

1819 2586 2081 2644 beneﬁcia
2130 2587 2380 2658 vestigiis
2418 2586 2808 2646 reformentur.
2865 2590 2942 2644 Ex
3005 2597 3150 2647 terra
3219 2592 3433 2663 virgine

1821 2681 1993 2736 Adam
2021 2679 2178 2753 (Gen.
2206 2697 2265 2747 tt,
2302 2681 2380 2751 7),
2415 2681 2665 2738 Christus
2691 2697 2756 2739 ex
2782 2684 2997 2754 virgine
3025 2703 3039 2738 :
3073 2685 3168 2742 ille
3206 2687 3272 2742 ad
3300 2688 3436 2744 ima-

1820 2773 2004 2844 ginem
2039 2775 2133 2830 Dei
2166 2773 2341 2830 factus
2360 2773 2522 2848 (Gen.
2554 2774 2722 2855 1,.27)
2753 2817 2770 2843 ,
2821 2777 2909 2832 hic
2941 2779 3120 2849 imago
3170 2779 3264 2836 Dei
3293 2795 3307 2833 :
3340 2781 3436 2838 ille
3509 2835 3520 2838 _

1823 2867 2080 2922 omnibus
2101 2867 2566 2925 irrationabilibus
2597 2869 2920 2928 animalibus
2948 2869 3141 2945 (Ibid.,
3180 2873 3300 2946 38),
3344 2874 3438 2932 hic

1824 2958 2083 3015 omnibus
2119 2961 2493 3018 animantibus
2519 2963 2812 3020 antelatus.
2848 2964 2952 3021 Per
2979 2967 3264 3026 mulierem
3290 2970 3436 3026 stul-

1826 3051 1944 3106 titia
1964 3049 2122 3121 (Gen.
2159 3067 2241 3120 ut,
2270 3053 2304 3109 6
2328 3063 2378 3109 et
2412 3052 2488 3126 7),
2537 3069 2634 3126 per
2654 3055 2920 3127 virginem
2951 3059 3243 3131 sapientia.
3286 3062 3435 3122 Mors

1827 3160 1926 3218 per
1943 3145 2220 3215 arborem,
2238 3147 2347 3204 vita
2362 3163 2462 3220 per
2475 3163 2718 3206 crucem.
2735 3150 2834 3208 llle
2857 3153 3192 3224 spiritalium
3215 3157 3396 3216 nudus
3414 3202 3432 3228 ,

1825 3238 2076 3296 arboreis
2122 3255 2183 3296 se
2233 3240 2365 3296 texit
2393 3241 2610 3299 exuviis
2643 3261 2656 3297 :
2691 3244 2780 3301 hic
2827 3247 3171 3305 surcularium
3229 3250 3433 3319 nudus,

177 3341 236 3396 4.
281 3337 470 3396 Merito
504 3340 668 3412 igitur
715 3338 978 3402 Dominus
1035 3347 1222 3394 noster
1263 3337 1422 3394 Jesus
1473 3334 1725 3394 Christus
1751 3337 1797 3402 C
1829 3334 2077 3405 corporis
2107 3350 2216 3395 non
2243 3335 2838 3397 desideravitexuvias.
2879 3341 2939 3399 In
2987 3343 3208 3402 deserto
3233 3347 3435 3417 Adam,

92 3435 314 3507 jejunio
341 3450 441 3490 suo
465 3449 565 3490 nos
614 3443 775 3510 atque
806 3434 1027 3489 deserto
1055 3432 1317 3488 adversus
1371 3430 1714 3502 voluptatum

100 3527 694 3595 informatillecebras,
729 3538 784 3584 et
826 3528 1020 3583 tentari
1055 3543 1113 3582 se
1143 3543 1173 3583 a
1214 3526 1430 3588 diabolo
1458 3526 1719 3583 Dominus

97 3621 357 3678 omnium
391 3623 632 3695 patitur;
667 3631 727 3678 ut
751 3623 804 3678 in
834 3623 926 3680 illo
969 3637 1161 3679 omnes
1213 3624 1432 3680 vincere
1482 3621 1722 3680 discere-

102 3733 261 3773 mus.
292 3717 653 3778 Advertamus
686 3718 851 3790 igitur
873 3720 996 3790 quia
1029 3718 1129 3774 tria
1155 3733 1263 3795 non
1287 3720 1463 3776 otiose
1487 3735 1517 3775 a
1537 3719 1724 3776 Domi-

106 3827 193 3868 no
243 3810 620 3884 principaliter
684 3810 933 3867 ordinata
1012 3811 1358 3886 Evangelista
1410 3812 1724 3884 descripsit.

112 3904 251 3959 Tria
279 3911 406 3966 sunt
432 3904 576 3959 enim
604 3919 724 3976 qua:
753 3905 820 3960 ad
854 3920 1012 3959 usum
1067 3907 1353 3976 proficiunt
1401 3907 1595 3964 salutis
1625 3905 1728 3962 hu-

109 4014 320 4066 manae,
364 4009 786 4070 sacramentum,
841 3999 1142 4066 desertum,
1197 4001 1509 4072 jejunium:
1555 4001 1724 4073 Nemo

109 4091 266 4149 enim
290 4092 390 4146 nisi
412 4091 501 4163 qui
529 4091 755 4164 legitime
779 4094 1069 4159 certaverit,
1094 4105 1372 4150 coronatur
1397 4095 1462 4166 (ll
1497 4093 1631 4148 Tim.
1667 4111 1724 4163 ll,

116 4187 180 4260 5)
218 4204 231 4240 :
263 4199 426 4242 nemo
472 4198 652 4240 autem
697 4185 763 4241 ad
790 4195 1069 4243 certamen
1126 4189 1348 4244 virtutis
1398 4188 1725 4252 admittitur,

112 4280 226 4334 nisi
260 4277 410 4350 prius
437 4280 505 4332 ab
534 4277 785 4334 omnibus
833 4279 1047 4334 ablutus
1097 4281 1327 4342 maculis
1380 4281 1727 4347 delictorum,

112 4369 309 4444 gratia:
333 4371 568 4426 caelestis
601 4386 824 4426 munere
846 4381 1220 4436 consecretur,

195 4465 250 4522 5.
288 4464 443 4520 Venit
467 4465 629 4536 igitur
662 4464 921 4521 Dominus
948 4464 1014 4520 ad
1044 4467 1350 4534 lavacrum;
1399 4476 1457 4523 ut
1483 4467 1730 4539 mysterii

119 4557 294 4630 gratia
327 4557 483 4613 nobis
513 4555 542 4595 δ
572 4566 626 4612 et
657 4557 775 4612 visu
807 4557 1132 4629 probaretur
1158 4566 1212 4615 et
1249 4554 1436 4616 sensu.
1470 4559 1542 4618 Et
1593 4577 1726 4633 quo-

121 4654 270 4708 niam
302 4651 436 4720 Lex,
485 4651 629 4708 cmlo
653 4661 709 4708 et
740 4653 899 4709 terris
949 4654 1197 4716 testibus.
1230 4655 1634 4729 promulgatur;
1669 4667 1729 4712 ut

1827 3427 1880 3484 in
1908 3427 2130 3490 deserto
2145 3426 2431 3498 Christus;
2463 3431 2671 3489 sciebat
2693 3436 2838 3490 enim
2867 3435 2956 3492 ubi
2987 3450 3173 3509 posset
3194 3441 3444 3501 invenire

1829 3520 2170 3588 damnatum,
2201 3536 2361 3593 quem
2389 3523 2458 3578 ad
2491 3523 2828 3595 paradisum,
2862 3530 3106 3586 resoluto
3129 3547 3322 3591 errore
3351 3551 3443 3591 re-

1829 3622 2068 3671 vocaret.
2103 3614 2210 3672 Sed
2254 3602 2512 3687 quoniam
2553 3619 2907 3676 saecularibus
2948 3622 3172 3680 indutus
3223 3628 3444 3686 exuviis

1829 3707 2010 3764 redire
2066 3725 2172 3766 non
2206 3717 2444 3781 poterat,
2476 3725 2578 3768 nec
2619 3713 2852 3784 paradisi
2881 3715 3054 3773 incola
3085 3728 3269 3790 potest
3291 3736 3441 3791 esse,

1834 3803 1941 3859 nisi
1969 3803 2146 3866 nudus
2166 3820 2199 3860 a
2225 3805 2422 3877 culpa;
2451 3807 2606 3863 exuit
2635 3820 2874 3868 veterem
2907 3809 3211 3881 hominem,
3241 3831 3441 3874 novum

1828 3895 2035 3964 induit;
2084 3906 2145 3953 ut
2197 3897 2322 3970 quia
2371 3900 2510 3954 solvi
2559 3915 2670 3956 non
2718 3912 2927 3968 queunt
2974 3903 3158 3961 divina
3186 3907 3432 3979 decreta,

1827 4003 2060 4062 persona
2093 3991 2264 4060 magis
2283 4007 2444 4060 quam
2467 3994 2735 4050 sententia
2757 4004 3075 4054 mutaretur.

1899 4082 1952 4136 8.
1989 4081 2093 4138 Sed
2122 4068 2299 4153 quiin
2331 4085 2585 4152 paradiso
2613 4087 2732 4142 sine
2760 4089 2898 4145 duce
2953 4093 3060 4148 iter
3103 4095 3288 4151 amisit
3342 4112 3435 4154 ac-

1826 4182 2068 4246 ceptum,
2101 4175 2556 4244 quemadmodum
2579 4177 2648 4234 de
2669 4179 2889 4237 deserto
2916 4185 3034 4241 sine
3055 4187 3193 4243 duce
3223 4189 3325 4245 iter
3345 4208 3431 4249 re~

1833 4278 2025 4339 petere
2051 4277 2235 4340 posset
2264 4271 2546 4340 amissum,
2576 4272 2666 4331 ubi
2705 4277 3034 4342 tentationes
3057 4280 3328 4350 plurimae,
3354 4286 3436 4343 ni-

1833 4376 1926 4418 sus
1955 4363 2020 4424 ad
2051 4363 2310 4422 virtutem
2337 4363 2602 4433 difﬁcilis,
2636 4369 2818 4440 lapsus
2849 4369 3026 4428 facilis
3051 4374 3120 4428 ad
3150 4391 3433 4434 errorem:

1833 4471 1958 4514 cum
1982 4456 2172 4520 eadem
2195 4459 2267 4516 sit
2295 4459 2509 4516 virtutis
2537 4472 2752 4532 natura,
2807 4480 2929 4536 qua
2961 4481 3274 4538 nemorum;
3308 4483 3366 4530 ut
3390 4476 3438 4530 si

1832 4553 2013 4618 adhuc
2050 4553 2248 4624 exigua
2277 4553 2346 4611 de
2375 4557 2610 4614 terrenis
2655 4557 2723 4614 ad
2762 4572 2998 4628 superna
3029 4577 3090 4619 se
3116 4566 3432 4638 subrigunt,

1834 4646 1962 4704 dum
1992 4648 2196 4706 teneris
2224 4659 2361 4704 retas
2390 4648 2658 4706 adolescit
2679 4651 2982 4722 frondibus,
3043 4657 3173 4714 saevi
3222 4673 3437 4720 veneno

123 4745 449 4820 mysterium
481 4743 779 4800 divinitatis
814 4743 1193 4802 absconditum
1226 4761 1254 4800 a
1296 4747 1508 4804 smeulis
1530 4747 1584 4806 in
1613 4747 1726 4804 Deo
1758 4764 1808 4828 ι)
1834 4742 2015 4798 dentis
2047 4742 2282 4798 obnoxia
2312 4741 2473 4798 facile
2504 4753 2600 4799 aut
2638 4745 2841 4802 succidi
2894 4750 3088 4818 possit,
3120 4762 3214 4808 aut
3242 4757 3322 4810 uri
3358 4772 3371 4809 :
3398 4757 3446 4814 si

126 4841 246 4913 plus
269 4839 525 4896 crederes
553 4853 678 4895 esse
713 4855 874 4911 quam
902 4839 1104 4912 Legem
1154 4862 1166 4899 :
1201 4856 1308 4897 non
1331 4842 1440 4914 jam
1474 4842 1538 4897 ad
1575 4844 1731 4898 testi-

128 4933 370 4989 monium
409 4933 604 4988 caelum
656 4927 903 5002 vocatur,
954 4933 1051 4989 sed
1101 4934 1272 4990 utitur
1324 4935 1478 4990 testis
1528 4934 1730 5002 ofﬁcio,

129 5041 251 5082 cum
279 5042 381 5081 vox
410 5025 504 5081 Dei
531 5024 774 5081 defertur
812 5042 842 5082 e
872 5026 1033 5083 cmlo.
1074 5027 1245 5083 Simul
1270 5043 1338 5085 ne
1366 5028 1492 5086 fidei
1528 5038 1734 5101 myste-

131 5119 270 5176 rium
302 5119 469 5175 dubio
499 5119 695 5174 mentis
716 5113 982 5192 oﬂ'e‘hdas,
1016 5120 1311 5184 invisibilia
1368 5121 1463 5178 tibi
1505 5122 1735 5179 visibili-

133 5222 217 5269 ter
245 5213 596 5269 declarantur
633 5215 873 5282 operari.

205 5307 259 5362 6.
294 5305 456 5362 Venit
492 5305 754 5362 Dominus
790 5305 856 5360 ad
889 5305 1195 5375 lavacrum;
1248 5311 1428 5366 omnia
1459 5311 1602 5365 enim
1641 5325 1738 5380 pro

137 5407 190 5457 te
229 5400 402 5456 factus
433 5409 539 5456 est.
571 5398 646 5455 Iis
672 5400 763 5476 qui
789 5400 891 5458 sub
931 5399 1072 5476 Lege
1099 5411 1250 5472 sunt,
1282 5404 1435 5475 quasi
1465 5403 1568 5461 sub
1599 5403 1740 5475 Lege

1842 4853 1974 4893 vero
2004 4837 2110 4892 alta
2139 4851 2200 4893 se
2230 4835 2414 4894 radice
2435 4835 2764 4909 fundaverit,
2813 4849 2871 4898 et
2894 4858 3173 4903 ramorum
3199 4848 3447 4906 sublimi-

1842 4937 1955 4986 tate
1983 4929 2292 4996 sustulerit,
2345 4929 2548 4987 frustra
2601 4931 2714 5003 jam
2742 4935 2827 4990 vel
2860 4935 3097 4994 ferarum
3146 4941 3445 5009 morsibus,

1841 5023 1925 5086 vel
1969 5023 2189 5081 lacertis
2219 5023 2535 5096 agrestium,
2559 5026 2647 5082 vel
2673 5025 3010 5098 diversorum
3063 5031 3288 5090 ﬂatuum
3321 5050 3450 5108 pro-

1839 5118 1996 5176 cellis
2016 5118 2178 5174 arbor
2208 5118 2431 5176 robusta
2463 5127 2722 5176 tentetur.

1915 5217 1970 5273 9.
1990 5217 2164 5285 Quem
2189 5216 2351 5288 igitur
2378 5227 2680 5288 opponeret
2710 5217 2907 5276 ducem
2935 5231 3123 5279 contra
3154 5235 3232 5281 tot
3256 5226 3445 5288 illece-

1844 5310 1973 5372 bras
1999 5310 2206 5376 saeculi,
2239 5322 2432 5367 contra
2461 5321 2541 5367 tot
2563 5313 2838 5370 versutias
2853 5314 3088 5383 diaboli;
3123 5333 3245 5376 cum
3285 5322 3456 5380 sciret

1849 5407 2012 5468 nobis
2065 5406 2244 5477 primo
2294 5414 2488 5492 contra
2541 5421 2764 5465 carnem
2789 5418 2845 5466 et
2871 5414 3215 5485 sanguinem,
3251 5416 3452 5475 deinde

142 5603 244 5668 lam
275 5603 449 5672 prima
474 5601 681 5674 periodi
709 5600 889 5675 verba
907 5600 1044 5675 scite
1073 5602 1246 5673 repeti
1273 5601 1748 5675 frequentissimus
1851 5619 1983 5660 vero
2007 5604 2194 5660 eadem
2235 5605 2462 5662 inversis
2511 5607 2714 5674 verbis,
2739 5608 2833 5664 sed
2854 5627 2956 5666 vos:
2981 5610 3078 5668 Dei
3103 5613 3268 5670 utitur
3313 5618 3454 5674 testis

142 5671 629 5746 scriptorum'usus
664 5675 837 5744 palam
867 5671 1052 5728 faciat.

215 5781 239 5808 τι
282 5769 361 5822 Ad
393 5769 648 5836 arborem,
683 5767 841 5832 navis
879 5768 1112 5832 scilicet,
1160 5768 1210 5826 id
1261 5779 1366 5835 est,
1417 5770 1483 5828 ad
1525 5770 1750 5825 malum.

1854 5677 2055 5749 ofﬁcio,
2087 5694 2205 5731 cum
2220 5678 2451 5750 defertur
2479 5693 2507 5734 θ
2533 5679 2678 5736 coelo.

1933 5781 1971 5849 ξ-
1998 5768 2223 5849 Constat
2251 5771 2469 5849 quidem
2523 5772 2609 5828 hic
2653 5776 2833 5849 textus
2869 5773 3103 5849 Matthxi
3127 5778 3334 5849 verbis.
3368 5796 3467 5849 pro

147 5840 280 5924 Vide
305 5841 527 5924 llomer.
556 5839 752 5924 Odyss.
787 5840 856 5906 M,
882 5841 973 5898 ubi
1002 5839 1197 5896 fabula:
1231 5841 1390 5912 hujus
1418 5841 1616 5900 seriem
1641 5843 1756 5898 fuse
1859 5843 2058 5924 quibus
2088 5841 2249 5898 Luca:
2269 5839 2444 5900 'verba
2479 5846 2724 5924 reposuit
2752 5845 2913 5924 Rom.
2950 5846 3082 5924 edit.
3116 5847 3223 5904 Sed
3243 5839 3475 5910 aliarum

150 5914 477 5984 descriptam
513 5914 777 5982 reperies.

217 5986 244 6025 λ
283 5969 441 6042 Rom.
477 5969 607 6041 edit.
634 5987 772 6054 sola,
803 5997 850 6042 et
879 6004 974 6042 usu
1001 5969 1307 6059 probaretur
1327 5996 1376 6042 et
1402 6004 1575 6043 sensu.
1619 5986 1758 6043 Infra

1860 5923 2045 5996 tamen
2073 5929 2136 5970 ac
2163 5930 2294 5996 mss.
2325 5915 2636 5996 auctoritati
2659 5917 2912 5996 standum
2943 5918 3219 5987 duximus,
3245 5938 3479 5996 ιιι-ωεει.

1863 5989 1959 6044 tim
1989 6001 2114 6044 cum
2141 5986 2296 6046 nulla
2323 5987 2398 6043 sit
2425 5988 2479 6044 in
2507 6001 2674 6044 sensu
2697 5987 3007 6046 diversitas.
