4156 6346
546 365 688 427 ιϐιδ

1891 352 2133 412 SANCTI
2174 354 2494 414 AMBROSII

3721 352 3859 412 1616

541 495 732 540 contra
769 486 1092 550 potestates,
1146 484 1336 531 centra
1384 481 1629 530 rectores
1669 471 1853 528 mundi
1889 472 2142 527 tenebra-
2176 473 2230 535 Α
2256 481 2314 527 ut
2365 472 2736 543 prephelat'et-
2762 471 2908 544 quod
2941 481 3202 528 venturus
3230 478 3379 528 esset
3408 471 3459 526 in
3503 470 3642 526 hanc
3669 471 3856 526 vitam.

545 594 663 632 rtun
698 576 910 640 harum,
945 572 1205 627 adversus
1237 567 1504 639 spiritalia
1554 566 1808 638 nequitia)
1859 582 1977 638 qua}
2026 576 2154 620 sunt

545 672 602 727 in
635 668 970 732 ccelestibus,
1003 681 1125 720 esse
1147 661 1460 718 luctamen?
1492 662 1756 731 Augelum
1808 660 2153 730 opponeret?

543 766 608 820 Et
642 766 759 834 ipse
793 763 977 832 lapsus
1007 763 1191 822 est,et
1216 757 1454 826 legiones
1500 755 1822 824 angelorum
1850 753 1939 809 vix
1964 754 2152 822 singuo

543 857 610 910 lis
643 854 982 926 profuerunt.
1027 849 1318 918 Seraphim
1349 846 1666 918 dirigeret?
1714 847 1777 900 Et
1829 846 2008 914 ipsum
2057 844 2154 898 de-

531 948 759 1006 scendit
776 949 827 1001 in
854 954 1031 1000 terras
1052 942 1106 997 in
1131 941 1370 996 medium
1389 941 1574 1011 pepuli
1606 940 1881 994 immunda
1906 939 2040 993 labia
2058 937 2155 991 ha-

547 1044 750 1108 bentis,
786 1050 842 1097 et
871 1040 1032 1096 unius
1090 1049 1298 1092 tantum
1349 1036 1643 1107 propheta}.
1680 1034 1820 1088 labia
1847 1074 1862 1099 ,
1907 1032 2154 1102 apposito

545 1139 806 1202 carbone,
839 1133 1124 1190 inundavit
1154 1130 1327 1205 (Esa‘i.
1363 1146 1438 1196 Vl,
1472 1130 1505 1185 6
1537 1139 1584 1184 et
1611 1130 1686 1200 7).
1718 1128 1872 1184 Alius
1909 1127 2017 1181 dux
2064 1142 2152 1181 rc-

545 1232 844 1306 quirendus
866 1230 988 1296 fuit,
1019 1243 1178 1299 quem
1206 1239 1563 1297 sequeremur
1579 1236 1789 1277 omnes.
1815 1221 1946 1288 Quis
1977 1229 2156 1274 tantus

547 1338 698 1385 esset
718 1327 849 1387 dux,
887 1324 976 1394 qui
1010 1321 1292 1394 prodesset
1316 1317 1592 1384 omnibus,
1625 1318 1726 1371 nisi
1751 1316 1846 1371 ille
1875 1316 1964 1386 qui
1994 1327 2157 1383 supra

549 1435 742 1476 omnes
786 1415 1082 1484 cst?Quis
1131 1427 1218 1467 me
1267 1426 1431 1481 supra
1488 1408 1746 1463 mundum
1772 1406 2157 1470 constitueret,

549 1514 655 1570 nisi
686 1512 776 1582 qui
801 1509 974 1579 major
1005 1515 1091 1561 est
1134 1502 1384 1558 mundo?
1414 1501 1547 1568 Quis
1600 1510 1780 1554 tantus
1836 1505 1983 1552 esset
2023 1495 2156 1562 dux,

550 1609 642 1680 qui
677 1613 868 1680 posset
905 1600 1207 1657 masculum
1235 1608 1288 1652 et
1317 1597 1600 1661 feminam,
1633 1594 1878 1649 Judaeum
1928 1601 1982 1649 et
2009 1592 2163 1648 Grie-

550 1718 698 1767 cum,
719 1699 1020 1756 Barbarum
1044 1706 1098 1751 et
1126 1692 1414 1766 Scytham,
1457 1705 1679 1746 servum
1705 1699 1758 1744 et
1788 1688 2019 1743 liberum
2052 1702 2162 1743 uno

553 1809 746 1866 regere
775 1792 978 1857 ductu;
1009 1788 1112 1844 nisi
1141 1786 1291 1850 solus
1322 1786 1513 1857 quiest
1543 1783 1795 1840 omniaet
1827 1781 1879 1836 in
1903 1781 2162 1837 omnibus

554 1889 804 1946 Christus
833 1887 856 1941 ?

629 1981 715 2036 10.
761 1977 916 2036 Multi
943 1977 1086 2032 enim
1143 1973 1322 2046 laquei
1372 1987 1715 2044 quacumque
1764 1972 2159 2043 progredimur.

556 2076 759 2148 Laquei
790 2075 842 2129 in
871 2086 1127 2142 corpore,
1154 2069 1333 2140 laquei
1365 2067 1417 2122 in
1467 2068 1627 2138 Lege,
1660 2077 1685 2104 ει
1718 2067 1896 2138 laquei
1955 2067 2163 2140 1337

555 2171 608 2225 in
663 2166 840 2238 pinnis
874 2165 1222 2236 templorum,
1259 2162 1311 2217 in
1341 2161 1716 2231 crepidinibus
1744 2159 2010 2230 parietum
2041 2169 2164 2215 ten-

553 2261 759 2318 duntur
790 2275 819 2312 a
854 2257 1098 2313 diabolo.
1145 2255 1349 2325 Laquei
1399 2253 1452 2308 iu
1485 2253 1850 2323 philosol‘ihis,
1903 2253 2083 2324 laquei
2111 2254 2163 2308 in

557 2351 980 2425 cupiditatibus;
1033 2348 1228 2405 oculus
1281 2346 1424 2402 enim
1463 2346 1770 2400 meretricis
1826 2345 2054 2416 laqueus
2083 2353 2170 2400 est

557 2446 862 2520 peccatoris
887 2462 899 2498 :
935 2444 1159 2512 laqueus
1187 2442 1240 2496 in
1273 2437 1525 2510 pecunia,
1553 2439 1784 2508 laqueos
1808 2437 1859 2492 in
1875 2437 2165 2508 religione,

557 2544 785 2615 laqueus
811 2541 865 2596 in
896 2538 1078 2594 studio
1103 2536 1391 2592 castitatis.
1424 2534 1648 2604 Exiguis
1679 2532 1825 2588 enim
1877 2532 2168 2589 momentis

559 2655 711 2697 mens
751 2638 1043 2694 inclinatur
1092 2633 1348 2698 humana,
1399 2641 1454 2686 et
1509 2628 1613 2684 buc
1662 2637 1825 2699 atque
1854 2627 2037 2683 illucb
2071 2644 2169 2698 per

553 2733 827 2793 versutias
854 2728 1136 2786 suadentis
1153 2724 1468 2795 frequenter
1491 2722 1810 2793 impellitur.
1838 2731 1862 2760 ε
1893 2720 2055 2778 Videt
2079 2722 2172 2777 ali-

555 2844 717 2901 quem
745 2824 992 2881 diabolus
1025 2820 1337 2891 religiosum
1365 2817 1565 2882 virum,
1622 2816 1735 2872 Deo
1785 2816 2172 2871 venerabiliter

558 2920 924 2984 deferentem,
957 2924 1013 2970 et
1062 2913 1204 2983 quod
1235 2917 1639 2966 sacrosanctum
1667 2918 1751 2963 est
1779 2909 2167 2974 :eStimanten‘t,

559 3017 760 3072 nullius
789 3024 1044 3082 capacem
1075 3006 1324 3077 injuriae;
1376 3005 1428 3057 in
1453 3004 1568 3072 ipsa
1595 3017 1718 3057 eum
1748 3001 2018 3072 religione
2043 3017 2172 3072 sup-

560 3110 790 3182 plantat,
822 3115 880 3160 ut
905 3102 1068 3158 faciat
1097 3114 1202 3154 non
1231 3096 1461 3153 credere
1483 3095 1628 3166 quod
1684 3095 1778 3150 Dei
1825 3094 1994 3149 Filius
2041 3109 2172 3150 vero

561 3203 704 3258 hanc
737 3207 977 3255 nostram
1006 3191 1312 3263 susceperit
1340 3204 1584 3255 carnem,
1622 3189 1726 3244 hoc
1757 3197 2003 3242 nostrum
2045 3202 2172 3244 cor-

2257 567 2346 637 qui
2380 575 2695 622 contereret
2733 566 2987 637 laqueum
3033 566 3224 621 fraude
3251 567 3447 621 diaboli
3478 574 3856 637 praeparatum.

2331 659 2418 713 1'2.
2476 659 2581 716 Sed
2633 675 2740 714 non
2784 661 2960 730 potuit
2993 661 3187 716 melius
3227 661 3434 716 conteri
3469 660 3727 733 laqueus,
3758 659 3860 715 nisi

2260 753 2495 822 praedam
2528 753 2764 823 aliquam
2799 753 3020 809 diabolo
3044 745 3507 818 demonswasset;
3533 765 3591 809 ut
3615 753 3740 809 dum
3770 752 3863 808 ille

2257 845 2479 902 leSIinat
2507 845 2573 901 ad
2619 846 2890 917 praedam,
2924 847 3039 903 suis
3090 847 3296 918 laqueis
3336 847 3633 919 ligaretur,
3679 856 3732 901 et
3763 860 3865 917 ego

2258 956 2474 1010 possem
2521 940 2705 997 dicere
2741 961 2753 996 :
2799 941 3034 1011 Laqueos
3071 951 3384 1013 paraverunt
3406 941 3621 1012 pedibus
3643 941 3789 1006 meis,
3820 949 3868 994 et

2259 1033 2362 1102 ipsi
2394 1032 2686 1088 inciderunt
2714 1034 2765 1088 in
2806 1050 2892 1088 eos
2926 1033 3098 1106 (Psal.
3127 1049 3231 1102 Lvt,
3269 1035 3346 1104 7).
3376 1033 3507 1101 Qua:
3540 1033 3712 1100 potuit
3745 1046 3867 1088 esse

2260 1127 2475 1196 praula,
2517 1127 2623 1182 nisi
2664 1128 2902 1197 corpus?
2947 1126 3202 1198 Oportuit
3247 1126 3410 1197 igitur
3455 1127 3593 1182 hanc
3624 1125 3868 1181 fraudem

2259 1219 2476 1275 diabolo
2507 1220 2624 1275 ﬁeri
2652 1261 2667 1286 ,
2712 1230 2769 1274 ut
2800 1218 3109 1287 susciperet
3143 1234 3344 1290 corpus
3394 1219 3655 1274 Dominus
3683 1219 3868 1284 Jcsus,

2260 1322 2316 1368 et
2345 1329 2548 1385 corpus
2572 1313 2672 1370 hoc
2697 1314 3080 1386 corruptibile,
3111 1329 3304 1384 corpus
3333 1313 3637 1380 inﬁrmum;
3665 1323 3721 1370 ut
3742 1329 3871 1370 cru-

2262 1407 2573 1478 ciﬁgeretur
2595 1423 2663 1463 ex
2682 1409 3021 1464 inﬁrmitate.
3053 1409 3107 1466 Si
3141 1409 3288 1464 enim
3312 1407 3505 1464 fuisset
3531 1424 3731 1480 corpus
3761 1401 3874 1481 spi-

2263 1501 2447 1565 ritale,
2481 1518 2588 1556 non
2622 1502 2855 1559 dixisset
2889 1520 2900 1556 :
2931 1502 3168 1574 Spiritus
3196 1512 3466 1576 promptus
3498 1513 3608 1569 est,
3637 1521 3758 1559 caro
3779 1521 3875 1558 au-

2265 1603 2365 1647 tem
2390 1595 2603 1664 inﬁrma
2633 1595 2853 1666 (Matth.
2893 1611 3046 1663 xxvr,
3076 1594 3195 1667 41).
3221 1594 3363 1651 Audi
3397 1596 3558 1667 igitur
3588 1607 3875 1666 utramque

2263 1701 2487 1751 vocem,
2517 1696 2572 1743 et
2615 1689 2842 1757 spiritus
2878 1689 3139 1758 prompti,
3162 1697 3218 1743 et
3247 1688 3428 1742 carnis
3459 1687 3688 1743 inﬁrmae
3723 1706 3736 1742 :
3771 1686 3877 1742 Pa-

2266 1791 2358 1846 ter,
2386 1780 2430 1836 si
2458 1781 2703 1849 possibile
2722 1792 2820 1848 est,
2852 1791 3079 1836 transeat
3101 1799 3133 1836 a
3154 1799 3233 1836 me
3260 1782 3398 1837 calix
3413 1781 3512 1836 iste
3535 1781 3724 1854 (lbid.,
3750 1781 3876 1854 59):

2193 1881 2245 1941 B
2274 1875 2390 1930 haec
2421 1876 2603 1931 carnis
2630 1885 2714 1933 est
2748 1893 2876 1931 vox.
2911 1877 3021 1933 Sed
3050 1895 3152 1934 non
3173 1878 3312 1946 quod
3339 1893 3431 1949 ego
3456 1877 3590 1943 volo,
3625 1877 3715 1932 sed
3740 1877 3878 1947 quod

2268 1976 2324 2022 tu
2352 1969 2423 2023 vis
2451 1966 2513 2023 εδ
2542 1967 2711 2025 habes
2742 1969 3089 2027 devotionem
3121 1972 3345 2041 Spiritus
3370 1980 3426 2026 et
3448 1971 3709 2040 vigorem.
3738 1971 3879 2038 Quid

2267 2061 2523 2132 repudias
2569 2063 2939 2134 dignationem
2974 2064 3226 2119 Domini?
3259 2063 3594 2134 Dignationis
3623 2074 3707 2119 est
3731 2064 3880 2133 quod

2267 2156 2510 2226 suscepit
2537 2149 2736 2226 corpus
2768 2173 2971 2225 meum,
3001 2157 3333 2228 dignationis
3365 2167 3448 2213 est
3470 2157 3613 2228 quod
3643 2158 3882 2228 suscepit

2268 2249 2499 2321 injurias
2533 2266 2681 2306 meas
2705 2292 2720 2315 ,
2753 2252 2990 2323 suscepit
3021 2251 3370 2307 inﬁrmitates
3402 2267 3575 2318 meas,
3605 2266 3742 2322 quas
3773 2251 3882 2306 uti-

2268 2361 2376 2416 que
2421 2355 2616 2402 natura
2670 2346 2768 2402 Dei
2801 2348 3006 2402 sentire
3053 2363 3160 2403 non
3190 2347 3398 2417 potuit,
3427 2359 3551 2402 cum
3585 2346 3749 2402 etiam
3783 2360 3884 2400 na-

2269 2450 2389 2495 tura
2417 2441 2654 2497 hominis
2683 2451 3041 2498 contemnere
3081 2441 3367 2510 didicerit,
3399 2441 3486 2497 vel
3519 2439 3795 2497 sustinere
3815 2454 3884 2497 ac

2269 2535 2503 2606 perpeti.
2556 2535 2624 2591 Et
2664 2535 2786 2592 ideo
2837 2551 3132 2607 sequamur
3177 2534 3453 2591 Christum
3481 2577 3497 2603 ,
3525 2535 3684 2607 juxta
3733 2533 3884 2605 quod

2270 2631 2532 2701 scriptum
2563 2639 2647 2686 est
2677 2648 2689 2684 :
2730 2630 2858 2686 Post
2886 2630 3166 2686 Dominum
3198 2630 3361 2684 Deum
3389 2640 3534 2684 tuum
3563 2627 3877 2696 ambulabis,

2273 2732 2318 2776 et
2360 2723 2464 2794 ipsi
2511 2724 2613 2778 soli
2656 2724 2948 2780 παιδίω-ὠὴ
2986 2723 3169 2796 (Deut.
3201 2723 3376 2790 x,20,
3417 2733 3465 2778 et
3517 2739 3633 2789 χιιι,
3666 2721 3746 2796 4).
3777 2721 3881 2777 Cui

2271 2813 2601 2882 adhwrebo,
2651 2817 2754 2872 nisi
2804 2815 3044 2884 Christo,
3098 2817 3238 2872 sicut
3283 2816 3484 2871 Paulus
3529 2815 3667 2870 dixit
3715 2833 3728 2870 :
3777 2813 3883 2881 Qui

2271 2907 2500 2966 adhaeret
2530 2909 2772 2976 Domino,
2813 2911 3026 2984 1338
3051 2927 3185 2965 unus
3214 2911 3427 2980 spiritus
3458 2919 3531 2966 est
3561 2907 3604 2981 (ῐ
3636 2907 3760 2964 Cor.
3803 2925 3879 2977 vr,

2275 3002 2401 3072 ‘17)?
2431 3003 2577 3059 Illius
2611 3005 2796 3075 igitur,
2823 3003 2890 3059 de
2921 3004 3144 3059 deserto
3176 3014 3234 3058 ut
3263 3005 3329 3059 ad
3359 3003 3670 3074 paradisum
3697 3001 3882 3060 redire

2276 3097 2564 3166 possimus,
2601 3098 2824 3169 vestigia
2859 3113 3275 3169 persequamur.
3641 3093 3652 3103 ’

2350 3191 2432 3246 15.
2471 3191 2539 3246 Et
2573 3191 2751 3248 videte
2777 3193 2973 3262 quibus
3005 3192 3297 3248 itineribus
3341 3192 3691 3249 reducantur.
3725 3191 3884 3248 Nunc

565 3313 689 3369 pus,
713 3295 856 3350 hanc
883 3301 1195 3346 nostrorum
1253 3285 1618 3342 membrorum
1651 3283 2167 3354 fragilitatem;cum
2195 3291 2240 3353 ρ
2275 3289 2326 3343 in
2370 3288 2590 3344 deserto
2618 3289 2867 3346 Christus
2903 3300 3006 3352 est.
3047 3290 3161 3360 agit
3185 3289 3487 3355 hominem,
3522 3289 3768 3356 instruit,
3798 3288 3887 3344 in-

567 3392 758 3461 utique
790 3385 970 3458 passio
993 3382 1243 3453 corporis
1286 3379 1473 3443 fuerit,
1528 3376 1780 3431 divinitas
1813 3390 2004 3431 exsors
2033 3374 2177 3445 inju-

563 3487 660 3542 ria:
689 3482 969 3538 manserit.
995 3479 1073 3534 lta
1093 3478 1160 3532 de
1190 3474 1455 3545 religione
1481 3472 1541 3526 ﬁt
1576 3471 1771 3540 culpa;
1802 3468 1982 3525 omnis
2028 3470 2175 3525 enim

563 3579 658 3650 qui
687 3588 845 3648 negat
875 3575 1063 3632 Jesum
1103 3571 1378 3626 Christum
1410 3568 1464 3622 in
1493 3580 1657 3620 carne
1696 3566 1932 3631 venisse,
1965 3564 2032 3620 de
2064 3564 2176 3620 Deo

565 3689 673 3730 non
725 3669 920 3739 est(ll
974 3666 1135 3721 Joan.
1192 3661 1290 3733 7).
1321 3661 1483 3717 Videt
1523 3662 1793 3729 integrum
1841 3667 1898 3714 et
1950 3659 2175 3714 illibatae

561 3765 902 3826 castimonia:
934 3765 1131 3828 virum,
1161 3758 1358 3814 suadet
1410 3765 1467 3811 ut
1521 3755 1740 3824 nuptias
1786 3753 2171 3824 damnct;quo

561 3865 814 3937 ejiciatur
862 3860 931 3914 ab
985 3855 1248 3920 Ecclesia,
1307 3858 1363 3906 et
1411 3849 1594 3905 studio
1637 3849 1908 3904 castitatis
1959 3864 1986 3900 a
2019 3857 2176 3904 casto

565 3972 796 4030 corpore
825 3962 1125 4023 separetur.
1162 3945 1379 4003 Audivit
1407 3944 1551 4000 alius
1582 3944 1704 4014 quia
1733 3942 1883 4028 ‘Unus
1910 3939 2173 3998 Deus.....

567 4068 632 4108 ex
652 4065 756 4123 quo
795 4045 988 4110 omnia,
1019 4042 1238 4108 adorat,
1290 4049 1454 4109 atque
1505 4047 1797 4092 veneratur
1826 4036 1870 4108 (l
1903 4034 2024 4092 Cor.
2058 4053 2176 4104 vut,

567 4149 600 4203 6
632 4148 672 4219 ).
710 4143 1001 4200 lnsidiatnr
1047 4139 1098 4193 ei
1149 4134 1424 4200 diabolus,
1455 4133 1660 4188 claudit
1686 4147 1848 4188 aures
1877 4149 1945 4188 ne
1969 4134 2176 4201 audiat,

567 4241 693 4312 quia
730 4237 876 4294 Unus
926 4233 1062 4288 Deus
1111 4247 1202 4304 per
1244 4244 1395 4300 quem
1418 4229 1591 4282 omnia
1621 4225 1786 4300 (Ibid.
1817 4226 1836 4297 )
1872 4243 1884 4280 :
1912 4227 1984 4281 ita
2012 4227 2179 4283 nimia

571 4335 772 4404 pietate
817 4329 1044 4400 impium
1097 4340 1222 4380 esse
1274 4321 1590 4391 compellit;
1640 4331 1698 4375 ut
1749 4320 1875 4375 dum
1905 4320 2178 4377 Patrema

473 4437 485 4447 “
572 4427 711 4484 Filio
743 4432 982 4495 separat,
1011 4419 1228 4475 Patrem
1255 4415 1569 4484 Filiumque
1603 4412 1923 4480 confundat,
1951 4425 2006 4469 et
2051 4429 2179 4484 per-

573 4537 762 4578 sonam
791 4533 950 4573 unam
981 4521 1134 4586 putet
1153 4525 1299 4578 esse,
1319 4525 1425 4564 non
1454 4515 1800 4578 potestatem.
1835 4507 2023 4579 Itaque
2046 4507 2177 4564 dum

575 4629 882 4670 mensuram
937 4609 1060 4664 ﬁdei
1118 4605 1329 4671 nescit,
1390 4600 1630 4674 perﬁdia:
1693 4602 1920 4658 incurrit
1982 4619 2182 4659 terum-

577 4723 724 4764 nam.

647 4800 736 4856 Η.
787 4797 1074 4866 Quomodo
1115 4794 1280 4864 igitur
1323 4792 1421 4847 hos
1464 4791 1686 4860 laqueos
1734 4791 2085 4856 evitabimus;
2119 4801 2177 4847 ut

577 4894 849 4965 possimus
896 4897 951 4945 et
978 4903 1079 4942 nos
1107 4887 1293 4941 dicere
1325 4903 1338 4940 :
1386 4884 1574 4940 Anima
1614 4894 1790 4938 nostra
1824 4885 1956 4939 sicut
1998 4900 2177 4955 passer

570 5000 745 5061 erepta
771 4995 844 5041 est
875 4985 938 5039 de
967 4983 1146 5054 laqueo
1168 4979 1462 5035 venantium
1491 4993 1508 5032 :
1548 4977 1760 5048 laqueus
1804 4978 2053 5032 contritus
2081 4989 2175 5045 est,

572 5096 621 5141 et
667 5101 759 5139 nos
809 5079 1011 5136 liberati
1050 5091 1225 5132 sumus
1273 5072 1450 5145 (Psal.
1495 5088 1690 5136 cxxul,
1717 5070 1813 5141 7)?
1844 5072 1961 5127 Non
1999 5073 2176 5129 dicit:

572 5181 686 5251 Ego
721 5173 954 5234 contrivi
1005 5173 1296 5241 laqueum:
1351 5181 1455 5221 non
1508 5179 1676 5219 ausus
1720 5173 1804 5218 est
1855 5164 1956 5219 hoc
1996 5165 2180 5222 dicere

570 5273 766 5337 David;
815 5269 912 5325 sed
945 5285 958 5321 :
1012 5261 1348 5334 Adjutorium
1389 5268 1623 5314 nostrum
1655 5258 1710 5311 in
1735 5259 1941 5312 nomine
1965 5256 2180 5314 Domini

571 5369 762 5443 (lbid.,
810 5364 898 5436 8);
937 5369 998 5417 ut
1033 5358 1350 5416 ostenderet
1397 5354 1543 5409 unde
1573 5353 1799 5424 laqueus
1835 5353 2178 5422 solveretur;

651 5565 676 5593 ιι
717 5553 829 5609 Νοιι
863 5549 1094 5604 obseura
1128 5543 1342 5598 videtur
1364 5538 1560 5594 allusio
1581 5537 1697 5592 ﬁeri
1729 5537 1793 5609 ad
1826 5537 1956 5592 illud
2011 5537 2184 5594 Eecli.

575 5647 654 5693 Ix.
682 5608 752 5682 go
780 5646 792 5680 ε
826 5621 1066 5696 ἐπιγνῶθι
1093 5616 1170 5674 ὅτι
1219 5618 1268 5670 ἓν
1314 5614 1455 5696 μέσῳ
1499 5610 1732 5685 παγὶδων
1775 5608 2085 5678 διαϐαίνεις,
2110 5614 2194 5667 καὶ

590 5702 843 5766 ἐπάλξεων
865 5694 1062 5752 πόλεων
1089 5694 1413 5766 περιπατεῖς.
1636 5756 1662 5767 Δ.
1849 5755 1859 5767 Ι
1934 5755 1963 5767 γ’

647 5755 848 5826 Elidit.
884 5782 946 5821 ac
979 5769 1132 5834 pauci
1159 5755 1323 5825 inss.,
1358 5773 1450 5826 pro
1477 5756 1698 5820 versutia
1726 5755 2010 5810 suadentis.

652 5881 674 5906 c
713 5867 811 5920 llic
852 5859 1195 5934 potissimum
1239 5855 1449 5934 triplex.
1482 5852 2003 5934 indicaturIerrorin
2029 5867 2190 5934 quem

580 5939 794 6018 pictatis
834 5924 1019 6006 specie
1051 5945 1160 5990 non
1191 5927 1348 6000 pauci
1379 5925 1584 5986 misere
1611 5924 2042 5997 praecipitantur.
2072 5924 2194 5982 Pri-

2282 3381 2497 3448 format,
2529 3393 2768 3452 exercet,
2804 3385 2954 3457 ungit
2979 3384 3104 3440 oleo
3129 3383 3361 3454 Spiritali
3389 3402 3402 3439 :
3430 3381 3522 3438 ubi
3549 3382 3696 3439 videt
3718 3383 3887 3438 robu-

2278 3477 2528 3539 stiorem,
2561 3494 2657 3548 per
2699 3489 2817 3533 sata
2867 3488 2921 3534 et
2961 3478 3241 3533 fructuosa
3294 3477 3624 3543 transducit,
3666 3475 3886 3548 quando

2279 3571 2646 3642 querebantur
2693 3571 2867 3627 Juduzi
2914 3570 3131 3644 (Matth.
3185 3587 3283 3640 xu,
3330 3569 3390 3643 2)
3437 3569 3579 3641 quod
3628 3569 3888 3639 discipuli

2281 3665 2399 3737 ejus
2435 3667 2663 3722 sabbato
2707 3667 2776 3723 de
2815 3674 3002 3738 segete
3050 3668 3228 3737 spicas
3258 3665 3521 3721 vellerent
3571 3662 3700 3736 (jam
3733 3665 3885 3720 enim

2280 3760 2557 3830 apostolos
2607 3775 2736 3816 suos
2787 3759 2840 3815 in
2892 3776 3022 3831 agro
3073 3761 3241 3826 culto,
3291 3769 3345 3816 et
3386 3759 3668 3814 frnctuoso
3715 3773 3889 3826 Opere

2279 3853 2699 3926 collocaverat);
2733 3863 2922 3926 postea
2957 3855 3012 3909 in
3050 3855 3300 3924 paradiso
3327 3853 3613 3908 ennStituit
3641 3862 3889 3921 tempore

2281 3951 2584 4020 passionis;
2626 3951 2704 4005 sic
2742 3951 2887 4006 enim
2916 3949 3085 4006 habes
3117 3967 3129 4004 :
3167 3949 3293 4005 Haec
3319 3967 3433 4003 cum
3471 3949 3682 4004 dixisset
3708 3947 3887 4015 Iesus,

2282 4061 2398 4100 cum
2441 4045 2713 4114 discipulis
2751 4047 2858 4101 suis
2907 4047 3142 4101 transivit
3169 4053 3312 4100 trans
3343 4055 3618 4100 torrentem
3649 4043 3886 4110 Cedron,

2283 4138 2370 4193 ubi
2391 4149 2500 4194 erat
2519 4139 2719 4204 hortus,
2744 4140 2795 4194 in
2816 4156 2964 4211 quem
2981 4140 3207 4193 introivit
3223 4139 3334 4209 ipse
3357 4154 3472 4191 cum
3495 4137 3767 4208 discipulis
3781 4135 3894 4192 suis

2284 4233 2464 4307 (Joan.
2483 4251 2632 4302 xvnt,
2652 4233 2723 4305 l).
2747 4234 2894 4307 Agro
2908 4235 3052 4291 enim
3074 4232 3306 4289 fecundo
3333 4234 3549 4288 hortum
3565 4245 3689 4286 esse
3712 4230 3894 4301 potio-

2282 4345 2399 4384 rem
2437 4329 2597 4385 docet
2625 4328 2899 4400 Propheta
2929 4327 2984 4383 in
3018 4328 3256 4384 Canticis
3296 4326 3632 4382 canticorum
3657 4323 3888 4380 dicens:

2286 4421 2482 4477 Hortus
2505 4423 2711 4478 clausus
2739 4438 2890 4476 soror
2917 4438 3031 4476 mea
3061 4437 3272 4491 sponsa,
3301 4418 3484 4474 hortus
3512 4418 3740 4483 clausus,
3772 4419 3894 4488 [ous

2282 4515 2535 4586 signatus,
2558 4515 2850 4570 emissiones
2877 4524 2977 4570 tua:
2995 4513 3272 4586 paradisus
3295 4508 3472 4586 (Cant.
3507 4526 3578 4577 Iv,
3608 4509 3674 4565 12
3703 4519 3751 4564 et
3777 4509 3893 4580 15).

2284 4607 2384 4663 Illa
2429 4619 2510 4665 est
2540 4609 2683 4664 enim
2715 4608 2912 4664 animae
2943 4623 3078 4678 pura
3112 4616 3166 4663 et
3205 4606 3549 4662 immaculata
3577 4603 3893 4675 virginitas,

2201 4707 2255 4768 1)
2283 4717 2406 4774 qua:
2451 4702 2600 4758 nullo
2633 4711 2843 4760 terrore
2875 4717 3181 4775 poenarum,
3213 4701 3378 4757 nullis
3404 4717 3432 4754 a
3474 4699 3580 4756 fide
3610 4697 3897 4754 sweularis

2281 4797 2573 4866 voluptatis
2605 4795 2900 4864 illecebris,
2934 4796 3086 4852 nullo
3114 4796 3238 4851 vitae
3265 4809 3455 4850 amore
3496 4791 3894 4848 transducitur.

2283 4889 2528 4961 Denique
2571 4890 2770 4946 virtute
2814 4890 3024 4955 Domini
3075 4889 3355 4945 hominem
3401 4904 3525 4946 esse
3573 4898 3895 4945 revocatum

2283 4998 2396 5054 prae
2424 4987 2635 5041 caeteris
2664 4985 2752 5042 hic
2784 4985 3128 5059 Evangelista
3161 4995 3414 5054 testatur,
3438 4986 3528 5057 qui
3553 4986 3705 5040 solus
3737 4983 3900 5039 indu-

2281 5077 2356 5133 cit
2381 5079 2665 5134 Dominum
2695 5080 2965 5137 dicentem
2991 5083 3189 5138 latroni
3215 5100 3227 5135 :
3250 5081 3413 5136 Amen
3441 5081 3556 5135 dico
3583 5079 3707 5146 tibi,
3740 5077 3898 5134 hodie

2283 5190 2483 5228 mecum
2509 5175 2606 5229 eris
2632 5175 2683 5229 in
2714 5163 2957 5246 paradiso
2990 5173 3141 5246 (Luc.
3168 5191 3321 5242 xxut,
3355 5173 3471 5245 45).

2365 5267 2450 5321 1.5.
2493 5266 2690 5324 Plenus
2728 5268 2890 5338 igitur
2911 5267 3074 5324 Jesus
3102 5267 3308 5338 Spiritu
3339 5276 3530 5324 sancto
3553 5266 3820 5339 agebatur
3841 5265 3897 5322 in

2281 5358 2558 5415 desertum
2596 5379 2609 5417 :
2654 5361 2910 5432 consilio,
2959 5371 3018 5418 ut
3063 5362 3336 5420 diabolum
3367 5372 3721 5434 provocaret;
3772 5375 3900 5416 nam

2295 5558 2416 5598 mus
2459 5555 2638 5600 autem
2679 5562 2742 5602 ac
2780 5547 3051 5603 secundus
3085 5547 3153 5604 ad
3184 5562 3431 5605 errorem
3464 5546 3900 5604 Manichaaorum

2295 5616 2548 5686 pertinet,
2583 5620 2774 5678 tertius
2806 5621 2872 5676 ad
2903 5622 3356 5676 Sabellianorum.

2367 5708 2393 5748 ά
2429 5711 2571 5767 Edit.
2600 5713 2822 5769 Amerb.
2845 5731 2969 5771 cum
3001 5716 3174 5770 tribus
3204 5731 3335 5771 mss.
3369 5715 3544 5783 iisque
3567 5715 3901 5772 recentioris

2295 5800 2530 5842 manus:
2580 5784 2755 5859 Habes
2797 5788 3228 5859 quemadmodum
3279 5787 3598 5844 devotionem
3625 5787 3901 5844 doceamus

2295 5859 2556 5928 spiritum.
2594 5858 2748 5928 Mss.,
2779 5861 3017 5930 spiritus,
3047 5869 3156 5916 etc.
