  <div class='ocr_page' id='page_1' title='image "/cluster/home/n/w/nwhite01/storage/ocr_20150623/15/hvd.32044015471311/222.png"; bbox 0 0 4014 6466; ppageno 0'>
   <div class='ocr_carea' id='block_1_1' title="bbox 71 341 3427 406">
    <p class='ocr_par' dir='ltr' id='par_1_1' title="bbox 71 341 3427 406">
     <span class='ocr_line' id='line_1_1' title="bbox 71 341 3427 406; baseline 0.002 -8"><span class='ocrx_word' id='word_1_1' title='bbox 71 345 230 402; x_wconf 76' lang='grc'><strong>617</strong></span> <span class='ocrx_word' id='word_1_2' title='bbox 1093 341 1463 402; x_wconf 71' lang='lat' dir='ltr'><strong>EXPOSI&#39;I‘IO</strong></span> <span class='ocrx_word' id='word_1_3' title='bbox 1502 342 1760 402; x_wconf 76' lang='lat' dir='ltr'><strong>EVANG.</strong></span> <span class='ocrx_word' id='word_1_4' title='bbox 1793 343 1941 402; x_wconf 86' lang='lat' dir='ltr'><strong>SEC.</strong></span> <span class='ocrx_word' id='word_1_5' title='bbox 1987 343 2142 403; x_wconf 87' lang='lat' dir='ltr'><strong>LUC.</strong></span> <span class='ocrx_word' id='word_1_6' title='bbox 2185 345 2317 405; x_wconf 73' lang='lat' dir='ltr'><strong>LIB.</strong></span> <span class='ocrx_word' id='word_1_7' title='bbox 2363 345 2449 402; x_wconf 82' lang='grc' dir='ltr'><strong>ιν.</strong></span> <span class='ocrx_word' id='word_1_8' title='bbox 3283 346 3427 406; x_wconf 64' lang='lat' dir='ltr'><strong>“is</strong></span> 
     </span>
    </p>
   </div>
   <div class='ocr_carea' id='block_1_2' title="bbox 56 466 3436 539">
    <p class='ocr_par' dir='ltr' id='par_1_2' title="bbox 56 466 3436 539">
     <span class='ocr_line' id='line_1_2' title="bbox 56 466 3436 539; baseline 0.001 -19"><span class='ocrx_word' id='word_1_9' title='bbox 56 467 181 520; x_wconf 80' lang='lat' dir='ltr'><strong>tisi</strong></span> <span class='ocrx_word' id='word_1_10' title='bbox 233 468 350 525; x_wconf 90' lang='lat' dir='ltr'><strong>ille</strong></span> <span class='ocrx_word' id='word_1_11' title='bbox 377 476 664 535; x_wconf 89' lang='lat' dir='ltr'><strong>certasset,</strong></span> <span class='ocrx_word' id='word_1_12' title='bbox 709 481 814 522; x_wconf 91' lang='lat' dir='ltr'><strong>non</strong></span> <span class='ocrx_word' id='word_1_13' title='bbox 844 466 975 522; x_wconf 90' lang='lat' dir='ltr'><strong>mihi</strong></span> <span class='ocrx_word' id='word_1_14' title='bbox 1005 466 1110 522; x_wconf 87' lang='lat' dir='ltr'><strong>iste</strong></span> <span class='ocrx_word' id='word_1_15' title='bbox 1137 466 1360 521; x_wconf 93' lang='lat' dir='ltr'><strong>vicisset</strong></span> <span class='ocrx_word' id='word_1_16' title='bbox 1392 482 1405 519; x_wconf 89' lang='lat'><strong>:</strong></span> <span class='ocrx_word' id='word_1_17' title='bbox 1437 466 1721 538; x_wconf 90' lang='lat' dir='ltr'><strong>mysterio,</strong></span> <span class='ocrx_word' id='word_1_18' title='bbox 1751 473 1800 534; x_wconf 73' lang='grc' dir='ltr'><strong>Α</strong></span> <span class='ocrx_word' id='word_1_19' title='bbox 1829 467 1903 524; x_wconf 86' lang='lat' dir='ltr'><strong>ris</strong></span> <span class='ocrx_word' id='word_1_20' title='bbox 1936 483 2042 522; x_wconf 90' lang='lat' dir='ltr'><strong>non</strong></span> <span class='ocrx_word' id='word_1_21' title='bbox 2083 468 2323 537; x_wconf 91' lang='lat' dir='ltr'><strong>putabat.</strong></span> <span class='ocrx_word' id='word_1_22' title='bbox 2371 467 2532 524; x_wconf 79' lang='lat' dir='ltr'><strong>Aliud</strong></span> <span class='ocrx_word' id='word_1_23' title='bbox 2568 466 2926 539; x_wconf 84' lang='lat' dir='ltr'><strong>explorantis,</strong></span> <span class='ocrx_word' id='word_1_24' title='bbox 2975 467 3118 524; x_wconf 83' lang='lat' dir='ltr'><strong>aliud</strong></span> <span class='ocrx_word' id='word_1_25' title='bbox 3173 470 3436 525; x_wconf 88' lang='lat' dir='ltr'><strong>tentantis</strong></span> 
     </span>
    </p>
   </div>
   <div class='ocr_carea' id='block_1_3' title="bbox 56 561 3436 634">
    <p class='ocr_par' dir='ltr' id='par_1_3' title="bbox 56 561 3436 634">
     <span class='ocr_line' id='line_1_3' title="bbox 56 561 3436 634; baseline 0.002 -21"><span class='ocrx_word' id='word_1_26' title='bbox 56 569 115 614; x_wconf 83' lang='grc' dir='ltr'><strong>ιι</strong></span> <span class='ocrx_word' id='word_1_27' title='bbox 175 566 230 616; x_wconf 81' lang='lat'><strong>.-\</strong></span> <span class='ocrx_word' id='word_1_28' title='bbox 246 563 387 620; x_wconf 89' lang='lat' dir='ltr'><strong>dam</strong></span> <span class='ocrx_word' id='word_1_29' title='bbox 417 565 568 619; x_wconf 90' lang='lat' dir='ltr'><strong>illum</strong></span> <span class='ocrx_word' id='word_1_30' title='bbox 599 563 664 619; x_wconf 90' lang='lat' dir='ltr'><strong>de</strong></span> <span class='ocrx_word' id='word_1_31' title='bbox 686 562 877 618; x_wconf 80' lang='lat' dir='ltr'><strong>exsilio</strong></span> <span class='ocrx_word' id='word_1_32' title='bbox 909 561 1172 616; x_wconf 89' lang='lat' dir='ltr'><strong>liberaret</strong></span> <span class='ocrx_word' id='word_1_33' title='bbox 1201 577 1214 612; x_wconf 95' lang='lat'>:</span> <span class='ocrx_word' id='word_1_34' title='bbox 1248 561 1522 630; x_wconf 82' lang='lat' dir='ltr'><strong>exemplo,</strong></span> <span class='ocrx_word' id='word_1_35' title='bbox 1553 569 1611 613; x_wconf 93' lang='lat' dir='ltr'><strong>ut</strong></span> <span class='ocrx_word' id='word_1_36' title='bbox 1636 575 1724 614; x_wconf 87' lang='lat' dir='ltr'><strong>os-</strong></span> <span class='ocrx_word' id='word_1_37' title='bbox 1831 570 1950 628; x_wconf 87' lang='lat' dir='ltr'><strong>est;</strong></span> <span class='ocrx_word' id='word_1_38' title='bbox 1980 573 2033 618; x_wconf 90' lang='lat' dir='ltr'><strong>et</strong></span> <span class='ocrx_word' id='word_1_39' title='bbox 2074 563 2186 618; x_wconf 83' lang='lat' dir='ltr'><strong>Deo</strong></span> <span class='ocrx_word' id='word_1_40' title='bbox 2234 579 2293 620; x_wconf 91' lang='lat' dir='ltr'><strong>se</strong></span> <span class='ocrx_word' id='word_1_41' title='bbox 2339 565 2619 634; x_wconf 88' lang='lat' dir='ltr'><strong>proﬁtetur</strong></span> <span class='ocrx_word' id='word_1_42' title='bbox 2648 563 2898 632; x_wconf 84' lang='lat' dir='ltr'><strong>credere,</strong></span> <span class='ocrx_word' id='word_1_43' title='bbox 2941 572 2998 620; x_wconf 92' lang='lat' dir='ltr'><strong>et</strong></span> <span class='ocrx_word' id='word_1_44' title='bbox 3028 564 3236 620; x_wconf 86' lang='lat' dir='ltr'><strong>homini</strong></span> <span class='ocrx_word' id='word_1_45' title='bbox 3265 579 3436 619; x_wconf 83' lang='lat' dir='ltr'><strong>cona-</strong></span> 
     </span>
    </p>
   </div>
   <div class='ocr_carea' id='block_1_4' title="bbox 54 653 2195 730">
    <p class='ocr_par' dir='ltr' id='par_1_4' title="bbox 54 653 2195 730">
     <span class='ocr_line' id='line_1_4' title="bbox 54 653 2195 730; baseline 0.001 -21"><span class='ocrx_word' id='word_1_46' title='bbox 54 656 371 730; x_wconf 18' lang='lat' dir='ltr'><strong>tendcret</strong></span> <span class='ocrx_word' id='word_1_47' title='bbox 395 657 551 712; x_wconf 83' lang='lat' dir='ltr'><strong>nobis</strong></span> <span class='ocrx_word' id='word_1_48' title='bbox 580 657 852 712; x_wconf 88' lang='lat' dir='ltr'><strong>diabolum</strong></span> <span class='ocrx_word' id='word_1_49' title='bbox 874 655 939 710; x_wconf 86' lang='lat' dir='ltr'><strong>ad</strong></span> <span class='ocrx_word' id='word_1_50' title='bbox 962 656 1190 710; x_wconf 87' lang='lat' dir='ltr'><strong>meliora</strong></span> <span class='ocrx_word' id='word_1_51' title='bbox 1219 653 1565 710; x_wconf 88' lang='lat' dir='ltr'><strong>tendentibus</strong></span> <span class='ocrx_word' id='word_1_52' title='bbox 1586 654 1726 708; x_wconf 91' lang='lat' dir='ltr'><strong>invi-</strong></span> <span class='ocrx_word' id='word_1_53' title='bbox 1830 665 1918 710; x_wconf 91' lang='lat' dir='ltr'><strong>tur</strong></span> <span class='ocrx_word' id='word_1_54' title='bbox 1945 656 2195 711; x_wconf 91' lang='lat' dir='ltr'><strong>illudere.</strong></span> 
     </span>
    </p>
   </div>
   <div class='ocr_carea' id='block_1_5' title="bbox 53 747 3446 821">
    <p class='ocr_par' dir='ltr' id='par_1_5' title="bbox 53 747 3446 821">
     <span class='ocr_line' id='line_1_5' title="bbox 53 747 3446 821; baseline 0.001 -18"><span class='ocrx_word' id='word_1_55' title='bbox 53 747 224 804; x_wconf 81' lang='lat' dir='ltr'><strong>lere</strong></span> <span class='ocrx_word' id='word_1_56' title='bbox 255 767 276 818; x_wconf 91' lang='lat'><strong>;</strong></span> <span class='ocrx_word' id='word_1_57' title='bbox 318 762 374 806; x_wconf 87' lang='lat' dir='ltr'><strong>et</strong></span> <span class='ocrx_word' id='word_1_58' title='bbox 397 761 522 808; x_wconf 91' lang='lat' dir='ltr'><strong>tunc</strong></span> <span class='ocrx_word' id='word_1_59' title='bbox 551 751 721 817; x_wconf 77' lang='lat' dir='ltr'><strong>magis</strong></span> <span class='ocrx_word' id='word_1_60' title='bbox 748 765 869 806; x_wconf 92' lang='lat' dir='ltr'><strong>esse</strong></span> <span class='ocrx_word' id='word_1_61' title='bbox 895 748 1220 814; x_wconf 87' lang='lat' dir='ltr'><strong>cavendum,</strong></span> <span class='ocrx_word' id='word_1_62' title='bbox 1248 763 1314 804; x_wconf 90' lang='lat' dir='ltr'><strong>ne</strong></span> <span class='ocrx_word' id='word_1_63' title='bbox 1337 747 1580 818; x_wconf 82' lang='lat' dir='ltr'><strong>mysterii</strong></span> <span class='ocrx_word' id='word_1_64' title='bbox 1602 762 1726 818; x_wconf 90' lang='lat' dir='ltr'><strong>gra-</strong></span> <span class='ocrx_word' id='word_1_65' title='bbox 1902 750 1986 804; x_wconf 82' lang='lat' dir='ltr'><strong>l9.</strong></span> <span class='ocrx_word' id='word_1_66' title='bbox 2027 750 2133 807; x_wconf 97' lang='lat' dir='ltr'><strong>Sed</strong></span> <span class='ocrx_word' id='word_1_67' title='bbox 2172 751 2299 807; x_wconf 91' lang='lat' dir='ltr'><strong>vide</strong></span> <span class='ocrx_word' id='word_1_68' title='bbox 2349 767 2496 806; x_wconf 91' lang='lat' dir='ltr'><strong>arma</strong></span> <span class='ocrx_word' id='word_1_69' title='bbox 2541 751 2742 808; x_wconf 82' lang='lat' dir='ltr'><strong>ChriSti</strong></span> <span class='ocrx_word' id='word_1_70' title='bbox 2787 753 2983 821; x_wconf 80' lang='lat' dir='ltr'><strong>quibus</strong></span> <span class='ocrx_word' id='word_1_71' title='bbox 3015 752 3134 816; x_wconf 89' lang='lat' dir='ltr'><strong>tibi,</strong></span> <span class='ocrx_word' id='word_1_72' title='bbox 3168 768 3274 807; x_wconf 92' lang='lat' dir='ltr'><strong>non</strong></span> <span class='ocrx_word' id='word_1_73' title='bbox 3334 751 3446 808; x_wconf 84' lang='lat' dir='ltr'><strong>sibi</strong></span> 
     </span>
    </p>
   </div>
   <div class='ocr_carea' id='block_1_6' title="bbox 53 843 3439 916">
    <p class='ocr_par' dir='ltr' id='par_1_6' title="bbox 53 843 3439 916">
     <span class='ocr_line' id='line_1_6' title="bbox 53 843 3439 916; baseline 0.001 -20"><span class='ocrx_word' id='word_1_74' title='bbox 53 843 226 898; x_wconf 80' lang='lat' dir='ltr'><strong>tiam</strong></span> <span class='ocrx_word' id='word_1_75' title='bbox 258 847 489 900; x_wconf 79' lang='lat' dir='ltr'><strong>deserat</strong></span> <span class='ocrx_word' id='word_1_76' title='bbox 520 848 722 901; x_wconf 87' lang='lat' dir='ltr'><strong>mentis</strong></span> <span class='ocrx_word' id='word_1_77' title='bbox 749 843 1057 899; x_wconf 85' lang='lat' dir='ltr'><strong>inﬁrmitas.</strong></span> <span class='ocrx_word' id='word_1_78' title='bbox 1826 846 1974 900; x_wconf 91' lang='lat' dir='ltr'><strong>vicit.</strong></span> <span class='ocrx_word' id='word_1_79' title='bbox 2006 844 2140 900; x_wconf 84' lang='lat' dir='ltr'><strong>Nam</strong></span> <span class='ocrx_word' id='word_1_80' title='bbox 2185 846 2275 916; x_wconf 90' lang='lat' dir='ltr'><strong>qui</strong></span> <span class='ocrx_word' id='word_1_81' title='bbox 2303 849 2589 916; x_wconf 78' lang='lat' dir='ltr'><strong>majestate</strong></span> <span class='ocrx_word' id='word_1_82' title='bbox 2615 862 2709 901; x_wconf 91' lang='lat' dir='ltr'><strong>sua</strong></span> <span class='ocrx_word' id='word_1_83' title='bbox 2739 846 2948 916; x_wconf 83' lang='lat' dir='ltr'><strong>lapides</strong></span> <span class='ocrx_word' id='word_1_84' title='bbox 2972 847 3024 901; x_wconf 91' lang='lat' dir='ltr'><strong>iu</strong></span> <span class='ocrx_word' id='word_1_85' title='bbox 3059 861 3250 916; x_wconf 90' lang='lat' dir='ltr'><strong>panem</strong></span> <span class='ocrx_word' id='word_1_86' title='bbox 3277 859 3439 916; x_wconf 83' lang='lat' dir='ltr'><strong>posse</strong></span> 
     </span>
    </p>
   </div>
   <div class='ocr_carea' id='block_1_7' title="bbox 144 922 3437 1013">
    <p class='ocr_par' dir='ltr' id='par_1_7' title="bbox 144 922 3437 1013">
     <span class='ocr_line' id='line_1_7' title="bbox 144 922 3437 1013; baseline -0.001 -19"><span class='ocrx_word' id='word_1_87' title='bbox 144 939 375 1012; x_wconf 82' lang='lat' dir='ltr'><strong>(Vers.</strong></span> <span class='ocrx_word' id='word_1_88' title='bbox 406 941 490 1013; x_wconf 68' lang='lat'><strong>2.)</strong></span> <span class='ocrx_word' id='word_1_89' title='bbox 523 939 893 1011; x_wconf 80' lang='lat' dir='ltr'><strong>Quadraginta</strong></span> <span class='ocrx_word' id='word_1_90' title='bbox 919 949 1102 993; x_wconf 88' lang='lat' dir='ltr'><strong>autem</strong></span> <span class='ocrx_word' id='word_1_91' title='bbox 1137 939 1265 993; x_wconf 76' lang='lat' dir='ltr'><strong>dies.</strong></span> <span class='ocrx_word' id='word_1_92' title='bbox 1827 941 2073 996; x_wconf 85' lang='lat' dir='ltr'><strong>converti</strong></span> <span class='ocrx_word' id='word_1_93' title='bbox 2116 922 2323 994; x_wconf 51' lang='lat' dir='ltr'><strong>natura:</strong></span> <span class='ocrx_word' id='word_1_94' title='bbox 2375 940 2604 994; x_wconf 85' lang='lat' dir='ltr'><strong>alterius</strong></span> <span class='ocrx_word' id='word_1_95' title='bbox 2660 939 3030 996; x_wconf 81' lang='lat' dir='ltr'><strong>transfusione</strong></span> <span class='ocrx_word' id='word_1_96' title='bbox 3079 940 3437 1006; x_wconf 80' lang='lat' dir='ltr'><strong>monstravit,</strong></span> 
     </span>
    </p>
   </div>
   <div class='ocr_carea' id='block_1_8' title="bbox 150 1032 1726 1109">
    <p class='ocr_par' dir='ltr' id='par_1_8' title="bbox 150 1032 1726 1109">
     <span class='ocr_line' id='line_1_8' title="bbox 150 1032 1726 1109; baseline -0.002 -18"><span class='ocrx_word' id='word_1_97' title='bbox 150 1037 180 1091; x_wconf 78' lang='grc'><strong>1</strong></span> <span class='ocrx_word' id='word_1_98' title='bbox 198 1037 272 1092; x_wconf 84' lang='lat'><strong>5.</strong></span> <span class='ocrx_word' id='word_1_99' title='bbox 308 1037 595 1109; x_wconf 72' lang='lat' dir='ltr'><strong>illysticutn</strong></span> <span class='ocrx_word' id='word_1_100' title='bbox 616 1052 901 1091; x_wconf 89' lang='lat' dir='ltr'><strong>numerum</strong></span> <span class='ocrx_word' id='word_1_101' title='bbox 923 1034 1290 1105; x_wconf 83' lang='lat' dir='ltr'><strong>recognoscis.</strong></span> <span class='ocrx_word' id='word_1_102' title='bbox 1317 1032 1420 1090; x_wconf 84' lang='lat' dir='ltr'><strong>Tot</strong></span> <span class='ocrx_word' id='word_1_103' title='bbox 1448 1033 1592 1090; x_wconf 88' lang='lat' dir='ltr'><strong>enim</strong></span> <span class='ocrx_word' id='word_1_104' title='bbox 1617 1032 1726 1088; x_wconf 88' lang='lat' dir='ltr'><strong>dic-</strong></span> 
     </span>
    </p>
   </div>
   <div class='ocr_carea' id='block_1_9' title="bbox 51 1124 1722 1201">
    <p class='ocr_par' dir='ltr' id='par_1_9' title="bbox 51 1124 1722 1201">
     <span class='ocr_line' id='line_1_9' title="bbox 51 1124 1722 1201; baseline -0.001 -19"><span class='ocrx_word' id='word_1_105' title='bbox 51 1127 185 1183; x_wconf 82' lang='lat' dir='ltr'><strong>lms</strong></span> <span class='ocrx_word' id='word_1_106' title='bbox 243 1145 428 1200; x_wconf 79' lang='lat' dir='ltr'><strong>aquas</strong></span> <span class='ocrx_word' id='word_1_107' title='bbox 467 1129 650 1201; x_wconf 80' lang='lat' dir='ltr'><strong>abyssi</strong></span> <span class='ocrx_word' id='word_1_108' title='bbox 699 1128 901 1184; x_wconf 72' lang='lat' dir='ltr'><strong>eﬁusas</strong></span> <span class='ocrx_word' id='word_1_109' title='bbox 941 1142 1063 1182; x_wconf 92' lang='lat' dir='ltr'><strong>esse</strong></span> <span class='ocrx_word' id='word_1_110' title='bbox 1109 1127 1402 1182; x_wconf 91' lang='lat' dir='ltr'><strong>meministi</strong></span> <span class='ocrx_word' id='word_1_111' title='bbox 1445 1124 1598 1197; x_wconf 85' lang='lat' dir='ltr'><strong>(Gen.</strong></span> <span class='ocrx_word' id='word_1_112' title='bbox 1631 1143 1722 1194; x_wconf 91' lang='lat' dir='ltr'><strong>vn,</strong></span> 
     </span>
    </p>
   </div>
   <div class='ocr_carea' id='block_1_10' title="bbox 52 1220 1725 1292">
    <p class='ocr_par' dir='ltr' id='par_1_10' title="bbox 52 1220 1725 1292">
     <span class='ocr_line' id='line_1_10' title="bbox 52 1220 1725 1292; baseline 0 -16"><span class='ocrx_word' id='word_1_113' title='bbox 52 1222 180 1290; x_wconf 67' lang='grc'><strong>12)</strong></span> <span class='ocrx_word' id='word_1_114' title='bbox 214 1265 234 1290; x_wconf 90' lang='grc'><em>,</em></span> <span class='ocrx_word' id='word_1_115' title='bbox 277 1235 336 1278; x_wconf 91' lang='lat' dir='ltr'><strong>et</strong></span> <span class='ocrx_word' id='word_1_116' title='bbox 368 1231 450 1278; x_wconf 87' lang='lat' dir='ltr'><strong>tot</strong></span> <span class='ocrx_word' id='word_1_117' title='bbox 468 1223 681 1292; x_wconf 84' lang='lat' dir='ltr'><strong>jejunio</strong></span> <span class='ocrx_word' id='word_1_118' title='bbox 707 1221 919 1277; x_wconf 90' lang='lat' dir='ltr'><strong>dierum</strong></span> <span class='ocrx_word' id='word_1_119' title='bbox 951 1221 1294 1276; x_wconf 88' lang='lat' dir='ltr'><strong>sanctiﬁcato</strong></span> <span class='ocrx_word' id='word_1_120' title='bbox 1321 1220 1608 1290; x_wconf 91' lang='lat' dir='ltr'><strong>pr0pheta,</strong></span> <span class='ocrx_word' id='word_1_121' title='bbox 1641 1237 1725 1276; x_wconf 86' lang='lat' dir='ltr'><strong>rc-</strong></span> 
     </span>
    </p>
   </div>
   <div class='ocr_carea' id='block_1_11' title="bbox 51 1314 1719 1387">
    <p class='ocr_par' dir='ltr' id='par_1_11' title="bbox 51 1314 1719 1387">
     <span class='ocr_line' id='line_1_11' title="bbox 51 1314 1719 1387; baseline -0.001 -17"><span class='ocrx_word' id='word_1_122' title='bbox 51 1316 294 1373; x_wconf 81' lang='lat' dir='ltr'><strong>fusam</strong></span> <span class='ocrx_word' id='word_1_123' title='bbox 319 1318 448 1374; x_wconf 70' lang='lat' dir='ltr'><strong>cmli</strong></span> <span class='ocrx_word' id='word_1_124' title='bbox 479 1318 714 1373; x_wconf 80' lang='lat' dir='ltr'><strong>serenim</strong></span> <span class='ocrx_word' id='word_1_125' title='bbox 729 1315 776 1372; x_wconf 88' lang='lat' dir='ltr'><strong>is</strong></span> <span class='ocrx_word' id='word_1_126' title='bbox 805 1331 927 1371; x_wconf 91' lang='lat' dir='ltr'><strong>esse</strong></span> <span class='ocrx_word' id='word_1_127' title='bbox 955 1315 1298 1371; x_wconf 88' lang='lat' dir='ltr'><strong>clementiam</strong></span> <span class='ocrx_word' id='word_1_128' title='bbox 1325 1314 1416 1385; x_wconf 93' lang='lat' dir='ltr'><strong>(lll</strong></span> <span class='ocrx_word' id='word_1_129' title='bbox 1449 1314 1576 1387; x_wconf 84' lang='lat' dir='ltr'><strong>Reg.</strong></span> <span class='ocrx_word' id='word_1_130' title='bbox 1608 1330 1719 1383; x_wconf 78' lang='lat' dir='ltr'><strong>xix,</strong></span> 
     </span>
    </p>
   </div>
   <div class='ocr_carea' id='block_1_12' title="bbox 56 1407 1722 1481">
    <p class='ocr_par' dir='ltr' id='par_1_12' title="bbox 56 1407 1722 1481">
     <span class='ocr_line' id='line_1_12' title="bbox 56 1407 1722 1481; baseline -0.001 -17"><span class='ocrx_word' id='word_1_131' title='bbox 56 1409 168 1481; x_wconf 84' lang='lat'><strong>8).</strong></span> <span class='ocrx_word' id='word_1_132' title='bbox 213 1411 340 1466; x_wconf 87' lang='lat' dir='ltr'><strong>Tot</strong></span> <span class='ocrx_word' id='word_1_133' title='bbox 363 1411 568 1481; x_wconf 81' lang='lat' dir='ltr'><strong>jejunio</strong></span> <span class='ocrx_word' id='word_1_134' title='bbox 590 1410 801 1465; x_wconf 91' lang='lat' dir='ltr'><strong>dierum</strong></span> <span class='ocrx_word' id='word_1_135' title='bbox 825 1420 1047 1465; x_wconf 88' lang='lat' dir='ltr'><strong>sanctus</strong></span> <span class='ocrx_word' id='word_1_136' title='bbox 1074 1407 1287 1478; x_wconf 81' lang='lat' dir='ltr'><strong>Moyses</strong></span> <span class='ocrx_word' id='word_1_137' title='bbox 1316 1408 1722 1478; x_wconf 80' lang='lat' dir='ltr'><strong>perceptionem</strong></span> 
     </span>
    </p>
   </div>
   <div class='ocr_carea' id='block_1_13' title="bbox 57 1500 1724 1576">
    <p class='ocr_par' dir='ltr' id='par_1_13' title="bbox 57 1500 1724 1576">
     <span class='ocr_line' id='line_1_13' title="bbox 57 1500 1724 1576; baseline -0.002 -18"><span class='ocrx_word' id='word_1_138' title='bbox 57 1503 282 1574; x_wconf 73' lang='lat' dir='ltr'><strong>Legis</strong></span> <span class='ocrx_word' id='word_1_139' title='bbox 305 1506 544 1561; x_wconf 85' lang='lat' dir='ltr'><strong>emeruit</strong></span> <span class='ocrx_word' id='word_1_140' title='bbox 562 1501 755 1576; x_wconf 76' lang='lat' dir='ltr'><strong>(Exod.</strong></span> <span class='ocrx_word' id='word_1_141' title='bbox 780 1518 961 1566; x_wconf 79' lang='lat' dir='ltr'><strong>xxxiv,</strong></span> <span class='ocrx_word' id='word_1_142' title='bbox 985 1502 1102 1574; x_wconf 71' lang='lat'><strong>28).</strong></span> <span class='ocrx_word' id='word_1_143' title='bbox 1134 1501 1236 1556; x_wconf 87' lang='lat' dir='ltr'><strong>Tot</strong></span> <span class='ocrx_word' id='word_1_144' title='bbox 1257 1516 1434 1556; x_wconf 90' lang='lat' dir='ltr'><strong>annos</strong></span> <span class='ocrx_word' id='word_1_145' title='bbox 1457 1500 1514 1555; x_wconf 91' lang='lat' dir='ltr'><strong>in</strong></span> <span class='ocrx_word' id='word_1_146' title='bbox 1538 1516 1724 1556; x_wconf 90' lang='lat' dir='ltr'><strong>eremo</strong></span> 
     </span>
    </p>
   </div>
   <div class='ocr_carea' id='block_1_14' title="bbox 60 1594 1725 1668">
    <p class='ocr_par' dir='ltr' id='par_1_14' title="bbox 60 1594 1725 1668">
     <span class='ocr_line' id='line_1_14' title="bbox 60 1594 1725 1668; baseline -0.001 -17"><span class='ocrx_word' id='word_1_147' title='bbox 60 1596 403 1652; x_wconf 86' lang='lat' dir='ltr'><strong>constituti</strong></span> <span class='ocrx_word' id='word_1_148' title='bbox 433 1607 612 1668; x_wconf 87' lang='lat' dir='ltr'><strong>patres</strong></span> <span class='ocrx_word' id='word_1_149' title='bbox 635 1611 824 1667; x_wconf 89' lang='lat' dir='ltr'><strong>panem</strong></span> <span class='ocrx_word' id='word_1_150' title='bbox 849 1596 1170 1666; x_wconf 82' lang='lat' dir='ltr'><strong>angelorum</strong></span> <span class='ocrx_word' id='word_1_151' title='bbox 1195 1603 1249 1651; x_wconf 93' lang='lat' dir='ltr'><strong>et</strong></span> <span class='ocrx_word' id='word_1_152' title='bbox 1269 1594 1512 1651; x_wconf 77' lang='lat' dir='ltr'><strong>ctelestis</strong></span> <span class='ocrx_word' id='word_1_153' title='bbox 1532 1595 1725 1649; x_wconf 87' lang='lat' dir='ltr'><strong>alimo-</strong></span> 
     </span>
    </p>
   </div>
   <div class='ocr_carea' id='block_1_15' title="bbox 65 1688 3438 1764">
    <p class='ocr_par' dir='ltr' id='par_1_15' title="bbox 65 1688 3438 1764">
     <span class='ocr_line' id='line_1_15' title="bbox 65 1688 3438 1764; baseline -0.001 -19"><span class='ocrx_word' id='word_1_154' title='bbox 65 1693 203 1746; x_wconf 66' lang='lat' dir='ltr'><strong>nia:</strong></span> <span class='ocrx_word' id='word_1_155' title='bbox 244 1694 481 1764; x_wconf 80' lang='lat' dir='ltr'><strong>gratiam</strong></span> <span class='ocrx_word' id='word_1_156' title='bbox 509 1692 788 1748; x_wconf 84' lang='lat' dir='ltr'><strong>consecuti</strong></span> <span class='ocrx_word' id='word_1_157' title='bbox 816 1699 940 1746; x_wconf 91' lang='lat' dir='ltr'><strong>sunt</strong></span> <span class='ocrx_word' id='word_1_158' title='bbox 973 1689 1164 1764; x_wconf 74' lang='lat' dir='ltr'><strong>(Num.</strong></span> <span class='ocrx_word' id='word_1_159' title='bbox 1187 1707 1300 1759; x_wconf 76' lang='lat' dir='ltr'><strong>XIV,</strong></span> <span class='ocrx_word' id='word_1_160' title='bbox 1332 1688 1426 1762; x_wconf 73' lang='lat'><strong>&#39;52)</strong></span> <span class='ocrx_word' id='word_1_161' title='bbox 1453 1708 1465 1745; x_wconf 91' lang='lat'>:</span> <span class='ocrx_word' id='word_1_162' title='bbox 1497 1704 1598 1745; x_wconf 89' lang='lat' dir='ltr'><strong>nec</strong></span> <span class='ocrx_word' id='word_1_163' title='bbox 1627 1705 1718 1743; x_wconf 83' lang='lat' dir='ltr'><strong>an-</strong></span> <span class='ocrx_word' id='word_1_164' title='bbox 1901 1690 2085 1763; x_wconf 86' lang='lat' dir='ltr'><strong>(Vers.</strong></span> <span class='ocrx_word' id='word_1_165' title='bbox 2127 1692 2209 1760; x_wconf 74' lang='grc'><strong>4.)</strong></span> <span class='ocrx_word' id='word_1_166' title='bbox 2253 1690 2518 1761; x_wconf 88' lang='lat' dir='ltr'><strong>Scriptum</strong></span> <span class='ocrx_word' id='word_1_167' title='bbox 2551 1698 2624 1743; x_wconf 75' lang='lat' dir='ltr'><strong>est</strong></span> <span class='ocrx_word' id='word_1_168' title='bbox 2663 1689 2905 1759; x_wconf 88' lang='lat' dir='ltr'><strong>quoniant</strong></span> <span class='ocrx_word' id='word_1_169' title='bbox 2950 1705 3053 1744; x_wconf 87' lang='lat' dir='ltr'><strong>non</strong></span> <span class='ocrx_word' id='word_1_170' title='bbox 3090 1689 3145 1744; x_wconf 85' lang='lat' dir='ltr'><strong>in</strong></span> <span class='ocrx_word' id='word_1_171' title='bbox 3171 1706 3304 1760; x_wconf 86' lang='lat' dir='ltr'><strong>pane</strong></span> <span class='ocrx_word' id='word_1_172' title='bbox 3327 1691 3438 1743; x_wconf 78' lang='lat' dir='ltr'><strong>sala</strong></span> 
     </span>
    </p>
   </div>
   <div class='ocr_carea' id='block_1_16' title="bbox 66 1781 2848 1854">
    <p class='ocr_par' dir='ltr' id='par_1_16' title="bbox 66 1781 2848 1854">
     <span class='ocr_line' id='line_1_16' title="bbox 66 1781 2848 1854; baseline 0 -16"><span class='ocrx_word' id='word_1_173' title='bbox 66 1791 335 1854; x_wconf 85' lang='lat' dir='ltr'><strong>tequam</strong></span> <span class='ocrx_word' id='word_1_174' title='bbox 386 1783 596 1854; x_wconf 86' lang='lat' dir='ltr'><strong>mystici</strong></span> <span class='ocrx_word' id='word_1_175' title='bbox 639 1781 857 1839; x_wconf 90' lang='lat' dir='ltr'><strong>numeri</strong></span> <span class='ocrx_word' id='word_1_176' title='bbox 905 1791 1122 1852; x_wconf 82' lang='lat' dir='ltr'><strong>tempus</strong></span> <span class='ocrx_word' id='word_1_177' title='bbox 1164 1783 1484 1851; x_wconf 74' lang='lat' dir='ltr'><strong>explerent,</strong></span> <span class='ocrx_word' id='word_1_178' title='bbox 1517 1792 1720 1837; x_wconf 89' lang='lat' dir='ltr'><strong>terram</strong></span> <span class='ocrx_word' id='word_1_179' title='bbox 1823 1786 1948 1840; x_wconf 75' lang='lat' dir='ltr'><strong>vivit</strong></span> <span class='ocrx_word' id='word_1_180' title='bbox 1976 1789 2147 1848; x_wconf 83' lang='grc' dir='ltr'>Ιιοιιιο,</span> <span class='ocrx_word' id='word_1_181' title='bbox 2180 1785 2271 1840; x_wconf 78' lang='lat' dir='ltr'><strong>sed</strong></span> <span class='ocrx_word' id='word_1_182' title='bbox 2299 1785 2352 1838; x_wconf 88' lang='lat' dir='ltr'><strong>in</strong></span> <span class='ocrx_word' id='word_1_183' title='bbox 2382 1785 2521 1839; x_wconf 88' lang='lat' dir='ltr'><strong>anmi</strong></span> <span class='ocrx_word' id='word_1_184' title='bbox 2547 1784 2697 1838; x_wconf 87' lang='lat' dir='ltr'><strong>verbo</strong></span> <span class='ocrx_word' id='word_1_185' title='bbox 2733 1782 2848 1838; x_wconf 82' lang='lat' dir='ltr'><strong>Dei.</strong></span> 
     </span>
    </p>
   </div>
   <div class='ocr_carea' id='block_1_17' title="bbox 65 1875 3436 1950">
    <p class='ocr_par' dir='ltr' id='par_1_17' title="bbox 65 1875 3436 1950">
     <span class='ocr_line' id='line_1_17' title="bbox 65 1875 3436 1950; baseline -0 -18"><span class='ocrx_word' id='word_1_186' title='bbox 65 1877 558 1946; x_wconf 80' lang='lat' dir='ltr'><strong>repromissionis</strong></span> <span class='ocrx_word' id='word_1_187' title='bbox 581 1877 782 1933; x_wconf 88' lang='lat' dir='ltr'><strong>intrare</strong></span> <span class='ocrx_word' id='word_1_188' title='bbox 808 1885 1142 1932; x_wconf 90' lang='lat' dir='ltr'><strong>meruerunt.</strong></span> <span class='ocrx_word' id='word_1_189' title='bbox 1168 1876 1270 1931; x_wconf 87' lang='lat' dir='ltr'><strong>Tot</strong></span> <span class='ocrx_word' id='word_1_190' title='bbox 1282 1875 1492 1945; x_wconf 87' lang='lat' dir='ltr'><strong>jejunio</strong></span> <span class='ocrx_word' id='word_1_191' title='bbox 1515 1875 1725 1931; x_wconf 89' lang='lat' dir='ltr'><strong>dierum</strong></span> <span class='ocrx_word' id='word_1_192' title='bbox 1761 1889 1806 1948; x_wconf 75' lang='grc' dir='ltr'><strong>Β</strong></span> <span class='ocrx_word' id='word_1_193' title='bbox 1901 1880 1992 1938; x_wconf 74' lang='lat'><strong>20.</strong></span> <span class='ocrx_word' id='word_1_194' title='bbox 2017 1880 2181 1936; x_wconf 80' lang='lat' dir='ltr'><strong>Vides</strong></span> <span class='ocrx_word' id='word_1_195' title='bbox 2204 1895 2312 1949; x_wconf 91' lang='lat' dir='ltr'><strong>quo</strong></span> <span class='ocrx_word' id='word_1_196' title='bbox 2340 1894 2538 1950; x_wconf 86' lang='lat' dir='ltr'><strong>genere</strong></span> <span class='ocrx_word' id='word_1_197' title='bbox 2572 1888 2760 1932; x_wconf 89' lang='lat' dir='ltr'><strong>utatur</strong></span> <span class='ocrx_word' id='word_1_198' title='bbox 2789 1892 3086 1943; x_wconf 92' lang='lat' dir='ltr'><strong>armorum,</strong></span> <span class='ocrx_word' id='word_1_199' title='bbox 3116 1891 3223 1947; x_wconf 89' lang='lat' dir='ltr'><strong>quo</strong></span> <span class='ocrx_word' id='word_1_200' title='bbox 3254 1876 3436 1932; x_wconf 89' lang='lat' dir='ltr'><strong>homi-</strong></span> 
     </span>
    </p>
   </div>
   <div class='ocr_carea' id='block_1_18' title="bbox 69 1969 3440 2043">
    <p class='ocr_par' dir='ltr' id='par_1_18' title="bbox 69 1969 3440 2043">
     <span class='ocr_line' id='line_1_18' title="bbox 69 1969 3440 2043; baseline -0.001 -18"><span class='ocrx_word' id='word_1_201' title='bbox 69 1970 333 2027; x_wconf 78' lang='lat' dir='ltr'><strong>Doinini</strong></span> <span class='ocrx_word' id='word_1_202' title='bbox 355 1973 513 2032; x_wconf 84' lang='lat' dir='ltr'><strong>nobis</strong></span> <span class='ocrx_word' id='word_1_203' title='bbox 542 1972 595 2026; x_wconf 93' lang='lat' dir='ltr'><strong>in</strong></span> <span class='ocrx_word' id='word_1_204' title='bbox 624 1972 977 2042; x_wconf 86' lang='lat' dir='ltr'><strong>Evangelium</strong></span> <span class='ocrx_word' id='word_1_205' title='bbox 1000 1973 1230 2042; x_wconf 80' lang='lat' dir='ltr'><strong>patescit</strong></span> <span class='ocrx_word' id='word_1_206' title='bbox 1256 1972 1553 2042; x_wconf 89' lang='lat' dir='ltr'><strong>ingressus.</strong></span> <span class='ocrx_word' id='word_1_207' title='bbox 1574 1970 1726 2027; x_wconf 89' lang='lat' dir='ltr'><strong>Unde</strong></span> <span class='ocrx_word' id='word_1_208' title='bbox 1831 1989 1951 2029; x_wconf 91' lang='lat' dir='ltr'><strong>nem</strong></span> <span class='ocrx_word' id='word_1_209' title='bbox 1976 1989 2004 2027; x_wconf 90' lang='lat' dir='ltr'><strong>a</strong></span> <span class='ocrx_word' id='word_1_210' title='bbox 2036 1973 2295 2042; x_wconf 87' lang='lat' dir='ltr'><strong>spiritalis</strong></span> <span class='ocrx_word' id='word_1_211' title='bbox 2319 1972 2573 2043; x_wconf 67' lang='lat' dir='ltr'><strong>nequitiae</strong></span> <span class='ocrx_word' id='word_1_212' title='bbox 2599 1972 2908 2025; x_wconf 89' lang='lat' dir='ltr'><strong>incursione</strong></span> <span class='ocrx_word' id='word_1_213' title='bbox 2933 1969 3210 2036; x_wconf 81' lang='lat' dir='ltr'><strong>defendat,</strong></span> <span class='ocrx_word' id='word_1_214' title='bbox 3243 1971 3440 2026; x_wconf 87' lang='lat' dir='ltr'><strong>adver-</strong></span> 
     </span>
    </p>
   </div>
   <div class='ocr_carea' id='block_1_19' title="bbox 63 2062 3440 2139">
    <p class='ocr_par' dir='ltr' id='par_1_19' title="bbox 63 2062 3440 2139">
     <span class='ocr_line' id='line_1_19' title="bbox 63 2062 3440 2139; baseline -0.002 -16"><span class='ocrx_word' id='word_1_215' title='bbox 63 2067 122 2123; x_wconf 84' lang='lat' dir='ltr'><strong>si</strong></span> <span class='ocrx_word' id='word_1_216' title='bbox 163 2068 313 2138; x_wconf 86' lang='lat' dir='ltr'><strong>quis</strong></span> <span class='ocrx_word' id='word_1_217' title='bbox 347 2067 624 2139; x_wconf 82' lang='lat' dir='ltr'><strong>Evangelii</strong></span> <span class='ocrx_word' id='word_1_218' title='bbox 648 2067 900 2138; x_wconf 76' lang='lat' dir='ltr'><strong>gloriam,</strong></span> <span class='ocrx_word' id='word_1_219' title='bbox 923 2067 1272 2136; x_wconf 80' lang='lat' dir='ltr'><strong>fructumque</strong></span> <span class='ocrx_word' id='word_1_220' title='bbox 1303 2066 1728 2122; x_wconf 89' lang='lat' dir='ltr'><strong>resurrectionis</strong></span> <span class='ocrx_word' id='word_1_221' title='bbox 1830 2082 1922 2124; x_wconf 85' lang='lat' dir='ltr'><strong>sus</strong></span> <span class='ocrx_word' id='word_1_222' title='bbox 1971 2067 2309 2122; x_wconf 86' lang='lat' dir='ltr'><strong>irritamenta</strong></span> <span class='ocrx_word' id='word_1_223' title='bbox 2354 2067 2494 2136; x_wconf 64' lang='lat' dir='ltr'><strong>gula:</strong></span> <span class='ocrx_word' id='word_1_224' title='bbox 2541 2077 2752 2136; x_wconf 88' lang='lat' dir='ltr'><strong>septum</strong></span> <span class='ocrx_word' id='word_1_225' title='bbox 2785 2074 2947 2134; x_wconf 89' lang='lat' dir='ltr'><strong>atque</strong></span> <span class='ocrx_word' id='word_1_226' title='bbox 2981 2063 3291 2118; x_wconf 85' lang='lat' dir='ltr'><strong>munitum?</strong></span> <span class='ocrx_word' id='word_1_227' title='bbox 3317 2062 3440 2118; x_wconf 85' lang='lat' dir='ltr'><strong>Non</strong></span> 
     </span>
    </p>
   </div>
   <div class='ocr_carea' id='block_1_20' title="bbox 64 2156 3440 2234">
    <p class='ocr_par' dir='ltr' id='par_1_20' title="bbox 64 2156 3440 2234">
     <span class='ocr_line' id='line_1_20' title="bbox 64 2156 3440 2234; baseline -0.002 -17"><span class='ocrx_word' id='word_1_228' title='bbox 64 2171 261 2232; x_wconf 80' lang='lat' dir='ltr'><strong>Optat</strong></span> <span class='ocrx_word' id='word_1_229' title='bbox 301 2162 561 2234; x_wconf 88' lang='lat' dir='ltr'><strong>adipisci,</strong></span> <span class='ocrx_word' id='word_1_230' title='bbox 595 2163 807 2234; x_wconf 86' lang='lat' dir='ltr'><strong>mystici</strong></span> <span class='ocrx_word' id='word_1_231' title='bbox 834 2161 1028 2233; x_wconf 87' lang='lat' dir='ltr'><strong>jejunii</strong></span> <span class='ocrx_word' id='word_1_232' title='bbox 1053 2161 1441 2234; x_wconf 57' lang='lat' dir='ltr'><strong>praevaricator</strong></span> <span class='ocrx_word' id='word_1_233' title='bbox 1468 2176 1590 2217; x_wconf 88' lang='lat' dir='ltr'><strong>esse</strong></span> <span class='ocrx_word' id='word_1_234' title='bbox 1617 2176 1725 2216; x_wconf 92' lang='lat' dir='ltr'><strong>non</strong></span> <span class='ocrx_word' id='word_1_235' title='bbox 1829 2160 1972 2217; x_wconf 71' lang='lat' dir='ltr'><strong>enim</strong></span> <span class='ocrx_word' id='word_1_236' title='bbox 2023 2161 2178 2232; x_wconf 89' lang='lat' dir='ltr'><strong>quasi</strong></span> <span class='ocrx_word' id='word_1_237' title='bbox 2219 2161 2362 2215; x_wconf 90' lang='lat' dir='ltr'><strong>Dens</strong></span> <span class='ocrx_word' id='word_1_238' title='bbox 2402 2159 2572 2214; x_wconf 82' lang='lat' dir='ltr'><strong>utitur</strong></span> <span class='ocrx_word' id='word_1_239' title='bbox 2618 2168 2885 2228; x_wconf 86' lang='lat' dir='ltr'><strong>potestate</strong></span> <span class='ocrx_word' id='word_1_240' title='bbox 2918 2157 3065 2228; x_wconf 88' lang='lat' dir='ltr'><strong>(quid</strong></span> <span class='ocrx_word' id='word_1_241' title='bbox 3109 2157 3258 2212; x_wconf 92' lang='lat' dir='ltr'><strong>enim</strong></span> <span class='ocrx_word' id='word_1_242' title='bbox 3306 2156 3440 2212; x_wconf 91' lang='lat' dir='ltr'><strong>mihi</strong></span> 
     </span>
    </p>
   </div>
   <div class='ocr_carea' id='block_1_21' title="bbox 67 2250 3438 2328">
    <p class='ocr_par' dir='ltr' id='par_1_21' title="bbox 67 2250 3438 2328">
     <span class='ocr_line' id='line_1_21' title="bbox 67 2250 3438 2328; baseline -0.001 -18"><span class='ocrx_word' id='word_1_243' title='bbox 67 2254 274 2310; x_wconf 86' lang='lat' dir='ltr'><strong>debet</strong></span> <span class='ocrx_word' id='word_1_244' title='bbox 311 2272 327 2322; x_wconf 90' lang='lat'><strong>;</strong></span> <span class='ocrx_word' id='word_1_245' title='bbox 360 2255 505 2327; x_wconf 88' lang='lat' dir='ltr'><strong>quod</strong></span> <span class='ocrx_word' id='word_1_246' title='bbox 533 2265 587 2312; x_wconf 92' lang='lat' dir='ltr'><strong>et</strong></span> <span class='ocrx_word' id='word_1_247' title='bbox 620 2257 672 2311; x_wconf 92' lang='lat' dir='ltr'><strong>in</strong></span> <span class='ocrx_word' id='word_1_248' title='bbox 710 2255 850 2326; x_wconf 80' lang='lat' dir='ltr'><strong>Lege</strong></span> <span class='ocrx_word' id='word_1_249' title='bbox 879 2255 1118 2328; x_wconf 81' lang='lat' dir='ltr'><strong>Moyses,</strong></span> <span class='ocrx_word' id='word_1_250' title='bbox 1147 2265 1201 2310; x_wconf 89' lang='lat' dir='ltr'><strong>et</strong></span> <span class='ocrx_word' id='word_1_251' title='bbox 1234 2255 1287 2310; x_wconf 92' lang='lat' dir='ltr'><strong>in</strong></span> <span class='ocrx_word' id='word_1_252' title='bbox 1318 2254 1609 2326; x_wconf 87' lang='lat' dir='ltr'><strong>Evangelio</strong></span> <span class='ocrx_word' id='word_1_253' title='bbox 1629 2268 1728 2311; x_wconf 90' lang='lat' dir='ltr'><strong>suo</strong></span> <span class='ocrx_word' id='word_1_254' title='bbox 1833 2254 2136 2327; x_wconf 88' lang='lat' dir='ltr'><strong>proderat),</strong></span> <span class='ocrx_word' id='word_1_255' title='bbox 2161 2255 2254 2310; x_wconf 90' lang='lat' dir='ltr'><strong>sed</strong></span> <span class='ocrx_word' id='word_1_256' title='bbox 2287 2255 2438 2323; x_wconf 88' lang='lat' dir='ltr'><strong>quasi</strong></span> <span class='ocrx_word' id='word_1_257' title='bbox 2458 2254 2620 2308; x_wconf 91' lang='lat' dir='ltr'><strong>homo</strong></span> <span class='ocrx_word' id='word_1_258' title='bbox 2644 2268 2933 2308; x_wconf 90' lang='lat' dir='ltr'><strong>commune</strong></span> <span class='ocrx_word' id='word_1_259' title='bbox 2964 2250 3307 2307; x_wconf 87' lang='lat' dir='ltr'><strong>sibiarcessit</strong></span> <span class='ocrx_word' id='word_1_260' title='bbox 3333 2266 3438 2306; x_wconf 87' lang='lat' dir='ltr'><strong>an-</strong></span> 
     </span>
    </p>
   </div>
   <div class='ocr_carea' id='block_1_22' title="bbox 67 2345 3438 2422">
    <p class='ocr_par' dir='ltr' id='par_1_22' title="bbox 67 2345 3438 2422">
     <span class='ocr_line' id='line_1_22' title="bbox 67 2345 3438 2422; baseline -0.001 -19"><span class='ocrx_word' id='word_1_261' title='bbox 67 2350 368 2406; x_wconf 79' lang='lat' dir='ltr'><strong>Christus</strong></span> <span class='ocrx_word' id='word_1_262' title='bbox 417 2351 699 2422; x_wconf 88' lang='lat' dir='ltr'><strong>utriusque</strong></span> <span class='ocrx_word' id='word_1_263' title='bbox 738 2349 1076 2406; x_wconf 88' lang='lat' dir='ltr'><strong>Testamenti</strong></span> <span class='ocrx_word' id='word_1_264' title='bbox 1117 2348 1442 2406; x_wconf 86' lang='lat' dir='ltr'><strong>auctoritate</strong></span> <span class='ocrx_word' id='word_1_265' title='bbox 1481 2349 1729 2422; x_wconf 62' lang='lat' dir='ltr'><strong>praescri-</strong></span> <span class='ocrx_word' id='word_1_266' title='bbox 1830 2351 2052 2414; x_wconf 83' lang='lat' dir='ltr'><strong>xilinm;</strong></span> <span class='ocrx_word' id='word_1_267' title='bbox 2089 2358 2147 2404; x_wconf 91' lang='lat' dir='ltr'><strong>ut</strong></span> <span class='ocrx_word' id='word_1_268' title='bbox 2187 2349 2385 2403; x_wconf 77' lang='lat' dir='ltr'><strong>divinze</strong></span> <span class='ocrx_word' id='word_1_269' title='bbox 2428 2347 2621 2418; x_wconf 87' lang='lat' dir='ltr'><strong>pabulo</strong></span> <span class='ocrx_word' id='word_1_270' title='bbox 2669 2346 2915 2402; x_wconf 93' lang='lat' dir='ltr'><strong>lectionis</strong></span> <span class='ocrx_word' id='word_1_271' title='bbox 2959 2347 3196 2401; x_wconf 89' lang='lat' dir='ltr'><strong>intentus</strong></span> <span class='ocrx_word' id='word_1_272' title='bbox 3237 2345 3438 2401; x_wconf 83' lang='lat' dir='ltr'><strong>famem</strong></span> 
     </span>
    </p>
   </div>
   <div class='ocr_carea' id='block_1_23' title="bbox 72 2439 3442 2515">
    <p class='ocr_par' dir='ltr' id='par_1_23' title="bbox 72 2439 3442 2515">
     <span class='ocr_line' id='line_1_23' title="bbox 72 2439 3442 2515; baseline -0.001 -17"><span class='ocrx_word' id='word_1_273' title='bbox 72 2445 204 2515; x_wconf 81' lang='lat' dir='ltr'><strong>psit</strong></span> <span class='ocrx_word' id='word_1_274' title='bbox 242 2443 410 2499; x_wconf 88' lang='lat' dir='ltr'><strong>lidele</strong></span> <span class='ocrx_word' id='word_1_275' title='bbox 441 2445 657 2500; x_wconf 90' lang='lat' dir='ltr'><strong>virtutis</strong></span> <span class='ocrx_word' id='word_1_276' title='bbox 687 2458 806 2499; x_wconf 90' lang='lat' dir='ltr'><strong>esse</strong></span> <span class='ocrx_word' id='word_1_277' title='bbox 828 2453 1129 2499; x_wconf 87' lang='lat' dir='ltr'><strong>certamen.</strong></span> <span class='ocrx_word' id='word_1_278' title='bbox 1829 2445 2078 2514; x_wconf 90' lang='lat' dir='ltr'><strong>corporis</strong></span> <span class='ocrx_word' id='word_1_279' title='bbox 2101 2443 2359 2514; x_wconf 77' lang='lat' dir='ltr'><strong>negligat,</strong></span> <span class='ocrx_word' id='word_1_280' title='bbox 2383 2443 2703 2498; x_wconf 91' lang='lat' dir='ltr'><strong>alimentum</strong></span> <span class='ocrx_word' id='word_1_281' title='bbox 2729 2441 2879 2496; x_wconf 87' lang='lat' dir='ltr'><strong>verbi</strong></span> <span class='ocrx_word' id='word_1_282' title='bbox 2906 2440 3149 2495; x_wconf 61' lang='lat' dir='ltr'><strong>caelestis</strong></span> <span class='ocrx_word' id='word_1_283' title='bbox 3170 2439 3442 2510; x_wconf 82' lang='lat' dir='ltr'><strong>acquirat.</strong></span> 
     </span>
    </p>
   </div>
   <div class='ocr_carea' id='block_1_24' title="bbox 1826 1125 3442 1196">
    <p class='ocr_par' dir='ltr' id='par_1_24' title="bbox 1826 1125 3442 1196">
     <span class='ocr_line' id='line_1_24' title="bbox 1826 1125 3442 1196; baseline -0.001 -16"><span class='ocrx_word' id='word_1_284' title='bbox 1826 1126 2044 1180; x_wconf 87' lang='lat' dir='ltr'><strong>virtutis</strong></span> <span class='ocrx_word' id='word_1_285' title='bbox 2099 1125 2562 1196; x_wconf 79' lang='lat' dir='ltr'><strong>contemplatione</strong></span> <span class='ocrx_word' id='word_1_286' title='bbox 2609 1125 2937 1181; x_wconf 81' lang='lat' dir='ltr'><strong>faciendum.</strong></span> <span class='ocrx_word' id='word_1_287' title='bbox 2999 1127 3168 1182; x_wconf 87' lang='lat' dir='ltr'><strong>Simul</strong></span> <span class='ocrx_word' id='word_1_288' title='bbox 3218 1126 3272 1181; x_wconf 92' lang='lat' dir='ltr'><strong>in</strong></span> <span class='ocrx_word' id='word_1_289' title='bbox 3323 1127 3442 1196; x_wconf 90' lang='lat' dir='ltr'><strong>ipsa</strong></span> 
     </span>
    </p>
   </div>
   <div class='ocr_carea' id='block_1_25' title="bbox 1830 1201 3447 1279">
    <p class='ocr_par' dir='ltr' id='par_1_25' title="bbox 1830 1201 3447 1279">
     <span class='ocr_line' id='line_1_25' title="bbox 1830 1201 3447 1279; baseline 0.001 -4"><span class='ocrx_word' id='word_1_290' title='bbox 1830 1223 2134 1277; x_wconf 87' lang='lat' dir='ltr'><strong>tentalioue</strong></span> <span class='ocrx_word' id='word_1_291' title='bbox 2157 1222 2422 1275; x_wconf 85' lang='lat' dir='ltr'><strong>artiﬁcem</strong></span> <span class='ocrx_word' id='word_1_292' title='bbox 2451 1220 2649 1274; x_wconf 87' lang='lat' dir='ltr'><strong>diaboli</strong></span> <span class='ocrx_word' id='word_1_293' title='bbox 2679 1221 2826 1276; x_wconf 88' lang='lat' dir='ltr'><strong>disce</strong></span> <span class='ocrx_word' id='word_1_294' title='bbox 2859 1201 3175 1278; x_wconf 81' lang='lat' dir='ltr'><strong>versutiam.</strong></span> <span class='ocrx_word' id='word_1_295' title='bbox 3203 1221 3293 1279; x_wconf 93' lang='lat' dir='ltr'><strong>Sic</strong></span> <span class='ocrx_word' id='word_1_296' title='bbox 3321 1232 3447 1276; x_wconf 86' lang='lat' dir='ltr'><strong>ten-</strong></span> 
     </span>
    </p>
   </div>
   <div class='ocr_carea' id='block_1_26' title="bbox 1829 1313 3438 1385">
    <p class='ocr_par' dir='ltr' id='par_1_26' title="bbox 1829 1313 3438 1385">
     <span class='ocr_line' id='line_1_26' title="bbox 1829 1313 3438 1385; baseline 0 -15"><span class='ocrx_word' id='word_1_297' title='bbox 1829 1324 1924 1376; x_wconf 88' lang='lat' dir='ltr'><strong>tat,</strong></span> <span class='ocrx_word' id='word_1_298' title='bbox 1967 1324 2024 1370; x_wconf 93' lang='grc' dir='ltr'><strong>ιιι</strong></span> <span class='ocrx_word' id='word_1_299' title='bbox 2049 1314 2294 1384; x_wconf 66' lang='lat' dir='ltr'><strong>exitloret</strong></span> <span class='ocrx_word' id='word_1_300' title='bbox 2323 1333 2335 1367; x_wconf 89' lang='lat'><strong>:</strong></span> <span class='ocrx_word' id='word_1_301' title='bbox 2378 1314 2456 1368; x_wconf 90' lang='lat' dir='ltr'><strong>sic</strong></span> <span class='ocrx_word' id='word_1_302' title='bbox 2487 1314 2761 1385; x_wconf 76' lang='lat' dir='ltr'><strong>explorat,</strong></span> <span class='ocrx_word' id='word_1_303' title='bbox 2793 1323 2849 1368; x_wconf 94' lang='grc' dir='ltr'><strong>ιιι</strong></span> <span class='ocrx_word' id='word_1_304' title='bbox 2881 1324 3072 1369; x_wconf 90' lang='lat' dir='ltr'><strong>tentet.</strong></span> <span class='ocrx_word' id='word_1_305' title='bbox 3097 1313 3299 1370; x_wconf 88' lang='lat' dir='ltr'><strong>Contra</strong></span> <span class='ocrx_word' id='word_1_306' title='bbox 3331 1314 3438 1370; x_wconf 88' lang='lat' dir='ltr'><strong>Do-</strong></span> 
     </span>
    </p>
   </div>
   <div class='ocr_carea' id='block_1_27' title="bbox 1828 1409 3436 1476">
    <p class='ocr_par' dir='ltr' id='par_1_27' title="bbox 1828 1409 3436 1476">
     <span class='ocr_line' id='line_1_27' title="bbox 1828 1409 3436 1476; baseline -0.001 -10"><span class='ocrx_word' id='word_1_307' title='bbox 1828 1412 2006 1466; x_wconf 87' lang='lat' dir='ltr'><strong>minus</strong></span> <span class='ocrx_word' id='word_1_308' title='bbox 2035 1411 2114 1465; x_wconf 89' lang='lat' dir='ltr'><strong>sic</strong></span> <span class='ocrx_word' id='word_1_309' title='bbox 2136 1410 2294 1476; x_wconf 78' lang='lat' dir='ltr'><strong>fallit,</strong></span> <span class='ocrx_word' id='word_1_310' title='bbox 2324 1419 2379 1463; x_wconf 94' lang='lat' dir='ltr'><strong>nt</strong></span> <span class='ocrx_word' id='word_1_311' title='bbox 2407 1410 2587 1464; x_wconf 87' lang='lat' dir='ltr'><strong>vincat</strong></span> <span class='ocrx_word' id='word_1_312' title='bbox 2615 1428 2628 1462; x_wconf 88' lang='lat'><strong>:</strong></span> <span class='ocrx_word' id='word_1_313' title='bbox 2659 1410 2736 1463; x_wconf 91' lang='lat' dir='ltr'><strong>sic</strong></span> <span class='ocrx_word' id='word_1_314' title='bbox 2759 1409 2936 1464; x_wconf 85' lang='lat' dir='ltr'><strong>adhuc</strong></span> <span class='ocrx_word' id='word_1_315' title='bbox 2968 1410 3157 1475; x_wconf 92' lang='lat' dir='ltr'><strong>vincit,</strong></span> <span class='ocrx_word' id='word_1_316' title='bbox 3186 1420 3241 1465; x_wconf 93' lang='lat' dir='ltr'><strong>ut</strong></span> <span class='ocrx_word' id='word_1_317' title='bbox 3269 1411 3436 1465; x_wconf 82' lang='lat' dir='ltr'><strong>fallat.</strong></span> 
     </span>
    </p>
   </div>
   <div class='ocr_carea' id='block_1_28' title="bbox 1826 1502 3433 1574">
    <p class='ocr_par' dir='ltr' id='par_1_28' title="bbox 1826 1502 3433 1574">
     <span class='ocr_line' id='line_1_28' title="bbox 1826 1502 3433 1574; baseline 0.001 -17"><span class='ocrx_word' id='word_1_318' title='bbox 1826 1502 1959 1557; x_wconf 86' lang='lat' dir='ltr'><strong>Nam</strong></span> <span class='ocrx_word' id='word_1_319' title='bbox 1991 1504 2035 1558; x_wconf 92' lang='lat' dir='ltr'><strong>si</strong></span> <span class='ocrx_word' id='word_1_320' title='bbox 2067 1504 2429 1560; x_wconf 86' lang='lat' dir='ltr'><strong>convertisset</strong></span> <span class='ocrx_word' id='word_1_321' title='bbox 2469 1503 3067 1574; x_wconf 90' lang='lat' dir='ltr'><strong>naturam,prodiderat</strong></span> <span class='ocrx_word' id='word_1_322' title='bbox 3095 1507 3433 1558; x_wconf 77' lang='lat' dir='ltr'><strong>Creatorem.</strong></span> 
     </span>
    </p>
   </div>
   <div class='ocr_carea' id='block_1_29' title="bbox 1827 1594 2792 1667">
    <p class='ocr_par' dir='ltr' id='par_1_29' title="bbox 1827 1594 2792 1667">
     <span class='ocr_line' id='line_1_29' title="bbox 1827 1594 2792 1667; baseline 0 -15"><span class='ocrx_word' id='word_1_323' title='bbox 1827 1594 1855 1634; x_wconf 67' lang='grc' dir='ltr'>ι’</span> <span class='ocrx_word' id='word_1_324' title='bbox 1885 1597 2062 1652; x_wconf 83' lang='lat' dir='ltr'><strong>Medie</strong></span> <span class='ocrx_word' id='word_1_325' title='bbox 2092 1613 2224 1667; x_wconf 86' lang='lat' dir='ltr'><strong>ergo</strong></span> <span class='ocrx_word' id='word_1_326' title='bbox 2250 1596 2531 1667; x_wconf 81' lang='lat' dir='ltr'><strong>respondit</strong></span> <span class='ocrx_word' id='word_1_327' title='bbox 2557 1597 2744 1650; x_wconf 91' lang='lat' dir='ltr'><strong>dicens</strong></span> <span class='ocrx_word' id='word_1_328' title='bbox 2777 1613 2792 1652; x_wconf 87' lang='lat'><strong>:</strong></span> 
     </span>
    </p>
   </div>
   <div class='ocr_carea' id='block_1_30' title="bbox 1829 1032 3540 1102">
    <p class='ocr_par' dir='ltr' id='par_1_30' title="bbox 1829 1032 3540 1102">
     <span class='ocr_line' id='line_1_30' title="bbox 1829 1032 3540 1102; baseline -0.001 -14"><span class='ocrx_word' id='word_1_329' title='bbox 1829 1033 1990 1089; x_wconf 89' lang='lat' dir='ltr'><strong>docet</strong></span> <span class='ocrx_word' id='word_1_330' title='bbox 2033 1033 2167 1088; x_wconf 92' lang='lat' dir='ltr'><strong>nihil</strong></span> <span class='ocrx_word' id='word_1_331' title='bbox 2201 1034 2292 1087; x_wconf 89' lang='lat' dir='ltr'><strong>tibi</strong></span> <span class='ocrx_word' id='word_1_332' title='bbox 2323 1049 2420 1101; x_wconf 90' lang='lat' dir='ltr'><strong>pro</strong></span> <span class='ocrx_word' id='word_1_333' title='bbox 2447 1033 2650 1087; x_wconf 87' lang='lat' dir='ltr'><strong>diaboli</strong></span> <span class='ocrx_word' id='word_1_334' title='bbox 2680 1035 2929 1102; x_wconf 84' lang='lat' dir='ltr'><strong>arbitrio,</strong></span> <span class='ocrx_word' id='word_1_335' title='bbox 2961 1049 3062 1090; x_wconf 88' lang='lat' dir='ltr'><strong>nec</strong></span> <span class='ocrx_word' id='word_1_336' title='bbox 3095 1032 3439 1089; x_wconf 81' lang='lat' dir='ltr'><strong>declarandae</strong></span> <span class='ocrx_word' id='word_1_337' title='bbox 3535 1081 3540 1086; x_wconf 89' lang='lat'><strong>.</strong></span> 
     </span>
    </p>
   </div>
   <div class='ocr_carea' id='block_1_31' title="bbox 161 2536 1726 2608">
    <p class='ocr_par' dir='ltr' id='par_1_31' title="bbox 161 2536 1726 2608">
     <span class='ocr_line' id='line_1_31' title="bbox 161 2536 1726 2608; baseline 0 -18"><span class='ocrx_word' id='word_1_338' title='bbox 161 2537 272 2592; x_wconf 78' lang='grc'><strong>16.</strong></span> <span class='ocrx_word' id='word_1_339' title='bbox 305 2536 446 2603; x_wconf 83' lang='lat' dir='ltr'><strong>Quid</strong></span> <span class='ocrx_word' id='word_1_340' title='bbox 478 2551 610 2592; x_wconf 90' lang='lat' dir='ltr'><strong>vero</strong></span> <span class='ocrx_word' id='word_1_341' title='bbox 633 2536 735 2592; x_wconf 89' lang='lat' dir='ltr'><strong>sibi</strong></span> <span class='ocrx_word' id='word_1_342' title='bbox 763 2536 874 2590; x_wconf 90' lang='lat' dir='ltr'><strong>vult</strong></span> <span class='ocrx_word' id='word_1_343' title='bbox 897 2537 1040 2606; x_wconf 91' lang='lat' dir='ltr'><strong>quod</strong></span> <span class='ocrx_word' id='word_1_344' title='bbox 1067 2536 1413 2608; x_wconf 87' lang='lat' dir='ltr'><strong>Evangelista</strong></span> <span class='ocrx_word' id='word_1_345' title='bbox 1438 2536 1726 2592; x_wconf 88' lang='lat' dir='ltr'><strong>Dominum</strong></span> 
     </span>
    </p>
   </div>
   <div class='ocr_carea' id='block_1_32' title="bbox 75 2628 1730 2701">
    <p class='ocr_par' dir='ltr' id='par_1_32' title="bbox 75 2628 1730 2701">
     <span class='ocr_line' id='line_1_32' title="bbox 75 2628 1730 2701; baseline -0.004 -14"><span class='ocrx_word' id='word_1_346' title='bbox 75 2631 357 2687; x_wconf 88' lang='lat' dir='ltr'><strong>esurisse</strong></span> <span class='ocrx_word' id='word_1_347' title='bbox 400 2630 760 2701; x_wconf 86' lang='lat' dir='ltr'><strong>signiﬁcavit,</strong></span> <span class='ocrx_word' id='word_1_348' title='bbox 788 2645 909 2685; x_wconf 92' lang='lat' dir='ltr'><strong>cum</strong></span> <span class='ocrx_word' id='word_1_349' title='bbox 941 2629 1009 2684; x_wconf 88' lang='lat' dir='ltr'><strong>de</strong></span> <span class='ocrx_word' id='word_1_350' title='bbox 1040 2629 1212 2701; x_wconf 82' lang='lat' dir='ltr'><strong>Moysi</strong></span> <span class='ocrx_word' id='word_1_351' title='bbox 1241 2641 1401 2699; x_wconf 92' lang='lat' dir='ltr'><strong>atque</strong></span> <span class='ocrx_word' id='word_1_352' title='bbox 1432 2628 1565 2684; x_wconf 68' lang='lat' dir='ltr'><strong>Eliaa</strong></span> <span class='ocrx_word' id='word_1_353' title='bbox 1589 2628 1730 2698; x_wconf 87' lang='lat' dir='ltr'><strong>jeju-</strong></span> 
     </span>
    </p>
   </div>
   <div class='ocr_carea' id='block_1_33' title="bbox 76 2721 1732 2793">
    <p class='ocr_par' dir='ltr' id='par_1_33' title="bbox 76 2721 1732 2793">
     <span class='ocr_line' id='line_1_33' title="bbox 76 2721 1732 2793; baseline -0.003 -13"><span class='ocrx_word' id='word_1_354' title='bbox 76 2725 191 2780; x_wconf 84' lang='lat' dir='ltr'><strong>nio</strong></span> <span class='ocrx_word' id='word_1_355' title='bbox 231 2723 378 2777; x_wconf 84' lang='lat' dir='ltr'><strong>nihil</strong></span> <span class='ocrx_word' id='word_1_356' title='bbox 411 2723 519 2778; x_wconf 90' lang='lat' dir='ltr'><strong>tale</strong></span> <span class='ocrx_word' id='word_1_357' title='bbox 553 2723 834 2778; x_wconf 81' lang='lat' dir='ltr'><strong>videamus</strong></span> <span class='ocrx_word' id='word_1_358' title='bbox 862 2723 1228 2792; x_wconf 83' lang='lat' dir='ltr'><strong>expressum?</strong></span> <span class='ocrx_word' id='word_1_359' title='bbox 1258 2721 1527 2793; x_wconf 81' lang='lat' dir='ltr'><strong>Numquid</strong></span> <span class='ocrx_word' id='word_1_360' title='bbox 1559 2721 1732 2776; x_wconf 90' lang='lat' dir='ltr'><strong>homi-</strong></span> 
     </span>
    </p>
   </div>
   <div class='ocr_carea' id='block_1_34' title="bbox 83 2814 1729 2885">
    <p class='ocr_par' dir='ltr' id='par_1_34' title="bbox 83 2814 1729 2885">
     <span class='ocr_line' id='line_1_34' title="bbox 83 2814 1729 2885; baseline -0.002 -14"><span class='ocrx_word' id='word_1_361' title='bbox 83 2831 240 2871; x_wconf 81' lang='lat' dir='ltr'><strong>num</strong></span> <span class='ocrx_word' id='word_1_362' title='bbox 281 2815 540 2884; x_wconf 89' lang='lat' dir='ltr'><strong>patientia</strong></span> <span class='ocrx_word' id='word_1_363' title='bbox 584 2814 697 2870; x_wconf 86' lang='lat' dir='ltr'><strong>Deo</strong></span> <span class='ocrx_word' id='word_1_364' title='bbox 723 2814 916 2869; x_wconf 82' lang='lat' dir='ltr'><strong>fortior</strong></span> <span class='ocrx_word' id='word_1_365' title='bbox 944 2815 1062 2870; x_wconf 85' lang='lat' dir='ltr'><strong>est?</strong></span> <span class='ocrx_word' id='word_1_366' title='bbox 1091 2814 1197 2870; x_wconf 90' lang='lat' dir='ltr'><strong>Sed</strong></span> <span class='ocrx_word' id='word_1_367' title='bbox 1246 2817 1336 2884; x_wconf 89' lang='lat' dir='ltr'><strong>qui</strong></span> <span class='ocrx_word' id='word_1_368' title='bbox 1375 2815 1729 2885; x_wconf 88' lang='lat' dir='ltr'><strong>quadraginta</strong></span> 
     </span>
    </p>
   </div>
   <div class='ocr_carea' id='block_1_35' title="bbox 83 2907 1735 2978">
    <p class='ocr_par' dir='ltr' id='par_1_35' title="bbox 83 2907 1735 2978">
     <span class='ocr_line' id='line_1_35' title="bbox 83 2907 1735 2978; baseline -0.001 -14"><span class='ocrx_word' id='word_1_369' title='bbox 83 2909 314 2965; x_wconf 85' lang='lat' dir='ltr'><strong>diebus</strong></span> <span class='ocrx_word' id='word_1_370' title='bbox 347 2908 558 2963; x_wconf 88' lang='lat' dir='ltr'><strong>esurire</strong></span> <span class='ocrx_word' id='word_1_371' title='bbox 590 2924 697 2963; x_wconf 92' lang='lat' dir='ltr'><strong>non</strong></span> <span class='ocrx_word' id='word_1_372' title='bbox 733 2909 928 2978; x_wconf 91' lang='lat' dir='ltr'><strong>potuit,</strong></span> <span class='ocrx_word' id='word_1_373' title='bbox 968 2909 1210 2964; x_wconf 91' lang='lat' dir='ltr'><strong>ostendit</strong></span> <span class='ocrx_word' id='word_1_374' title='bbox 1244 2925 1351 2963; x_wconf 93' lang='lat' dir='ltr'><strong>non</strong></span> <span class='ocrx_word' id='word_1_375' title='bbox 1385 2907 1566 2963; x_wconf 91' lang='lat' dir='ltr'><strong>cibum</strong></span> <span class='ocrx_word' id='word_1_376' title='bbox 1609 2923 1735 2962; x_wconf 90' lang='lat' dir='ltr'><strong>esu-</strong></span> 
     </span>
    </p>
   </div>
   <div class='ocr_carea' id='block_1_36' title="bbox 89 3001 1732 3072">
    <p class='ocr_par' dir='ltr' id='par_1_36' title="bbox 89 3001 1732 3072">
     <span class='ocr_line' id='line_1_36' title="bbox 89 3001 1732 3072; baseline -0.002 -14"><span class='ocrx_word' id='word_1_377' title='bbox 89 3003 255 3058; x_wconf 86' lang='lat' dir='ltr'><strong>risse</strong></span> <span class='ocrx_word' id='word_1_378' title='bbox 282 3017 342 3056; x_wconf 88' lang='lat' dir='ltr'><strong>se</strong></span> <span class='ocrx_word' id='word_1_379' title='bbox 365 3001 636 3072; x_wconf 91' lang='lat' dir='ltr'><strong>corporis,</strong></span> <span class='ocrx_word' id='word_1_380' title='bbox 665 3001 760 3057; x_wconf 88' lang='lat' dir='ltr'><strong>sed</strong></span> <span class='ocrx_word' id='word_1_381' title='bbox 787 3001 1015 3057; x_wconf 88' lang='lat' dir='ltr'><strong>salutem</strong></span> <span class='ocrx_word' id='word_1_382' title='bbox 1044 3019 1057 3055; x_wconf 90' lang='lat'><strong>:</strong></span> <span class='ocrx_word' id='word_1_383' title='bbox 1088 3001 1250 3056; x_wconf 91' lang='lat' dir='ltr'><strong>simul</strong></span> <span class='ocrx_word' id='word_1_384' title='bbox 1279 3011 1335 3054; x_wconf 87' lang='lat' dir='ltr'><strong>ut</strong></span> <span class='ocrx_word' id='word_1_385' title='bbox 1361 3001 1732 3057; x_wconf 84' lang='lat' dir='ltr'><strong>adversarium</strong></span> 
     </span>
    </p>
   </div>
   <div class='ocr_carea' id='block_1_37' title="bbox 94 3083 1732 3166">
    <p class='ocr_par' dir='ltr' id='par_1_37' title="bbox 94 3083 1732 3166">
     <span class='ocr_line' id='line_1_37' title="bbox 94 3083 1732 3166; baseline -0.001 -16"><span class='ocrx_word' id='word_1_386' title='bbox 94 3096 420 3151; x_wconf 85' lang='lat' dir='ltr'><strong>lacesseret</strong></span> <span class='ocrx_word' id='word_1_387' title='bbox 465 3095 575 3165; x_wconf 88' lang='lat' dir='ltr'><strong>jam</strong></span> <span class='ocrx_word' id='word_1_388' title='bbox 628 3083 1083 3166; x_wconf 27' lang='lat' dir='ltr'><strong>timentem,‘qui</strong></span> <span class='ocrx_word' id='word_1_389' title='bbox 1129 3095 1486 3166; x_wconf 84' lang='lat' dir='ltr'><strong>quadraginta</strong></span> <span class='ocrx_word' id='word_1_390' title='bbox 1518 3093 1732 3150; x_wconf 91' lang='lat' dir='ltr'><strong>dierum</strong></span> 
     </span>
    </p>
   </div>
   <div class='ocr_carea' id='block_1_38' title="bbox 93 3187 1731 3260">
    <p class='ocr_par' dir='ltr' id='par_1_38' title="bbox 93 3187 1731 3260">
     <span class='ocr_line' id='line_1_38' title="bbox 93 3187 1731 3260; baseline -0.001 -16"><span class='ocrx_word' id='word_1_391' title='bbox 93 3189 302 3244; x_wconf 78' lang='lat' dir='ltr'><strong>fuerat</strong></span> <span class='ocrx_word' id='word_1_392' title='bbox 331 3187 543 3258; x_wconf 89' lang='lat' dir='ltr'><strong>jejunio</strong></span> <span class='ocrx_word' id='word_1_393' title='bbox 584 3188 916 3244; x_wconf 88' lang='lat' dir='ltr'><strong>vulneratus.</strong></span> <span class='ocrx_word' id='word_1_394' title='bbox 946 3189 1014 3244; x_wconf 84' lang='lat' dir='ltr'><strong>Et</strong></span> <span class='ocrx_word' id='word_1_395' title='bbox 1051 3187 1174 3244; x_wconf 91' lang='lat' dir='ltr'><strong>ideo</strong></span> <span class='ocrx_word' id='word_1_396' title='bbox 1205 3187 1373 3245; x_wconf 73' lang='lat' dir='ltr'><strong>fames</strong></span> <span class='ocrx_word' id='word_1_397' title='bbox 1407 3187 1622 3245; x_wconf 90' lang='lat' dir='ltr'><strong>Domini</strong></span> <span class='ocrx_word' id='word_1_398' title='bbox 1649 3189 1731 3260; x_wconf 86' lang='lat' dir='ltr'><strong>pia</strong></span> 
     </span>
    </p>
   </div>
   <div class='ocr_carea' id='block_1_39' title="bbox 1831 2532 3442 2608">
    <p class='ocr_par' dir='ltr' id='par_1_39' title="bbox 1831 2532 3442 2608">
     <span class='ocr_line' id='line_1_39' title="bbox 1831 2532 3442 2608; baseline -0.004 -15"><span class='ocrx_word' id='word_1_399' title='bbox 1831 2537 1967 2594; x_wconf 90' lang='lat' dir='ltr'><strong>lluic</strong></span> <span class='ocrx_word' id='word_1_400' title='bbox 2011 2539 2252 2593; x_wconf 88' lang='lat' dir='ltr'><strong>intentus</strong></span> <span class='ocrx_word' id='word_1_401' title='bbox 2292 2535 2503 2608; x_wconf 81' lang='lat' dir='ltr'><strong>Moyses</strong></span> <span class='ocrx_word' id='word_1_402' title='bbox 2549 2551 2745 2606; x_wconf 85' lang='lat' dir='ltr'><strong>panem</strong></span> <span class='ocrx_word' id='word_1_403' title='bbox 2784 2551 2888 2588; x_wconf 92' lang='lat' dir='ltr'><strong>non</strong></span> <span class='ocrx_word' id='word_1_404' title='bbox 2912 2533 3244 2588; x_wconf 90' lang='lat' dir='ltr'><strong>desideravit</strong></span> <span class='ocrx_word' id='word_1_405' title='bbox 3274 2551 3287 2588; x_wconf 93' lang='lat'>:</span> <span class='ocrx_word' id='word_1_406' title='bbox 3313 2532 3442 2588; x_wconf 87' lang='lat' dir='ltr'><strong>huic</strong></span> 
     </span>
    </p>
   </div>
   <div class='ocr_carea' id='block_1_40' title="bbox 1834 2627 3442 2699">
    <p class='ocr_par' dir='ltr' id='par_1_40' title="bbox 1834 2627 3442 2699">
     <span class='ocr_line' id='line_1_40' title="bbox 1834 2627 3442 2699; baseline -0.004 -13"><span class='ocrx_word' id='word_1_407' title='bbox 1834 2633 2072 2686; x_wconf 92' lang='lat' dir='ltr'><strong>intentus</strong></span> <span class='ocrx_word' id='word_1_408' title='bbox 2114 2631 2260 2685; x_wconf 86' lang='lat' dir='ltr'><strong>Elias</strong></span> <span class='ocrx_word' id='word_1_409' title='bbox 2307 2629 2504 2685; x_wconf 75' lang='lat' dir='ltr'><strong>famem</strong></span> <span class='ocrx_word' id='word_1_410' title='bbox 2546 2629 2862 2699; x_wconf 78' lang='lat' dir='ltr'><strong>prolixioris</strong></span> <span class='ocrx_word' id='word_1_411' title='bbox 2890 2643 2996 2682; x_wconf 93' lang='lat' dir='ltr'><strong>non</strong></span> <span class='ocrx_word' id='word_1_412' title='bbox 3030 2627 3442 2698; x_wconf 87' lang='lat' dir='ltr'><strong>sensitjejunii.</strong></span> 
     </span>
    </p>
   </div>
   <div class='ocr_carea' id='block_1_41' title="bbox 1833 2720 3450 2797">
    <p class='ocr_par' dir='ltr' id='par_1_41' title="bbox 1833 2720 3450 2797">
     <span class='ocr_line' id='line_1_41' title="bbox 1833 2720 3450 2797; baseline -0.006 -15"><span class='ocrx_word' id='word_1_413' title='bbox 1833 2726 1952 2782; x_wconf 84' lang='lat' dir='ltr'><strong>Non</strong></span> <span class='ocrx_word' id='word_1_414' title='bbox 1987 2725 2133 2778; x_wconf 91' lang='lat' dir='ltr'><strong>enim</strong></span> <span class='ocrx_word' id='word_1_415' title='bbox 2173 2732 2352 2794; x_wconf 88' lang='lat' dir='ltr'><strong>potest</strong></span> <span class='ocrx_word' id='word_1_416' title='bbox 2396 2723 2485 2793; x_wconf 89' lang='lat' dir='ltr'><strong>qui</strong></span> <span class='ocrx_word' id='word_1_417' title='bbox 2515 2721 2741 2777; x_wconf 87' lang='lat' dir='ltr'><strong>verbum</strong></span> <span class='ocrx_word' id='word_1_418' title='bbox 2775 2720 3039 2792; x_wconf 90' lang='lat' dir='ltr'><strong>sequitur,</strong></span> <span class='ocrx_word' id='word_1_419' title='bbox 3071 2735 3267 2790; x_wconf 87' lang='lat' dir='ltr'><strong>panem</strong></span> <span class='ocrx_word' id='word_1_420' title='bbox 3296 2720 3450 2797; x_wconf 28' lang='lat' dir='ltr'><strong>desii</strong></span> 
     </span>
    </p>
   </div>
   <div class='ocr_carea' id='block_1_42' title="bbox 1834 2813 3447 2884">
    <p class='ocr_par' dir='ltr' id='par_1_42' title="bbox 1834 2813 3447 2884">
     <span class='ocr_line' id='line_1_42' title="bbox 1834 2813 3447 2884; baseline -0.004 -10"><span class='ocrx_word' id='word_1_421' title='bbox 1834 2820 2027 2874; x_wconf 87' lang='lat' dir='ltr'><strong>derare</strong></span> <span class='ocrx_word' id='word_1_422' title='bbox 2075 2827 2388 2884; x_wconf 88' lang='lat' dir='ltr'><strong>lerrenmn,</strong></span> <span class='ocrx_word' id='word_1_423' title='bbox 2437 2831 2560 2871; x_wconf 88' lang='lat' dir='ltr'><strong>cum</strong></span> <span class='ocrx_word' id='word_1_424' title='bbox 2609 2815 2964 2870; x_wconf 87' lang='lat' dir='ltr'><strong>substantiam</strong></span> <span class='ocrx_word' id='word_1_425' title='bbox 3012 2814 3166 2884; x_wconf 90' lang='lat' dir='ltr'><strong>panis</strong></span> <span class='ocrx_word' id='word_1_426' title='bbox 3203 2813 3447 2870; x_wconf 74' lang='lat' dir='ltr'><strong>C(Blesiis</strong></span> 
     </span>
    </p>
   </div>
   <div class='ocr_carea' id='block_1_43' title="bbox 1833 2906 3442 2983">
    <p class='ocr_par' dir='ltr' id='par_1_43' title="bbox 1833 2906 3442 2983">
     <span class='ocr_line' id='line_1_43' title="bbox 1833 2906 3442 2983; baseline -0.006 -14"><span class='ocrx_word' id='word_1_427' title='bbox 1833 2913 2097 2983; x_wconf 88' lang='lat' dir='ltr'><strong>accipiat;</strong></span> <span class='ocrx_word' id='word_1_428' title='bbox 2130 2911 2380 2966; x_wconf 87' lang='lat' dir='ltr'><strong>Immanis</strong></span> <span class='ocrx_word' id='word_1_429' title='bbox 2409 2910 2556 2966; x_wconf 91' lang='lat' dir='ltr'><strong>enim</strong></span> <span class='ocrx_word' id='word_1_430' title='bbox 2580 2909 2763 2964; x_wconf 89' lang='lat' dir='ltr'><strong>divina</strong></span> <span class='ocrx_word' id='word_1_431' title='bbox 2795 2919 3058 2978; x_wconf 72' lang='lat' dir='ltr'><strong>praestare</strong></span> <span class='ocrx_word' id='word_1_432' title='bbox 3087 2924 3192 2960; x_wconf 85' lang='lat' dir='ltr'><strong>non</strong></span> <span class='ocrx_word' id='word_1_433' title='bbox 3219 2906 3442 2960; x_wconf 90' lang='lat' dir='ltr'><strong>dubium</strong></span> 
     </span>
    </p>
   </div>
   <div class='ocr_carea' id='block_1_44' title="bbox 1835 3001 3444 3075">
    <p class='ocr_par' dir='ltr' id='par_1_44' title="bbox 1835 3001 3444 3075">
     <span class='ocr_line' id='line_1_44' title="bbox 1835 3001 3444 3075; baseline -0.005 -14"><span class='ocrx_word' id='word_1_434' title='bbox 1835 3015 1938 3070; x_wconf 86' lang='lat' dir='ltr'><strong>est,</strong></span> <span class='ocrx_word' id='word_1_435' title='bbox 1969 3014 2024 3060; x_wconf 89' lang='lat' dir='ltr'><strong>et</strong></span> <span class='ocrx_word' id='word_1_436' title='bbox 2049 3004 2430 3075; x_wconf 88' lang='lat' dir='ltr'><strong>corporalibus</strong></span> <span class='ocrx_word' id='word_1_437' title='bbox 2460 3003 2744 3074; x_wconf 81' lang='lat' dir='ltr'><strong>Spiritalia.</strong></span> <span class='ocrx_word' id='word_1_438' title='bbox 2773 3002 2840 3056; x_wconf 87' lang='lat' dir='ltr'><strong>Et</strong></span> <span class='ocrx_word' id='word_1_439' title='bbox 2866 3001 2988 3057; x_wconf 89' lang='lat' dir='ltr'><strong>ideo</strong></span> <span class='ocrx_word' id='word_1_440' title='bbox 3026 3002 3114 3071; x_wconf 87' lang='lat' dir='ltr'><strong>qui</strong></span> <span class='ocrx_word' id='word_1_441' title='bbox 3150 3002 3313 3054; x_wconf 85' lang='lat' dir='ltr'><strong>vitam</strong></span> <span class='ocrx_word' id='word_1_442' title='bbox 3348 3015 3444 3053; x_wconf 91' lang='lat' dir='ltr'><strong>ve-</strong></span> 
     </span>
    </p>
   </div>
   <div class='ocr_carea' id='block_1_45' title="bbox 1835 3093 3445 3166">
    <p class='ocr_par' dir='ltr' id='par_1_45' title="bbox 1835 3093 3445 3166">
     <span class='ocr_line' id='line_1_45' title="bbox 1835 3093 3445 3166; baseline -0.006 -12"><span class='ocrx_word' id='word_1_443' title='bbox 1835 3113 1950 3154; x_wconf 88' lang='lat' dir='ltr'><strong>ram</strong></span> <span class='ocrx_word' id='word_1_444' title='bbox 1978 3097 2278 3162; x_wconf 74' lang='lat' dir='ltr'><strong>desiderat,</strong></span> <span class='ocrx_word' id='word_1_445' title='bbox 2305 3108 2326 3136; x_wconf 78' lang='grc' dir='ltr'><strong>ο</strong></span> <span class='ocrx_word' id='word_1_446' title='bbox 2356 3096 2505 3151; x_wconf 89' lang='lat' dir='ltr'><strong>illum</strong></span> <span class='ocrx_word' id='word_1_447' title='bbox 2537 3109 2728 3166; x_wconf 90' lang='lat' dir='ltr'><strong>panem</strong></span> <span class='ocrx_word' id='word_1_448' title='bbox 2757 3102 2996 3164; x_wconf 79' lang='lat' dir='ltr'><strong>expetat,</strong></span> <span class='ocrx_word' id='word_1_449' title='bbox 3021 3093 3114 3163; x_wconf 91' lang='lat' dir='ltr'><strong>qui</strong></span> <span class='ocrx_word' id='word_1_450' title='bbox 3139 3108 3234 3163; x_wconf 90' lang='lat' dir='ltr'><strong>per</strong></span> <span class='ocrx_word' id='word_1_451' title='bbox 3260 3093 3445 3147; x_wconf 87' lang='lat' dir='ltr'><strong>insen-</strong></span> 
     </span>
    </p>
   </div>
   <div class='ocr_carea' id='block_1_46' title="bbox 1835 3184 3447 3248">
    <p class='ocr_par' dir='ltr' id='par_1_46' title="bbox 1835 3184 3447 3248">
     <span class='ocr_line' id='line_1_46' title="bbox 1835 3184 3447 3248; baseline -0.006 0"><span class='ocrx_word' id='word_1_452' title='bbox 1835 3193 2048 3248; x_wconf 88' lang='lat' dir='ltr'><strong>sibilem</strong></span> <span class='ocrx_word' id='word_1_453' title='bbox 2080 3190 2442 3247; x_wconf 88' lang='lat' dir='ltr'><strong>substantiam</strong></span> <span class='ocrx_word' id='word_1_454' title='bbox 2477 3190 2707 3243; x_wconf 90' lang='lat' dir='ltr'><strong>humana</strong></span> <span class='ocrx_word' id='word_1_455' title='bbox 2741 3187 2906 3242; x_wconf 91' lang='lat' dir='ltr'><strong>corda</strong></span> <span class='ocrx_word' id='word_1_456' title='bbox 2931 3187 3242 3242; x_wconf 89' lang='lat' dir='ltr'><strong>conﬁrmat.</strong></span> <span class='ocrx_word' id='word_1_457' title='bbox 3269 3184 3447 3241; x_wconf 90' lang='lat' dir='ltr'><strong>Simul</strong></span> 
     </span>
    </p>
   </div>
   <div class='ocr_carea' id='block_1_47' title="bbox 95 3278 3446 3364">
    <p class='ocr_par' dir='ltr' id='par_1_47' title="bbox 95 3278 3446 3364">
     <span class='ocr_line' id='line_1_47' title="bbox 95 3278 3446 3364; baseline -0.002 -25"><span class='ocrx_word' id='word_1_458' title='bbox 95 3282 274 3339; x_wconf 81' lang='lat' dir='ltr'><strong>fraus</strong></span> <span class='ocrx_word' id='word_1_459' title='bbox 324 3293 405 3337; x_wconf 90' lang='lat' dir='ltr'><strong>est</strong></span> <span class='ocrx_word' id='word_1_460' title='bbox 431 3298 445 3347; x_wconf 93' lang='lat'><strong>;</strong></span> <span class='ocrx_word' id='word_1_461' title='bbox 476 3291 534 3336; x_wconf 92' lang='grc' dir='ltr'><strong>ιιι</strong></span> <span class='ocrx_word' id='word_1_462' title='bbox 573 3284 623 3338; x_wconf 92' lang='lat' dir='ltr'><strong>in</strong></span> <span class='ocrx_word' id='word_1_463' title='bbox 668 3299 777 3354; x_wconf 90' lang='lat' dir='ltr'><strong>quo</strong></span> <span class='ocrx_word' id='word_1_464' title='bbox 814 3283 1062 3338; x_wconf 87' lang='lat' dir='ltr'><strong>diabolus</strong></span> <span class='ocrx_word' id='word_1_465' title='bbox 1102 3285 1309 3354; x_wconf 88' lang='lat' dir='ltr'><strong>majora</strong></span> <span class='ocrx_word' id='word_1_466' title='bbox 1346 3295 1592 3341; x_wconf 88' lang='lat' dir='ltr'><strong>metuens</strong></span> <span class='ocrx_word' id='word_1_467' title='bbox 1618 3285 1730 3356; x_wconf 89' lang='lat' dir='ltr'><strong>jam</strong></span> <span class='ocrx_word' id='word_1_468' title='bbox 1761 3300 1807 3364; x_wconf 73' lang='grc' dir='ltr'><strong>ρ</strong></span> <span class='ocrx_word' id='word_1_469' title='bbox 1837 3304 1959 3344; x_wconf 92' lang='lat' dir='ltr'><strong>cum</strong></span> <span class='ocrx_word' id='word_1_470' title='bbox 1989 3287 2122 3342; x_wconf 90' lang='lat' dir='ltr'><strong>dicit</strong></span> <span class='ocrx_word' id='word_1_471' title='bbox 2153 3305 2165 3341; x_wconf 92' lang='lat'>:</span> <span class='ocrx_word' id='word_1_472' title='bbox 2201 3284 2324 3340; x_wconf 87' lang='lat' dir='ltr'><strong>Non</strong></span> <span class='ocrx_word' id='word_1_473' title='bbox 2349 3285 2403 3340; x_wconf 85' lang='lat' dir='ltr'><strong>in</strong></span> <span class='ocrx_word' id='word_1_474' title='bbox 2436 3299 2569 3355; x_wconf 82' lang='lat' dir='ltr'><strong>pane</strong></span> <span class='ocrx_word' id='word_1_475' title='bbox 2597 3283 2707 3337; x_wconf 83' lang='lat' dir='ltr'><strong>solo</strong></span> <span class='ocrx_word' id='word_1_476' title='bbox 2729 3282 2847 3336; x_wconf 84' lang='lat' dir='ltr'><strong>vivit</strong></span> <span class='ocrx_word' id='word_1_477' title='bbox 2869 3281 3044 3346; x_wconf 83' lang='lat' dir='ltr'><strong>homo,</strong></span> <span class='ocrx_word' id='word_1_478' title='bbox 3075 3279 3317 3334; x_wconf 91' lang='lat' dir='ltr'><strong>ostendit</strong></span> <span class='ocrx_word' id='word_1_479' title='bbox 3346 3278 3446 3332; x_wconf 85' lang='lat' dir='ltr'><strong>ho-</strong></span> 
     </span>
    </p>
   </div>
   <div class='ocr_carea' id='block_1_48' title="bbox 97 3376 1728 3448">
    <p class='ocr_par' dir='ltr' id='par_1_48' title="bbox 97 3376 1728 3448">
     <span class='ocr_line' id='line_1_48' title="bbox 97 3376 1728 3448; baseline 0.002 -17"><span class='ocrx_word' id='word_1_480' title='bbox 97 3376 376 3442; x_wconf 87' lang='lat' dir='ltr'><strong>cavebat,</strong></span> <span class='ocrx_word' id='word_1_481' title='bbox 409 3376 610 3432; x_wconf 55' lang='lat' dir='ltr'><strong>“famis</strong></span> <span class='ocrx_word' id='word_1_482' title='bbox 629 3378 810 3448; x_wconf 87' lang='lat' dir='ltr'><strong>specie</strong></span> <span class='ocrx_word' id='word_1_483' title='bbox 833 3379 1064 3435; x_wconf 89' lang='lat' dir='ltr'><strong>laetatus</strong></span> <span class='ocrx_word' id='word_1_484' title='bbox 1092 3388 1322 3435; x_wconf 88' lang='lat' dir='ltr'><strong>tentaret</strong></span> <span class='ocrx_word' id='word_1_485' title='bbox 1349 3392 1402 3435; x_wconf 92' lang='lat' dir='ltr'><strong>ut</strong></span> <span class='ocrx_word' id='word_1_486' title='bbox 1429 3381 1728 3448; x_wconf 87' lang='lat' dir='ltr'><strong>hominem,</strong></span> 
     </span>
    </p>
   </div>
   <div class='ocr_carea' id='block_1_49' title="bbox 99 3470 1730 3545">
    <p class='ocr_par' dir='ltr' id='par_1_49' title="bbox 99 3470 1730 3545">
     <span class='ocr_line' id='line_1_49' title="bbox 99 3470 1730 3545; baseline 0.002 -18"><span class='ocrx_word' id='word_1_487' title='bbox 99 3488 177 3528; x_wconf 91' lang='lat' dir='ltr'><strong>ne</strong></span> <span class='ocrx_word' id='word_1_488' title='bbox 218 3470 439 3543; x_wconf 78' lang='lat'><strong>1339</strong></span> <span class='ocrx_word' id='word_1_489' title='bbox 467 3471 821 3542; x_wconf 88' lang='lat' dir='ltr'><strong>impediretur</strong></span> <span class='ocrx_word' id='word_1_490' title='bbox 861 3473 1188 3545; x_wconf 88' lang='lat' dir='ltr'><strong>triumplms.</strong></span> <span class='ocrx_word' id='word_1_491' title='bbox 1225 3474 1395 3531; x_wconf 89' lang='lat' dir='ltr'><strong>Simul</strong></span> <span class='ocrx_word' id='word_1_492' title='bbox 1425 3475 1557 3530; x_wconf 92' lang='lat' dir='ltr'><strong>illud</strong></span> <span class='ocrx_word' id='word_1_493' title='bbox 1580 3475 1730 3532; x_wconf 92' lang='lat' dir='ltr'><strong>disce</strong></span> 
     </span>
    </p>
   </div>
   <div class='ocr_carea' id='block_1_50' title="bbox 102 3565 1732 3638">
    <p class='ocr_par' dir='ltr' id='par_1_50' title="bbox 102 3565 1732 3638">
     <span class='ocr_line' id='line_1_50' title="bbox 102 3565 1732 3638; baseline 0.003 -17"><span class='ocrx_word' id='word_1_494' title='bbox 102 3565 472 3636; x_wconf 88' lang='lat' dir='ltr'><strong>mysterium,</strong></span> <span class='ocrx_word' id='word_1_495' title='bbox 503 3566 676 3620; x_wconf 90' lang='lat' dir='ltr'><strong>sancti</strong></span> <span class='ocrx_word' id='word_1_496' title='bbox 709 3565 945 3636; x_wconf 90' lang='lat' dir='ltr'><strong>Spiritus</strong></span> <span class='ocrx_word' id='word_1_497' title='bbox 991 3583 1128 3638; x_wconf 91' lang='lat' dir='ltr'><strong>opus</strong></span> <span class='ocrx_word' id='word_1_498' title='bbox 1159 3569 1260 3624; x_wconf 91' lang='lat' dir='ltr'><strong>hoe</strong></span> <span class='ocrx_word' id='word_1_499' title='bbox 1289 3569 1532 3626; x_wconf 91' lang='lat' dir='ltr'><strong>divinum</strong></span> <span class='ocrx_word' id='word_1_500' title='bbox 1565 3569 1732 3626; x_wconf 80' lang='lat' dir='ltr'><strong>fuisse</strong></span> 
     </span>
    </p>
   </div>
   <div class='ocr_carea' id='block_1_51' title="bbox 98 3657 1727 3729">
    <p class='ocr_par' dir='ltr' id='par_1_51' title="bbox 98 3657 1727 3729">
     <span class='ocr_line' id='line_1_51' title="bbox 98 3657 1727 3729; baseline 0.003 -18"><span class='ocrx_word' id='word_1_501' title='bbox 98 3658 381 3729; x_wconf 82' lang='lat' dir='ltr'><strong>judicium</strong></span> <span class='ocrx_word' id='word_1_502' title='bbox 404 3673 418 3722; x_wconf 91' lang='lat'>;</span> <span class='ocrx_word' id='word_1_503' title='bbox 446 3666 504 3712; x_wconf 92' lang='grc' dir='ltr'><strong>ιιι</strong></span> <span class='ocrx_word' id='word_1_504' title='bbox 531 3657 860 3714; x_wconf 88' lang='lat' dir='ltr'><strong>tendandum</strong></span> <span class='ocrx_word' id='word_1_505' title='bbox 890 3675 949 3716; x_wconf 88' lang='lat' dir='ltr'><strong>se</strong></span> <span class='ocrx_word' id='word_1_506' title='bbox 971 3661 1190 3717; x_wconf 88' lang='lat' dir='ltr'><strong>diabolo</strong></span> <span class='ocrx_word' id='word_1_507' title='bbox 1217 3662 1463 3718; x_wconf 81' lang='lat' dir='ltr'><strong>Christus</strong></span> <span class='ocrx_word' id='word_1_508' title='bbox 1486 3662 1727 3718; x_wconf 72' lang='lat' dir='ltr'><strong>oll‘erret.</strong></span> 
     </span>
    </p>
   </div>
   <div class='ocr_carea' id='block_1_52' title="bbox 186 3747 1733 3824">
    <p class='ocr_par' dir='ltr' id='par_1_52' title="bbox 186 3747 1733 3824">
     <span class='ocr_line' id='line_1_52' title="bbox 186 3747 1733 3824; baseline 0.004 -18"><span class='ocrx_word' id='word_1_509' title='bbox 186 3747 376 3824; x_wconf 70' lang='lat' dir='ltr'><strong>(Vers.</strong></span> <span class='ocrx_word' id='word_1_510' title='bbox 422 3749 506 3819; x_wconf 76' lang='lat'><strong>5.)</strong></span> <span class='ocrx_word' id='word_1_511' title='bbox 538 3747 685 3804; x_wconf 73' lang='lat' dir='ltr'><strong>Dixit</strong></span> <span class='ocrx_word' id='word_1_512' title='bbox 719 3762 889 3806; x_wconf 80' lang='lat' dir='ltr'><strong>autem</strong></span> <span class='ocrx_word' id='word_1_513' title='bbox 920 3753 999 3808; x_wconf 83' lang='lat' dir='ltr'><strong>illi</strong></span> <span class='ocrx_word' id='word_1_514' title='bbox 1041 3753 1279 3811; x_wconf 78' lang='lat' dir='ltr'><strong>diabolus</strong></span> <span class='ocrx_word' id='word_1_515' title='bbox 1301 3772 1319 3809; x_wconf 88' lang='lat'><strong><em>:</em></strong></span> <span class='ocrx_word' id='word_1_516' title='bbox 1349 3755 1408 3811; x_wconf 85' lang='lat' dir='ltr'><strong>Si</strong></span> <span class='ocrx_word' id='word_1_517' title='bbox 1435 3755 1607 3810; x_wconf 77' lang='lat' dir='ltr'><strong>Filius</strong></span> <span class='ocrx_word' id='word_1_518' title='bbox 1637 3755 1733 3812; x_wconf 84' lang='lat' dir='ltr'><strong>Dei</strong></span> 
     </span>
    </p>
   </div>
   <div class='ocr_carea' id='block_1_53' title="bbox 109 3842 1042 3916">
    <p class='ocr_par' dir='ltr' id='par_1_53' title="bbox 109 3842 1042 3916">
     <span class='ocr_line' id='line_1_53' title="bbox 109 3842 1042 3916; baseline 0.004 -19"><span class='ocrx_word' id='word_1_519' title='bbox 109 3859 186 3907; x_wconf 85' lang='lat' dir='ltr'><strong>es,</strong></span> <span class='ocrx_word' id='word_1_520' title='bbox 227 3842 316 3895; x_wconf 81' lang='lat' dir='ltr'><strong>dic</strong></span> <span class='ocrx_word' id='word_1_521' title='bbox 342 3843 508 3911; x_wconf 78' lang='lat' dir='ltr'><strong>lapidi</strong></span> <span class='ocrx_word' id='word_1_522' title='bbox 530 3844 650 3898; x_wconf 83' lang='lat' dir='ltr'><strong>huic</strong></span> <span class='ocrx_word' id='word_1_523' title='bbox 669 3855 724 3899; x_wconf 88' lang='lat' dir='ltr'><strong>ut</strong></span> <span class='ocrx_word' id='word_1_524' title='bbox 751 3847 901 3916; x_wconf 78' lang='lat' dir='ltr'><strong>panis</strong></span> <span class='ocrx_word' id='word_1_525' title='bbox 929 3847 1042 3916; x_wconf 78' lang='lat' dir='ltr'><strong>ﬁat.</strong></span> 
     </span>
    </p>
   </div>
   <div class='ocr_carea' id='block_1_54' title="bbox 190 3933 1737 4015">
    <p class='ocr_par' dir='ltr' id='par_1_54' title="bbox 190 3933 1737 4015">
     <span class='ocr_line' id='line_1_54' title="bbox 190 3933 1737 4015; baseline 0.006 -26"><span class='ocrx_word' id='word_1_526' title='bbox 190 3936 287 3989; x_wconf 74' lang='lat' dir='ltr'><strong>i7.</strong></span> <span class='ocrx_word' id='word_1_527' title='bbox 325 3933 450 3989; x_wconf 89' lang='lat' dir='ltr'><strong>Tria</strong></span> <span class='ocrx_word' id='word_1_528' title='bbox 482 3937 755 4006; x_wconf 61' lang='lat' dir='ltr'><strong>praecipue</strong></span> <span class='ocrx_word' id='word_1_529' title='bbox 781 3939 1042 3995; x_wconf 87' lang='lat' dir='ltr'><strong>docemur</strong></span> <span class='ocrx_word' id='word_1_530' title='bbox 1065 3957 1188 3998; x_wconf 89' lang='lat' dir='ltr'><strong>esse</strong></span> <span class='ocrx_word' id='word_1_531' title='bbox 1219 3943 1325 3999; x_wconf 84' lang='lat' dir='ltr'><strong>tcla</strong></span> <span class='ocrx_word' id='word_1_532' title='bbox 1358 3942 1584 4009; x_wconf 92' lang='lat' dir='ltr'><strong>diaboli,</strong></span> <span class='ocrx_word' id='word_1_533' title='bbox 1616 3944 1737 4015; x_wconf 88' lang='lat' dir='ltr'><strong>qui-</strong></span> 
     </span>
    </p>
   </div>
   <div class='ocr_carea' id='block_1_55' title="bbox 115 4027 1736 4093">
    <p class='ocr_par' dir='ltr' id='par_1_55' title="bbox 115 4027 1736 4093">
     <span class='ocr_line' id='line_1_55' title="bbox 115 4027 1736 4093; baseline 0.006 -10"><span class='ocrx_word' id='word_1_534' title='bbox 115 4027 225 4083; x_wconf 89' lang='lat' dir='ltr'><strong>bus</strong></span> <span class='ocrx_word' id='word_1_535' title='bbox 257 4027 326 4082; x_wconf 87' lang='lat' dir='ltr'><strong>ad</strong></span> <span class='ocrx_word' id='word_1_536' title='bbox 369 4029 874 4086; x_wconf 88' lang='lat' dir='ltr'><strong>convulnerandam</strong></span> <span class='ocrx_word' id='word_1_537' title='bbox 918 4045 1153 4090; x_wconf 90' lang='lat' dir='ltr'><strong>mentem</strong></span> <span class='ocrx_word' id='word_1_538' title='bbox 1184 4035 1424 4092; x_wconf 90' lang='lat' dir='ltr'><strong>hominis</strong></span> <span class='ocrx_word' id='word_1_539' title='bbox 1453 4037 1736 4093; x_wconf 88' lang='lat' dir='ltr'><strong>consuevit</strong></span> 
     </span>
    </p>
   </div>
   <div class='ocr_carea' id='block_1_56' title="bbox 118 4122 1738 4198">
    <p class='ocr_par' dir='ltr' id='par_1_56' title="bbox 118 4122 1738 4198">
     <span class='ocr_line' id='line_1_56' title="bbox 118 4122 1738 4198; baseline 0.005 -20"><span class='ocrx_word' id='word_1_540' title='bbox 118 4122 360 4178; x_wconf 84' lang='lat' dir='ltr'><strong>armari:</strong></span> <span class='ocrx_word' id='word_1_541' title='bbox 391 4123 531 4191; x_wconf 69' lang='lat' dir='ltr'><strong>gula:</strong></span> <span class='ocrx_word' id='word_1_542' title='bbox 557 4139 746 4191; x_wconf 91' lang='lat' dir='ltr'><strong>unum,</strong></span> <span class='ocrx_word' id='word_1_543' title='bbox 778 4125 927 4190; x_wconf 81' lang='lat' dir='ltr'><strong>aliud</strong></span> <span class='ocrx_word' id='word_1_544' title='bbox 955 4127 1256 4198; x_wconf 77' lang='lat' dir='ltr'><strong>jactantize,</strong></span> <span class='ocrx_word' id='word_1_545' title='bbox 1284 4131 1595 4185; x_wconf 89' lang='lat' dir='ltr'><strong>ambitionis</strong></span> <span class='ocrx_word' id='word_1_546' title='bbox 1622 4141 1738 4186; x_wconf 85' lang='lat' dir='ltr'><strong>ter-</strong></span> 
     </span>
    </p>
   </div>
   <div class='ocr_carea' id='block_1_57' title="bbox 125 4218 1738 4293">
    <p class='ocr_par' dir='ltr' id='par_1_57' title="bbox 125 4218 1738 4293">
     <span class='ocr_line' id='line_1_57' title="bbox 125 4218 1738 4293; baseline 0.006 -21"><span class='ocrx_word' id='word_1_547' title='bbox 125 4218 288 4274; x_wconf 88' lang='lat' dir='ltr'><strong>tiutn.</strong></span> <span class='ocrx_word' id='word_1_548' title='bbox 317 4218 446 4274; x_wconf 90' lang='lat' dir='ltr'><strong>Inde</strong></span> <span class='ocrx_word' id='word_1_549' title='bbox 469 4229 646 4275; x_wconf 89' lang='lat' dir='ltr'><strong>autem</strong></span> <span class='ocrx_word' id='word_1_550' title='bbox 675 4222 864 4292; x_wconf 85' lang='lat' dir='ltr'><strong>coepit,</strong></span> <span class='ocrx_word' id='word_1_551' title='bbox 899 4224 1041 4277; x_wconf 89' lang='lat' dir='ltr'><strong>unde</strong></span> <span class='ocrx_word' id='word_1_552' title='bbox 1065 4223 1177 4293; x_wconf 88' lang='lat' dir='ltr'><strong>jam</strong></span> <span class='ocrx_word' id='word_1_553' title='bbox 1204 4224 1352 4278; x_wconf 90' lang='lat' dir='ltr'><strong>vicit.</strong></span> <span class='ocrx_word' id='word_1_554' title='bbox 1383 4225 1445 4278; x_wconf 88' lang='lat' dir='ltr'><strong>Et</strong></span> <span class='ocrx_word' id='word_1_555' title='bbox 1472 4225 1594 4280; x_wconf 89' lang='lat' dir='ltr'><strong>ideo</strong></span> <span class='ocrx_word' id='word_1_556' title='bbox 1614 4226 1738 4282; x_wconf 86' lang='lat' dir='ltr'><strong>inde</strong></span> 
     </span>
    </p>
   </div>
   <div class='ocr_carea' id='block_1_58' title="bbox 124 4313 1736 4385">
    <p class='ocr_par' dir='ltr' id='par_1_58' title="bbox 124 4313 1736 4385">
     <span class='ocr_line' id='line_1_58' title="bbox 124 4313 1736 4385; baseline 0.003 -15"><span class='ocrx_word' id='word_1_557' title='bbox 124 4314 334 4384; x_wconf 91' lang='lat' dir='ltr'><strong>incipio</strong></span> <span class='ocrx_word' id='word_1_558' title='bbox 358 4315 408 4367; x_wconf 90' lang='lat' dir='ltr'><strong>in</strong></span> <span class='ocrx_word' id='word_1_559' title='bbox 435 4313 650 4370; x_wconf 79' lang='lat' dir='ltr'><strong>Christo</strong></span> <span class='ocrx_word' id='word_1_560' title='bbox 672 4318 911 4383; x_wconf 89' lang='lat' dir='ltr'><strong>vincere,</strong></span> <span class='ocrx_word' id='word_1_561' title='bbox 944 4316 1088 4371; x_wconf 92' lang='lat' dir='ltr'><strong>unde</strong></span> <span class='ocrx_word' id='word_1_562' title='bbox 1114 4317 1166 4371; x_wconf 92' lang='lat' dir='ltr'><strong>in</strong></span> <span class='ocrx_word' id='word_1_563' title='bbox 1197 4317 1368 4372; x_wconf 80' lang='lat' dir='ltr'><strong>Adam</strong></span> <span class='ocrx_word' id='word_1_564' title='bbox 1397 4319 1572 4374; x_wconf 89' lang='lat' dir='ltr'><strong>victus</strong></span> <span class='ocrx_word' id='word_1_565' title='bbox 1596 4335 1736 4385; x_wconf 85' lang='lat' dir='ltr'><strong>sum;</strong></span> 
     </span>
    </p>
   </div>
   <div class='ocr_carea' id='block_1_59' title="bbox 126 4408 1740 4483">
    <p class='ocr_par' dir='ltr' id='par_1_59' title="bbox 126 4408 1740 4483">
     <span class='ocr_line' id='line_1_59' title="bbox 126 4408 1740 4483; baseline 0.005 -20"><span class='ocrx_word' id='word_1_566' title='bbox 126 4410 173 4463; x_wconf 84' lang='lat' dir='ltr'><strong>si</strong></span> <span class='ocrx_word' id='word_1_567' title='bbox 208 4419 391 4464; x_wconf 90' lang='lat' dir='ltr'><strong>tamen</strong></span> <span class='ocrx_word' id='word_1_568' title='bbox 422 4409 556 4465; x_wconf 91' lang='lat' dir='ltr'><strong>mihi</strong></span> <span class='ocrx_word' id='word_1_569' title='bbox 585 4408 836 4466; x_wconf 85' lang='lat' dir='ltr'><strong>Christus</strong></span> <span class='ocrx_word' id='word_1_570' title='bbox 873 4413 1049 4483; x_wconf 87' lang='lat' dir='ltr'><strong>imago</strong></span> <span class='ocrx_word' id='word_1_571' title='bbox 1079 4412 1282 4481; x_wconf 88' lang='lat' dir='ltr'><strong>Patris,</strong></span> <span class='ocrx_word' id='word_1_572' title='bbox 1313 4414 1526 4469; x_wconf 90' lang='lat' dir='ltr'><strong>virtutis</strong></span> <span class='ocrx_word' id='word_1_573' title='bbox 1557 4431 1740 4471; x_wconf 81' lang='lat' dir='ltr'><strong>exem-</strong></span> 
     </span>
    </p>
   </div>
   <div class='ocr_carea' id='block_1_60' title="bbox 127 4503 1740 4576">
    <p class='ocr_par' dir='ltr' id='par_1_60' title="bbox 127 4503 1740 4576">
     <span class='ocr_line' id='line_1_60' title="bbox 127 4503 1740 4576; baseline 0.006 -20"><span class='ocrx_word' id='word_1_574' title='bbox 127 4504 281 4574; x_wconf 92' lang='lat' dir='ltr'><strong>plum</strong></span> <span class='ocrx_word' id='word_1_575' title='bbox 305 4504 398 4558; x_wconf 89' lang='lat' dir='ltr'><strong>sit.</strong></span> <span class='ocrx_word' id='word_1_576' title='bbox 427 4503 702 4560; x_wconf 84' lang='lat' dir='ltr'><strong>Discamns</strong></span> <span class='ocrx_word' id='word_1_577' title='bbox 732 4506 893 4576; x_wconf 89' lang='lat' dir='ltr'><strong>igitur</strong></span> <span class='ocrx_word' id='word_1_578' title='bbox 919 4521 1113 4562; x_wconf 90' lang='lat' dir='ltr'><strong>cavere</strong></span> <span class='ocrx_word' id='word_1_579' title='bbox 1142 4507 1346 4575; x_wconf 81' lang='lat' dir='ltr'><strong>gulam,</strong></span> <span class='ocrx_word' id='word_1_580' title='bbox 1366 4523 1561 4565; x_wconf 89' lang='lat' dir='ltr'><strong>cavere</strong></span> <span class='ocrx_word' id='word_1_581' title='bbox 1584 4510 1740 4565; x_wconf 80' lang='lat' dir='ltr'><strong>luxn-</strong></span> 
     </span>
    </p>
   </div>
   <div class='ocr_carea' id='block_1_61' title="bbox 131 4597 1736 4672">
    <p class='ocr_par' dir='ltr' id='par_1_61' title="bbox 131 4597 1736 4672">
     <span class='ocr_line' id='line_1_61' title="bbox 131 4597 1736 4672; baseline 0.002 -20"><span class='ocrx_word' id='word_1_582' title='bbox 131 4598 302 4664; x_wconf 86' lang='lat' dir='ltr'><strong>riam,</strong></span> <span class='ocrx_word' id='word_1_583' title='bbox 333 4597 456 4668; x_wconf 91' lang='lat' dir='ltr'><strong>quia</strong></span> <span class='ocrx_word' id='word_1_584' title='bbox 506 4597 669 4652; x_wconf 84' lang='lat' dir='ltr'><strong>telum</strong></span> <span class='ocrx_word' id='word_1_585' title='bbox 711 4608 793 4654; x_wconf 92' lang='lat' dir='ltr'><strong>est</strong></span> <span class='ocrx_word' id='word_1_586' title='bbox 820 4598 1041 4654; x_wconf 88' lang='lat' dir='ltr'><strong>diaboli.</strong></span> <span class='ocrx_word' id='word_1_587' title='bbox 1072 4599 1320 4672; x_wconf 86' lang='lat' dir='ltr'><strong>Laqueus</strong></span> <span class='ocrx_word' id='word_1_588' title='bbox 1347 4601 1586 4658; x_wconf 88' lang='lat' dir='ltr'><strong>tenditur</strong></span> <span class='ocrx_word' id='word_1_589' title='bbox 1615 4617 1736 4658; x_wconf 93' lang='lat' dir='ltr'><strong>cum</strong></span> 
     </span>
    </p>
   </div>
   <div class='ocr_carea' id='block_1_62' title="bbox 1835 3376 3447 3445">
    <p class='ocr_par' dir='ltr' id='par_1_62' title="bbox 1835 3376 3447 3445">
     <span class='ocr_line' id='line_1_62' title="bbox 1835 3376 3447 3445; baseline -0.007 -7"><span class='ocrx_word' id='word_1_590' title='bbox 1835 3381 2034 3438; x_wconf 91' lang='lat' dir='ltr'><strong>minem</strong></span> <span class='ocrx_word' id='word_1_591' title='bbox 2051 3395 2175 3438; x_wconf 91' lang='lat' dir='ltr'><strong>esse</strong></span> <span class='ocrx_word' id='word_1_592' title='bbox 2189 3388 2479 3444; x_wconf 86' lang='lat' dir='ltr'><strong>lentatum,</strong></span> <span class='ocrx_word' id='word_1_593' title='bbox 2500 3377 2603 3434; x_wconf 93' lang='lat' dir='ltr'><strong>hoc</strong></span> <span class='ocrx_word' id='word_1_594' title='bbox 2622 3384 2730 3442; x_wconf 86' lang='lat' dir='ltr'><strong>est,</strong></span> <span class='ocrx_word' id='word_1_595' title='bbox 2754 3376 3158 3445; x_wconf 86' lang='lat' dir='ltr'><strong>susceptionem</strong></span> <span class='ocrx_word' id='word_1_596' title='bbox 3178 3382 3447 3442; x_wconf 88' lang='lat' dir='ltr'><strong>nostram,</strong></span> 
     </span>
    </p>
   </div>
   <div class='ocr_carea' id='block_1_63' title="bbox 1835 3476 2521 3534">
    <p class='ocr_par' dir='ltr' id='par_1_63' title="bbox 1835 3476 2521 3534">
     <span class='ocr_line' id='line_1_63' title="bbox 1835 3476 2521 3534; baseline -0.01 -1"><span class='ocrx_word' id='word_1_597' title='bbox 1835 3493 1942 3534; x_wconf 91' lang='lat' dir='ltr'><strong>non</strong></span> <span class='ocrx_word' id='word_1_598' title='bbox 1975 3493 2128 3532; x_wconf 89' lang='lat' dir='ltr'><strong>suam</strong></span> <span class='ocrx_word' id='word_1_599' title='bbox 2157 3476 2521 3532; x_wconf 89' lang='lat' dir='ltr'><strong>divinitatem.</strong></span> 
     </span>
    </p>
   </div>
   <div class='ocr_carea' id='block_1_64' title="bbox 1913 3563 3442 3644">
    <p class='ocr_par' dir='ltr' id='par_1_64' title="bbox 1913 3563 3442 3644">
     <span class='ocr_line' id='line_1_64' title="bbox 1913 3563 3442 3644; baseline -0.018 -13"><span class='ocrx_word' id='word_1_600' title='bbox 1913 3568 2126 3644; x_wconf 68' lang='grc'><strong>1340</strong></span> <span class='ocrx_word' id='word_1_601' title='bbox 2166 3570 2257 3624; x_wconf 66' lang='grc'><strong>21.</strong></span> <span class='ocrx_word' id='word_1_602' title='bbox 2292 3566 2315 3604; x_wconf 76' lang='grc' dir='ltr'>ι¹</span> <span class='ocrx_word' id='word_1_603' title='bbox 2350 3566 2610 3638; x_wconf 90' lang='lat' dir='ltr'><strong>Sequitur</strong></span> <span class='ocrx_word' id='word_1_604' title='bbox 2645 3563 2927 3637; x_wconf 72' lang='lat' dir='ltr'><strong>iactantia:</strong></span> <span class='ocrx_word' id='word_1_605' title='bbox 2956 3563 3145 3628; x_wconf 87' lang='lat' dir='ltr'><strong>telum,</strong></span> <span class='ocrx_word' id='word_1_606' title='bbox 3180 3578 3290 3634; x_wconf 92' lang='lat' dir='ltr'><strong>quo</strong></span> <span class='ocrx_word' id='word_1_607' title='bbox 3317 3578 3442 3634; x_wconf 73' lang='lat' dir='ltr'><strong>pro-</strong></span> 
     </span>
    </p>
   </div>
   <div class='ocr_carea' id='block_1_65' title="bbox 1835 3656 3448 3734">
    <p class='ocr_par' dir='ltr' id='par_1_65' title="bbox 1835 3656 3448 3734">
     <span class='ocr_line' id='line_1_65' title="bbox 1835 3656 3448 3734; baseline -0.007 -14"><span class='ocrx_word' id='word_1_608' title='bbox 1835 3666 1973 3721; x_wconf 90' lang='lat' dir='ltr'><strong>clive</strong></span> <span class='ocrx_word' id='word_1_609' title='bbox 2011 3661 2382 3734; x_wconf 83' lang='lat' dir='ltr'><strong>delinquitur;</strong></span> <span class='ocrx_word' id='word_1_610' title='bbox 2415 3660 2541 3732; x_wconf 91' lang='lat' dir='ltr'><strong>quia</strong></span> <span class='ocrx_word' id='word_1_611' title='bbox 2572 3658 2704 3714; x_wconf 91' lang='lat' dir='ltr'><strong>dum</strong></span> <span class='ocrx_word' id='word_1_612' title='bbox 2738 3656 2986 3712; x_wconf 88' lang='lat' dir='ltr'><strong>homines</strong></span> <span class='ocrx_word' id='word_1_613' title='bbox 3017 3657 3244 3728; x_wconf 87' lang='lat' dir='ltr'><strong>gloriam</strong></span> <span class='ocrx_word' id='word_1_614' title='bbox 3275 3657 3448 3710; x_wconf 87' lang='lat' dir='ltr'><strong>virtu-</strong></span> 
     </span>
    </p>
   </div>
   <div class='ocr_carea' id='block_1_66' title="bbox 1836 3731 3448 3829">
    <p class='ocr_par' dir='ltr' id='par_1_66' title="bbox 1836 3731 3448 3829">
     <span class='ocr_line' id='line_1_66' title="bbox 1836 3731 3448 3829; baseline -0.007 -14"><span class='ocrx_word' id='word_1_615' title='bbox 1836 3762 1906 3815; x_wconf 92' lang='lat' dir='ltr'><strong>tis</strong></span> <span class='ocrx_word' id='word_1_616' title='bbox 1946 3774 2060 3813; x_wconf 73' lang='lat' dir='ltr'><strong>sute</strong></span> <span class='ocrx_word' id='word_1_617' title='bbox 2086 3758 2293 3829; x_wconf 87' lang='lat' dir='ltr'><strong>jactare</strong></span> <span class='ocrx_word' id='word_1_618' title='bbox 2328 3731 2680 3820; x_wconf 50' lang='lat' dir='ltr'><strong>\desiderant,</strong></span> <span class='ocrx_word' id='word_1_619' title='bbox 2709 3753 2777 3808; x_wconf 91' lang='lat' dir='ltr'><strong>de</strong></span> <span class='ocrx_word' id='word_1_620' title='bbox 2806 3752 2929 3808; x_wconf 93' lang='lat' dir='ltr'><strong>loco</strong></span> <span class='ocrx_word' id='word_1_621' title='bbox 2965 3751 3288 3806; x_wconf 90' lang='lat' dir='ltr'><strong>meritorum</strong></span> <span class='ocrx_word' id='word_1_622' title='bbox 3318 3764 3448 3805; x_wconf 80' lang='lat' dir='ltr'><strong>suo-</strong></span> 
     </span>
    </p>
   </div>
   <div class='ocr_carea' id='block_1_67' title="bbox 1837 3847 2618 3909">
    <p class='ocr_par' dir='ltr' id='par_1_67' title="bbox 1837 3847 2618 3909">
     <span class='ocr_line' id='line_1_67' title="bbox 1837 3847 2618 3909; baseline -0.008 -1"><span class='ocrx_word' id='word_1_623' title='bbox 1837 3869 1956 3909; x_wconf 88' lang='lat' dir='ltr'><strong>rum</strong></span> <span class='ocrx_word' id='word_1_624' title='bbox 1986 3861 2039 3906; x_wconf 92' lang='lat' dir='ltr'><strong>et</strong></span> <span class='ocrx_word' id='word_1_625' title='bbox 2067 3853 2301 3906; x_wconf 86' lang='lat' dir='ltr'><strong>statione</strong></span> <span class='ocrx_word' id='word_1_626' title='bbox 2326 3847 2618 3905; x_wconf 88' lang='lat' dir='ltr'><strong>decedunt.</strong></span> 
     </span>
    </p>
   </div>
   <div class='ocr_carea' id='block_1_68' title="bbox 1913 3935 3449 4016">
    <p class='ocr_par' dir='ltr' id='par_1_68' title="bbox 1913 3935 3449 4016">
     <span class='ocr_line' id='line_1_68' title="bbox 1913 3935 3449 4016; baseline -0.003 -19"><span class='ocrx_word' id='word_1_627' title='bbox 1913 3945 2092 4016; x_wconf 80' lang='lat' dir='ltr'><strong>(Vers.</strong></span> <span class='ocrx_word' id='word_1_628' title='bbox 2125 3942 2205 4014; x_wconf 84' lang='lat'><strong>9.)</strong></span> <span class='ocrx_word' id='word_1_629' title='bbox 2238 3943 2303 3997; x_wconf 84' lang='lat' dir='ltr'><strong>Et</strong></span> <span class='ocrx_word' id='word_1_630' title='bbox 2335 3942 2485 3995; x_wconf 74' lang='lat' dir='ltr'><strong>duxit</strong></span> <span class='ocrx_word' id='word_1_631' title='bbox 2512 3941 2684 4005; x_wconf 88' lang='lat' dir='ltr'><strong>illum,</strong></span> <span class='ocrx_word' id='word_1_632' title='bbox 2711 3939 2905 4008; x_wconf 85' lang='lat' dir='ltr'><strong>inquit,</strong></span> <span class='ocrx_word' id='word_1_633' title='bbox 2929 3937 2982 3992; x_wconf 89' lang='lat' dir='ltr'><strong>in</strong></span> <span class='ocrx_word' id='word_1_634' title='bbox 3019 3935 3371 4002; x_wconf 79' lang='lat' dir='ltr'><strong>Hierusalem,</strong></span> <span class='ocrx_word' id='word_1_635' title='bbox 3401 3947 3449 3992; x_wconf 80' lang='lat' dir='ltr'><strong>et</strong></span> 
     </span>
    </p>
   </div>
   <div class='ocr_carea' id='block_1_69' title="bbox 1838 4033 2814 4106">
    <p class='ocr_par' dir='ltr' id='par_1_69' title="bbox 1838 4033 2814 4106">
     <span class='ocr_line' id='line_1_69' title="bbox 1838 4033 2814 4106; baseline -0.007 -13"><span class='ocrx_word' id='word_1_636' title='bbox 1838 4039 2014 4093; x_wconf 70' lang='lat' dir='ltr'><strong>statuit</strong></span> <span class='ocrx_word' id='word_1_637' title='bbox 2046 4053 2165 4090; x_wconf 88' lang='lat' dir='ltr'><strong>eunt</strong></span> <span class='ocrx_word' id='word_1_638' title='bbox 2189 4052 2348 4106; x_wconf 77' lang='lat' dir='ltr'><strong>supra</strong></span> <span class='ocrx_word' id='word_1_639' title='bbox 2377 4036 2591 4103; x_wconf 85' lang='lat' dir='ltr'><strong>pinnam</strong></span> <span class='ocrx_word' id='word_1_640' title='bbox 2618 4033 2814 4100; x_wconf 86' lang='lat' dir='ltr'><strong>templi.</strong></span> 
     </span>
    </p>
   </div>
   <div class='ocr_carea' id='block_1_70' title="bbox 1910 4123 3450 4195">
    <p class='ocr_par' dir='ltr' id='par_1_70' title="bbox 1910 4123 3450 4195">
     <span class='ocr_line' id='line_1_70' title="bbox 1910 4123 3450 4195; baseline -0.005 -11"><span class='ocrx_word' id='word_1_641' title='bbox 1910 4131 2000 4184; x_wconf 72' lang='lat'><strong>22.</strong></span> <span class='ocrx_word' id='word_1_642' title='bbox 2034 4129 2109 4184; x_wconf 85' lang='lat' dir='ltr'><strong>Ita</strong></span> <span class='ocrx_word' id='word_1_643' title='bbox 2149 4139 2233 4183; x_wconf 85' lang='lat' dir='ltr'><strong>est</strong></span> <span class='ocrx_word' id='word_1_644' title='bbox 2277 4127 2421 4182; x_wconf 92' lang='lat' dir='ltr'><strong>enim</strong></span> <span class='ocrx_word' id='word_1_645' title='bbox 2455 4125 2736 4195; x_wconf 87' lang='lat' dir='ltr'><strong>jactantia,</strong></span> <span class='ocrx_word' id='word_1_646' title='bbox 2773 4135 2828 4178; x_wconf 91' lang='lat' dir='ltr'><strong>ut</strong></span> <span class='ocrx_word' id='word_1_647' title='bbox 2859 4123 2986 4178; x_wconf 94' lang='lat' dir='ltr'><strong>dum</strong></span> <span class='ocrx_word' id='word_1_648' title='bbox 3015 4137 3076 4178; x_wconf 90' lang='lat' dir='ltr'><strong>se</strong></span> <span class='ocrx_word' id='word_1_649' title='bbox 3103 4131 3253 4192; x_wconf 88' lang='lat' dir='ltr'><strong>putat</strong></span> <span class='ocrx_word' id='word_1_650' title='bbox 3283 4136 3450 4177; x_wconf 90' lang='lat' dir='ltr'><strong>unus-</strong></span> 
     </span>
    </p>
   </div>
   <div class='ocr_carea' id='block_1_71' title="bbox 1841 4220 3452 4297">
    <p class='ocr_par' dir='ltr' id='par_1_71' title="bbox 1841 4220 3452 4297">
     <span class='ocr_line' id='line_1_71' title="bbox 1841 4220 3452 4297; baseline -0.004 -16"><span class='ocrx_word' id='word_1_651' title='bbox 1841 4224 2069 4297; x_wconf 86' lang='lat' dir='ltr'><strong>quisque</strong></span> <span class='ocrx_word' id='word_1_652' title='bbox 2106 4224 2172 4279; x_wconf 90' lang='lat' dir='ltr'><strong>ad</strong></span> <span class='ocrx_word' id='word_1_653' title='bbox 2219 4224 2413 4278; x_wconf 88' lang='lat' dir='ltr'><strong>altiora</strong></span> <span class='ocrx_word' id='word_1_654' title='bbox 2445 4221 2838 4285; x_wconf 90' lang='lat' dir='ltr'><strong>conscendere,</strong></span> <span class='ocrx_word' id='word_1_655' title='bbox 2868 4220 3181 4276; x_wconf 88' lang='lat' dir='ltr'><strong>sublimium</strong></span> <span class='ocrx_word' id='word_1_656' title='bbox 3221 4235 3452 4292; x_wconf 79' lang='lat' dir='ltr'><strong>usurpa-</strong></span> 
     </span>
    </p>
   </div>
   <div class='ocr_carea' id='block_1_72' title="bbox 1844 4315 2976 4374">
    <p class='ocr_par' dir='ltr' id='par_1_72' title="bbox 1844 4315 2976 4374">
     <span class='ocr_line' id='line_1_72' title="bbox 1844 4315 2976 4374; baseline -0.005 0"><span class='ocrx_word' id='word_1_657' title='bbox 1844 4320 1989 4374; x_wconf 87' lang='lat' dir='ltr'><strong>tione</strong></span> <span class='ocrx_word' id='word_1_658' title='bbox 2026 4317 2294 4373; x_wconf 73' lang='lat' dir='ltr'><strong>l‘actorum</strong></span> <span class='ocrx_word' id='word_1_659' title='bbox 2325 4321 2390 4371; x_wconf 91' lang='lat' dir='ltr'><strong>ad</strong></span> <span class='ocrx_word' id='word_1_660' title='bbox 2425 4316 2676 4371; x_wconf 81' lang='lat' dir='ltr'><strong>inferiora</strong></span> <span class='ocrx_word' id='word_1_661' title='bbox 2709 4315 2976 4370; x_wconf 89' lang='lat' dir='ltr'><strong>trudatur.</strong></span> 
     </span>
    </p>
   </div>
   <div class='ocr_carea' id='block_1_73' title="bbox 1916 4405 3352 4472">
    <p class='ocr_par' dir='ltr' id='par_1_73' title="bbox 1916 4405 3352 4472">
     <span class='ocr_line' id='line_1_73' title="bbox 1916 4405 3352 4472; baseline -0.003 -6"><span class='ocrx_word' id='word_1_662' title='bbox 1916 4410 1985 4466; x_wconf 89' lang='lat' dir='ltr'><strong>Et</strong></span> <span class='ocrx_word' id='word_1_663' title='bbox 2017 4411 2148 4467; x_wconf 72' lang='lat' dir='ltr'><strong>dixit</strong></span> <span class='ocrx_word' id='word_1_664' title='bbox 2173 4412 2253 4466; x_wconf 87' lang='lat' dir='ltr'><strong>illi</strong></span> <span class='ocrx_word' id='word_1_665' title='bbox 2283 4427 2300 4466; x_wconf 91' lang='lat'><strong><em>:</em></strong></span> <span class='ocrx_word' id='word_1_666' title='bbox 2331 4409 2392 4465; x_wconf 89' lang='lat' dir='ltr'><strong>Si</strong></span> <span class='ocrx_word' id='word_1_667' title='bbox 2428 4408 2598 4463; x_wconf 79' lang='lat' dir='ltr'><strong>Filius</strong></span> <span class='ocrx_word' id='word_1_668' title='bbox 2620 4405 2718 4463; x_wconf 82' lang='lat' dir='ltr'><strong>Dei</strong></span> <span class='ocrx_word' id='word_1_669' title='bbox 2745 4425 2818 4472; x_wconf 80' lang='lat' dir='ltr'><strong>es,</strong></span> <span class='ocrx_word' id='word_1_670' title='bbox 2847 4408 2991 4461; x_wconf 86' lang='lat' dir='ltr'><strong>mitte</strong></span> <span class='ocrx_word' id='word_1_671' title='bbox 3017 4417 3064 4460; x_wconf 86' lang='lat' dir='ltr'><strong>te</strong></span> <span class='ocrx_word' id='word_1_672' title='bbox 3087 4406 3352 4462; x_wconf 73' lang='lat' dir='ltr'><strong>deorsum.</strong></span> 
     </span>
    </p>
   </div>
   <div class='ocr_carea' id='block_1_74' title="bbox 1913 4502 3450 4575">
    <p class='ocr_par' dir='ltr' id='par_1_74' title="bbox 1913 4502 3450 4575">
     <span class='ocr_line' id='line_1_74' title="bbox 1913 4502 3450 4575; baseline -0.001 -12"><span class='ocrx_word' id='word_1_673' title='bbox 1913 4508 2005 4563; x_wconf 74' lang='grc'><strong>25.</strong></span> <span class='ocrx_word' id='word_1_674' title='bbox 2052 4507 2194 4563; x_wconf 76' lang='lat' dir='ltr'><strong>Vere</strong></span> <span class='ocrx_word' id='word_1_675' title='bbox 2223 4505 2492 4561; x_wconf 85' lang='lat' dir='ltr'><strong>diabolica</strong></span> <span class='ocrx_word' id='word_1_676' title='bbox 2533 4520 2660 4568; x_wconf 80' lang='lat' dir='ltr'><strong>vox,</strong></span> <span class='ocrx_word' id='word_1_677' title='bbox 2694 4520 2813 4575; x_wconf 75' lang='lat' dir='ltr'><strong>qua:</strong></span> <span class='ocrx_word' id='word_1_678' title='bbox 2847 4512 3084 4558; x_wconf 90' lang='lat' dir='ltr'><strong>mentem</strong></span> <span class='ocrx_word' id='word_1_679' title='bbox 3118 4502 3355 4558; x_wconf 87' lang='lat' dir='ltr'><strong>hominis</strong></span> <span class='ocrx_word' id='word_1_680' title='bbox 3381 4503 3450 4561; x_wconf 91' lang='lat' dir='ltr'><strong>de</strong></span> 
     </span>
    </p>
   </div>
   <div class='ocr_carea' id='block_1_75' title="bbox 1845 4597 3448 4672">
    <p class='ocr_par' dir='ltr' id='par_1_75' title="bbox 1845 4597 3448 4672">
     <span class='ocr_line' id='line_1_75' title="bbox 1845 4597 3448 4672; baseline -0.001 -18"><span class='ocrx_word' id='word_1_681' title='bbox 1845 4601 2015 4672; x_wconf 86' lang='lat' dir='ltr'><strong>gradu</strong></span> <span class='ocrx_word' id='word_1_682' title='bbox 2047 4601 2241 4656; x_wconf 88' lang='lat' dir='ltr'><strong>altiore</strong></span> <span class='ocrx_word' id='word_1_683' title='bbox 2277 4601 2592 4654; x_wconf 91' lang='lat' dir='ltr'><strong>meritorum</strong></span> <span class='ocrx_word' id='word_1_684' title='bbox 2618 4599 2957 4670; x_wconf 65' lang='lat' dir='ltr'><strong>praecipitare</strong></span> <span class='ocrx_word' id='word_1_685' title='bbox 2978 4597 3278 4653; x_wconf 90' lang='lat' dir='ltr'><strong>contendit.</strong></span> <span class='ocrx_word' id='word_1_686' title='bbox 3307 4597 3448 4667; x_wconf 86' lang='lat' dir='ltr'><strong>Quid</strong></span> 
     </span>
    </p>
   </div>
   <div class='ocr_carea' id='block_1_76' title="bbox 134 4691 3453 4772">
    <p class='ocr_par' dir='ltr' id='par_1_76' title="bbox 134 4691 3453 4772">
     <span class='ocr_line' id='line_1_76' title="bbox 134 4691 3453 4772; baseline 0.001 -27"><span class='ocrx_word' id='word_1_687' title='bbox 134 4706 321 4746; x_wconf 90' lang='lat' dir='ltr'><strong>mensa</strong></span> <span class='ocrx_word' id='word_1_688' title='bbox 356 4692 554 4759; x_wconf 80' lang='lat' dir='ltr'><strong>regalis</strong></span> <span class='ocrx_word' id='word_1_689' title='bbox 575 4691 815 4747; x_wconf 89' lang='lat' dir='ltr'><strong>convivii</strong></span> <span class='ocrx_word' id='word_1_690' title='bbox 852 4705 1202 4764; x_wconf 70' lang='lat' dir='ltr'><strong>praeparatur,</strong></span> <span class='ocrx_word' id='word_1_691' title='bbox 1227 4711 1348 4766; x_wconf 82' lang='lat' dir='ltr'><strong>quae</strong></span> <span class='ocrx_word' id='word_1_692' title='bbox 1375 4699 1735 4754; x_wconf 92' lang='lat' dir='ltr'><strong>constantiam</strong></span> <span class='ocrx_word' id='word_1_693' title='bbox 1764 4711 1815 4772; x_wconf 82' lang='lat' dir='ltr'><strong>D</strong></span> <span class='ocrx_word' id='word_1_694' title='bbox 1841 4697 1984 4753; x_wconf 88' lang='lat' dir='ltr'><strong>enim</strong></span> <span class='ocrx_word' id='word_1_695' title='bbox 2013 4707 2118 4750; x_wconf 89' lang='lat' dir='ltr'><strong>tam</strong></span> <span class='ocrx_word' id='word_1_696' title='bbox 2153 4696 2432 4765; x_wconf 88' lang='lat' dir='ltr'><strong>pr0prinm</strong></span> <span class='ocrx_word' id='word_1_697' title='bbox 2463 4693 2714 4759; x_wconf 88' lang='lat' dir='ltr'><strong>diabolo,</strong></span> <span class='ocrx_word' id='word_1_698' title='bbox 2745 4709 2905 4764; x_wconf 89' lang='lat' dir='ltr'><strong>quam</strong></span> <span class='ocrx_word' id='word_1_699' title='bbox 2947 4692 3177 4750; x_wconf 89' lang='lat' dir='ltr'><strong>suadere</strong></span> <span class='ocrx_word' id='word_1_700' title='bbox 3198 4706 3255 4748; x_wconf 90' lang='lat' dir='ltr'><strong>ut</strong></span> <span class='ocrx_word' id='word_1_701' title='bbox 3285 4707 3453 4749; x_wconf 90' lang='lat' dir='ltr'><strong>unus-</strong></span> 
     </span>
    </p>
   </div>
   <div class='ocr_carea' id='block_1_77' title="bbox 137 4783 1736 4854">
    <p class='ocr_par' dir='ltr' id='par_1_77' title="bbox 137 4783 1736 4854">
     <span class='ocr_line' id='line_1_77' title="bbox 137 4783 1736 4854; baseline 0.004 -15"><span class='ocrx_word' id='word_1_702' title='bbox 137 4799 283 4854; x_wconf 85' lang='lat' dir='ltr'><strong>saepe</strong></span> <span class='ocrx_word' id='word_1_703' title='bbox 314 4785 508 4838; x_wconf 84' lang='lat' dir='ltr'><strong>mentis</strong></span> <span class='ocrx_word' id='word_1_704' title='bbox 538 4783 778 4839; x_wconf 91' lang='lat' dir='ltr'><strong>inclinat.</strong></span> <span class='ocrx_word' id='word_1_705' title='bbox 813 4785 928 4840; x_wconf 85' lang='lat' dir='ltr'><strong>Non</strong></span> <span class='ocrx_word' id='word_1_706' title='bbox 951 4789 1123 4844; x_wconf 90' lang='lat' dir='ltr'><strong>solum</strong></span> <span class='ocrx_word' id='word_1_707' title='bbox 1151 4789 1296 4843; x_wconf 91' lang='lat' dir='ltr'><strong>enim</strong></span> <span class='ocrx_word' id='word_1_708' title='bbox 1327 4805 1449 4844; x_wconf 92' lang='lat' dir='ltr'><strong>cum</strong></span> <span class='ocrx_word' id='word_1_709' title='bbox 1482 4790 1736 4845; x_wconf 89' lang='lat' dir='ltr'><strong>audimus</strong></span> 
     </span>
    </p>
   </div>
   <div class='ocr_carea' id='block_1_78' title="bbox 141 4876 1733 4953">
    <p class='ocr_par' dir='ltr' id='par_1_78' title="bbox 141 4876 1733 4953">
     <span class='ocr_line' id='line_1_78' title="bbox 141 4876 1733 4953; baseline 0.006 -25"><span class='ocrx_word' id='word_1_710' title='bbox 141 4880 300 4932; x_wconf 86' lang='lat' dir='ltr'><strong>verba</strong></span> <span class='ocrx_word' id='word_1_711' title='bbox 347 4876 582 4944; x_wconf 91' lang='lat' dir='ltr'><strong>diaboli,</strong></span> <span class='ocrx_word' id='word_1_712' title='bbox 613 4879 707 4933; x_wconf 91' lang='lat' dir='ltr'><strong>sed</strong></span> <span class='ocrx_word' id='word_1_713' title='bbox 740 4881 902 4934; x_wconf 91' lang='lat' dir='ltr'><strong>etiam</strong></span> <span class='ocrx_word' id='word_1_714' title='bbox 940 4896 1060 4935; x_wconf 93' lang='lat' dir='ltr'><strong>cum</strong></span> <span class='ocrx_word' id='word_1_715' title='bbox 1094 4882 1340 4938; x_wconf 91' lang='lat' dir='ltr'><strong>videmus</strong></span> <span class='ocrx_word' id='word_1_716' title='bbox 1371 4884 1488 4953; x_wconf 82' lang='lat' dir='ltr'><strong>ejus</strong></span> <span class='ocrx_word' id='word_1_717' title='bbox 1524 4884 1733 4952; x_wconf 89' lang='lat' dir='ltr'><strong>copias,</strong></span> 
     </span>
    </p>
   </div>
   <div class='ocr_carea' id='block_1_79' title="bbox 141 4972 1739 5046">
    <p class='ocr_par' dir='ltr' id='par_1_79' title="bbox 141 4972 1739 5046">
     <span class='ocr_line' id='line_1_79' title="bbox 141 4972 1739 5046; baseline 0.002 -19"><span class='ocrx_word' id='word_1_718' title='bbox 141 4973 386 5040; x_wconf 88' lang='lat' dir='ltr'><strong>laqueum</strong></span> <span class='ocrx_word' id='word_1_719' title='bbox 419 4972 590 5027; x_wconf 89' lang='lat' dir='ltr'><strong>vitare</strong></span> <span class='ocrx_word' id='word_1_720' title='bbox 621 4973 904 5028; x_wconf 85' lang='lat' dir='ltr'><strong>debemus.</strong></span> <span class='ocrx_word' id='word_1_721' title='bbox 937 4973 1181 5029; x_wconf 90' lang='lat' dir='ltr'><strong>Didicisti</strong></span> <span class='ocrx_word' id='word_1_722' title='bbox 1223 4977 1386 5046; x_wconf 89' lang='lat' dir='ltr'><strong>igitur</strong></span> <span class='ocrx_word' id='word_1_723' title='bbox 1429 4975 1630 5032; x_wconf 88' lang='lat' dir='ltr'><strong>diaboli</strong></span> <span class='ocrx_word' id='word_1_724' title='bbox 1661 4986 1739 5031; x_wconf 84' lang='lat' dir='ltr'><strong>te-</strong></span> 
     </span>
    </p>
   </div>
   <div class='ocr_carea' id='block_1_80' title="bbox 146 5061 1519 5134">
    <p class='ocr_par' dir='ltr' id='par_1_80' title="bbox 146 5061 1519 5134">
     <span class='ocr_line' id='line_1_80' title="bbox 146 5061 1519 5134; baseline 0.002 -15"><span class='ocrx_word' id='word_1_725' title='bbox 146 5066 275 5130; x_wconf 90' lang='lat' dir='ltr'><strong>lum,</strong></span> <span class='ocrx_word' id='word_1_726' title='bbox 301 5082 454 5120; x_wconf 87' lang='lat' dir='ltr'><strong>sume</strong></span> <span class='ocrx_word' id='word_1_727' title='bbox 475 5076 687 5120; x_wconf 89' lang='lat' dir='ltr'><strong>scutum</strong></span> <span class='ocrx_word' id='word_1_728' title='bbox 723 5061 868 5134; x_wconf 89' lang='lat' dir='ltr'><strong>ﬁdei,</strong></span> <span class='ocrx_word' id='word_1_729' title='bbox 905 5067 1124 5123; x_wconf 91' lang='lat' dir='ltr'><strong>loricam</strong></span> <span class='ocrx_word' id='word_1_730' title='bbox 1156 5069 1519 5125; x_wconf 54' lang='lat' dir='ltr'><strong>abstinentiam</strong></span> 
     </span>
    </p>
   </div>
   <div class='ocr_carea' id='block_1_81' title="bbox 217 5159 1740 5230">
    <p class='ocr_par' dir='ltr' id='par_1_81' title="bbox 217 5159 1740 5230">
     <span class='ocr_line' id='line_1_81' title="bbox 217 5159 1740 5230; baseline 0.004 -14"><span class='ocrx_word' id='word_1_731' title='bbox 217 5160 300 5216; x_wconf 73' lang='grc'><strong>18.</strong></span> <span class='ocrx_word' id='word_1_732' title='bbox 335 5160 442 5215; x_wconf 87' lang='lat' dir='ltr'><strong>Sed</strong></span> <span class='ocrx_word' id='word_1_733' title='bbox 483 5159 612 5230; x_wconf 91' lang='lat' dir='ltr'><strong>quid</strong></span> <span class='ocrx_word' id='word_1_734' title='bbox 642 5161 742 5215; x_wconf 91' lang='lat' dir='ltr'><strong>sibi</strong></span> <span class='ocrx_word' id='word_1_735' title='bbox 773 5161 890 5216; x_wconf 90' lang='lat' dir='ltr'><strong>vult</strong></span> <span class='ocrx_word' id='word_1_736' title='bbox 920 5164 1041 5218; x_wconf 87' lang='lat' dir='ltr'><strong>talis</strong></span> <span class='ocrx_word' id='word_1_737' title='bbox 1066 5164 1341 5220; x_wconf 88' lang='lat' dir='ltr'><strong>sermonis</strong></span> <span class='ocrx_word' id='word_1_738' title='bbox 1369 5180 1598 5221; x_wconf 83' lang='lat' dir='ltr'><strong>exorsus</strong></span> <span class='ocrx_word' id='word_1_739' title='bbox 1628 5185 1641 5222; x_wconf 89' lang='lat'><strong>:</strong></span> <span class='ocrx_word' id='word_1_740' title='bbox 1678 5165 1740 5222; x_wconf 89' lang='lat' dir='ltr'><strong>Si</strong></span> 
     </span>
    </p>
   </div>
   <div class='ocr_carea' id='block_1_82' title="bbox 149 5252 1747 5330">
    <p class='ocr_par' dir='ltr' id='par_1_82' title="bbox 149 5252 1747 5330">
     <span class='ocr_line' id='line_1_82' title="bbox 149 5252 1747 5330; baseline 0.006 -23"><span class='ocrx_word' id='word_1_741' title='bbox 149 5252 312 5309; x_wconf 73' lang='lat' dir='ltr'><strong>Filius</strong></span> <span class='ocrx_word' id='word_1_742' title='bbox 352 5253 448 5309; x_wconf 86' lang='lat' dir='ltr'><strong>Dei</strong></span> <span class='ocrx_word' id='word_1_743' title='bbox 493 5271 578 5320; x_wconf 75' lang='lat' dir='ltr'><strong>es;</strong></span> <span class='ocrx_word' id='word_1_744' title='bbox 609 5255 711 5310; x_wconf 92' lang='lat' dir='ltr'><strong>nisi</strong></span> <span class='ocrx_word' id='word_1_745' title='bbox 742 5255 866 5326; x_wconf 88' lang='lat' dir='ltr'><strong>quia</strong></span> <span class='ocrx_word' id='word_1_746' title='bbox 899 5268 1230 5330; x_wconf 91' lang='lat' dir='ltr'><strong>cognoverat</strong></span> <span class='ocrx_word' id='word_1_747' title='bbox 1267 5258 1362 5315; x_wconf 92' lang='lat' dir='ltr'><strong>Dei</strong></span> <span class='ocrx_word' id='word_1_748' title='bbox 1396 5259 1592 5315; x_wconf 83' lang='lat' dir='ltr'><strong>Filium</strong></span> <span class='ocrx_word' id='word_1_749' title='bbox 1623 5275 1747 5316; x_wconf 88' lang='lat' dir='ltr'><strong>esse</strong></span> 
     </span>
    </p>
   </div>
   <div class='ocr_carea' id='block_1_83' title="bbox 152 5347 1751 5427">
    <p class='ocr_par' dir='ltr' id='par_1_83' title="bbox 152 5347 1751 5427">
     <span class='ocr_line' id='line_1_83' title="bbox 152 5347 1751 5427; baseline 0.008 -28"><span class='ocrx_word' id='word_1_750' title='bbox 152 5357 422 5403; x_wconf 88' lang='lat' dir='ltr'><strong>venturum</strong></span> <span class='ocrx_word' id='word_1_751' title='bbox 453 5348 478 5402; x_wconf 89' lang='lat'><strong>?</strong></span> <span class='ocrx_word' id='word_1_752' title='bbox 507 5347 602 5404; x_wconf 89' lang='lat' dir='ltr'><strong>sed</strong></span> <span class='ocrx_word' id='word_1_753' title='bbox 634 5349 850 5404; x_wconf 88' lang='lat' dir='ltr'><strong>venisse</strong></span> <span class='ocrx_word' id='word_1_754' title='bbox 874 5364 972 5420; x_wconf 88' lang='lat' dir='ltr'><strong>per</strong></span> <span class='ocrx_word' id='word_1_755' title='bbox 995 5351 1136 5408; x_wconf 87' lang='lat' dir='ltr'><strong>hanc</strong></span> <span class='ocrx_word' id='word_1_756' title='bbox 1166 5351 1532 5409; x_wconf 90' lang='lat' dir='ltr'><strong>inﬁrmitatem</strong></span> <span class='ocrx_word' id='word_1_757' title='bbox 1555 5368 1751 5427; x_wconf 85' lang='lat' dir='ltr'><strong>corpo-</strong></span> 
     </span>
    </p>
   </div>
   <div class='ocr_carea' id='block_1_84' title="bbox 223 5555 1742 5632">
    <p class='ocr_par' dir='ltr' id='par_1_84' title="bbox 223 5555 1742 5632">
     <span class='ocr_line' id='line_1_84' title="bbox 223 5555 1742 5632; baseline 0.001 -18"><span class='ocrx_word' id='word_1_758' title='bbox 223 5555 403 5632; x_wconf 77' lang='lat' dir='ltr'><strong>&#39;_&#39;__Mss_._</strong></span> <span class='ocrx_word' id='word_1_759' title='bbox 452 5557 680 5632; x_wconf 88' lang='lat' dir='ltr'><strong>aliquot,</strong></span> <span class='ocrx_word' id='word_1_760' title='bbox 713 5557 867 5629; x_wconf 81' lang='lat' dir='ltr'><strong>famis</strong></span> <span class='ocrx_word' id='word_1_761' title='bbox 897 5559 1064 5631; x_wconf 80' lang='lat' dir='ltr'><strong>specie</strong></span> <span class='ocrx_word' id='word_1_762' title='bbox 1096 5561 1350 5632; x_wconf 76' lang='lat' dir='ltr'><strong>jactatus.</strong></span> <span class='ocrx_word' id='word_1_763' title='bbox 1381 5560 1575 5617; x_wconf 88' lang='lat' dir='ltr'><strong>Melius</strong></span> <span class='ocrx_word' id='word_1_764' title='bbox 1605 5575 1742 5616; x_wconf 86' lang='lat' dir='ltr'><strong>non-</strong></span> 
     </span>
    </p>
   </div>
   <div class='ocr_carea' id='block_1_85' title="bbox 157 5626 1737 5702">
    <p class='ocr_par' dir='ltr' id='par_1_85' title="bbox 157 5626 1737 5702">
     <span class='ocr_line' id='line_1_85' title="bbox 157 5626 1737 5702; baseline 0.006 -25"><span class='ocrx_word' id='word_1_765' title='bbox 157 5626 281 5702; x_wconf 85' lang='lat' dir='ltr'><strong>nulli</strong></span> <span class='ocrx_word' id='word_1_766' title='bbox 317 5629 406 5684; x_wconf 91' lang='lat' dir='ltr'><strong>alii</strong></span> <span class='ocrx_word' id='word_1_767' title='bbox 435 5670 450 5694; x_wconf 88' lang='lat'><strong>,</strong></span> <span class='ocrx_word' id='word_1_768' title='bbox 482 5626 722 5684; x_wconf 60' lang='grc' dir='ltr'>ιωιωωζ</span> <span class='ocrx_word' id='word_1_769' title='bbox 754 5626 971 5700; x_wconf 82' lang='lat' dir='ltr'><strong>Optime</strong></span> <span class='ocrx_word' id='word_1_770' title='bbox 1008 5626 1189 5684; x_wconf 75' lang='lat' dir='ltr'><strong>autem</strong></span> <span class='ocrx_word' id='word_1_771' title='bbox 1221 5631 1419 5702; x_wconf 90' lang='lat' dir='ltr'><strong>reliqui</strong></span> <span class='ocrx_word' id='word_1_772' title='bbox 1449 5648 1570 5688; x_wconf 85' lang='lat' dir='ltr'><strong>cum</strong></span> <span class='ocrx_word' id='word_1_773' title='bbox 1605 5634 1737 5688; x_wconf 89' lang='lat' dir='ltr'><strong>edit.</strong></span> 
     </span>
    </p>
   </div>
   <div class='ocr_carea' id='block_1_86' title="bbox 159 5698 1745 5774">
    <p class='ocr_par' dir='ltr' id='par_1_86' title="bbox 159 5698 1745 5774">
     <span class='ocr_line' id='line_1_86' title="bbox 159 5698 1745 5774; baseline 0.006 -24"><span class='ocrx_word' id='word_1_774' title='bbox 159 5698 382 5774; x_wconf 67' lang='lat' dir='ltr'><strong>iactatus.</strong></span> <span class='ocrx_word' id='word_1_775' title='bbox 420 5702 503 5774; x_wconf 86' lang='lat' dir='ltr'><strong>Et_</strong></span> <span class='ocrx_word' id='word_1_776' title='bbox 525 5711 647 5772; x_wconf 89' lang='lat' dir='ltr'><strong>post</strong></span> <span class='ocrx_word' id='word_1_777' title='bbox 693 5698 859 5772; x_wconf 82' lang='lat' dir='ltr'><strong>pauca</strong></span> <span class='ocrx_word' id='word_1_778' title='bbox 899 5702 1030 5757; x_wconf 87' lang='lat' dir='ltr'><strong>edit.</strong></span> <span class='ocrx_word' id='word_1_779' title='bbox 1065 5703 1190 5757; x_wconf 81' lang='lat' dir='ltr'><strong>Era.</strong></span> <span class='ocrx_word' id='word_1_780' title='bbox 1225 5712 1279 5756; x_wconf 89' lang='lat' dir='ltr'><strong>et</strong></span> <span class='ocrx_word' id='word_1_781' title='bbox 1309 5698 1425 5774; x_wconf 84' lang='lat' dir='ltr'><strong>seq.</strong></span> <span class='ocrx_word' id='word_1_782' title='bbox 1455 5719 1577 5761; x_wconf 87' lang='lat' dir='ltr'><strong>eum</strong></span> <span class='ocrx_word' id='word_1_783' title='bbox 1610 5707 1745 5760; x_wconf 81' lang='lat' dir='ltr'><strong>dno-</strong></span> 
     </span>
    </p>
   </div>
   <div class='ocr_carea' id='block_1_87' title="bbox 160 5769 1740 5843">
    <p class='ocr_par' dir='ltr' id='par_1_87' title="bbox 160 5769 1740 5843">
     <span class='ocr_line' id='line_1_87' title="bbox 160 5769 1740 5843; baseline 0.004 -19"><span class='ocrx_word' id='word_1_784' title='bbox 160 5769 254 5824; x_wconf 84' lang='lat' dir='ltr'><strong>hus</strong></span> <span class='ocrx_word' id='word_1_785' title='bbox 285 5787 439 5839; x_wconf 85' lang='lat' dir='ltr'><strong>inss.,</strong></span> <span class='ocrx_word' id='word_1_786' title='bbox 468 5769 707 5843; x_wconf 66' lang='lat' dir='ltr'><strong>Spiritus</strong></span> <span class='ocrx_word' id='word_1_787' title='bbox 731 5790 882 5839; x_wconf 79' lang='lat' dir='ltr'><strong>opus,</strong></span> <span class='ocrx_word' id='word_1_788' title='bbox 921 5776 1016 5828; x_wconf 86' lang='lat' dir='ltr'><strong>hoc</strong></span> <span class='ocrx_word' id='word_1_789' title='bbox 1045 5785 1140 5834; x_wconf 82' lang='lat' dir='ltr'><strong>est,</strong></span> <span class='ocrx_word' id='word_1_790' title='bbox 1175 5769 1428 5843; x_wconf 82' lang='lat' dir='ltr'><strong>divinum,</strong></span> <span class='ocrx_word' id='word_1_791' title='bbox 1456 5787 1561 5832; x_wconf 91' lang='lat' dir='ltr'><strong>etc.</strong></span> <span class='ocrx_word' id='word_1_792' title='bbox 1595 5776 1740 5832; x_wconf 84' lang='lat' dir='ltr'><strong>Edit.</strong></span> 
     </span>
    </p>
   </div>
   <div class='ocr_carea' id='block_1_88' title="bbox 163 5844 1434 5916">
    <p class='ocr_par' dir='ltr' id='par_1_88' title="bbox 163 5844 1434 5916">
     <span class='ocr_line' id='line_1_88' title="bbox 163 5844 1434 5916; baseline 0.007 -23"><span class='ocrx_word' id='word_1_793' title='bbox 163 5844 367 5898; x_wconf 80' lang='lat' dir='ltr'><strong>Auierh.</strong></span> <span class='ocrx_word' id='word_1_794' title='bbox 396 5861 517 5900; x_wconf 90' lang='lat' dir='ltr'><strong>cum</strong></span> <span class='ocrx_word' id='word_1_795' title='bbox 549 5845 676 5900; x_wconf 91' lang='lat' dir='ltr'><strong>aliis</strong></span> <span class='ocrx_word' id='word_1_796' title='bbox 701 5845 918 5916; x_wconf 84' lang='lat' dir='ltr'><strong>scriptis</strong></span> <span class='ocrx_word' id='word_1_797' title='bbox 940 5845 1062 5901; x_wconf 87' lang='lat' dir='ltr'><strong>cod.</strong></span> <span class='ocrx_word' id='word_1_798' title='bbox 1098 5847 1231 5901; x_wconf 86' lang='lat' dir='ltr'><strong>utin</strong></span> <span class='ocrx_word' id='word_1_799' title='bbox 1265 5855 1434 5902; x_wconf 82' lang='lat' dir='ltr'><strong>textu.</strong></span> 
     </span>
    </p>
   </div>
   <div class='ocr_carea' id='block_1_89' title="bbox 231 5932 1743 6011">
    <p class='ocr_par' dir='ltr' id='par_1_89' title="bbox 231 5932 1743 6011">
     <span class='ocr_line' id='line_1_89' title="bbox 231 5932 1743 6011; baseline 0.003 -21"><span class='ocrx_word' id='word_1_800' title='bbox 231 5932 254 5970; x_wconf 72' lang='grc' dir='ltr'>δ</span> <span class='ocrx_word' id='word_1_801' title='bbox 281 5935 415 5990; x_wconf 82' lang='lat' dir='ltr'><strong>Edit.</strong></span> <span class='ocrx_word' id='word_1_802' title='bbox 448 5936 690 6008; x_wconf 77' lang='lat' dir='ltr'><strong>quzrdam</strong></span> <span class='ocrx_word' id='word_1_803' title='bbox 727 5937 921 6005; x_wconf 63' lang='lat' dir='ltr'><strong>Parisi,</strong></span> <span class='ocrx_word' id='word_1_804' title='bbox 949 5935 1134 5992; x_wconf 79' lang='lat' dir='ltr'><strong>Merito</strong></span> <span class='ocrx_word' id='word_1_805' title='bbox 1157 5950 1278 6011; x_wconf 67' lang='lat' dir='ltr'><strong>ergo</strong></span> <span class='ocrx_word' id='word_1_806' title='bbox 1304 5942 1581 6009; x_wconf 70' lang='lat' dir='ltr'><strong>respondit.</strong></span> <span class='ocrx_word' id='word_1_807' title='bbox 1610 5940 1743 5994; x_wconf 62' lang='grc' dir='ltr'>Αιιςιτ</span> 
     </span>
    </p>
   </div>
   <div class='ocr_carea' id='block_1_90' title="bbox 1847 4785 2694 4858">
    <p class='ocr_par' dir='ltr' id='par_1_90' title="bbox 1847 4785 2694 4858">
     <span class='ocr_line' id='line_1_90' title="bbox 1847 4785 2694 4858; baseline -0.004 -16"><span class='ocrx_word' id='word_1_808' title='bbox 1847 4789 2074 4858; x_wconf 90' lang='lat' dir='ltr'><strong>quisque</strong></span> <span class='ocrx_word' id='word_1_809' title='bbox 2105 4803 2164 4842; x_wconf 90' lang='lat' dir='ltr'><strong>se</strong></span> <span class='ocrx_word' id='word_1_810' title='bbox 2196 4787 2373 4842; x_wconf 87' lang='lat' dir='ltr'><strong>mittat</strong></span> <span class='ocrx_word' id='word_1_811' title='bbox 2403 4785 2694 4842; x_wconf 85' lang='lat' dir='ltr'><strong>deorsum?</strong></span> 
     </span>
    </p>
   </div>
   <div class='ocr_carea' id='block_1_91' title="bbox 1919 4865 3453 4952">
    <p class='ocr_par' dir='ltr' id='par_1_91' title="bbox 1919 4865 3453 4952">
     <span class='ocr_line' id='line_1_91' title="bbox 1919 4865 3453 4952; baseline 0 -16"><span class='ocrx_word' id='word_1_812' title='bbox 1919 4883 2011 4937; x_wconf 70' lang='grc'><strong>24.</strong></span> <span class='ocrx_word' id='word_1_813' title='bbox 2068 4865 2224 4936; x_wconf 73' lang='lat' dir='ltr'><strong>Disce</strong></span> <span class='ocrx_word' id='word_1_814' title='bbox 2255 4897 2386 4952; x_wconf 88' lang='lat' dir='ltr'><strong>ergo</strong></span> <span class='ocrx_word' id='word_1_815' title='bbox 2432 4892 2486 4938; x_wconf 90' lang='lat' dir='ltr'><strong>et</strong></span> <span class='ocrx_word' id='word_1_816' title='bbox 2535 4892 2589 4936; x_wconf 93' lang='lat' dir='ltr'><strong>tu</strong></span> <span class='ocrx_word' id='word_1_817' title='bbox 2636 4881 2914 4937; x_wconf 89' lang='lat' dir='ltr'><strong>diabolum</strong></span> <span class='ocrx_word' id='word_1_818' title='bbox 2963 4881 3198 4938; x_wconf 81' lang='lat' dir='ltr'><strong>vincere.</strong></span> <span class='ocrx_word' id='word_1_819' title='bbox 3231 4881 3356 4952; x_wconf 81' lang='lat' dir='ltr'><strong>Agit</strong></span> <span class='ocrx_word' id='word_1_820' title='bbox 3399 4889 3453 4936; x_wconf 88' lang='lat' dir='ltr'><strong>te</strong></span> 
     </span>
    </p>
   </div>
   <div class='ocr_carea' id='block_1_92' title="bbox 1849 4973 3458 5047">
    <p class='ocr_par' dir='ltr' id='par_1_92' title="bbox 1849 4973 3458 5047">
     <span class='ocr_line' id='line_1_92' title="bbox 1849 4973 3458 5047; baseline -0.001 -17"><span class='ocrx_word' id='word_1_821' title='bbox 1849 4976 2092 5047; x_wconf 89' lang='lat' dir='ltr'><strong>spiritus,</strong></span> <span class='ocrx_word' id='word_1_822' title='bbox 2117 4989 2347 5044; x_wconf 91' lang='lat' dir='ltr'><strong>sequere</strong></span> <span class='ocrx_word' id='word_1_823' title='bbox 2377 4974 2628 5044; x_wconf 89' lang='lat' dir='ltr'><strong>spiritum</strong></span> <span class='ocrx_word' id='word_1_824' title='bbox 2655 4992 2668 5028; x_wconf 89' lang='lat'><strong>:</strong></span> <span class='ocrx_word' id='word_1_825' title='bbox 2703 4975 2817 5028; x_wconf 80' lang='lat' dir='ltr'><strong>Non</strong></span> <span class='ocrx_word' id='word_1_826' title='bbox 2853 4983 2904 5030; x_wconf 90' lang='lat' dir='ltr'><strong>te</strong></span> <span class='ocrx_word' id='word_1_827' title='bbox 2930 4982 3148 5030; x_wconf 90' lang='lat' dir='ltr'><strong>revocet</strong></span> <span class='ocrx_word' id='word_1_828' title='bbox 3177 4973 3360 5028; x_wconf 91' lang='lat' dir='ltr'><strong>carnis</strong></span> <span class='ocrx_word' id='word_1_829' title='bbox 3394 4973 3458 5028; x_wconf 90' lang='lat' dir='ltr'><strong>il-</strong></span> 
     </span>
    </p>
   </div>
   <div class='ocr_carea' id='block_1_93' title="bbox 1850 5068 3452 5140">
    <p class='ocr_par' dir='ltr' id='par_1_93' title="bbox 1850 5068 3452 5140">
     <span class='ocr_line' id='line_1_93' title="bbox 1850 5068 3452 5140; baseline 0.002 -18"><span class='ocrx_word' id='word_1_830' title='bbox 1850 5068 2090 5133; x_wconf 86' lang='lat' dir='ltr'><strong>lecebra,</strong></span> <span class='ocrx_word' id='word_1_831' title='bbox 2121 5070 2313 5139; x_wconf 91' lang='lat' dir='ltr'><strong>spiritu</strong></span> <span class='ocrx_word' id='word_1_832' title='bbox 2347 5069 2536 5137; x_wconf 92' lang='lat' dir='ltr'><strong>plenus</strong></span> <span class='ocrx_word' id='word_1_833' title='bbox 2562 5068 2712 5124; x_wconf 90' lang='lat' dir='ltr'><strong>disce</strong></span> <span class='ocrx_word' id='word_1_834' title='bbox 2733 5079 3084 5124; x_wconf 90' lang='lat' dir='ltr'><strong>contemnere</strong></span> <span class='ocrx_word' id='word_1_835' title='bbox 3117 5069 3452 5140; x_wconf 88' lang='lat' dir='ltr'><strong>voluptates.</strong></span> 
     </span>
    </p>
   </div>
   <div class='ocr_carea' id='block_1_94' title="bbox 1849 5162 3456 5236">
    <p class='ocr_par' dir='ltr' id='par_1_94' title="bbox 1849 5162 3456 5236">
     <span class='ocr_line' id='line_1_94' title="bbox 1849 5162 3456 5236; baseline -0.001 -17"><span class='ocrx_word' id='word_1_836' title='bbox 1849 5162 2064 5234; x_wconf 82' lang='lat' dir='ltr'><strong>Jejuua,</strong></span> <span class='ocrx_word' id='word_1_837' title='bbox 2097 5166 2140 5218; x_wconf 92' lang='lat' dir='ltr'><strong>si</strong></span> <span class='ocrx_word' id='word_1_838' title='bbox 2184 5163 2265 5218; x_wconf 89' lang='lat' dir='ltr'><strong>vis</strong></span> <span class='ocrx_word' id='word_1_839' title='bbox 2297 5163 2537 5218; x_wconf 91' lang='lat' dir='ltr'><strong>vincere.</strong></span> <span class='ocrx_word' id='word_1_840' title='bbox 2571 5165 2929 5234; x_wconf 87' lang='lat' dir='ltr'><strong>Consequens</strong></span> <span class='ocrx_word' id='word_1_841' title='bbox 2957 5174 3038 5220; x_wconf 89' lang='lat' dir='ltr'><strong>est</strong></span> <span class='ocrx_word' id='word_1_842' title='bbox 3070 5175 3125 5218; x_wconf 93' lang='lat' dir='ltr'><strong>ut</strong></span> <span class='ocrx_word' id='word_1_843' title='bbox 3150 5180 3248 5236; x_wconf 88' lang='lat' dir='ltr'><strong>per</strong></span> <span class='ocrx_word' id='word_1_844' title='bbox 3279 5165 3456 5219; x_wconf 86' lang='lat' dir='ltr'><strong>homi-</strong></span> 
     </span>
    </p>
   </div>
   <div class='ocr_carea' id='block_1_95' title="bbox 1849 5262 3458 5333">
    <p class='ocr_par' dir='ltr' id='par_1_95' title="bbox 1849 5262 3458 5333">
     <span class='ocr_line' id='line_1_95' title="bbox 1849 5262 3458 5333; baseline 0.002 -17"><span class='ocrx_word' id='word_1_845' title='bbox 1849 5279 1972 5318; x_wconf 87' lang='lat' dir='ltr'><strong>nem</strong></span> <span class='ocrx_word' id='word_1_846' title='bbox 2023 5262 2270 5318; x_wconf 85' lang='lat' dir='ltr'><strong>diabolus</strong></span> <span class='ocrx_word' id='word_1_847' title='bbox 2317 5271 2370 5318; x_wconf 88' lang='lat' dir='ltr'><strong>te</strong></span> <span class='ocrx_word' id='word_1_848' title='bbox 2419 5271 2571 5333; x_wconf 90' lang='lat' dir='ltr'><strong>putet</strong></span> <span class='ocrx_word' id='word_1_849' title='bbox 2609 5277 2729 5318; x_wconf 88' lang='lat' dir='ltr'><strong>esse</strong></span> <span class='ocrx_word' id='word_1_850' title='bbox 2773 5265 3093 5320; x_wconf 87' lang='lat' dir='ltr'><strong>tentandum</strong></span> <span class='ocrx_word' id='word_1_851' title='bbox 3139 5282 3152 5319; x_wconf 73' lang='grc' dir='ltr'>ε</span> <span class='ocrx_word' id='word_1_852' title='bbox 3205 5263 3458 5320; x_wconf 89' lang='lat' dir='ltr'><strong>Christus</strong></span> 
     </span>
    </p>
   </div>
   <div class='ocr_carea' id='block_1_96' title="bbox 1850 5356 3456 5430">
    <p class='ocr_par' dir='ltr' id='par_1_96' title="bbox 1850 5356 3456 5430">
     <span class='ocr_line' id='line_1_96' title="bbox 1850 5356 3456 5430; baseline 0 -18"><span class='ocrx_word' id='word_1_853' title='bbox 1850 5359 2005 5429; x_wconf 87' lang='lat' dir='ltr'><strong>quasi</strong></span> <span class='ocrx_word' id='word_1_854' title='bbox 2035 5357 2257 5422; x_wconf 79' lang='lat' dir='ltr'><strong>fortior,</strong></span> <span class='ocrx_word' id='word_1_855' title='bbox 2288 5358 2425 5414; x_wconf 84' lang='lat' dir='ltr'><strong>l’acie</strong></span> <span class='ocrx_word' id='word_1_856' title='bbox 2450 5358 2516 5413; x_wconf 89' lang='lat' dir='ltr'><strong>ad</strong></span> <span class='ocrx_word' id='word_1_857' title='bbox 2548 5356 2743 5414; x_wconf 84' lang='lat' dir='ltr'><strong>faciem</strong></span> <span class='ocrx_word' id='word_1_858' title='bbox 2788 5367 3045 5427; x_wconf 87' lang='lat' dir='ltr'><strong>tentatur,</strong></span> <span class='ocrx_word' id='word_1_859' title='bbox 3070 5368 3126 5415; x_wconf 86' lang='lat' dir='ltr'><strong>tu</strong></span> <span class='ocrx_word' id='word_1_860' title='bbox 3159 5374 3253 5430; x_wconf 91' lang='lat' dir='ltr'><strong>per</strong></span> <span class='ocrx_word' id='word_1_861' title='bbox 3280 5359 3456 5414; x_wconf 89' lang='lat' dir='ltr'><strong>homi-</strong></span> 
     </span>
    </p>
   </div>
   <div class='ocr_carea' id='block_1_97' title="bbox 1849 5557 3458 5625">
    <p class='ocr_par' dir='ltr' id='par_1_97' title="bbox 1849 5557 3458 5625">
     <span class='ocr_line' id='line_1_97' title="bbox 1849 5557 3458 5625; baseline -0.004 -10"><span class='ocrx_word' id='word_1_862' title='bbox 1849 5569 1903 5615; x_wconf 91' lang='lat' dir='ltr'><strong>et</strong></span> <span class='ocrx_word' id='word_1_863' title='bbox 1931 5561 2112 5615; x_wconf 91' lang='lat' dir='ltr'><strong>cuncti</strong></span> <span class='ocrx_word' id='word_1_864' title='bbox 2161 5574 2295 5615; x_wconf 85' lang='lat' dir='ltr'><strong>mss.</strong></span> <span class='ocrx_word' id='word_1_865' title='bbox 2321 5558 2689 5625; x_wconf 74' lang='lat' dir='ltr'><strong>commodius,</strong></span> <span class='ocrx_word' id='word_1_866' title='bbox 2726 5557 2922 5624; x_wconf 75' lang='lat' dir='ltr'><strong>Medic,</strong></span> <span class='ocrx_word' id='word_1_867' title='bbox 2951 5566 3084 5621; x_wconf 88' lang='lat' dir='ltr'><strong>etc.,</strong></span> <span class='ocrx_word' id='word_1_868' title='bbox 3113 5557 3165 5612; x_wconf 94' lang='lat' dir='ltr'><strong>id</strong></span> <span class='ocrx_word' id='word_1_869' title='bbox 3200 5565 3316 5621; x_wconf 90' lang='lat' dir='ltr'><strong>est,</strong></span> <span class='ocrx_word' id='word_1_870' title='bbox 3368 5570 3458 5610; x_wconf 86' lang='lat' dir='ltr'><strong>re-</strong></span> 
     </span>
    </p>
   </div>
   <div class='ocr_carea' id='block_1_98' title="bbox 1851 5628 3455 5700">
    <p class='ocr_par' dir='ltr' id='par_1_98' title="bbox 1851 5628 3455 5700">
     <span class='ocr_line' id='line_1_98' title="bbox 1851 5628 3455 5700; baseline -0.004 -14"><span class='ocrx_word' id='word_1_871' title='bbox 1851 5633 2200 5700; x_wconf 76' lang='lat' dir='ltr'><strong>Sp0nsionem</strong></span> <span class='ocrx_word' id='word_1_872' title='bbox 2225 5633 2303 5687; x_wconf 84' lang='lat' dir='ltr'><strong>sic</strong></span> <span class='ocrx_word' id='word_1_873' title='bbox 2329 5631 2656 5698; x_wconf 89' lang='lat' dir='ltr'><strong>temperavit</strong></span> <span class='ocrx_word' id='word_1_874' title='bbox 2680 5673 2696 5697; x_wconf 92' lang='lat'><strong>,</strong></span> <span class='ocrx_word' id='word_1_875' title='bbox 2728 5639 2786 5686; x_wconf 92' lang='lat' dir='ltr'><strong>ut</strong></span> <span class='ocrx_word' id='word_1_876' title='bbox 2815 5641 2870 5685; x_wconf 91' lang='lat' dir='ltr'><strong>et</strong></span> <span class='ocrx_word' id='word_1_877' title='bbox 2893 5629 3165 5685; x_wconf 88' lang='lat' dir='ltr'><strong>diabolum</strong></span> <span class='ocrx_word' id='word_1_878' title='bbox 3187 5628 3455 5692; x_wconf 92' lang='lat' dir='ltr'><strong>vinceret,</strong></span> 
     </span>
    </p>
   </div>
   <div class='ocr_carea' id='block_1_99' title="bbox 1852 5705 2801 5773">
    <p class='ocr_par' dir='ltr' id='par_1_99' title="bbox 1852 5705 2801 5773">
     <span class='ocr_line' id='line_1_99' title="bbox 1852 5705 2801 5773; baseline -0.002 -15"><span class='ocrx_word' id='word_1_879' title='bbox 1852 5720 1952 5759; x_wconf 90' lang='lat' dir='ltr'><strong>nec</strong></span> <span class='ocrx_word' id='word_1_880' title='bbox 1982 5720 2134 5759; x_wconf 89' lang='lat' dir='ltr'><strong>suam</strong></span> <span class='ocrx_word' id='word_1_881' title='bbox 2169 5705 2408 5773; x_wconf 89' lang='lat' dir='ltr'><strong>aperiret</strong></span> <span class='ocrx_word' id='word_1_882' title='bbox 2438 5705 2801 5759; x_wconf 74' lang='lat' dir='ltr'><strong>divinitatem.</strong></span> 
     </span>
    </p>
   </div>
   <div class='ocr_carea' id='block_1_100' title="bbox 1930 5795 3456 5862">
    <p class='ocr_par' dir='ltr' id='par_1_100' title="bbox 1930 5795 3456 5862">
     <span class='ocr_line' id='line_1_100' title="bbox 1930 5795 3456 5862; baseline -0.004 -12"><span class='ocrx_word' id='word_1_883' title='bbox 1930 5807 1951 5835; x_wconf 80' lang='grc' dir='ltr'><strong>ο</strong></span> <span class='ocrx_word' id='word_1_884' title='bbox 1986 5796 2113 5850; x_wconf 78' lang='lat' dir='ltr'><strong>Mss.</strong></span> <span class='ocrx_word' id='word_1_885' title='bbox 2167 5799 2305 5852; x_wconf 84' lang='lat' dir='ltr'><strong>bene</strong></span> <span class='ocrx_word' id='word_1_886' title='bbox 2356 5799 2548 5861; x_wconf 90' lang='lat' dir='ltr'><strong>multi,</strong></span> <span class='ocrx_word' id='word_1_887' title='bbox 2585 5795 2733 5850; x_wconf 87' lang='lat' dir='ltr'><strong>illum</strong></span> <span class='ocrx_word' id='word_1_888' title='bbox 2775 5809 2955 5862; x_wconf 83' lang='lat' dir='ltr'><strong>panem</strong></span> <span class='ocrx_word' id='word_1_889' title='bbox 2996 5799 3289 5860; x_wconf 73' lang='lat' dir='ltr'><strong>exspectat,</strong></span> <span class='ocrx_word' id='word_1_890' title='bbox 3319 5805 3456 5844; x_wconf 87' lang='lat' dir='ltr'><strong>non-</strong></span> 
     </span>
    </p>
   </div>
   <div class='ocr_carea' id='block_1_101' title="bbox 1855 5865 3449 5940">
    <p class='ocr_par' dir='ltr' id='par_1_101' title="bbox 1855 5865 3449 5940">
     <span class='ocr_line' id='line_1_101' title="bbox 1855 5865 3449 5940; baseline -0.007 -16"><span class='ocrx_word' id='word_1_891' title='bbox 1855 5867 1992 5940; x_wconf 83' lang='lat' dir='ltr'><strong>nulli</strong></span> <span class='ocrx_word' id='word_1_892' title='bbox 2023 5908 2034 5921; x_wconf 94' lang='lat'><strong>.</strong></span> <span class='ocrx_word' id='word_1_893' title='bbox 2066 5911 2078 5924; x_wconf 92' lang='lat'><strong>.</strong></span> <span class='ocrx_word' id='word_1_894' title='bbox 2108 5908 2119 5922; x_wconf 95' lang='lat'><strong>.</strong></span> <span class='ocrx_word' id='word_1_895' title='bbox 2149 5907 2162 5920; x_wconf 97' lang='lat'><strong>.</strong></span> <span class='ocrx_word' id='word_1_896' title='bbox 2198 5879 2469 5940; x_wconf 70' lang='lat' dir='ltr'><strong>exspectet.</strong></span> <span class='ocrx_word' id='word_1_897' title='bbox 2506 5868 2634 5940; x_wconf 82' lang='lat' dir='ltr'><strong>Alii,</strong></span> <span class='ocrx_word' id='word_1_898' title='bbox 2666 5883 2727 5920; x_wconf 88' lang='lat' dir='ltr'><strong>ac</strong></span> <span class='ocrx_word' id='word_1_899' title='bbox 2757 5865 2959 5940; x_wconf 30' lang='lat' dir='ltr'><strong>edit.,‘.</strong></span> <span class='ocrx_word' id='word_1_900' title='bbox 3084 5871 3306 5940; x_wconf 58' lang='lat' dir='ltr'><strong>expetat.</strong></span> <span class='ocrx_word' id='word_1_901' title='bbox 3385 5925 3393 5940; x_wconf 33' lang='lat'>1</span> <span class='ocrx_word' id='word_1_902' title='bbox 3439 5921 3449 5935; x_wconf 41' lang='grc' dir='ltr'>ί</span> 
     </span>
    </p>
   </div>
   <div class='ocr_carea' id='block_1_102' title="bbox 1925 5925 3450 6007">
    <p class='ocr_par' dir='ltr' id='par_1_102' title="bbox 1925 5925 3450 6007">
     <span class='ocr_line' id='line_1_102' title="bbox 1925 5925 3450 6007; baseline -0.007 -12"><span class='ocrx_word' id='word_1_903' title='bbox 1925 5939 1951 5975; x_wconf 72' lang='grc' dir='ltr'>ἀ</span> <span class='ocrx_word' id='word_1_904' title='bbox 1971 5940 2130 5995; x_wconf 78' lang='lat' dir='ltr'><strong>Rom.</strong></span> <span class='ocrx_word' id='word_1_905' title='bbox 2155 5940 2268 5995; x_wconf 86' lang='lat' dir='ltr'><strong>edit</strong></span> <span class='ocrx_word' id='word_1_906' title='bbox 2345 5939 2457 5995; x_wconf 75' lang='lat' dir='ltr'><strong>Hoc</strong></span> <span class='ocrx_word' id='word_1_907' title='bbox 2481 5925 2684 6007; x_wconf 57' lang='lat' dir='ltr'><strong>cuidem</strong></span> <span class='ocrx_word' id='word_1_908' title='bbox 2707 5925 3082 6004; x_wconf 66' lang='lat' dir='ltr'><strong>csljnrliliztilt&#39;,</strong></span> <span class='ocrx_word' id='word_1_909' title='bbox 3099 5925 3157 5986; x_wconf 77' lang='grc' dir='ltr'>ιιί</span> <span class='ocrx_word' id='word_1_910' title='bbox 3177 5925 3325 5998; x_wconf 68' lang='lat' dir='ltr'><strong>Huni,</strong></span> <span class='ocrx_word' id='word_1_911' title='bbox 3346 5925 3450 5986; x_wconf 54' lang='lat' dir='ltr'><strong>ricE</strong></span> 
     </span>
    </p>
   </div>
  </div>
