4156 6346
507 322 645 380 1619

1860 316 2106 387 SANCTI
2144 316 2466 391 subitos"

3677 342 3698 396 1
3713 338 3816 394 6εο

494 458 638 499 nem.
669 442 737 500 Et
765 443 897 501 illud
925 442 1126 500 diaboli
1159 440 1379 501 verbum
1413 451 1516 509 est,
1550 438 1576 482 Α
1598 448 1721 501 cum
1744 443 1875 501 didit
1898 445 2059 500 homo
2086 462 2101 502 :
2130 449 2183 512 Α
2210 449 2474 507 Dominus
2507 453 2789 522 respondit
2817 453 2865 509 ei
2896 473 2905 508 ;
2944 454 3066 509 Non
3097 456 3310 512 tentubis
3337 455 3615 512 Dominum
3650 455 3815 511 Deum

498 536 679 594 Fortis
702 548 783 603 es,
820 538 1083 594 manduca
1116 547 1171 594 et
1202 538 1347 605 bibe,
1373 545 1429 594 ἐι
1465 539 1662 595 similis
1690 552 1867 596 mane.
1900 541 2019 597 Noli
2049 551 2103 598 te

500 630 596 686 tibi
628 630 853 687 credere.
873 674 888 699 ,
922 648 1029 686 non
1059 632 1351 686 erubescas
1380 647 1541 703 egere
1571 634 1872 702 praesidiis,
1901 635 2102 706 quibus

497 738 607 779 non
643 725 836 795 egebat
856 724 1143 790 Christus;
1175 733 1230 779 et
1255 733 1434 779 tamen
1459 740 1520 780 ea
1542 740 1648 781 non
1678 726 2004 798 negligehat,
2043 739 2101 783 ut

499 832 554 874 te
594 818 818 874 doceret
864 818 1052 873 dicens
1078 834 1091 870 :
1122 816 1305 873 Cavete
1342 834 1407 873 ne
1425 829 1677 913 gravetur.
1695 836 1785 874 cor
1806 821 2102 874 vestrumin

494 912 616 966 vino
654 922 704 965 et
740 911 961 980 crapula
989 908 1141 979 (Luc.
1173 925 1293 975 xxi,
1327 912 1444 981 54).
1479 910 1595 967 Νοη
1630 908 1844 968 erubuit
1874 913 2098 981 Paulus,

495 1006 585 1076 qui
615 1006 690 1060 ait
715 1020 730 1058 ι
764 1004 855 1061 Sic
884 1016 1044 1071 certo,
1070 1021 1171 1059 non
1201 1015 1254 1059 ut
1277 1022 1399 1060 aera
1422 1007 1625 1062 ardens
1650 1007 1698 1077 (l
1720 1006 1841 1064 Cor.
1867 1024 1942 1077 ιιι,
1974 1008 2095 1079 26).

496 1102 640 1153 Aera
685 1098 905 1169 quidem
939 1112 1043 1153 non
1084 1096 1333 1154 candebat
1361 1098 1694 1171 Apostolus:
1728 1103 1822 1158 sed
1854 1112 2097 1173 potesta-

492 1199 578 1247 tes
624 1193 765 1247 aeris
818 1192 1162 1249 verberabat.
1219 1193 1329 1250 Sed
1370 1196 1597 1269 castigo,
1652 1194 1869 1268 inquit,
1910 1213 2098 1267 corpus

494 1300 693 1349 meum,
725 1293 771 1340 et
800 1287 1030 1341 servituti
1052 1286 1262 1357 redigo;
1291 1302 1354 1341 ne
1381 1290 1511 1359 forte
1540 1305 1656 1342 cum
1693 1291 1813 1344 aliis
1844 1290 2100 1359 praedica-

492 1380 674 1446 verim,
701 1382 811 1453 ipse
836 1380 1085 1452 reprobus
1111 1380 1346 1435 inveniar
1373 1379 1564 1454 (Ibid.,
1589 1383 1707 1455 27).

563 1473 654 1529 25.
687 1474 855 1531 Simul
880 1475 1249 1531 intirmitatem
1271 1487 1426 1531 suam
1449 1476 1698 1532 diabolus
1723 1476 2095 1548 malitiamque

492 1568 775 1641 designat;
804 1567 831 1608 δ
868 1571 995 1641 quia
1027 1569 1231 1625 nemini
1258 1579 1435 1640 potest
1464 1584 1663 1626 nocere
1688 1570 1962 1639 diabolus,
1991 1571 2093 1625 nisi

491 1665 611 1735 ipse
662 1676 721 1722 se
768 1666 996 1723 miserit.
1034 1665 1169 1722 Nam
1210 1668 1301 1737 qui
1336 1667 1543 1723 relictis
1571 1668 1912 1733 caelestibus,
1942 1669 2095 1740 eligit

489 1768 737 1828 terrena,
770 1759 1129 1815 voluntarium
1163 1758 1435 1831 quoddam
1471 1760 1835 1831 praecipitium
1862 1762 1987 1816 vita:
2016 1759 2094 1817 ia-

2208 555 2369 597 tuum.
2405 544 2461 600 in
2501 561 2608 615 quo
2647 552 2701 602 et
2748 547 3035 604 Dominum
3080 561 3135 605 et
3174 551 3345 607 Deum
3391 551 3668 607 CliriStum
3705 569 3718 607 :
3759 557 3817 607 et

2210 635 2421 693 Patrem
2465 650 2519 693 et.
2561 639 2754 695 Filium
2800 645 3083 712 potestatis
3126 646 3285 700 unius
3327 658 3448 701 esse
3486 644 3809 716 cognoscis,

2198 729 2353 800 juxta
2387 732 2529 802 quod
2562 736 2821 804 scriptum
2853 745 2975 791 est:
3016 736 3127 809 Ego
3155 747 3202 792 et
3235 736 3395 793 Pater
3428 755 3592 793 unum
3633 746 3818 794 sumus

2203 823 2394 898 (Joan.
2434 845 2462 881 ιι
2486 872 2499 894 ,
2534 827 2662 901 50).
2699 831 2762 884 Et
2794 831 2915 887 ideo
2945 832 2992 886 si
3028 831 3203 887 Unum
3233 832 3482 888 obtendit
3520 832 3806 900 diabolus,

2203 933 2432 975 occurre
2476 922 2528 977 ei
2576 924 2699 990 quia
2747 924 3011 992 scriptum
3058 932 3180 979 est:
3230 924 3343 997 Ego
3382 928 3428 980 et
3462 923 3623 980 Pater
3649 941 3810 979 unum

2201 1027 2397 1067 sumus.
2434 1012 2502 1067 Et
2531 1013 2806 1084 distingue
2837 1015 3042 1085 Unum,
3080 1020 3104 1048 ⁸
3138 1034 3206 1073 ne
3242 1026 3567 1087 potestatem
3596 1018 3808 1074 discer-

2200 1122 2329 1162 nas:
2354 1108 2625 1179 distingue
2652 1109 2846 1177 Unum,
2875 1126 2940 1167 ne
2964 1111 3179 1167 Patrem
3205 1110 3508 1184 Filiumque
3529 1128 3806 1169 secernas.

2273 1202 2454 1273 (Vers.
2487 1204 2569 1275 5.)
2596 1203 2660 1258 Et
2687 1202 2835 1259 duxit
2862 1206 3010 1261 illum
3034 1206 3272 1262 diabolus
3294 1209 3482 1262 iterum
3508 1208 3565 1262 in
3586 1217 3810 1262 montem

2198 1296 2506 1350 altissimum
2526 1339 2542 1365 ,
2574 1307 2620 1352 et
2649 1300 2871 1353 ostendit
2903 1300 2986 1355 illi
3016 1301 3192 1355 omnia
3223 1312 3382 1373 regna
3411 1300 3550 1357 orbis
3580 1310 3728 1356 terra:
3755 1300 3809 1355 in

2200 1400 2457 1443 momento
2490 1392 2756 1457 temporis.
3810 1398 3819 1399 ί

2267 1480 2360 1535 28.
2395 1481 2539 1537 Bene
2581 1488 2633 1537 tn
2676 1491 2956 1538 momento
2999 1484 3262 1554 temperis
3292 1485 3579 1541 azecularia
3609 1496 3663 1542 et
3695 1496 3809 1543 ter-

2198 1588 2329 1629 rena
2363 1585 2758 1631 monstrantur.
2794 1576 2910 1632 Non
2943 1579 3088 1633 enim
3121 1588 3230 1633 tam
3261 1586 3587 1650 conspectus
3615 1579 3807 1637 celeri-

2198 1676 2279 1722 tas
2308 1668 2600 1737 indicatur,
2634 1680 2796 1741 quam
2828 1669 3051 1727 caducae
3083 1671 3348 1742 iragilitas
3380 1675 3665 1742 potestatis
3702 1689 3806 1729 ex-

2196 1762 2489 1831 primitur;
2524 1763 2576 1817 in
2610 1772 2894 1819 momento
2923 1765 3069 1820 enim
3101 1775 3296 1821 cuncta
3330 1767 3419 1823 illa
3450 1777 3804 1837 praetereunt,

488 1855 667 1911 beatis
700 1854 945 1911 ineurrit.
970 1855 1144 1911 Simul
1176 1856 1431 1927 quoniam
1464 1857 1629 1912 telum
1659 1871 1814 1911 suum
1844 1856 2089 1912 diabolus
2118 1862 2166 1924 Β
2194 1864 2250 1911 et
2278 1867 2423 1926 stepe
2455 1856 2629 1912 honor
2669 1859 2853 1914 saeculi
2885 1859 2997 1913 abit
3043 1870 3332 1930 antequam
3382 1862 3615 1917 venerit.
3665 1863 3805 1930 Quid

488 1949 622 2005 vidit
649 1950 936 2017 obtusum,
968 1951 1059 2021 qui
1085 1965 1277 2007 omnes
1306 1951 1553 2007 homines
1582 1952 1815 2021 propriae
1845 1950 2095 2020 subjece-

487 2053 572 2097 rat
618 2043 897 2113 potestati,
928 2043 1047 2112 pius
1085 2044 1253 2114 ctepit
1302 2057 1462 2115 quam
1512 2043 1784 2099 hominem
1822 2042 2088 2112 judicare.

486 2133 593 2189 Sed
633 2134 898 2189 Dominus
929 2148 1115 2191 rursus
1154 2150 1254 2191 nec
1281 2150 1344 2191 ea
1383 2134 1598 2206 quidem
1640 2151 1758 2206 quae
1784 2135 1854 2191 de
1882 2150 1941 2190 se
1970 2133 2091 2190 fue-

484 2234 609 2281 rant
655 2227 972 2297 prophetata
1021 2228 1088 2283 ad
1134 2227 1420 2283 arbitrium
1466 2227 1669 2285 diaboli
1720 2229 1929 2299 putavit
1970 2243 2094 2285 esse

483 2316 730 2375 facienda
757 2338 771 2374 :
801 2321 897 2377 sed
923 2320 1224 2377 divinitatis
1251 2321 1487 2393 propria:
1510 2320 1831 2377 auctoritate
1853 2329 2089 2388 servata,

487 2411 744 2469 versutia;
782 2412 897 2485 ejus
930 2416 1204 2480 occurrit;
1231 2425 1287 2469 ut
1318 2414 1442 2483 quia
1471 2413 1874 2486 Scripturarnm
1901 2429 2094 2469 exem-

484 2504 635 2576 plum
684 2507 1068 2577 pratenderat,
1111 2507 1516 2585 Scripturarum
1559 2508 1873 2564 vinceretur
1901 2522 2091 2564 exemo

488 2603 612 2675 piis.
649 2603 897 2660 Potestas
935 2606 1080 2662 enim
1115 2600 1229 2661 Deo
1269 2606 1509 2671 vincere,
1556 2614 1579 2644 ε
1620 2605 1711 2675 qui
1742 2601 1875 2658 mihi
1896 2604 2087 2658 vincit.

557 2700 649 2755 26.
686 2702 841 2756 Disce
881 2700 969 2755 hic
1000 2716 1215 2771 quoque
1243 2698 1365 2769 quia
1392 2699 1625 2755 Satanas
1652 2697 2002 2769 transﬁgurat
2030 2710 2091 2752 se

484 2795 633 2850 velut
672 2794 923 2865 angelum
971 2796 1138 2863 lucis,
1182 2804 1236 2850 et
1276 2795 1346 2850 de
1383 2794 1684 2863 Scripturis
1716 2793 1848 2864 ipsis
1890 2792 2090 2847 divinis

482 2902 633 2957 saepe
673 2888 926 2961 laqueum
978 2889 1230 2944 ﬁdelibus
1274 2895 1447 2958 parat.
1495 2886 1586 2943 Sic
1617 2886 1906 2943 haereticos
1936 2884 2087 2954 facit,

483 2987 563 3042 sic
593 2988 859 3044 eviscerat
888 2985 1073 3053 (idem,
1107 2986 1185 3041 sic
1208 2983 1332 3055 jura
1362 2985 1578 3055 pietatis
1608 2983 1911 3054 impugnat.
1944 2982 2090 3053 Ergo

484 3098 592 3138 non
634 3090 684 3138 te
724 3083 903 3153 capiat
949 3081 1271 3145 haereticus;
1300 3080 1424 3149 quia
1470 3086 1648 3148 potest
1676 3078 1745 3134 de
1784 3078 2087 3148 Scripturis

482 3182 661 3251 aliqua
691 3176 937 3247 exempla
974 3173 1243 3246 profene,
1276 3182 1375 3227 nec
1403 3172 1506 3226 sibi
1539 3179 1759 3241 arroget
1783 3170 1926 3240 quod
1957 3170 2087 3225 doc-

2196 1951 2341 2005 enim
2365 1951 2547 2005 saeculi
2574 1959 2754 2020 potest
2775 1966 2896 2007 esse
2918 1952 3256 2021 diuturnum,
3277 1970 3395 2009 cum
3419 1959 3532 2026 ipsa
3551 1956 3806 2013 diuturna

2199 2058 2304 2097 non
2327 2044 2434 2097 sint
2456 2044 2677 2098 saecula?
2696 2044 2967 2100 Docemur
2990 2044 3077 2101 hic
3102 2047 3275 2102 inanis
3298 2048 3614 2103 ambitionis
3638 2047 3805 2104 ﬂabra

2195 2135 2479 2206 despicere
2500 2177 2516 2203 ,
2547 2137 2692 2208 quod
2724 2140 2902 2194 omnis
2930 2139 3168 2211 dignitas
3196 2140 3479 2196 surcularis
3518 2141 3807 2198 diabolica:

2195 2230 2474 2301 subjaceat
2497 2233 2799 2305 petestati:
2833 2233 2901 2287 ad
2936 2246 3091 2289 usum
3133 2233 3382 2305 fragilis,
3424 2243 3479 2290 et
3516 2235 3694 2291 inanis
3733 2236 3805 2291 ad

2196 2246 2474 2301 suojaceat

2196 2246 2539 2401 fructum/p

2265 2418 2357 2473 29.
2391 2418 2499 2475 Sed
2530 2418 2805 2490 quomodo
2832 2419 2919 2475 hic
2945 2419 3039 2476 dat
3068 2420 3321 2477 diabolus
3350 2430 3673 2493 potestatem
3700 2442 3713 2478 :
3747 2433 3803 2480 et

2194 2510 2324 2565 alibi
2356 2510 2575 2583 legitur,
2608 2512 2731 2583 quia
2767 2511 2946 2567 Omnis
2990 2524 3217 2583 potestas
3259 2532 3292 2568 a
3331 2514 3442 2570 Deo
3483 2524 3559 2569 est
3600 2516 3794 2586 (Rom.

2197 2620 2297 2660 xm
2317 2647 2331 2673 ,
2368 2606 2465 2673 ην
2493 2604 2765 2677 Numquid
2800 2614 2981 2677 potest
3009 2608 3131 2679 quis
3172 2608 3382 2663 duobus
3413 2609 3650 2664 dominis
3680 2624 3797 2665 ser~

2193 2699 2311 2754 vire
2337 2738 2350 2763 ,
2383 2708 2477 2754 aut
2505 2714 2533 2753 a
2567 2699 2777 2756 duobus
2816 2703 3068 2772 accipere
3112 2702 3485 2772 potestatem?
3527 2702 3798 2775 Numquid

2193 2808 2325 2863 ergo
2354 2796 2689 2850 contrarium
2722 2797 2849 2851 est?
2878 2796 3115 2853 Minime.
3149 2797 3259 2853 Sed
3290 2798 3413 2854 vide
3451 2800 3575 2870 quia
3616 2800 3797 2854 omnia

2192 2903 2220 2941 a
2258 2888 2405 2955 Deo;
2438 2903 2613 2960 neque
2638 2891 2781 2946 enim
2808 2891 2927 2951 sine
2959 2892 3072 2947 Deo
3100 2892 3373 2958 mundus;
3405 2894 3527 2961 quia
3559 2892 3623 2947 Et
3647 2902 3797 2947 mun-

2191 2980 2287 3034 dus
2317 2999 2407 3052 per
2436 2983 2605 3050 ipsum
2636 2986 2805 3054 factus
2846 2995 2918 3039 est
2959 2984 3140 3055 (Joan.
3173 3001 3225 3051 ι,
3271 2984 3426 3058 10):
3468 2986 3565 3041 sed
3605 2988 3733 3042 licet
3764 2996 3794 3043 a

2194 3074 2306 3127 Deo
2337 3072 2511 3129 factus
2538 3076 2653 3141 sit;
2689 3085 2868 3131 tamen
2899 3088 3067 3147 opera
3121 3080 3242 3149 ejus
3292 3079 3430 3133 mala
3453 3122 3467 3146 ,
3522 3083 3647 3151 quia
3687 3095 3791 3135 sar;

2190 3167 2368 3222 culum
2402 3169 2453 3221 in
2490 3169 2726 3239 maligno
2756 3170 2989 3241 positum
3016 3180 3137 3247 est;
3169 3179 3227 3227 et
3250 3173 3524 3228 ordinatio
3555 3174 3737 3229 mundi
3765 3192 3795 3230 a

484 3284 573 3328 tus
620 3270 853 3326 videtur.
888 3268 1069 3325 Utitur
1110 3270 1164 3321 et
1190 3264 1439 3320 diabolus
1469 3263 1794 3318 testimoniis
1842 3261 2088 3331 Scriptu-
2114 3266 2161 3330 ρ
2192 3262 2335 3330 Deo,
2370 3278 2535 3333 opera
2570 3266 2753 3320 mundi
2783 3280 2812 3319 a
2842 3267 2983 3320 malo
3016 3264 3195 3338 (Joan.
3233 3282 3285 3335 v,
3320 3266 3431 3337 i9).
3468 3269 3541 3323 Ita
3571 3270 3731 3324 etiam
3765 3285 3795 3325 a

480 3381 664 3422 rarum
697 3378 800 3419 non
832 3374 890 3419 ut
920 3362 1132 3426 doceat,
1162 3357 1257 3415 sed
1294 3368 1351 3413 ut
1383 3356 1798 3412 circumscribat
1828 3366 1884 3410 et
1910 3354 2079 3409 fallat.

483 3458 747 3530 Cognovit
779 3458 1013 3528 aliquem
1044 3464 1310 3510 attentum
1348 3450 1619 3521 religioni,
1652 3448 1941 3503 virtutibus
1970 3448 2085 3502 cla-

480 3568 623 3616 rum,
648 3551 813 3621 signis
838 3557 893 3605 et
914 3547 1171 3619 operibus
1199 3551 1593 3617 praepeteutem
1621 3558 1635 3595 :
1660 3542 1937 3612 jactantia:
1966 3548 2083 3595 ten-

478 3648 558 3703 dit
610 3648 883 3717 laqueum,
940 3650 996 3699 ut
1045 3641 1353 3713 iiujusmodi
1400 3640 1576 3694 virum
1628 3634 1780 3693 inliet
1828 3644 2078 3700 tumore;

486 3732 696 3815 1341
729 3744 835 3811 quo
866 3737 1048 3809 pietati
1080 3749 1140 3791 se
1169 3744 1278 3789 non
1302 3732 1511 3798 credat,
1545 3729 1643 3786 sed
1671 3729 2083 3798 credatjacteu-

478 3838 569 3891 tiae
594 3853 606 3888 :
634 3851 734 3889 nec
762 3833 871 3888 Deo
894 3832 1135 3901 deputet,
1170 3828 1265 3885 sed
1287 3828 1389 3882 sibi
1420 3833 1657 3895 arroget.
1693 3823 1931 3895 ideoque
1950 3838 2083 3893 apo-

476 3928 603 3984 stoli
639 3943 745 3982 non
776 3926 827 3981 in
852 3936 973 3991 suo,
998 3922 1094 3979 aed
1117 3923 1169 3978 in
1191 3920 1393 3977 Christi
1424 3920 1645 3976 nomine
1674 3916 1960 3973 daemoniis
1983 3919 2082 3970 im-

477 4022 786 4093 perabant;
826 4035 895 4075 ne
942 4031 1201 4089 arrogare
1242 4014 1346 4070 sibi
1376 4013 1577 4085 aliquid
1614 4012 1954 4068 viderentur.
1989 4010 2080 4066 Sic

480 4114 675 4171 Petrus
696 4110 725 4151 τι
774 4112 1131 4185 paralyticum
1160 4118 1315 4165 curat
1343 4109 1533 4165 dicens
1569 4125 1585 4164 :
1616 4105 1683 4160 In
1722 4105 1929 4160 nomine
1953 4102 2080 4159 Jesu

481 4207 746 4264 Nazareni
793 4211 965 4280 surge,
1011 4213 1058 4262 et
1088 4206 1294 4260 ambula
1325 4204 1465 4278 (Aet.
1510 4219 1590 4270 tn,
1619 4201 1698 4271 6).
1729 4202 1886 4257 Disce
1911 4202 2079 4256 etiam

479 4306 551 4362 de
601 4304 764 4360 Paulo
790 4301 1105 4371 jactantiam
1139 4299 1345 4371 fugere.
1377 4298 1531 4364 Scio,
1558 4296 1755 4368 inquit,
1783 4294 2076 4361 hominem,

475 4399 584 4453 sive
610 4397 663 4452 in
711 4404 957 4467 carpare,
988 4395 1092 4449 sive
1130 4404 1277 4448 extra
1306 4402 1495 4457 corpus
1528 4391 1730 4455 nescio,
1768 4386 1911 4442 Deus
1950 4387 2077 4453 scit,

474 4494 716 4563 quoniam
736 4500 917 4561 raptus
945 4490 1091 4545 estin
1116 4487 1438 4559 paradisum,
1476 4494 1525 4539 et
1547 4483 1745 4538 audivit
1772 4480 1922 4536 verba
1946 4484 2079 4551 inef-

476 4582 657 4655 fabilia
681 4625 697 4651 ,
735 4599 849 4653 qua:
901 4598 1004 4638 non
1043 4583 1159 4637 licet
1205 4580 1403 4635 homini
1429 4577 1586 4650 loqui.
1635 4575 1747 4632 Pro
1777 4574 2079 4649 hujusmodi

2190 3355 2298 3410 Deo
2328 3365 2657 3426 potestatum
2689 3358 2962 3414 ordinatio
2992 3376 3006 3414 :
3038 3374 3065 3413 a
3102 3360 3245 3415 malo
3284 3361 3511 3416 ambitio
3554 3370 3795 3430 potesta-

2187 3452 2277 3506 tis.
2313 3452 2591 3524 Deniqtte:
2630 3451 2752 3509 Non
2786 3464 2898 3523 est,
2943 3455 3153 3526 inquit,
3197 3466 3417 3526 potestas
3456 3458 3559 3511 nisi
3584 3472 3614 3511 ο
3641 3454 3793 3513 Deo:

2185 3558 2300 3615 qua:
2324 3552 2494 3600 autem
2521 3555 2671 3610 sunt,
2704 3564 2734 3600 a
2761 3544 2869 3603 Deo
2894 3550 3147 3603 ordinatae
3171 3558 3291 3604 sunt
3316 3549 3493 3621 (Rom.
3528 3566 3626 3605 xm
3646 3593 3661 3617 ,
3697 3552 3749 3620 1)
3775 3568 3790 3616 ;

2186 3652 2292 3693 non
2326 3639 2466 3694 datae
2490 3681 2502 3705 ,
2533 3640 2628 3696 sed
2660 3641 2966 3697 ordinatae:
3001 3649 3089 3709 et,
3138 3641 3238 3707 Qui
3276 3644 3466 3697 resistit
3511 3646 3789 3713 potestati,

2185 3730 2284 3787 Dei
2302 3774 2315 3796 ,
2349 3734 2552 3802 inquit,
2576 3735 2891 3789 ordinationi
2916 3736 3111 3790 resistit
3133 3734 3321 3808 (lbid.,—
3346 3734 3423 3808 Ξ).
3450 3736 3547 3792 Hic
3574 3750 3790 3809 quoque

2185 3825 2314 3880 licet
2345 3825 2492 3881 dicat
2520 3826 2653 3882 dare
2682 3842 2742 3883 se
2784 3828 3035 3883 diabolus
3080 3835 3442 3899 potestatem,
3484 3832 3667 3885 omnia
3710 3842 3790 3886 ta-

2185 3934 2309 3974 men
2341 3919 2432 3974 illa
2463 3920 2529 3975 ad
2564 3930 2777 3992 tempus
2811 3925 3075 3992 permissa
3116 3923 3219 3977 sibi
3265 3936 3388 3979 esse
3429 3938 3536 3978 non
3577 3923 3784 3978 abnuit.

2185 4014 2370 4085 Itaque
2414 4015 2503 4085 qui
2540 4015 2823 4085 permisit,
2856 4016 3126 4071 ordinavit
3154 4035 3167 4071 :
3202 4031 3303 4072 nec
3334 4026 3573 4088 potestas
3605 4019 3741 4072 mala
3770 4060 3785 4085 ,

2183 4109 2279 4164 sed
2313 4110 2358 4164 is
2386 4109 2478 4180 qui
2522 4110 2663 4164 male
2704 4110 2872 4166 utitur
2913 4120 3202 4182 potestate.
3252 4112 3528 4183 Denique,
3570 4112 3658 4167 Vis
3686 4129 3789 4167 non

2189 4201 2400 4275 1342
2443 4204 2619 4257 timere
2660 4205 3008 4275 potestatem?
3050 4201 3165 4258 Fac
3213 4205 3433 4272 bonum,
3484 4214 3531 4259 ct
3581 4204 3790 4260 habebis

2183 4296 2391 4351 laudem
2420 4313 2486 4350 ea:
2513 4297 2608 4352 illa
2636 4294 2844 4368 (Ibid,
2876 4298 2969 4368 5).
3012 4296 3129 4352 Non
3160 4312 3292 4369 ergo
3325 4308 3564 4368 potestas
3606 4298 3741 4353 mala
3769 4337 3786 4364 ,

2182 4391 2277 4446 sed
2309 4391 2555 4445 ambitio.
2593 4391 2833 4461 Denique
2861 4406 2928 4447 eo
2957 4406 3127 4462 usque
3157 4406 3185 4445 a
3220 4392 3331 4447 Deo
3369 4389 3641 4447 ordinatio
3684 4406 3783 4461 po-

2183 4486 2396 4541 testatis
2426 4501 2441 4551 ;
2477 4495 2533 4540 ut
2567 4485 2661 4541 Dei
2694 4485 2942 4541 minister
2971 4485 3078 4551 sit,
3112 4486 3202 4555 qui
3236 4486 3374 4541 bene
3400 4486 3568 4539 utitur
3610 4495 3790 4555 potes-o

2183 4590 2295 4636 tate
2320 4598 2333 4634 :
2366 4578 2501 4647 Dei,
2547 4581 2754 4651 inquit,
2787 4581 3019 4634 minister
3046 4588 3118 4633 est
3147 4581 3237 4634 tibi
3266 4581 3318 4635 in
3351 4579 3541 4634 bonum
3570 4578 3590 4652 (
3617 4578 3783 4647 lbid.,

475 4652 761 4753 aloriabor,
790 4694 885 4749 pro
911 4694 992 4731 me
1025 4686 1197 4730 autem
1221 4693 1321 4730 non
1351 4672 1635 4747 gloriabor,
1662 4672 1763 4726 nisi
1786 4671 1838 4725 in
1858 4669 2082 4739 inﬁrmi-
2108 4652 2157 4712 Ῑ)
2183 4675 2278 4748 4),
2312 4675 2431 4732 Non
2463 4690 2594 4748 ergo
2626 4677 2869 4730 muneris
2901 4676 3077 4742 aliqua
3111 4674 3266 4745 culpa
3299 4684 3382 4731 est
3404 4716 3417 4739 ,
3450 4674 3546 4730 sed
3590 4675 3787 4729 minis.

470 4773 658 4827 tatibus
684 4771 808 4824 uteis
840 4768 906 4841 (ll
927 4766 1048 4824 Cor.
1081 4784 1175 4835 xu,
1202 4767 1347 4837 5-5).

543 4864 635 4919 27.
672 4862 813 4933 Ergo
843 4870 897 4918 et
925 4862 1011 4917 hic
1038 4860 1319 4927 diabolus,
1351 4860 1607 4931 quoniam
1642 4858 1835 4913 l‘ortem
1869 4858 2072 4925 sensit,

461 4956 781 5029 jactantiam
814 4955 1125 5027 praetendit,
1158 4969 1280 5026 quae
1310 4955 1472 5010 etiam
1505 4950 1674 5008 fortes
1705 4951 1944 5021 decipit:
1977 4953 2073 5008 sed

542 5107 568 5134 ἰ
597 5096 801 5152 Omnes
831 5093 965 5152 edit.
991 5108 1055 5149 ac
1087 5107 1219 5147 mss.
1239 5088 1508 5154 nonnulli,
1528 5104 1642 5143 cum
1669 5086 1795 5142 dicit
1822 5106 1834 5142 :
1873 5086 2063 5156 Homo,

469 5169 618 5241 fortis
654 5175 782 5234 esto,
831 5176 875 5220 et
913 5166 1098 5241 similis
1131 5172 1300 5241 mane,
1334 5163 1539 5241 ultima:
1563 5159 1737 5241 Paris.
1761 5159 1995 5241 etlit.,_et
2024 5162 2069 5215 si

464 5232 617 5296 malis
646 5232 812 5293 istane.
848 5234 956 5294 Sed
998 5248 1128 5293 mss.
1161 5237 1229 5291 de
1261 5234 1471 5289 meliori
1509 5241 1637 5288 nota
1672 5239 1729 5286 et
1750 5232 1940 5302 majori
1970 5249 2071 5288 nu-

463 5328 640 5376 mero,
684 5328 799 5369 eum
839 5311 962 5365 dicit
996 5311 1158 5373 ,home
1187 5323 1205 5364 .'
1255 5303 1431 5360 Fortis
1457 5320 1531 5376 es,
1563 5316 1671 5365 etc.
1713 5304 1939 5370 Melius;
1965 5305 2070 5362 hoc

468 5374 634 5440 enim
669 5383 904 5438 refertur
941 5381 1009 5435 ad
1059 5380 1309 5450 superius
1349 5374 1522 5432 illud:
1559 5376 1883 5450 Consequens
1910 5388 1981 5432 est
2014 5380 2069 5432 ut

468 5474 559 5528 per
590 5455 845 5509 hominem
865 5453 1108 5528 diabolus
1129 5448 1185 5528 te
1210 5457 1348 5528 putet
1375 5465 1483 5528 esse
1505 5448 1828 5503 tentandum.

540 5526 569 5567 δ
606 5528 765 5583 Rom.
811 5526 1157 5598 editxgsolaﬂ
1181 5519 1635 5593 quiuiueminem“
1661 5530 1823 5591 potest
1874 5519 2073 5575 mittere

468 5601 732 5656 deorsum.

541 5683 563 5711 ο
594 5674 796 5725 Onines
832 5668 966 5725 edit.
1010 5681 1073 5721 ac
1100 5680 1232 5720 mss.
1269 5680 1376 5718 non
1410 5663 1590 5733 pauci,
1623 5662 1901 5733 Scriptura
1936 5662 2064 5717 mihi

462 5744 635 5798 uincit.
668 5743 738 5796 At
762 5757 893 5795 mss.
930 5738 1171 5795 melioris
1201 5746 1367 5800 notae,
1398 5737 1485 5806 qui
1516 5735 1642 5788 mihi
1674 5736 1848 5788 vincit.

534 5806 559 5850 δ
592 5816 683 5871 Sic
709 5827 899 5871 omnes
917 5825 1044 5865 mss.
1075 5825 1139 5865 ac
1168 5818 1272 5865 vel.
1302 5805 1433 5864 edit.
1465 5808 1620 5863 Rom.
1652 5805 2065 5874 vero,claudum

462 5900 631 5959 curat.
659 5874 765 5941 Sed
791 5890 920 5969 quid
949 5892 994 5953 si
1024 5911 1146 5957 eum
1176 5912 1243 5956 ex
1285 5899 1557 5973 paralysi,
1597 5915 1693 5957 seu
1728 5898 2065 5979 resolutione

2184 4771 2289 4825 tri:
2326 4784 2427 4826 nec
2459 4770 2552 4825 Dei
2585 4778 2764 4840 potest
2791 4770 3063 4824 ordinatio
3103 4768 3431 4840 displicere,
3474 4769 3568 4825 sed
3612 4769 3789 4824 adiui-

2181 4863 2466 4918 nistrantis
2511 4864 2673 4918 actio.
2725 4861 2871 4917 Nam
2900 4873 2957 4918 ut
2996 4863 3064 4919 de
3104 4863 3422 4919 caelestibus
3460 4864 3525 4917 ad
3572 4874 3785 4920 terrena

2181 4955 2491 5012 derivemus
2519 4955 2863 5026 exemplum,
2915 4956 3009 5011 dat
3055 4955 3317 5010 honorem
3366 4954 3681 5026 imperator,
3731 4966 3790 5012 et

2172 5106 2463 5148 nervorum
2500 5090 2837 5146 claudicasse
2881 5098 3032 5144 ratus
3077 5098 3161 5143 est
3206 5101 3390 5144 noster
3418 5088 3789 5147 Ambrosius?

2257 5172 2279 5200 ⁸
2318 5163 2459 5217 Edit.
2506 5163 2698 5228 Rom.,
2745 5179 2846 5216 non
2895 5171 2951 5216 ut
3003 5168 3303 5233 potestatem
3353 5162 3648 5230 discernas,
3695 5164 3788 5218 sed

2173 5245 2229 5289 ut
2258 5232 2468 5288 Patrem
2495 5234 2797 5303 Filiumque
2822 5232 3080 5288 secernas.
3122 5233 3449 5302 Perspicuus
3483 5249 3709 5297 sensus,
3738 5237 3786 5291 si

2175 5321 2285 5377 quo
2325 5322 2458 5363 mss.
2497 5317 2588 5360 aut
2619 5307 2845 5360 aliarum
2871 5306 3005 5360 edit.
3039 5306 3293 5373 praesidio
3323 5308 3652 5361 lirmaretur.
3679 5307 3788 5363 Ve-

2176 5388 2345 5433 terem
2389 5379 2552 5448 igitur
2593 5378 2879 5432 lectionem
2922 5379 3352 5446 interpretamur
3393 5378 3444 5431 in
3489 5380 3634 5432 hunc
3668 5395 3786 5433 mo-

2176 5450 2304 5505 dum
2333 5470 2345 5503 :
2379 5450 2579 5518 Accipe
2603 5464 2807 5520 vocem
2832 5490 2846 5514 ,
2887 5466 3087 5514 unum,
3130 5465 3197 5503 eo
3235 5449 3467 5505 consilio
3509 5452 3780 5520 positam,

2174 5537 2245 5577 ne
2276 5521 2452 5576 Patris
2481 5536 2545 5577 ac
2572 5519 2691 5575 Filii
2739 5529 3061 5590 potestatem
3106 5520 3449 5590 distinguas,
3495 5522 3578 5577 vel
3618 5522 3780 5579 aliam

2166 5608 2457 5660 personam
2488 5594 2557 5647 ab
2586 5592 2689 5646 alia
2720 5607 2989 5662 separes;
3026 5608 3145 5646 nam
3193 5603 3249 5646 ut
3288 5591 3365 5646 ait
3407 5593 3576 5648 Hilar.
3611 5609 3680 5650 vn
3712 5595 3781 5653 de

2166 5664 2367 5719 Trinit.
2398 5682 2410 5717 :
2443 5663 2508 5718 In
2539 5663 2730 5718 divinis
2760 5665 2995 5735 personis
3025 5665 3155 5718 nihil
3184 5664 3444 5718 diversum
3469 5704 3481 5718 .
3514 5705 3527 5718 .
3559 5710 3571 5722 .
3601 5707 3615 5721 .
3648 5664 3782 5721 nihil

2167 5737 2481 5805 separabile,
2510 5745 2642 5802 ctc.,
2676 5751 2798 5791 cum
2833 5735 2993 5790 Pater
3028 5737 3076 5789 in
3110 5735 3278 5802 Filio,
3300 5746 3355 5790 et
3390 5736 3560 5792 Filius
3588 5739 3641 5792 in
3674 5739 3779 5792 Pa-

2168 5817 2251 5882 tre
2276 5808 2352 5882 sit
2382 5810 2592 5882 unitate
2623 5818 2851 5882 naturae.
2876 5808 3017 5882 Quae
3047 5806 3221 5882 fusius
3258 5809 3502 5879 etplicat
3544 5809 3777 5882 ipsemet

2166 5877 2492 5953 Ambrosius
2520 5880 2613 5937 lib.
2647 5896 2663 5936 ι
2694 5880 2762 5936 de
2792 5878 2950 5955 Fide,
2977 5893 3097 5957 cap.
3135 5880 3194 5938 2.
3334 5877 3348 5879 ⁷
3564 5877 3577 5897 "
