4014 6486
40 362 262 419 seat
308 427 350 446 ._
1115 357 1481 416 EXPOSITIO
1518 355 1714 419 evan

1832 359 1973 421 SEC.
2014 359 2171 422 LUC.
2217 363 2348 422 LIB.
2390 364 2483 420 iV.
3316 370 3463 428 £62!

45 479 300 536 habet
328 473 573 535 laudem.
597 473 748 546 Quod
775 475 820 532 si
841 475 964 547 quis
987 474 1126 531 male
1157 475 1364 529 honore
1393 487 1524 530 usus
1555 474 1742 542 fuerit,
1775 483 1825 544 Α
1852 476 2130 532 radicibus
2170 478 2352 534 nullus
2393 491 2623 534 occasus
2647 486 2731 536 est
2761 497 2774 536 :
2806 489 2859 537 at
2893 481 2949 538 in
2986 482 3124 540 mari
3151 482 3456 542 furentibus

47 587 223 628 non
293 572 652 643 imperatoris
699 578 780 626 est
824 568 1017 639 culpa,
1052 577 1078 605 ε
1118 567 1216 622 sed
1262 565 1482 637 judicis.
1537 566 1750 623 Habent
1852 575 2065 638 ventis,
2108 574 2210 630 etsi
2254 589 2360 630 non
2403 576 2646 630 omnium
2689 576 3060 649 naufragium,
3091 581 3332 638 omnium
3378 591 3460 637 ta-

51 681 287 722 reum
326 675 490 723 suum
519 665 746 722 crimina
773 707 787 730 ,
821 678 928 718 non
958 663 1084 735 quia
1116 667 1360 734 potestas
1390 677 1750 733 unumquem-
1853 681 1974 722 men
2008 668 2304 736 periculum
2331 677 2436 724 est.
2463 667 2541 724 Ita
2569 669 2716 725 enim
2745 671 2989 727 adversis
3016 671 3235 728 ﬂatibus
3263 675 3458 746 nequi-

50 774 218 829 que
251 803 270 827 ,
305 761 410 816 sed
443 758 644 814 malitia
675 773 770 814 sua
803 757 1068 828 implicat.
1849 760 1937 815 tia:
1964 760 2243 829 spiritalis,
2274 762 2455 816 nullus
2480 763 2532 816 in
2559 777 2724 819 arena
2753 766 2836 819 vel
2867 765 2921 819 in
2952 765 3070 819 salo
3096 774 3246 823 tutus
3276 775 3379 833 est,
3403 774 3462 824 et

167 855 295 912 30.
332 853 477 925 Quid
508 852 686 924 ergo?
717 852 926 908 Bonum
959 855 1045 907 est
1073 850 1149 906 uti
1183 855 1484 922 potestate,
1525 848 1746 905 studere
1849 870 2015 910 naves
2051 856 2277 913 Tharsis
2313 859 2628 914 vehementi
2664 875 2811 930 smpe
2848 860 3042 931 spiritu
3072 871 3454 918 conteruntur.

57 945 332 1003 honori
358 945 385 1000 2
414 946 621 1004 Bonum
653 948 699 1003 si
733 945 1032 1011 deferatur,
1076 960 1182 1000 non
1224 943 1506 1011 eripiatur.
1541 943 1745 998 Distin-
1847 948 1976 1004 Haec
2017 952 2318 1006 moraliter.
2641 954 2644 956 ‘

59 1057 216 1113 gue
260 1051 461 1099 tamen
495 1041 598 1097 hoc
627 1042 804 1111 ipsum
837 1041 1060 1096 bonum.
1094 1038 1249 1094 Alius
1291 1036 1436 1092 enim
1482 1035 1658 1092 bonus
1689 1036 1741 1090 in
1917 1042 2006 1097 55.
2041 1043 2308 1098 Craterum
2340 1044 2483 1114 quod
2513 1045 2580 1100 ad
2611 1047 2900 1117 mysticum
2932 1047 3184 1105 ordinem
3216 1058 3453 1119 spectat,

63 1137 376 1205 saeculo,
427 1135 568 1192 alius
619 1134 874 1206 perfecta:
923 1134 1137 1188 virtutis
1186 1147 1352 1198 usus;
1403 1132 1603 1186 bonum
1658 1137 1744 1187 esi
1844 1139 2024 1193 cernis
2055 1138 2254 1194 vetusti
2281 1139 2485 1193 erroris
2516 1139 2726 1194 vincula
2757 1141 2868 1195 suis
2899 1141 3137 1196 resoluta
3169 1141 3452 1212 vestigiis;

72 1229 276 1283 enim
313 1228 718 1299 cognoscenda:
746 1227 1039 1282 divinitatis
1070 1224 1304 1280 studium
1328 1267 1344 1291 ,
1388 1224 1553 1278 nullis
1582 1237 1745 1279 occu-
1842 1242 1902 1286 ut
1933 1231 2107 1299 primo
2131 1232 2274 1303 gulae
2293 1265 2310 1299 ,
2341 1241 2364 1268 ε
2389 1232 2631 1288 secundo
2664 1233 2940 1289 facilitatis
2963 1273 2978 1298 ,
3006 1236 3166 1291 tertio
3195 1237 3448 1292 ambitio-2

69 1322 451 1392 pallnnibuS
483 1321 756 1394 impediri-
792 1321 921 1376 Nam
964 1319 1076 1385 015i.
1108 1317 1273 1373 "Nlla
1317 1319 1456 1372 bona
1478 1357 1492 1381 ν
1525 1331 1629 1372 una
1664 1325 1740 1372 ιε’
1842 1326 1928 1381 nis
1957 1326 2182 1397 laqueus
2209 1327 2536 1382 solveretur.
2575 1326 2850 1383 Pellectus
2878 1338 2963 1382 est
2991 1330 3340 1388 enimAdam
3370 1331 3453 1386 ci-

70 1431 252 1472 men
288 1426 382 1471 est
408 1414 518 1472 vita
547 1425 750 1471 aeterna
776 1433 788 1469 :
829 1414 951 1468 Hac
980 1423 1055 1468 est
1085 1421 1256 1467 autem
1285 1413 1396 1468 vita
1421 1421 1615 1467 eterna
1635 1453 1650 1480 ,
1683 1427 1714 1466 κ

1842 1419 1951 1476 bo:
1991 1418 2010 1458 τ
2043 1431 2096 1476 et
2128 1422 2179 1475 in
2213 1421 2390 1475 locum
2418 1419 2724 1476 interdictae
2763 1421 2978 1476 arboris
3005 1423 3294 1478 sententia:
3320 1423 3455 1479 faci-

78 1520 450 1582 cognoscaut
479 1519 530 1565 te
556 1510 724 1564 solum
750 1524 919 1564 verum
951 1506 1112 1562 Deum
1133 1547 1149 1574 ,
1181 1517 1228 1561 et
1255 1523 1406 1576 quem
1433 1507 1618 1561 misisti
1642 1505 1739 1561 leo
1840 1511 1993 1567 litate
2021 1521 2363 1581 trangressus
2383 1555 2398 1579 ,
2433 1513 2736 1586 temerariae
2761 1528 2979 1584 quoque
3003 1515 3319 1570 ambitionis
3349 1519 3455 1571 cri-

40 1621 44 1634 ι
82 1619 240 1659 sum
271 1603 542 1661 Christum
569 1603 760 1673 (Joau.
795 1615 939 1666 xvtt,
972 1599 1063 1672 5).
1100 1601 1164 1656 Et
1214 1600 1339 1656 ideo
1367 1601 1490 1656 vitae
1519 1609 1741 1657 :elernae
1841 1621 1965 1660 men
2006 1605 2254 1672 incurrit,
2279 1605 2408 1661 dum
2436 1606 2851 1661 similitudinem
2884 1605 3185 1661 divinitatis
3208 1607 3448 1663 aﬂ‘ectat.

84 1702 406 1756 maximus
447 1698 652 1754 fructus
673 1739 688 1765 ,
719 1704 776 1752 et
813 1699 968 1752 solus
1013 1697 1156 1751 Deus
1194 1696 1320 1750 vitae
1360 1703 1742 1751 remuneratur
1842 1697 1910 1752 Et
1938 1697 2058 1753 ideo
2089 1697 2239 1768 prius
2270 1698 2532 1752 Dominus
2559 1698 2761 1754 veteris
2793 1713 2966 1754 nexus
2995 1699 3160 1754 solvit
3194 1700 3408 1769 injuriae
3437 1719 3453 1765 ;

84 1803 354 1850 aeternas
385 1801 489 1849 est.
518 1791 706 1848 Solum
734 1790 906 1848 Deum
934 1798 991 1846 et
1013 1789 1302 1845 Dominum
1333 1798 1578 1844 nostrum
1609 1789 1742 1844 ado—
1842 1799 1903 1845 ut
1944 1805 2045 1846 nos
2085 1791 2219 1862 jugo
2261 1790 2596 1861 captivitatis
2640 1806 2910 1857 excusso,
2958 1792 3178 1848 vincere
3219 1792 3453 1850 crimina

82 1901 310 1941 remus
337 1925 350 1951 ,
383 1892 439 1940 et
480 1883 582 1956 ipsi
632 1884 734 1940 soli
787 1882 1091 1940 serviamus
1120 1899 1134 1949 ;
1182 1893 1237 1938 ut
1280 1884 1428 1939 solus
1474 1883 1590 1952 ipse
1638 1897 1739 1939 nos
1769 1891 1818 1956 Β
1844 1881 2250 1953 Scripturarum
2279 1881 2537 1952 praesidio
2565 1880 2929 1938 disceremus.

79 1979 302 2034 fructu
337 1984 648 2034 remuneret
675 1977 1031 2048 amplissimo.
1074 1977 1367 2049 Fugiamus
1396 1977 1580 2032 omnia
1612 1992 1733 2049 quae
1909 1974 1997 2031 54.
2039 1975 2192 2044 Quod
2233 1976 2278 2030 si
2320 1975 2582 2031 Dominus
2618 1974 2778 2031 Jesus
2831 1975 3049 2045 propria
3096 1990 3203 2031 non
3231 1975 3452 2032 deside-

40 2105 48 2110 -
79 2067 409 2126 diabolicae
454 2070 742 2140 subjacent
787 2070 1079 2140 potestati;
1125 2085 1193 2125 ne
1241 2078 1515 2139 tamquam
1562 2070 1736 2126 malus
1835 2070 1972 2126 ravit
1994 2109 2008 2134 ,
2042 2080 2098 2124 tu
2126 2068 2299 2124 aliena
2329 2084 2430 2123 cur
2457 2068 2711 2139 quaeras?
2739 2069 2794 2125 Si
2823 2077 3038 2124 creator
3067 2069 3308 2124 omnium
3340 2086 3448 2124 sa:-

80 2175 390 2238 tyrannus
419 2166 472 2222 in
501 2181 619 2230 eos,
653 2180 792 2235 quos
819 2166 960 2221 intra
990 2181 1148 2222 suum
1179 2179 1402 2238 regnum
1433 2166 1730 2234 invenerit,
1833 2163 1941 2222 culi
1967 2163 2216 2235 gloriam,
2243 2161 2541 2218 subeundae
2569 2163 2905 2234 paupertatis
2923 2163 3452 2234 virtute§comtemp—

81 2267 359 2329 acceptae
391 2258 600 2314 stcvitia
631 2258 916 2329 potestatis
945 2267 1150 2314 utatur.
1835 2260 1904 2315 sit
1935 2275 1948 2312 :
1991 2272 2087 2313 cur
2127 2266 2185 2311 tu
2222 2256 2468 2312 fastidias
2505 2256 2650 2328 quod
2693 2266 2850 2312 natus
2888 2272 2988 2324 es,
3030 2267 3255 2329 appetas
3294 2257 3449 2330 quod

67 2365 128 2385 κ’
151 2350 282 2406 '31.
314 2350 439 2407 Non
473 2365 606 2422 ergo
634 2365 662 2404 a
691 2351 909 2407 diabolo
936 2359 1176 2422 potestas
1214 2359 1296 2406 est
1321 2391 1335 2418 ,
1372 2350 1468 2406 sed
1495 2350 1730 2408 obnoxia
1833 2349 2132 2406 indebitum
2162 2349 2290 2404 est?
2327 2349 2438 2404 Cur
2476 2363 2539 2403 ea
2579 2363 2702 2420 qua:
2741 2347 2809 2404 ad
2850 2363 3005 2404 usum
3047 2349 3147 2406 tibi
3186 2349 3444 2406 diuturna

85 2452 300 2499 tamen
337 2444 553 2500 insidiis
580 2443 953 2526 diaboliyﬂec
983 2453 1162 2502 tamen
1195 2445 1316 2500 Ideo
1344 2446 1485 2501 mala
1513 2446 1734 2502 ordina-
1834 2461 1955 2504 esse
1981 2461 2088 2502 non
2119 2453 2345 2515 possunt
2365 2483 2380 2511 ,
2409 2443 2479 2500 ad
2507 2443 2835 2516 supplicium
2861 2443 3115 2500 diuturna
3141 2445 3451 2516 deposcas?

40 2579 49 2586 ..
91 2540 184 2593 tio
231 2544 570 2610 potestatum
595 2581 610 2605 ,
646 2539 773 2610 quia
812 2541 956 2596 malo
993 2539 1244 2596 obnoxiae
1280 2549 1596 2612 potestates.
1627 2542 1734 2597 Bo-
1833 2541 1978 2598 Cave
2025 2538 2280 2602 insidias,
2334 2553 2468 2592 cave
2514 2537 2752 2594 fraudes.
2806 2537 2875 2593 Et
2901 2537 3006 2594 hoc
3035 2539 3156 2609 ipso
3193 2539 3336 2609 quod
3377 2539 3446 2594 ad

40 2679 42 2682 ,
93 2647 246 2687 uttm
301 2641 388 2688 est
432 2631 577 2689 enim
623 2632 792 2687 Deum
837 2649 1120 2704 qum-rere,
1169 2633 1265 2690 sed
1306 2635 1522 2705 quidam
1563 2636 1733 2706 ipsius

40 2761 50 2793 ς
93 2725 495 2790 inquisitionis
532 2725 810 2781 anfractus
849 2735 906 2782 et
941 2744 1097 2783 error
1135 2729 1370 2799 obrepit.
1401 2729 1535 2784 Nam
1571 2732 1616 2785 si
1648 2731 1732 2786 in-

40 2863 48 2878 ,
98 2818 361 2887 quisitor
385 2820 437 2872 in
461 2819 802 2888 sacrilegium
827 2835 970 2875 smva
995 2823 1442 2892 interpretatione
1464 2832 1727 2892 vertatur,

99 2910 164 2965 in
200 2893 451 2965 deterius
480 2910 712 2966 vertitur
738 2911 1078 2982 qureremisb
1101 2911 1330 2978 oliettsa,
1359 2929 1521 2984 quam
1549 2915 1592 2970 si
1621 2925 1728 2971 non

99 3005 413 3075 quaesisset
441 3021 454 3058 :
486 3019 586 3060 nec
616 3013 794 3062 tamen
847 3005 1223 3076 inquisitionis
1243 3047 1258 3073 ,
1301 3006 1395 3062 sed
1423 3005 1731 3078 quaesitoris

99 3106 200 3154 est
244 3098 447 3167 culpa:
489 3113 593 3154 nec
633 3099 915 3168 inquisitio
956 3099 1192 3154 obnoxia
1235 3099 1400 3166 maio,
1446 3099 1541 3156 sed
1582 3115 1730 3172 quaer

40 3239 48 3272 τ
101 3191 296 3248 rentis
324 3189 570 3248 aﬂ‘ectus.
601 3191 756 3261 Quod
782 3194 826 3248 si
857 3192 904 3248 is
929 3194 1020 3264 qui
1051 3193 1214 3248 Deum
1241 3193 1437 3264 quaerit
1457 3233 1473 3262 ,
1505 3201 1730 3266 propter

1833 2635 2203 2692 subruendum
2232 2633 2512 2689 hominem
2549 2643 2720 2688 totum
2753 2642 2971 2688 versuta
3012 2633 3257 2689 diabolus
3290 2650 3450 2688 ntun-'

1833 2729 1962 2786 dum
1991 2729 2184 2784 fraude
2223 2727 2538 2793 concutiat,
2581 2727 2749 2782 totius
2789 2727 2971 2782 saeculi
3014 2736 3217 2798 pugnet
3257 2727 3448 2782 illece-

1833 2821 1945 2878 bris
1965 2861 1980 2888 ,
2007 2822 2126 2892 ejus
2153 2821 2247 2877 tibi
2278 2820 2537 2876 blanditia
2565 2820 2688 2890 plus
2711 2819 2952 2874 cavenda
2982 2827 3086 2874 est.
3121 2818 3240 2875 Non
3269 2818 3440 2874 Evam

1833 2915 1985 2970 cibus
2019 2913 2338 2980 inﬂexerat,
2371 2927 2477 2968 non
2512 2911 2892 2967 mandatorum
2933 2910 3137 2965 oblivio
3175 2910 3442 2966 destitue-

1833 3015 1955 3062 rat:
1987 3007 2083 3062 sed
2115 3005 2372 3078 promissi
2403 3004 2626 3061 honoris
2657 3003 2885 3060 ambitio
2923 3003 3243 3059 illecebrosa
3282 3003 3446 3060 dece-

1833 3104 1930 3174 pit.
1965 3102 2095 3171 Quae
2127 3103 2171 3157 si
2201 3101 2374 3157 solum
2424 3101 2711 3156 Dominum
2751 3098 2983 3154 adorare
3020 3097 3314 3165 voluisset,
3356 3099 3443 3154 itt-

1831 3197 2010 3254 debita
2045 3212 2149 3252 IlOtt
2184 3196 2491 3266 quaesisset.
2526 3195 2595 3250 Et
2634 3194 2755 3249 ideo
2796 3193 3096 3248 remedium
3135 3192 3295 3247 datur
3333 3207 3443 3263 quo

101 3283 472 3356 fragilitatem
505 3287 719 3352 carnis,
759 3295 815 3342 et
851 3287 1050 3341 mentis
1076 3287 1350 3356 angustias
1377 3301 1523 3358 saepe
1549 3297 1722 3343 lenta-
1751 3323 1798 3388 ρ
1831 3293 1997 3347 telum
2029 3290 2339 3346 ambitionis
2369 3289 2641 3344 obtundas
2664 3327 2678 3354 ,
2713 3297 2790 3343 ut'
2810 3287 2912 3343 soli
2956 3287 3188 3343 Domino
3229 3289 3438 3344 servia-

40 3435 50 3450 ι
105 3387 237 3445 tur;
270 3388 472 3450 quanto
499 3383 670 3451 magis
695 3381 786 3451 qui
815 3379 1074 3435 steeulum
1099 3383 1296 3451 quaerit
1315 3382 1583 3437 obnoxius
1607 3384 1720 3439 esti

105 3471 299 3542 Atque
335 3472 437 3528 hoc
478 3474 597 3544 ipso
637 3471 994 3543 perniciosior
1033 3471 1295 3541 ambitio,
1339 3475 1481 3544 quod
1525 3475 1722 3531 blanda

40 3625 48 3644 _
109 3566 366 3638 qtncdatu
389 3576 472 3622 est
491 3567 920 3624 conciliatricula
943 3567 1261 3638 dignitatum
1288 3584 1303 3634 ;
1331 3579 1384 3624 et
1413 3583 1561 3639 saepe
1584 3583 1723 3640 quos

116 3668 139 3699 ο
171 3660 307 3715 vitia
337 3660 476 3716 nulla
506 3660 817 3727 delectant,
848 3675 986 3732 quos
1011 3662 1151 3716 nulla
1181 3660 1358 3732 potuit
1385 3677 1604 3717 movere
1639 3661 1721 3716 lu-

111 3756 297 3820 xnria,
326 3755 470 3810 nulla
498 3757 723 3811 avaritia
747 3757 1099 3824 subvertere,
1129 3756 1258 3812 facit
1281 3759 1506 3813 ambitio
1531 3759 1718 3813 erimi-

114 3857 306 3908 noSos.
343 3849 512 3908 Habet
547 3852 692 3907 enim
731 3851 1003 3907 forensem
1041 3851 1270 3921 gratiam
1297 3893 1311 3917 ,
1352 3851 1710 3907 domesticum

43 4015 46 4018 ῃ
113 3943 303 3999 scelus
329 3961 342 3998 :
369 3950 424 3999 et
451 3954 506 3999 ut
528 3944 841 3999 dominetur
865 3943 988 3999 aliis
1007 3983 1022 4010 ,
1052 3943 1204 4013 prius
1230 3943 1421 3999 servit.
1449 3942 1716 3999 Curvatur

40 4105 44 4116 .
115 4038 404 4108 obsequio,
432 4047 493 4093 ut
518 4035 726 4094 honore
740 4037 976 4093 donetur
999 4059 1013 4096 :
1040 4034 1068 4074 ἀ
1085 4045 1140 4093 et
1157 4037 1285 4092 dum
1309 4038 1424 4092 vult
1443 4052 1564 4093 esse
1591 4037 1718 4093 sub-

40 4197 46 4212 ,
117 4131 303 4186 limior
339 4130 588 4186 simulata
639 4131 980 4195 humilitate,
1021 4131 1081 4186 ﬂt
1115 4131 1300 4197 vilior,
1338 4141 1392 4186 et
1432 4132 1490 4186 [ιι
1529 4132 1723 4186 remis-

119 4227 272 4292 sior;
299 4241 416 4280 cum
443 4227 495 4280 in
523 4226 636 4296 ipsa
667 4235 960 4296 potestate,
984 4225 1128 4296 quod
1158 4225 1452 4295 praecellit,
1481 4225 1734 4281 alienum.

40 4383 42 4386 ,
120 4319 234 4384 sit;
265 4317 470 4386 legibus
493 4319 638 4373 enim
666 4316 934 4386 imperat,
965 4317 1070 4374 sibi
1096 4317 1286 4372 servit.

40 4397 44 4410 ’
195 4411 285 4468 ⁸52.
316 4408 466 4465 Dicet
498 4408 728 4465 fortasse
763 4409 996 4481 aliquis,
1037 4410 1160 4482 quia
1199 4409 1350 4465 solus
1383 4409 1474 4479 qui
1510 4408 1712 4464 malum

124 4505 343 4571 fecerit,
383 4507 574 4570 timet;
606 4512 784 4558 tamen
814 4504 904 4574 qui
933 4517 1081 4559 mare
1107 4503 1355 4574 navigat,
1383 4503 1507 4573 plus
1537 4503 1710 4559 timet.

40 4597 42 4602 ’
128 4599 191 4653 Ει
212 4609 389 4654 contra
419 4599 470 4652 in
501 4597 766 4652 immobili
794 4604 1062 4652 terrarqu
1090 4597 1325 4652 statione
1352 4595 1562 4670 1353
1583 4613 1714 4652 con-

127 4694 315 4747 sistens
337 4733 350 4758 ,
379 4705 486 4746 non
517 4692 656 4746 solet
683 4691 879 4746 timere
915 4689 1254 4760 naufragium
1285 4707 1297 4742 :
1338 4699 1395 4744 at
1429 4690 1475 4746 si
1509 4690 1709 4746 mobile

131 4784 446 4852 conscendat
499 4783 869 4849 elementum,
925 4782 1383 4853 frequentioribus
1436 4781 1707 4838 obnoxius

132 4877 191 4934 ﬂt
217 4877 470 4950 periculis.
497 4877 647 4948 Fuge
679 4891 811 4947 ergo
834 4878 1020 4932 saeculi
1059 4892 1242 4941 mare,
1275 4885 1332 4931 et
1365 4875 1706 4947 naufragium

135 4989 233 5030 non
260 4973 483 5030 timebis.
517 4972 584 5026 Et
616 4973 662 5026 si
699 4972 1009 5042 frequenter
1043 4971 1299 5026 arborum
1336 4971 1570 5025 vertices
1604 4971 1708 5039 spi-

135 5070 348 5127 rantium
379 5068 669 5124 verberent
693 5065 859 5122 ﬂabra
889 5076 1174 5122 ventorum
1201 5082 1216 5132 ;
1245 5063 1494 5120 solidatis
1523 5073 1703 5120 tamen

203 5215 226 5250 α
253 5203 398 5268 Rom.
433 5201 568 5267 edit.
600 5209 715 5264 sola
738 5249 752 5271 ,
781 5208 869 5264 sed
898 5210 1105 5264 utentis.
1138 5207 1208 5262 At
1238 5199 1326 5261 hic
1354 5205 1438 5276 agi
1469 5204 1539 5260 de
1563 5203 1708 5276 judi-

138 5285 288 5350 ciaria
314 5291 573 5353 potestate
603 5279 808 5353 liquido
835 5281 1068 5352 probant
1093 5280 1400 5353 superiora.

204 5356 228 5395 ι)
258 5347 367 5412 Hzec
397 5356 560 5409 verba
582 5395 599 5421 ,
631 5347 799 5419 Quam
830 5347 873 5404 Si
902 5369 1002 5406 non
1033 5352 1294 5420 qua'sissel
1318 5366 1338 5415 ;
1366 5359 1418 5405 et
1449 5347 1708 5405 inferiora

143 5429 253 5490 illa,
280 5429 517 5482 obnoxius
547 5436 658 5492 est,
688 5425 821 5478 edit.
849 5424 1006 5477 Bonl.
1041 5425 1342 5493 rejecerat;
1374 5421 1470 5477 sed
1501 5435 1623 5476 cum
1657 5423 1709 5476 in

145 5512 242 5555 vet.
272 5501 387 5555 edit.
424 5514 486 5553 ac
515 5513 648 5552 mss.
680 5497 931 5551 omnibus
965 5497 1334 5562 inveniantur,
1368 5496 1559 5550 eadem
1604 5508 1710 5549 non

145 5575 393 5627 restitucrc
423 5572 483 5640 in
502 5572 770 5640 integrum
800 5567 988 5640 religio
1012 5567 1128 5621 fuit.

211 5656 228 5681 ε
258 5642 437 5698 Eadem
469 5638 639 5698 Rom:
659 5643 790 5695 edit.
819 5639 933 5694 sola
953 5683 966 5702 ,
998 5641 1120 5694 vitia
1150 5640 1292 5693 nulla
1319 5638 1631 5707 deﬂectunt;
1660 5641 1715 5692 et

149 5728 249 5784 post
288 5731 438 5781 oniten
481 5730 601 5768 cum
649 5714 874 5783 reliquis
915 5712 1049 5767 edit.
1091 5727 1154 5765 ac
1199 5713 1382 5781 paucis
1423 5725 1582 5772 mss.,
1616 5709 1711 5764 do-

152 5788 374 5841 mesticum
419 5785 745 5855 periculum;
778 5784 871 5839 sed
919 5800 1052 5839 mss.
1106 5785 1287 5855 plures
1330 5790 1386 5837 et
1429 5785 1707 5855 potiores,

153 5853 448 5928 domesticum
480 5857 669 5912 scelus.
718 5855 888 5928 Magis
918 5857 1165 5928 apposite
1194 5853 1260 5911 ad
1290 5853 1671 5912 antecedentia
1691 5897 1707 5923 ,

158 5927 257 6001 facit
281 5931 472 6001 ambitio
497 5927 821 5996 criminosas;

1828 3401 1987 3452 mus;
2019 3393 2170 3441 caret
2198 3385 2344 3440 enim
2373 3384 2674 3439 ambitione
2704 3383 2959 3454 religiosa
2991 3382 3227 3438 devotio.

1896 3477 2094 3550 (Vers.
2129 3479 2218 3534 15.
2245 3485 2264 3547 )
2296 3475 2362 3531 Et
2393 3485 2754 3532 consummata
2783 3476 2924 3530 omni
2955 3476 3238 3530 tentatione
3258 3513 3273 3540 ,
3315 3474 3436 3529 dia-

1822 3573 1970 3627 bolus
1997 3572 2206 3627 recessit
2235 3571 2298 3626 ab
2330 3570 2424 3626 illo
2456 3586 2616 3642 usque
2646 3569 2716 3623 ad
2745 3579 2963 3642 εειηριιε.

1893 3665 1982 3721 35.
2014 3663 2192 3734 Prope
2221 3663 2463 3719 omnium
2503 3662 2792 3718 criminum
2825 3661 3010 3717 fontes
3041 3661 3158 3717 haec
3198 3660 3302 3717 tria
3339 3676 3436 3732 ge-

1815 3774 1944 3814 nera
1977 3759 2420 3814 demonStrantur
2450 3772 2570 3814 esse
2599 3758 2874 3812 vitiorum.
2896 3756 3084 3827 Neque
3114 3757 3260 3810 enim
3293 3770 3431 3811 con-

1814 3863 2137 3911 suntmatam
2170 3867 2386 3908 omnem
2433 3852 2787 3907 tentationem
2832 3849 3112 3920 Scriptura
3157 3849 3430 3917 dixisset;

1814 3947 1918 4002 nisi
1950 3949 2002 4001 in
2037 3948 2120 4001 his
2149 3947 2322 4000 tribus
2351 3956 2496 4001 esset
2526 3945 2772 3999 omnium
2803 3943 3029 3998 materia
3061 3942 3428 4009 delictorum,

1818 4055 2048 4111 quorum
2081 4039 2289 4094 semina
2321 4039 2374 4092 in
2405 4039 2519 4109 ipsa
2548 4037 2758 4106 origine
2800 4045 2927 4091 sunt
2968 4033 3228 4090 cavenda.
3274 4033 3429 4090 Finis

1819 4148 1951 4205 ergo
1982 4133 2337 4187 tentationum
2357 4171 2372 4197 ,
2406 4129 2529 4184 finis
2558 4139 2643 4184 est
2671 4127 3064 4197 cupiditatum;
3093 4127 3217 4195 quia
3248 4139 3428 4181 causa:

1823 4225 2185 4282 tentationum
2213 4238 2391 4279 causae
2422 4223 2780 4294 cupiditatum
2824 4231 2968 4276 sunt.
3011 4221 3200 4274 Causa:
3239 4229 3426 4276 autem

1815 4317 2168 4389 cupiditatum
2198 4328 2322 4373 sunt
2353 4316 2535 4374 carnis
2575 4315 2869 4371 oblectatio
2890 4355 2907 4382 ,
2941 4313 3154 4384 species
3190 4313 3379 4383 gloria:
3403 4349 3421 4380 ,

1815 4413 2046 4470 aviditas
2101 4413 2376 4484 potentiae.
2433 4413 2605 4478 Quam
2661 4409 2976 4480 religiosum
3035 4409 3248 4463 videtur
3293 4415 3351 4462 ut
3396 4417 3424 4457 s

1812 4505 2298 4563 commorationem
2350 4503 2667 4560 christianze
2717 4501 2936 4558 feminae
2993 4515 3104 4556 non
3160 4501 3420 4556 recuses!

1813 4599 1920 4658 Sed
1967 4601 2158 4656 crebra
2205 4599 2330 4656 inde
2375 4599 2624 4656 tentatio.
2679 4597 2734 4654 Si
2782 4604 3023 4652 attentos
3071 4596 3186 4652 Deo
3231 4595 3428 4653 viderit

1812 4695 2094 4762 diabolus,
2137 4695 2376 4765 suggerit
2417 4703 2476 4748 ut
2512 4693 2747 4762 decipiat
2775 4691 2928 4762 ased
2970 4698 3026 4746 tu
3067 4691 3317 4762 quamvis
3355 4691 3424 4748 de

1814 4788 2098 4858 proposito
2127 4801 2459 4857 praesumas,
2493 4799 2627 4840 cave
2667 4783 3023 4839 tentationem
3050 4824 3064 4849 ,
3105 4784 3286 4837 sciens
3328 4799 3423 4836 na-

1811 4887 2007 4934 turam.
2052 4877 2180 4932 Haec
2232 4859 2368 4943 tria,
2414 4877 2460 4931 si
2501 4875 2842 4941 recorderis,
2887 4873 3050 4929 etiam
3090 4873 3289 4928 Paulus
3329 4888 3423 4929 ca-

1807 4970 1983 5026 venda
2029 4968 2366 5038 przescribit,
2411 4967 2704 5038 designans
2744 4975 2854 5020 tres
2893 4979 3015 5020 esse
3053 4966 3265 5035 species
3295 4979 3422 5034 pec-

1809 5075 2076 5132 catorum,
2104 5078 2133 5117 a
2166 5062 2360 5132 quibus
2387 5063 2524 5116 liber
2554 5069 2840 5131 exspectat
2873 5058 3100 5130 iustitiae
3137 5073 3419 5113 coronam.

1882 5199 1906 5240 d
1942 5201 2091 5257 Edit.
2136 5213 2327 5256 omnes
2366 5213 2430 5254 ac
2469 5213 2602 5254 mss.
2646 5195 2885 5268 aliquot,
2930 5195 2996 5250 Et
3023 5195 3146 5250 dum
3174 5196 3280 5251 vult
3306 5203 3418 5252 esse

1812 5276 2104 5340 sublimior,
2153 5275 2208 5342 ﬁt
2250 5273 2534 5326 remissior.
2582 5271 2713 5338 Qum
2754 5284 2885 5324 vero
2925 5269 3349 5338 interﬁciuntur,
3386 5281 3420 5323 e

1813 5364 2008 5404 novem
2037 5345 2257 5414 Oplintis
2286 5343 2568 5398 codicibus
2597 5343 2838 5414 restituta
2871 5351 3018 5414 sunt.

1890 5430 1913 5457 ε
1958 5410 2197 5474 Secundo
2258 5415 2544 5489 facilitatis.
2604 5414 2705 5468 Per
2763 5413 3076 5489 facilitatem
3135 5410 3413 5489 designari

1809 5493 2128 5564 jactantiant
2160 5502 2222 5542 ac
2252 5483 2542 5540 vanitatem
2574 5500 2636 5539 ex
2667 5485 3039 5564 superioribus
3065 5483 3414 5564 manifestum

1815 5556 1898 5620 est
1926 5585 1938 5619 :
1973 5575 2072 5616 nec
2100 5566 2374 5614 immerito
2403 5572 2572 5622 sane;
2604 5571 2727 5611 cum
2770 5557 2870 5610 hoc
2903 5556 3090 5609 vitium
3121 5571 3151 5609 e
3181 5556 3414 5624 quadam

1817 5635 1984 5690 animi
2019 5632 2275 5687 facilitate
2305 5629 2631 5698 levitateque
2658 5631 2882 5683 oriatur.

1897 5706 2010 5762 tIta
2027 5714 2334 5774 t'nss.atque
2361 5701 2620 5774 ant.edit.
2637 5702 2930 5774 incorpore
2945 5711 3157 5774 summo
3181 5710 3416 5751 consen.

1817 5785 1902 5836 Su.
1922 5779 2080 5836 Ront.
2097 5769 2301 5839 autem,
2315 5781 2361 5828 et
2377 5776 2428 5827 in
2443 5788 2588 5827 esum
2601 5771 2886 5825 interdicta:
2905 5769 3417 5841 arboris,etc.;quod

1817 5853 1906 5909 illa
1936 5867 1966 5905 e
1998 5847 2242 5920 margine
2273 5848 2405 5920 edit.
2423 5841 3060 5920 Era.acGill.n~anstu_lit
3087 5840 3139 5892 in
3171 5840 3418 5920 testum.

1891 5933 1917 5972 ε
1945 5922 2074 5979 Mss.
2118 5910 2364 5977 nottnulli
2398 5929 2521 5972 cum
2550 5915 2682 5972 edit.
2713 5912 2958 5978 Amerb.,
2982 5911 3103 5965 Era.
3132 5919 3185 5965 et
3211 5910 3430 6003 Paris."
