4156 6346
535 301 678 360 1625

1877 295 2125 358 SANCTI
2154 295 2478 356 AMBROSII

3695 297 3831 356 ιοει

530 420 714 493 Neque
741 423 878 478 enim
897 465 912 490 ,
945 423 1153 496 inquit,
1186 423 1239 477 i‘n
1266 422 1418 478 verba
1446 419 1762 476 adulationis
1791 420 2006 492 fuimus,
2040 435 2128 473 ηε·
2154 418 2206 476 Α
2236 425 2287 470 te
2311 435 2323 480 ;
2354 417 2554 473 mentis
2575 416 2721 473 enim
2749 416 2950 490 pariter
2971 425 3026 473 et
3050 384 3295 489 corporis
3315 423 3519 489 pugnat
3542 415 3830 474 ulceribus.

527 533 624 586 que
652 516 706 571 in
735 517 1006 572 occasione
1025 517 1289 582 avaritiae,
1322 514 1460 570 Deus
1487 516 1627 570 testis
1655 523 1728 569 est
1749 556 1766 580 ,
1801 511 2015 586 13“
2037 529 2127 568 ne-

529 627 628 678 que
654 610 875 683 gloriam
901 620 1182 682 qua'rentes
1210 609 1272 664 ab
1305 608 1597 663 hominibus
1623 614 1641 678 (
1665 609 1684 664 l
1713 606 1893 663 Thess.
1921 624 1957 662 ιι
1975 648 1991 676 ,
2028 608 2060 662 5
2080 617 2131 662 et

528 704 638 776 6);
669 715 725 758 et
753 703 878 758 ideo
907 703 1182 758 diabolum
1212 701 1339 757 vicit
1359 742 1372 766 ,
1407 716 1663 757 coronam
1698 701 1906 771 petivit.

600 798 690 854 56.
730 797 893 852 Vides
933 813 1066 868 ergo
1107 797 1282 860 ipsum
1324 795 1599 850 diabolum
1646 810 1753 850 non
1779 810 1903 852 esse
1931 795 1982 851 in
2011 806 2130 850 stu-

526 891 619 946 dio
668 889 1038 960 pertinacem,
1089 888 1288 945 cedere
1333 888 1514 944 solere
1558 903 1701 944 verae
1728 888 1935 944 virtuti.
1979 888 2047 944 Et
2085 889 2128 942 si

524 983 776 1038 invidere
803 997 910 1036 non
936 981 1186 1050 desinat,
1219 995 1400 1036 tamen
1431 982 1638 1037 instare
1675 981 1927 1036 formidat
1950 969 1974 1048 ς’
2005 981 2134 1052 quia

523 1074 868 1147 frequentius
912 1075 1113 1148 refugit
1155 1075 1501 1147 triumphari.
1561 1075 1758 1131 Audito
1785 1076 1988 1148 itaque
2035 1075 2131 1132 Dei

524 1170 748 1225 nomine
769 1211 784 1236 ,
817 1168 1083 1236 Recessit,
1116 1170 1324 1241 inquit,
1355 1187 1514 1241 usque
1551 1170 1618 1225 ad
1659 1180 1900 1241 tempus;
1943 1178 2129 1242 postea

525 1265 673 1321 enim
727 1281 834 1321 non
888 1276 1229 1335 tentaturus,
1281 1266 1375 1323 sed
1422 1279 1606 1340 aperte
1656 1277 1990 1340 pugnaturus
2036 1265 2132 1322 ad-

523 1358 696 1415 venit.

593 1453 684 1510 57.
710 1453 879 1508 Docet
899 1453 1060 1524 igitur
1088 1463 1138 1510 te
1165 1453 1443 1525 Scriptura
1471 1454 1651 1510 divina
1681 1471 1790 1511 non
1821 1455 1916 1511 tibi
1940 1464 2128 1511 contra

521 1560 744 1600 carnem
775 1554 830 1600 et
860 1545 1178 1615 sanguinem
1199 1589 1212 1614 ,
1248 1547 1342 1603 sed
1373 1555 1562 1603 contra
1594 1548 1819 1604 insidias
1857 1548 2131 1619 spiritales

521 1654 644 1696 esse
672 1649 952 1694 certamen
980 1637 1197 1711 (Ep/tes.
1226 1654 1281 1694 vt
1304 1682 1318 1707 ,
1345 1638 1457 1714 12).
1484 1639 1648 1696 Vides
1676 1641 2127 1714 magniﬁcentiam

521 1731 804 1789 christiani
834 1732 970 1800 viri,
1004 1731 1098 1803 qui
1127 1742 1300 1788 certat
1326 1749 1448 1789 cum
1480 1733 1784 1790 rectoribus
1814 1735 2000 1790 mundi
2026 1753 2041 1790 :
2074 1743 2127 1790 et

2236 509 2534 568 Diversitas
2573 526 2790 584 quoque
2829 511 2943 582 ipsa
2985 512 3341 568 tentationum
3386 530 3485 584 pro
3525 511 3838 570 diversitate

2235 603 2560 658 certantium
2589 611 2694 659 est.
2725 603 2979 659 AVarititn
3003 604 3203 660 damno
3230 605 3380 660 dives
3409 613 3654 676 urgetur,
3686 617 3838 675 pater

2234 697 2520 768 diSpendio
2559 698 2826 764 filiorum,
2868 697 3030 754 immo
3064 698 3347 755 doloribus
3369 741 3385 762 ,
3413 715 3611 770 corpus
3637 699 3840 755 ulceri-

2235 790 2358 847 bus.
2396 791 2607 860 Quanta
2637 793 2754 848 haec
2783 793 2923 848 tela!
2957 791 3108 849 Unde
3138 795 3398 850 Dominus
3425 795 3599 850 noluit
3636 794 3836 851 habere

2235 884 2378 955 quod
2404 885 2693 954 perderet;
2724 895 2776 942 et
2804 885 2926 942 ideo
2957 902 3158 957 pauper
3182 885 3287 942 huc
3312 888 3488 957 venit,
3521 903 3589 945 ne
3613 887 3840 944 haberet

2235 976 2514 1044 diabolus,
2545 979 2689 1050 quod
2726 977 2983 1036 auferret.
3015 980 3111 1036 Vis
3144 980 3286 1037 scire
3324 997 3483 1052 quam
3512 997 3699 1038 verum
3729 982 3841 1037 sit?

2236 1070 2414 1143 Ipsum
2459 1072 2749 1130 Dominum
2779 1075 3052 1130 dicentem
3083 1075 3207 1131 audi
3238 1094 3250 1130 :
3289 1074 3436 1130 Venit
3467 1078 3628 1151 hujus
3659 1077 3844 1132 mundi

2236 1168 2503 1238 princeps,
2546 1179 2592 1224 et
2632 1170 2686 1223 in
2727 1185 2807 1224 me
2837 1170 3031 1224 invenit
3067 1168 3198 1224 nihil
3232 1169 3415 1242 (Joan.
3445 1186 3556 1236 xiv,
3585 1168 3699 1242 50).
3727 1169 3843 1226 No-

2236 1260 2335 1316 luit
2365 1263 2530 1318 etiam
2575 1278 2868 1333 paucorum
2910 1279 3031 1320 esse
3070 1274 3244 1336 pater,
3287 1276 3346 1319 ut
3385 1274 3534 1321 esset
3570 1265 3843 1322 omnium.

2236 1354 2462 1411 Frustra
2507 1367 2686 1413 autem
2735 1359 2984 1430 corporis
3034 1369 3340 1415 tentaretur
3390 1359 3704 1429 ulceribus,
3747 1361 3842 1432 qui

2234 1459 2617 1509 Contemneret
2658 1468 2852 1511 omnes
2899 1456 3144 1526 corporis
3195 1456 3522 1526 passiones:
3571 1456 3729 1512 simul
3783 1465 3848 1514 ιιι

2234 1544 2549 1601 ostenderet
2591 1546 2750 1602 nobis
2787 1546 2932 1616 quod
2975 1547 3351 1615 immaculata,
3392 1549 3642 1620 corporis
3683 1547 3845 1605 hoste

2238 1639 2492 1711 depulso,
2521 1641 2744 1697 victoria
2769 1642 2871 1700 sibi
2899 1641 3210 1700 deberetur.
3240 1643 3346 1700 Sed
3379 1643 3468 1700 ille
3491 1642 3646 1716 quasi
3673 1643 3842 1698 homo

2232 1735 2346 1790 suis
2392 1744 2652 1802 tentatur,
2695 1737 2779 1792 hic
2821 1737 3095 1806 publicis:
3125 1738 3197 1792 illi
3227 1738 3618 1808 patrimonium
3658 1737 3846 1793 aufer-

521 1824 651 1880 licet
671 1825 996 1880 constitutus
1020 1827 1072 1882 in
1097 1827 1276 1892 terris,
1303 1826 1566 1883 adversus
1588 1827 1850 1898 Spiritalia
1874 1829 2129 1900 nequitia:
2158 1821 2206 1883 B
2235 1837 2341 1896 tur,
2394 1829 2520 1884 huic
2560 1844 2784 1900 regnum
2827 1829 2976 1886 orbis
3015 1828 3264 1886 oll‘ertur.
3305 1830 3414 1886 Nec
3453 1839 3598 1886 totus
3627 1828 3844 1904 1355

518 1934 640 1990 quae
669 1927 795 1973 sunt
825 1918 878 1973 in
907 1919 1224 1976 caalestibus
1245 1962 1258 1986 ,
1287 1921 1454 1975 animi
1489 1920 1684 1977 virtute
1709 1920 1976 1978 decernit.
2007 1921 2122 1978 Non

519 2015 666 2069 enim
697 2013 765 2070 de
794 2014 1023 2069 terrenis
1052 2014 1428 2070 contendimus
1447 2055 1463 2082 ,
1499 2025 1555 2069 ut
1581 2014 1902 2071 dimicemus
1931 2016 1982 2070 in
2017 2025 2126 2070 ter-

521 2124 580 2163 ra
610 2127 623 2162 :
656 2109 750 2164 sed
774 2109 1106 2180 spiritalibus
1127 2110 1420 2182 propositis
1451 2111 1708 2181 prtemiis,
1738 2112 1807 2168 de
1834 2127 2001 2180 regno
2031 2112 2124 2166 Dei

521 2211 577 2257 et
607 2201 807 2258 Οιιιίμιί
838 2201 1155 2260 haereditate
1185 2219 1410 2260 necesse
1439 2215 1521 2260 εει
1551 2205 1815 2276 spiritalia
1848 2206 1998 2276 prius
2025 2206 2124 2260 im-

519 2293 833 2366 pedimenta
865 2305 1214 2368 superentur.
1248 2294 1463 2352 Corona
1509 2298 1786 2368 pr0posita
1824 2309 1944 2366 est,
1997 2299 2126 2355 sub-

519 2389 698 2444 eunda
729 2389 1028 2445 certamina
1058 2400 1202 2445 sunt.
1237 2389 1406 2446 Nemo
1434 2401 1634 2462 potest,
1662 2391 1766 2446 nisi
1796 2392 2009 2460 vicerit,
2032 2408 2124 2448 co-

520 2483 702 2538 ronari
731 2501 743 2538 :
776 2498 936 2538 nemo
966 2493 1147 2556 potest
1191 2483 1444 2548 vincere,
1493 2484 1596 2540 nisi
1638 2494 1763 2540 ante
1807 2487 2118 2543 certaverit.

519 2576 694 2648 Ipsius
725 2595 941 2650 quoque
971 2595 1191 2636 coronae
1222 2581 1392 2650 major
1421 2589 1507 2635 est
1544 2580 1782 2648 fructus,
1817 2581 1906 2636 ubi
1949 2582 2124 2650 major

519 2682 602 2728 est
630 2672 785 2728 labor
810 2691 824 2728 :
855 2673 1014 2730 Arcto
1043 2674 1193 2730 enim
1224 2685 1275 2728 et
1303 2685 1524 2747 angusta
1553 2685 1626 2729 est
1666 2675 1747 2730 via
1767 2719 1782 2743 ,
1825 2691 1941 2745 qute
1979 2675 2124 2730 ducit

519 2767 588 2821 ad
615 2767 772 2822 vitam
801 2807 814 2821 .
851 2809 866 2823 .
899 2809 913 2823 .
947 2809 959 2822 .
995 2770 1099 2824 lata
1131 2785 1248 2824 vero
1297 2779 1344 2824 et
1387 2771 1652 2841 spatiosa,
1702 2786 1818 2838 qua:
1865 2770 2010 2826 ducit
2054 2771 2123 2825 ad

517 2868 733 2914 mortem
767 2858 1000 2932 (Matth.
1031 2876 1139 2928 vn,
1173 2860 1240 2918 M
1268 2873 1315 2918 et
1349 2862 1416 2918 t5
1439 2861 1478 2931 ).
1513 2862 1583 2918 Et
1613 2861 1736 2918 ideo
1764 2865 2120 2920 tentationem

515 2953 834 3024 neutiquam
877 2955 1072 3011 timere
1109 2954 1410 3022 debemus;
1441 2963 1524 3011 est
1562 2954 1706 3011 enim
1744 2970 1908 3012 causa
1948 2956 2122 3012 victo-

517 3048 650 3115 riae,
687 3051 910 3106 materia
945 3047 1365 3122 triumphorum.

591 3142 682 3199 58.
715 3143 878 3200 Dives
907 3143 998 3201 ille
1021 3186 1035 3211 ,
1067 3145 1157 3217 qui
1192 3145 1546 3202 tentationem
1575 3161 1683 3202 non
1723 3147 1894 3204 sensit
1934 3147 1987 3203 in
2019 3162 2123 3204 sm-

518 3235 667 3303 culo,
698 3235 753 3292 in
787 3238 960 3307 ptenis
989 3239 1233 3310 estapud
1260 3239 1504 3296 inferos:
1541 3255 1745 3313 pauper
1775 3241 1864 3298 ille
1886 3241 2122 3299 Lazarus

517 3330 610 3402 qui
644 3331 717 3386 ita
748 3341 1064 3402 paupertate
1091 3335 1388 3406 morboque
1417 3334 1650 3390 amictus
1677 3344 1760 3392 est
1786 3347 1839 3392 et
1869 3339 2121 3406 attritus,

519 3432 580 3478 ut
613 3423 822 3478 vibices
862 3424 980 3494 ejus
1021 3441 1051 3480 a
1090 3427 1320 3482 canibus
1363 3427 1755 3495 Iamberentur,
1803 3431 1928 3485 vitae
1969 3431 2123 3488 istius

517 3516 706 3573 labore
737 3518 1094 3586 miserabilis,
1124 3534 1384 3578 coronam
1411 3521 1600 3591 gloria:
1627 3523 1878 3593 quaesivit
1905 3532 2123 3581 aeternae

522 3607 679 3683 (Luc.
709 3625 832 3678 xvt,
860 3611 974 3682 22).
1024 3611 1207 3668 Multa:
1234 3615 1376 3668 enim
1417 3614 1808 3686 tribulationes,
1841 3634 1948 3674 non
1988 3635 2124 3690 quo-

517 3720 877 3775 rumcumque
898 3749 913 3772 ,
949 3707 1043 3762 sed
1065 3708 1330 3777 iustorum
1357 3707 1538 3782 (Psal.
1572 3727 1774 3780 χχχιιι,
1803 3711 1920 3787 20).
1965 3715 2125 3770 Deni-

520 3813 630 3870 que
647 3813 783 3868 quos
804 3797 983 3870 diligit
1003 3799 1285 3866 Dominus,
1306 3818 1450 3872 srepe
1466 3805 1697 3874 eaStigat
1715 3803 1901 3875 (Hebr.
1920 3823 2021 3873 ιιι,
2039 3809 2120 3881 6).

518 3890 718 3947 Petrus
751 3902 985 3949 tentatus
1012 3903 1130 3962 est,
1175 3905 1232 3950 ut
1263 3907 1485 3968 negaret
1516 3917 1529 3953 :
1576 3902 1826 3970 negavit,
1871 3911 1930 3957 ut
1968 3902 2124 3960 ﬂeret

523 3983 693 4060 (Luc.
721 4002 834 4042 xxu
854 4029 868 4052 ,
892 3987 961 4043 57
988 3998 1038 4042 et
1063 4006 1169 4059 seq.
1195 3990 1237 4062 ).
1286 3991 1353 4046 Et
1393 3992 1518 4061 quid
1551 3992 1618 4050 de
1644 3997 1860 4052 caeteris
1901 3996 2076 4052 dicam
2100 3997 2124 4052 ἲ

519 4079 729 4151 Nempe
757 4081 861 4138 Job
888 4092 1005 4138 erat
1050 4086 1308 4154 probatus
1353 4083 1508 4140 Deo:
1551 4087 1646 4142 sed
1691 4087 1817 4144 licet
1863 4091 2124 4159 probatus

521 4184 678 4242 erat;
712 4175 886 4231 victor
925 4184 1106 4232 tamen
1150 4193 1254 4234 non
1297 4185 1416 4233 erat
1445 4178 1608 4250 (Job.
1640 4196 1688 4248 I,
1719 4181 1820 4248 12,
1848 4191 1895 4236 et
1926 4199 1994 4250 ιι,
2023 4184 2118 4255 6).

519 4267 755 4326 Probata
785 4279 904 4325 erat
932 4269 1191 4337 deVotio;
1225 4271 1438 4328 virtutis
1479 4283 1658 4330 tamen
1685 4279 1970 4344 praemium
2013 4294 2122 4335 non

520 4362 776 4420 habebat.
828 4363 894 4419 Et
940 4363 1062 4419 ideo
1108 4363 1399 4420 lentandus
1440 4364 1689 4435 offertur,
1733 4376 1792 4424 ut
1831 4371 2125 4440 gloriosior

521 4456 868 4514 redderetur.

595 4551 684 4606 59.
735 4550 884 4605 Illius
935 4564 1153 4621 quoque
1205 4551 1519 4606 certaminis
1568 4549 1736 4608 refert
1785 4561 1843 4609 ut
1894 4554 2121 4624 gradum

2231 1923 2351 1977 sine
2377 1923 2567 1978 t'raude
2595 1923 2877 1992 diabolus,
2909 1926 2998 1996 qui
3022 1939 3353 1996 exasperare
3384 1924 3481 1980 Dei
3513 1924 3709 1980 Filium
3741 1941 3845 1981 vc-

2229 2027 2491 2073 teretur:
2537 2017 2689 2073 illum
2734 2019 2949 2089 injuriis
2991 2029 3198 2087 tentat,
3242 2020 3383 2076 hunc
3429 2019 3689 2090 praemiis.
3743 2019 3844 2076 Ille

2227 2111 2383 2182 quasi
2409 2111 2661 2166 servulus
2688 2111 2824 2166 dicit
2851 2131 2864 2166 :
2895 2111 3148 2167 Dominus
3175 2112 3350 2178 dedit,
3381 2111 3635 2168 Dominus
3663 2112 3844 2166 abstn-

2229 2204 2288 2260 lit
2341 2203 2499 2277 (Job.
2531 2221 2580 2271 ι,
2610 2205 2674 2262 21
2705 2207 2724 2277 )
2753 2225 2766 2262 :
2801 2205 2891 2261 hic
2941 2217 3149 2262 natura:
3193 2221 3304 2262 sua:
3353 2205 3842 2278 dispositionisqne

2227 2299 2482 2354 conscius
2511 2313 2607 2354 sua
2640 2299 2745 2355 sibi
2775 2299 2918 2356 ridet
2943 2298 3152 2355 on‘erri.
3198 2298 3267 2352 Et
3298 2307 3358 2353 ut
3385 2298 3452 2354 ad
3483 2297 3613 2354 illud
3645 2314 3839 2354 rever-

2228 2397 2428 2454 tamur.
2471 2391 2679 2462 ingruit
2706 2392 2930 2447 nuntius
2962 2408 3128 2462 super
3156 2390 3406 2446 nuntium
3449 2388 3660 2464 (1bid.,
3693 2389 3760 2446 i4
3787 2400 3841 2446 et

2225 2483 2371 2555 seq.)
2394 2526 2409 2549 ,
2439 2487 2828 2557 congeminant
2857 2485 3086 2542 vulnera
3113 2503 3125 2540 :
3159 2495 3457 2542 nectamen
3479 2485 3838 2540 lortisathle-

2231 2587 2281 2632 ta
2323 2588 2510 2634 mente
2557 2579 2828 2635 turbatur.
2857 2579 3162 2636 Adhibetur
3185 2579 3382 2636 mulier
3405 2579 3594 2650 prima:
3627 2580 3836 2636 fraudis

2227 2668 2488 2727 illecebra
2520 2669 2663 2742 (Job.
2694 2687 2763 2740 ll,
2789 2674 2848 2743 9)
2875 2691 2887 2726 z
2924 2674 3012 2728 hic
3044 2689 3140 2745 per
3174 2673 3442 2744 virginem
3473 2685 3631 2730 natus
3658 2677 3833 2731 errori

2226 2762 2519 2819 obnoxiam
2553 2781 2658 2820 non
2689 2765 2940 2822 habebat.
2973 2766 3148 2822 Amici
3177 2766 3507 2823 adhibentur
3535 2769 3624 2839 qui
3654 2768 3834 2838 pravis

2226 2855 2472 2912 consiliis
2523 2858 2836 2930 opprimant
2889 2861 3275 2917 reluctantem.
3333 2859 3439 2917 Sed
3489 2861 3542 2915 in
3600 2860 3835 2916 omnibus

2225 2964 2340 3020 qua:
2369 2951 2670 3015 acciderunt
2709 2953 2789 3016 ei,
2832 2969 3089 3024 nusquam
3126 2954 3354 3025 peccavit
3391 2951 3495 3008 Job
3535 2952 3686 3008 labiis
3721 2953 3834 3010 suis

2223 3045 2279 3100 in
2308 3059 2584 3119 conspectu
2616 3046 2710 3102 Dei
2741 3047 2932 3119 (Ibid..
2966 3047 3078 3119 10).

2305 3143 2398 3200 40.
2467 3140 2600 3197 Nam
2640 3140 2784 3212 quod
2832 3140 3108 3196 maledicit
3149 3140 3302 3209 diei,
3353 3140 3591 3198 dicens:
3649 3139 3834 3196 Pereat

2149 3222 2196 3289 ο
2228 3243 2337 3298 dies
2362 3239 2455 3295 illa
2494 3239 2548 3293 in
2577 3255 2680 3309 qua
2705 3247 2859 3294 natus
2883 3254 2997 3292 sum
3026 3235 3150 3308 (Job
3177 3253 3270 3306 ill,
3300 3237 3394 3310 5);
3427 3247 3484 3294 et
3529 3237 3668 3292 inira
3699 3254 3714 3291 :
3766 3234 3834 3290 Et

2226 3333 2501 3392 maledicitt
2542 3333 2588 3387 ei
2645 3333 2691 3388 is
2740 3332 2830 3403 qui
2878 3331 3145 3387 maledixit
3175 3331 3312 3386 diem
3352 3331 3530 3396 illaut,
3565 3330 3653 3400 qui
3683 3328 3836 3384 habet

2227 3444 2471 3502 magnum
2496 3436 2664 3482 cetum
2699 3427 2991 3499 opprimere
3018 3424 3185 3497 (Ibid.
3209 3467 3224 3488 ,
3263 3423 3344 3496 8),
3377 3424 3447 3481 ad
3489 3423 3833 3496 prOpItetiam

2228 3525 2493 3598 pertinet;
2524 3537 2592 3578 eo
2617 3521 2761 3592 quod
2785 3521 3062 3577 diabolum
3097 3529 3372 3592 tamquam
3400 3519 3694 3591 procellosi
3724 3533 3831 3574 sa:-

2227 3616 2331 3673 culi
2363 3613 2519 3670 istius
2555 3622 2734 3668 cetum
2761 3611 3023 3667 Dominus
3048 3619 3234 3666 noster
3258 3610 3418 3666 Jesus
3454 3608 3706 3664 Christus
3736 3625 3835 3680 op-

2228 3710 2426 3783 pressit
2456 3725 2470 3762 :
2500 3717 2555 3764 et
2591 3705 2964 3778 generationis
3007 3722 3120 3761 sua:
3169 3705 3405 3761 carnalis
3449 3704 3597 3760 diem
3647 3704 3836 3775 perire

2227 3801 2503 3861 desiderat
2533 3817 2548 3867 ;
2582 3811 2640 3855 ιιι
2668 3801 2791 3856 dies
2817 3799 2935 3870 ejus
2963 3799 3014 3854 in
3043 3802 3461 3871 regeneratione
3490 3809 3830 3855 numeretur.

2227 3900 2442 3966 Pereat,
2473 3897 2667 3969 inquit,
2701 3895 2821 3952 dies
2851 3893 3146 3958 smcularis,
3179 3904 3238 3948 ut
3264 3892 3383 3948 dies
3409 3892 3672 3964 spiritalis
3693 3890 3836 3946 oria-

2229 4004 2335 4051 tur.
2368 3995 2510 4065 Ergo
2552 3992 2605 4046 in
2640 3988 2940 4046 teutatione
2970 3997 3191 4042 sanctus
3219 3985 3322 4042 Joh
3351 3986 3609 4058 mysteria
3642 3985 3833 4056 loque-

2226 4088 2416 4154 batur;
2449 4088 2542 4159 qui
2566 4086 2714 4142 enim
2766 4081 3020 4139 vincebat
3065 4080 3323 4137 saeculum
3360 4121 3375 4147 ,
3429 4079 3705 4136 Christum
3755 4080 3836 4134 vi-

2213 4184 2410 4240 .debat.

2299 4277 2392 4333 41.
2433 4275 2542 4332 Nos
2567 4274 2733 4346 igitur
2762 4287 2868 4329 non
2898 4271 3185 4328 timeamus
3213 4269 3566 4333 tentationes.
3599 4267 3695 4324 sed
3716 4283 3831 4324 ma-

2225 4371 2310 4444 gis
2339 4369 2727 4428 teutationibus
2751 4366 3069 4439 gloriemur,
3102 4365 3346 4421 dicentes
3377 4381 3389 4418 :
3427 4363 3562 4419 Cum
3593 4361 3831 4418 inlinun-

2227 4483 2371 4534 mur,
2400 4476 2530 4523 tunc
2553 4473 2803 4537 potentes
2831 4476 3053 4527 sumus;
3083 4471 3210 4516 tunc
3231 4460 3376 4515 enim
3411 4459 3647 4514 nectitur
3671 4472 3830 4512 coro-

2229 4581 2296 4620 ua
2321 4563 2542 4634 justitire
2573 4561 2642 4634 (ll
2671 4557 2795 4615 Cor.
2821 4573 2927 4625 sit,
2966 4555 3080 4629 10).
3124 4555 3232 4612 Sed
3263 4555 3353 4610 illa
3379 4553 3550 4610 Paulo
3582 4551 3830 4608 fortassis

520 4654 756 4712 spectes.
797 4643 913 4699 Non
955 4660 1136 4706 unum,
1160 4646 1324 4700 telum
1362 4645 1608 4702 diabolus
1638 4647 1838 4715 habet,
1869 4648 2123 4722 frequen-
2149 4630 2206 4691 Ῑ)
2231 4630 2626 4717 accommoda:
2656 4671 2757 4711 nos
2787 4663 2971 4727 autem
3017 4651 3147 4722 quia
3177 4650 3362 4722 plures
3405 4663 3626 4706 corona!
3676 4655 3828 4714 80M.

522 4743 602 4789 tat
633 4735 878 4804 spicula;
912 4744 970 4790 ut
996 4744 1090 4791 aut
1117 4738 1342 4807 praemio
1366 4739 1567 4808 vincat,
1599 4751 1690 4796 aut
1715 4743 1895 4798 ttedio.
1938 4745 2121 4802 Primo

524 4826 822 4898 cupiditate
844 4827 1388 4895 vulnerat,secundo
1427 4831 1661 4904 pietate,
1711 4837 1873 4894 tertio
1913 4841 2123 4897 sanita-

526 5057 1057 5114 commemorationem
1085 5055 1381 5112 christiame
1408 5057 1630 5126 feminas.
1659 5059 2011 5120 Commodius
2039 5081 2128 5122 re-

526 5131 658 5207 liqui
700 5128 825 5207 cod.
867 5130 1055 5207 scripti
1091 5143 1155 5207 ac
1189 5128 1321 5184 editi
1344 5134 1876 5207 ,_commora_tionem,
1917 5137 1968 5189 id
2008 5148 2126 5207 est,

518 5202 898 5329 lfrequentiora
925 5207 981 5256 et
1007 5201 1250 5272 longiora
1275 5201 1544 5272 colloquia
1570 5245 1586 5271 ,
1617 5204 1948 5278 nimiamque
1976 5201 2130 5264 fami;

543 5285 692 5329 tanta
723 5289 830 5329 em.
941 5291 952 5298 ‘

543 5275 830 5330 iaritatem.
941 5291 952 5298 δ

599 5356 626 5383 ιι
663 5345 893 5418 Quidam
928 5343 1252 5413 interpretes
1281 5345 1335 5402 in
1358 5343 1502 5400 Psal.
1529 5362 1582 5411 ν,
1611 5363 1756 5403 vers.
1789 5351 1877 5418 l5,
1910 5353 2130 5410 tradunt

527 5428 649 5488 post
685 5419 746 5474 D.
773 5417 1037 5472 Thomam
1069 5419 1120 5471 in
1156 5432 1308 5472 more
1339 5418 1573 5486 antiquis
1606 5419 1798 5486 fuisse,
1830 5435 1882 5477 ιιι
1918 5425 1970 5480 in
2003 5441 2129 5482 cur-

527 5506 592 5546 ru
622 5491 852 5546 victores
899 5497 1054 5544 scuto
1103 5489 1265 5556 capiti
1315 5489 1664 5566 superposito
1711 5507 2126 5566 coronarentur,

523 5571 814 5632 antequam
843 5575 1168 5616 coronarum
1192 5575 1319 5615 usus
1347 5561 1677 5618 inolevisset.
1703 5563 1808 5621 Sed
1837 5583 1958 5624 cum
1991 5561 2116 5626 rara

525 5633 688 5703 hujus
718 5636 792 5688 rei
833 5639 1048 5687 exstent
1085 5633 1329 5702 vestigia,
1373 5637 1644 5703 quomodo
1670 5647 1879 5693 scutum
1909 5656 2112 5696 corona

522 5705 757 5780 dicatur,
786 5704 972 5780 multis
1006 5703 1174 5780 haeret
1210 5720 1368 5776 aqua.
1400 5706 1464 5780 Et
1490 5716 1637 5780 certe
1669 5709 2024 5780 Hieronymus
2058 5713 2110 5769 in

524 5777 774 5830 etundem
807 5775 988 5852 locum
1014 5777 1238 5852 diserte,
1265 5775 1409 5852 apud
1435 5779 1701 5852 sarculmn,
1729 5775 1924 5852 inquit,
1963 5785 2113 5840 aliud

520 5857 595 5924 est
643 5857 865 5924 scutum,
915 5846 1313 5924 aliud_coro_na.
1340 5847 1520 5924 _Unde
1557 5846 1692 5906 cum,
1729 5846 1846 5924 ipse
1877 5846 1985 5924 tum
2017 5857 2110 5923 alii

517 5915 644 5986 post
695 5917 980 5990 origeneni
1027 5917 1096 5975 ad
1145 5920 1445 5992 spiritalem
1498 5935 1716 5980 sensum
1753 5915 2107 6002 confugiunt.

2227 4766 2626 4826 quamcumque
2654 4764 2876 4820 Sperare
2901 4746 3182 4803 debemus.
3211 4743 3268 4800 In
3298 4743 3499 4801 sarculo
3523 4743 3708 4798 laurus
3737 4756 3827 4797 co-

2227 4861 2361 4904 rona
2388 4855 2495 4914 est,
2527 4852 2554 4882 ει
2581 4857 2783 4899 corona
2830 4849 2917 4897 est
2952 4849 3188 4896 scutum.
3239 4838 3305 4894 At
3335 4851 3466 4896 vero
3497 4837 3596 4894 tibi
3629 4851 3830 4909 propo-

2234 5069 2559 5126 Amhrosius
2591 5077 2771 5124 tamen
2801 5081 2911 5122 non
2939 5066 3113 5122 solum
3145 5066 3251 5124 hoc
3274 5069 3417 5136 loco,
3446 5069 3540 5125 sed
3569 5079 3622 5124 et
3643 5069 3740 5126 lib.
3774 5088 3831 5129 ιιι

2235 5140 2494 5197 llexaem.
2521 5155 2641 5211 cap.
2673 5137 2762 5205 14,
2792 5155 2939 5193 num.
2961 5139 3052 5203 60,
3087 5150 3298 5212 sentum
3322 5145 3562 5202 eoronis.
3591 5141 3693 5198 hoc
3721 5153 3829 5212 est,

2233 5213 2479 5286 victoriae,
2504 5212 3131 5286 pranniis,annumerat.
3166 5211 3289 5286 Illic
3307 5213 3450 5268 enim
3477 5223 3827 5286 posteaquam

2234 5285 2358 5338 vitis
2415 5283 2599 5339 folium
2652 5280 2792 5337 scuti
2849 5281 3209 5338 similitudine
3261 5280 3576 5350 descripsit,
3645 5280 3829 5343 subdit

2234 5353 2432 5410 deinde
2458 5372 2471 5408 :
2507 5354 2711 5412 Etenim
2743 5354 2902 5408 bravii
2925 5360 3144 5428 speciem
3173 5356 3372 5428 videtur
3390 5358 3718 5428 eﬁingere....
3748 5361 3831 5414 in-

2234 5428 2461 5501 nascitur
2493 5428 2686 5501 species
2712 5435 2761 5480 et
2795 5427 3139 5497 prtemgativu
3167 5427 3413 5501 uictorias.
3445 5427 3638 5485 Secum
3669 5431 3830 5501 igitur

2232 5498 2381 5570 liabet
2398 5498 2629 5552 bravium
2643 5515 2792 5551 suum
2813 5515 2913 5570 quo
2936 5511 2980 5552 et
3004 5501 3260 5552 munimen
3276 5500 3373 5554 sibi
3405 5503 3676 5569 praebetur,
3690 5498 3822 5558 'etc.

2222 5569 2289 5624 Et
2325 5569 2426 5625 huc
2457 5572 2620 5624 etiam
2669 5570 2815 5634 facit,
2869 5571 3010 5636 quod
3046 5572 3096 5625 in
3146 5571 3398 5627 eutndem
3446 5573 3592 5627 citati
3629 5574 3825 5630 l’salmi

2221 5657 2437 5696 versum
2484 5641 2614 5695 dicit
2655 5641 3035 5716 Cassiodorus,
3088 5640 3310 5716 Clypeus
3359 5646 3628 5716 impositus
3667 5647 3828 5716 capiti

2217 5729 2406 5768 corona
2437 5723 2533 5774 est,
2566 5724 2770 5782 aptatus
2806 5715 2948 5767 cordi
2977 5715 3229 5782 defensio.
3261 5715 3370 5771 Nec
3399 5715 3536 5772 forte
3567 5715 3828 5776 aliam'ob

2216 5799 2435 5861 causam
2468 5798 2618 5861 senta
2667 5787 2717 5861 i_n
2747 5787 2997 5861 columna
3047 5784 3264 5861 Trajani
3306 5789 3523 5861 coronis
3569 5788 3825 5861 insignita

2217 5859 2488 5924 visuntur,
2523 5858 2646 5912 licet
2676 5857 2836 5927 hujus
2858 5858 2936 5913 rei
2965 5858 3231 5913 rationem
3272 5860 3518 5916 nonnihil
3550 5857 3823 5918 diversam

2217 5929 2416 5987 "reddat
2440 5931 2652 6000 Lipsius
2684 5927 2738 5984 in
2765 5929 2923 5985 Ansl.
2958 5929 3025 5986 ad
3055 5929 3147 5987 lib.
3177 5930 3246 5986 de
3269 5931 3448 6002 Magn.
3474 5931 3636 5990 Rom.
