4156 6346
337 357 477 414 1693

1312 348 1677 408 εχιτυειτιο
1718 349 1974 408 EVANG.
2017 350 2167 407 sec.
2215 351 2366 408 LllC.
2412 331 2541 406 Lm.
2583 350 2672 406 tv.

3507 351 3649 408 169.6

331 479 437 535 sita
464 486 550 533 est
591 489 793 532 corona
820 473 1137 531 deliciarum
1167 491 1178 527 :
1211 471 1419 528 Corona
1447 471 1590 526 enim
1631 470 1934 525 deliciarum
1962 475 2016 535 Α
2038 471 2298 542 obsequia
2320 513 2335 536 ,
2381 480 2439 525 ut
2470 486 2536 527 ne
2585 469 2808 527 lectoris
2837 471 3055 544 quidem
3097 482 3486 544 aspernaretur
3522 472 3646 528 oili-

334 571 659 629 obumbrabit
696 581 744 625 te
788 568 972 639 (Prov.
1005 583 1078 632 tv,
1109 566 1190 638 9).
1227 566 1291 621 Et
1322 565 1451 620 alibi
1487 581 1502 618 :
1535 564 1698 620 Scuto
1725 564 1871 618 bona:
1912 572 1937 600 α

333 663 617 719 uoluntatis
657 677 766 717 sua:
813 659 1152 716 circumdabit
1199 668 1247 713 te
1277 656 1456 731 (Psal.
1483 672 1540 723 v,
1590 656 1704 725 15).
1754 655 1939 710 Gloria

333 770 553 828 quoque
583 763 640 810 et
681 753 888 809 honore
919 768 1079 824 quem
1124 752 1314 806 dilexit
1343 749 1632 813 Dominus.
1661 747 1944 804 coronavit

337 848 513 920 (Psal.
542 863 666 914 vni,
697 846 774 920 ϐ).
800 847 940 917 Ergo
968 847 1059 918 qui
1087 846 1203 900 vult
1225 858 1482 900 coronam
1505 841 1660 908 dare,
1691 841 1944 896 tentatio-

329 958 432 1001 nes
454 944 715 1015 suggerit.
742 941 810 998 Et
842 943 888 997 si
912 940 1129 1012 quando
1155 937 1476 1003 tentaberis,
1509 950 1782 1006 Cognosce
1812 936 1941 1006 quia

334 1047 561 1110 paratur
605 1050 829 1092 corona.
878 1033 1035 1090 Tolle
1077 1042 1375 1106 martyrum
1420 1029 1740 1097 certamina,
1771 1026 1943 1082 tulisti

331 1145 568 1188 coronas
599 1147 612 1185 :
647 1129 780 1186 tolle
807 1129 1102 1193 cruciatus,
1140 1127 1316 1182 tulisti
1345 1124 1728 1182 beatitudines.

404 1225 498 1282 49.
539 1223 732 1280 Nonne
779 1224 1007 1280 tentatio
1057 1220 1261 1292 Joseph
1292 1219 1320 1258 δ
1369 1220 1588 1275 virtutis
1627 1228 1711 1274 est
1751 1233 1945 1273 conse-

330 1318 544 1376 cratio?
570 1319 761 1375 Nonne
798 1317 996 1389 injuria
1026 1315 1269 1373 careeris
1294 1330 1496 1372 corona
1526 1324 1610 1370 est
1633 1312 1944 1370 castitatis?

331 1412 806 1483 Quemadmodum
835 1412 987 1483 regni
1022 1412 1074 1468 in
1102 1410 1341 1483 Egypto
1363 1409 1700 1467 consortium
1729 1408 1941 1480 potuis-

330 1516 420 1565 set
447 1507 698 1578 adipisci,
732 1507 835 1564 nisi
865 1505 1121 1562 venditus
1161 1505 1355 1561 fuisset
1381 1520 1409 1559 a
1453 1503 1748 1558 fratribus?
1789 1503 1942 1570 Quod

329 1599 431 1658 Dei
490 1600 691 1656 factum
745 1598 1012 1666 arbitrio,
1063 1607 1120 1652 ut
1165 1597 1346 1667 justus
1402 1596 1765 1666 probaretur,
1827 1595 1943 1666 ipse

331 1693 680 1765 monstravit,
699 1692 925 1748 dicens:
956 1689 1408 1760 Quemadmodum
1431 1689 1642 1759 ﬁeretiu
1670 1687 1937 1754 hodierno,

330 1797 392 1844 ut
414 1797 716 1860 posceretur
742 1785 967 1857 papulus
989 1783 1178 1838 multus
1201 1780 1356 1856 (Gen.
1393 1798 1450 1846 ι..
1477 1780 1610 1852 20)?
1635 1780 1748 1836 Non
1778 1779 1944 1836 debe-

2041 566 2182 622 cium
2214 584 2226 619 :
2259 581 2357 622 nos
2387 582 2519 622 vero
2561 565 2737 636 impii,
2761 568 2850 638 qui
2878 565 3184 623 divinitatis
3215 566 3374 623 tidem
3406 567 3644 623 miracu-

2043 662 2111 718 lis
2133 678 2355 733 operum
2391 661 2747 734 colligendam
2775 662 3238 733 contemplatione
3267 661 3517 734 corporis
3544 676 3646 717 ne-

2043 757 2326 826 gabamus.

2123 851 2305 921 (Veri.
2335 851 2456 920 24.)
2495 851 2657 906 Amen
2702 851 2818 906 dico
2862 850 3000 906 vobis
3040 851 3177 924 quod
3205 866 3353 905 nemo
3398 847 3648 921 propheta

2044 956 2283 1014 acceptus
2310 957 2385 1000 est
2422 947 2473 1000 in
2504 947 2678 1023 patria
2705 962 2820 1001 sua.

2117 1038 2208 1093 46.
2252 1039 2367 1094 Non
2402 1039 2753 1094 mediocriter
2779 1038 2982 1094 invidia
3014 1039 3286 1109 proditur,
3311 1052 3431 1108 quae
3459 1037 3647 1092 civica:

2045 1133 2328 1190 cliaritatis
2357 1133 2542 1202 oblita,
2569 1133 2622 1189 in
2648 1134 2840 1189 acerba
2865 1134 2984 1189 odia
3011 1147 3203 1188 causas
3229 1131 3431 1187 amoris
3456 1131 3646 1186 inﬂec-

2045 1231 2130 1284 tit.
2166 1227 2336 1284 Simul
2371 1228 2472 1282 hoe
2520 1226 2772 1296 exemplo
2819 1226 3021 1295 pariter
3049 1236 3104 1280 et
3147 1223 3371 1280 oraculo
3399 1223 3645 1279 declara-

2045 1328 2135 1375 tur
2158 1319 2301 1391 quod
2334 1321 2529 1375 frustra
2559 1334 2716 1388 opem
2752 1317 3137 1374 misericordiae
3158 1315 3400 1374 caelestis
3422 1330 3649 1387 exspec-

2048 1419 2150 1476 tes,
2184 1410 2227 1466 si
2256 1412 2448 1466 aliena:
2479 1409 2745 1466 fructibus
2769 1411 2984 1466 virtutis
3017 1409 3298 1475 invideas;
3327 1419 3649 1479 aspernator

2046 1505 2189 1564 enim
2217 1507 2478 1560 Dominus
2503 1505 2809 1561 invidorum
2836 1514 2938 1571 est,
2967 1512 3022 1560 et
3058 1503 3126 1558 ab
3152 1503 3218 1559 iis
3242 1503 3330 1574 qui
3353 1501 3533 1557 divina
3566 1502 3652 1558 be-

2047 1599 2236 1656 neﬁcia
2270 1599 2320 1653 in
2354 1599 2473 1653 aliis
2497 1609 2915 1670 persequuntur,
2947 1598 3206 1654 miracula
3227 1611 3340 1652 sua:
3367 1597 3651 1668 potestatis

2044 1694 2260 1748 avertit.
2316 1681 2606 1748 Dominicae
2655 1695 2854 1764 quippe
2909 1693 3089 1748 carnis
3148 1702 3302 1747 actus
3349 1691 3650 1746 divinitatis

2045 1789 2353 1858 exemplum
2383 1796 2465 1843 est
2491 1806 2503 1844 :
2543 1799 2598 1842 et
2629 1787 2920 1843 invisibilia
2960 1787 3116 1844 nobis
3143 1787 3262 1859 ejus
3293 1802 3387 1858 per
3419 1801 3482 1843 ea
3528 1801 3650 1858 quae

328 1897 457 1939 mus
487 1882 651 1954 igitur
682 1881 1008 1950 tentatioues
1047 1878 1233 1934 saeculi
1265 1892 1361 1947 pro
1390 1875 1546 1932 malis
1575 1875 1788 1940 timere,
1822 1874 1941 1945 qui-
1971 1891 2018 1951 Β
2045 1894 2174 1940 sum
2200 1884 2432 1940 visibnia
2461 1883 2927 1940 demonsu-amun

327 1975 439 2032 bus
482 1976 620 2032 bona
655 1973 872 2044 pra‘mia
905 1981 1335 2043 comparantur:
1384 1968 1479 2026 sed
1533 1970 1702 2039 magis
1754 1983 1948 2038 regare

326 2068 799 2139 contemplatione
829 2065 1160 2122 conditionis
1191 2063 1481 2126 humanae;
1529 2070 1586 2116 ut
1633 2075 1726 2115 eas
1774 2068 1948 2115 tenta-

330 2156 514 2220 tion'es
540 2161 854 2226 subeamus,
883 2173 1019 2228 quas
1045 2155 1186 2213 ferre
1216 2157 1509 2226 possimus.

411 2253 593 2327 (Vers.
622 2254 739 2324 li.)
781 2251 847 2306 Et
882 2267 1148 2325 regressus
1175 2257 1250 2305 est
1277 2246 1435 2304 Jesus
1469 2247 1519 2301 in
1556 2245 1742 2302 virtute
1771 2244 1946 2312 Spiri-

335 2361 422 2406 tus
441 2389 458 2416 ,
487 2348 541 2402 in
569 2345 862 2402 Catilinam.
1306 2413 1314 2423 ι

409 2444 504 2500 45.
543 2442 862 2512 Completur
891 2443 994 2496 hoc
1017 2439 1139 2495 loco
1161 2439 1446 2511 prophetia
1476 2437 1653 2492 Esaia:
1675 2433 1944 2490 dicentis:

337 2537 506 2611 Regio
533 2534 795 2600 Zubulon,
812 2544 857 2589 ct
883 2545 1018 2588 terra
1033 2531 1396 2604 Nephthalim,
1413 2539 1461 2585 et
1495 2531 1668 2584 cwteri
1691 2528 1947 2599 paralium

337 2630 713 2694 inhabitantes,
745 2638 766 2667 ο
792 2636 836 2683 et
865 2628 953 2699 qui
979 2643 1124 2681 secus
1153 2626 1411 2680 maritima
1431 2666 1445 2690 ,
1482 2635 1528 2679 et
1569 2621 1782 2697 1346
1810 2631 1950 2676 trans

337 2725 629 2782 Iordanem
648 2722 882 2779 Galilaza!
897 2722 1150 2794 gentium,
1182 2722 1404 2793 papulas
1426 2725 1514 2790 qui
1533 2719 1738 2774 sedebat
1766 2717 1818 2770 in
1836 2731 1952 2769 um-
1995 2768 2002 2774 _

339 2821 434 2876 bra
463 2819 666 2886 mortis,
696 2819 859 2872 lucem
887 2816 1125 2872 viderunt
1150 2832 1386 2888 magnam
1415 2813 1586 2887 (Esai.
1617 2829 1667 2868 ιχ
1689 2855 1704 2878 ,
1735 2813 1753 2865 l
1786 2820 1834 2865 et
1864 2809 1945 2881 2).

342 2912 482 2982 Quis
511 2922 594 2968 est
623 2913 768 2968 enim
797 2913 885 2966 lux
915 2923 1130 2982 magna,
1163 2909 1266 2964 nisi
1294 2907 1544 2964 Christus
1567 2907 1656 2979 qui
1682 2905 1952 2960 illuminat

343 3019 566 3062 omnem
598 3003 874 3061 hominem
907 3003 1215 3060 venientem
1245 3004 1298 3059 iu
1334 3001 1477 3058 hunc
1509 2998 1806 3055 mundum?

419 3096 512 3154 44.
553 3096 733 3171 (Vers.
788 3098 903 3166 l7.)
941 3096 1147 3152 Deinde
1192 3095 1388 3150 librum
1417 3093 1649 3165 accepit,
1680 3101 1738 3146 ut
1771 3099 1953 3147 osten-

346 3191 507 3248 deret
532 3207 593 3247 se
618 3189 794 3262 ipsum
841 3205 965 3246 esse
1002 3190 1091 3260 qui
1126 3189 1341 3244 locutus
1383 3194 1469 3243 est
1515 3187 1567 3241 in
1616 3183 1949 3255 Prophetis:

2120 1978 2210 2032 47.
2256 1976 2370 2032 Νοιι
2401 1976 2574 2032 otiose
2606 1977 2787 2047 itaque
2818 1977 3056 2033 salvator
3077 1985 3300 2034 excusat
3330 1975 3472 2048 quod
3505 1975 3650 2031 nulla

2051 2072 2104 2127 in
2137 2071 2307 2141 patria
2350 2087 2445 2126 sua
2477 2072 2738 2128 miracula
2772 2073 2990 2128 virtutis
3027 2081 3282 2144 operatus
3309 2071 3414 2138 sit;
3447 2086 3514 2127 ue
3545 2069 3656 2126 for-

2049 2165 2212 2219 tassis
2242 2164 2440 2234 aliquis
2473 2165 2718 2220 viliorem
2765 2169 2954 2236 patria:
2983 2165 3142 2222 nobis
3183 2181 3304 2222 esse
3331 2164 3531 2221 debere
3559 2180 3655 2235 pu-

2052 2265 2190 2312 taret
2211 2255 2483 2312 affectum.
2510 2256 2698 2328 Neque
2727 2259 2873 2312 enim
2905 2259 3053 2314 cives
3074 2265 3288 2329 poterat
3307 2273 3413 2313 non
3442 2271 3651 2324 amare,

2051 2349 2140 2420 qui
2170 2360 2378 2404 amaret
2410 2365 2636 2416 omnes;
2678 2350 2771 2406 sed
2805 2351 2904 2423 ipsi
2936 2367 2996 2407 se
3021 2351 3288 2408 charitate
3325 2351 3534 2422 patriar,
3562 2349 3652 2421 qui

2051 2442 2317 2506 invident,
2335 2443 2680 2510 abdicarunt;
2703 2444 2942 2499 Charitas
2965 2446 3110 2502 cnim
3133 2463 3233 2501 non
3255 2445 3572 2501 wmulaturu
3588 2483 3652 2502 ...

2053 2553 2156 2591 non
2185 2539 2397 2607 inﬂatur
2423 2537 2467 2609 (l
2498 2535 2618 2592 Cor.
2647 2554 2770 2604 χιιι,
2805 2536 2887 2609 4).
2928 2537 3035 2594 Nec
3059 2549 3237 2594 tmuen
3263 2553 3456 2595 exsors
3485 2537 3654 2593 benc-

2055 2632 2304 2688 liciorum
2335 2633 2505 2702 patria
2536 2633 2845 2687 divinorqu
2867 2643 2972 2688 est.
3003 2633 3156 2702 Quod
3185 2633 3328 2687 enim
3356 2631 3529 2702 majus
3554 2631 3656 2685 mi-

2055 2727 2320 2793 raculum,
2354 2743 2514 2796 quam
2543 2726 2687 2796 quod
2717 2724 2741 2762 ⁴¹
2771 2727 2824 2780 in
2844 2742 2907 2782 ea
2940 2736 3097 2780 natus
3125 2722 3335 2798 1357
3359 2732 3442 2778 est
3464 2722 3655 2778 Chris~

2056 2820 2185 2875 tus?
2215 2819 2407 2875 Videte
2461 2819 2628 2890 igitur
2664 2819 2790 2890 quid
2835 2820 2961 2874 mali
3012 2819 3214 2874 invidia
3262 2816 3476 2872 atterat.
3512 2814 3657 2870 ludi-

2053 2928 2158 2986 gna
2191 2922 2414 2983 propter
2445 2912 2700 2967 invidiam
2731 2913 2903 2982 patria
2946 2911 3243 2982 judicatur,
3286 2911 3338 2964 in
3383 2924 3483 2979 qua
3523 2907 3658 2963 civis

2054 3016 2330 3077 operetur,
2361 3021 2484 3076 qua:
2510 3004 2672 3077 digna
2703 3003 2805 3059 fuit
2837 3012 2858 3041 ο
2894 3004 2946 3059 in
2984 3019 3086 3075 qua
3134 3002 3225 3057 Dei
3269 2999 3437 3056 Filius
3470 3013 3659 3056 nasce-

2054 3111 2225 3158 retur.

2128 3195 2307 3265 (Vers.
2351 3193 2471 3266 25.)
2514 3192 2581 3248 In
2630 3196 2840 3250 veritate
2887 3194 3002 3249 dico
3032 3193 3206 3248 vobis:
3271 3191 3450 3247 Multa:
3493 3189 3662 3244 vidua:

345 3293 404 3341 ct
426 3293 732 3339 removeret
764 3283 1044 3354 sacrilegia
1079 3282 1432 3352 perfidorum,
1469 3279 1561 3352 qui
1587 3278 1755 3334 alium
1787 3279 1951 3333 Deum

2059 3289 2268 3360 fuerunt
2293 3289 2345 3342 in
2377 3289 2554 3344 diebus
2586 3288 2738 3344 Eliw.

345 3378 540 3435 dicunt
569 3379 772 3433 veteris
799 3377 1155 3438 Testamenti,
1201 3376 1362 3430 alium
1413 3375 1536 3430 novi
1572 3391 1584 3428 :
1614 3369 1696 3428 vel
1735 3373 1822 3443 qni
1857 3371 1957 3425 iiii-

345 3474 483 3528 tium
523 3469 728 3527 Christi
753 3471 941 3527 dicunt
967 3487 1089 3527 esse
1117 3471 1184 3526 de
1211 3470 1418 3542 virgine
1447 3487 1460 3524 :
1503 3467 1779 3539 quomodo
1809 3466 1955 3522 enim

343 3563 518 3636 cmpit
542 3580 607 3620 ex
637 3563 867 3635 virgine,
898 3565 988 3636 qui
1018 3574 1146 3618 ante
1177 3563 1441 3634 virginem
1485 3560 1849 3632 loquebatur?

420 3659 604 3733 (Vers.
639 3659 752 3730 l8.)
793 3659 1026 3731 Spiritus
1049 3658 1260 3713 Domini
1284 3673 1442 3729 super
1475 3672 1573 3710 me.

420 3751 514 3809 45.
542 3751 704 3808 Vides
733 3751 1060 3808 Trinitatem
1085 3761 1416 3806 comternain
1444 3757 1609 3820 atque
1637 3745 1956 3818 perfectam.

345 3848 532 3921 Ipsum
562 3848 801 3918 loquitur
823 3847 1110 3916 Scriptura
1135 3843 1319 3900 Jesum
1341 3843 1513 3898 Deum
1543 3841 1958 3910 hominemque,

349 3944 406 4000 in
436 3952 672 4012 utroque
701 3941 1038 4014 perfectum:
1075 3941 1242 3996 Deum
1280 3939 1520 4011 loquitur
1548 3946 1603 3992 et
1630 3936 1873 4000 Patrem,
1903 3942 1960 3988 et

350 4037 617 4110 Spiritum
646 4045 911 4092 sanctum.
946 4035 1184 4106 Spiritus
1211 4033 1353 4089 enim
1384 4043 1606 4088 sanctus
1635 4038 1960 4100 cooperator

350 4130 691 4197 ostenditur,
737 4129 960 4202 quando
999 4129 1270 4200 corporali
1315 4130 1497 4198 specie
1542 4127 1681 4181 sicut
1711 4124 1960 4178 columba

349 4224 639 4282 descendit
667 4225 719 4280 in
765 4223 1079 4288 Christum;
1106 4238 1227 4280 cum
1275 4223 1365 4276 Dei
1400 4221 1565 4276 Filius
1599 4221 1964 4289 baptizaretur

353 4323 411 4378 in
435 4321 622 4388 ﬂuvio,
651 4321 809 4376 Pater
838 4321 1152 4391 loqueretur
1173 4335 1202 4375 e
1231 4319 1391 4375 cmlo.
1424 4316 1578 4386 Quod
1603 4316 1768 4386 igitur
1790 4314 1962 4382 majus

351 4415 653 4489 quaerimus
683 4414 1074 4480 testimonium,
1099 4427 1259 4484 quam
1283 4410 1423 4482 quod
1467 4426 1526 4464 se
1551 4408 1717 4462 fuisse
1746 4407 1838 4477 qui
1878 4407 1961 4462 lo-

353 4523 516 4570 cutus
543 4522 630 4569 est
653 4513 707 4567 in
735 4511 1049 4584 Prophetis,
1078 4510 1294 4582 propria
1331 4524 1468 4564 voce
1493 4505 1767 4579 signavit?
1793 4503 1960 4575 Ungi-

355 4616 448 4663 tur
473 4609 596 4663 oleo
626 4606 882 4676 epiritali,
911 4615 967 4661 et
988 4607 1188 4660 virtute
1215 4603 1464 4669 cmlcSti;
1493 4612 1554 4657 ut
1583 4605 1964 4671 paupertatem

2132 3382 2222 3438 48.
2271 3383 2537 3454 Nonquia
2577 3383 2707 3438 Elim
2753 3382 2872 3438 dies
2929 3383 3165 3448 fuerunt,
3221 3379 3312 3437 sed
3370 3381 3424 3436 in
3471 3377 3666 3450 quibus

2062 3474 2214 3530 Elias
2240 3486 2497 3546 Operatus
2522 3488 2603 3531 est
2646 3494 2660 3532 :
2695 3486 2786 3531 aut
2825 3477 2948 3547 quia
2994 3475 3111 3530 dies
3152 3475 3384 3531 iaciebat
3413 3475 3552 3539 illis,
3575 3473 3666 3543 qui

2063 3569 2118 3625 in
2177 3570 2293 3640 ejus
2342 3571 2600 3641 operibus
2632 3571 2808 3627 lucem
2855 3571 3114 3627 videbant
3155 3571 3340 3642 gratia:
3382 3569 3664 3640 spiritalis,

2062 3675 2115 3722 et
2139 3666 2603 3722 convertebautttr
2635 3665 2701 3721 ad
2733 3667 3044 3723 Dominum.
3083 3666 3150 3722 Et
3178 3667 3303 3722 ideo
3324 3666 3668 3736 aperiebatur

2061 3759 2258 3814 emtum
2286 3759 2596 3815 videntibus
2623 3769 2828 3816 aeterna
2871 3770 2926 3816 et
2974 3760 3153 3816 divina
3183 3761 3439 3832 mysteria
3472 3777 3486 3813 :
3524 3759 3671 3814 clau-

2062 3851 2291 3908 debatur
2321 3854 2539 3922 quando
2569 3854 2738 3909 fames
2755 3865 2868 3910 erat
2894 3872 2909 3922 ;
2938 3855 3067 3925 quia
3097 3854 3242 3908 nulla
3287 3865 3406 3908 erat
3443 3866 3672 3924 cognos-

2063 3945 2252 4001 cendae
2307 3944 2611 4001 divinitatis
2671 3947 2911 4003 ubertas.
2979 3947 3086 4003 Sed
3145 3946 3214 4002 de
3283 3946 3386 4000 hoc
3463 3944 3673 4016 plenius

2063 4037 2382 4108 scripsimus
2405 4081 2419 4105 ,
2442 4054 2564 4094 cum
2596 4039 2664 4094 de
2692 4039 2880 4095 Viduis
2917 4040 3283 4095 scriberemus
3315 4037 3452 4110 (Lib.
3485 4037 3548 4092 de
3577 4035 3674 4092 Vi-

2065 4131 2232 4201 άιιίδ).

2137 4226 2317 4301 (Vcrs.
2348 4228 2470 4300 ⁴27.)
2512 4229 2578 4284 Et
2603 4231 2750 4284 multi
2773 4230 2965 4302 [αργοδὶ
2996 4239 3142 4285 erant
3173 4232 3226 4284 in
3255 4228 3447 4283 Iudaea
3480 4236 3674 4300 tempo-

2066 4321 2208 4374 ribus
2251 4319 2750 4393 Elisrriprophetw:
2790 4333 2838 4378 et
2864 4340 3013 4378 nemo
3043 4339 3220 4378 eorum
3255 4320 3534 4376 mundatus
3565 4331 3636 4375 est
3659 4362 3672 4387 ,

2069 4416 2170 4469 nisi
2201 4413 2447 4470 Nanmun
2483 4416 2672 4488 Syrus.

2142 4510 2231 4566 49.
2275 4509 2576 4567 Evidenter
2603 4515 2692 4569 hic
2714 4530 2896 4570 sermo
2929 4529 3028 4569 nos
3073 4513 3282 4568 Domini
3318 4511 3567 4568 salutaris
3599 4509 3678 4564 iu-

2069 4602 2286 4672 lormat,
2317 4613 2374 4659 et
2396 4605 2462 4660 ad
2512 4607 2748 4662 studium
2780 4608 3105 4664 veneranda:
3151 4606 3452 4663 divinitatis
3495 4605 3680 4659 horta-

354 4699 692 4756 conditionis
735 4699 984 4754 humanae
1016 4698 1272 4753 thesauro
1313 4693 1738 4751 resurrectionis
1768 4693 1970 4762 rigaret
1999 4702 2046 4761 ι)
2073 4704 2180 4763 tur,
2237 4697 2380 4767 quod
2441 4715 2601 4754 nemo
2651 4710 2874 4755 sanatus
2929 4701 3256 4770 ostenditur,
3315 4709 3372 4756 et
3418 4697 3676 4753 maculosi

355 4805 586 4862 aeterno,
642 4795 1011 4865 captivitatem
1053 4792 1251 4849 mentis
1301 4798 1607 4853 averteret.
1664 4788 1964 4844 caritatem

356 4891 696 4946 illuminaret
718 4891 1046 4957 animorum,
1079 4903 1281 4943 annum
1314 4885 1526 4941 Domini
1562 4883 1837 4954 perpetuis
1865 4879 1965 4935 dif-

357 4983 538 5042 iusum
569 4987 902 5058 temporibus
925 4985 1270 5058 praedicaret,
1301 4983 1394 5054 qui
1440 4981 1622 5037 redire
1677 4980 1729 5034 in
1775 4977 1964 5033 orbem

358 5079 563 5136 laboris
585 5085 814 5149 nesciat,
845 5081 1312 5138 continuationem
1335 5078 1544 5134 fructus
1573 5071 1885 5130 hominibus
1913 5079 1970 5126 et

360 5173 561 5247 quietis
585 5175 883 5248 indulgeat.
907 5175 1086 5246 Atque
1117 5175 1208 5230 ille
1236 5173 1307 5228 ita
1340 5171 1407 5227 ad
1433 5169 1613 5226 omnia
1631 5181 1691 5222 se
1715 5167 1970 5222 curvavit

439 5373 464 5400 ε
504 5362 667 5417 Rom.
699 5360 864 5424 edit.,
897 5355 1173 5412 uoluntatis
1195 5362 1298 5409 tua!
1325 5348 1582 5406 coronasti
1609 5361 1703 5400 nos
1727 5361 1745 5399 :
1769 5352 1816 5398 et
1847 5357 1966 5396 scu-

365 5446 422 5493 to
452 5432 790 5490 circumdabit
827 5441 894 5486 te.

438 5507 468 5548 δ
521 5506 724 5561 Eadem
756 5503 914 5558 Rom.
945 5501 1077 5557 edit.
1101 5543 1114 5562 ,
1148 5498 1350 5554 virtutis
1381 5505 1454 5550 est
1483 5491 1774 5548 celebratio.

449 5591 471 5618 ε
515 5560 581 5634 Et
603 5578 691 5647 qui
721 5593 866 5631 secus
909 5560 1173 5647 maritima
1230 5573 1405 5647 deleta
1438 5567 1650 5647 fuerant
1807 5560 1967 5647 Rom.

369 5633 542 5717 edit.,
575 5633 752 5716 neque
777 5650 999 5702 omnino
1030 5645 1195 5709 male,
1227 5657 1348 5717 cum
1383 5641 1433 5717 in
1461 5637 1830 5717 superioribus
1863 5633 1968 5688 illis

370 5708 630 5796 paraliam
656 5708 1020 5796 inhabitantes,
1050 5708 1616 5796 οοιιιρτειιθιιιιωιιιιςρ
1647 5708 1750 5796 sed
1790 5719 1964 5796 tamen

367 5780 722 5867 reperiuntur
752 5793 803 5845 in
832 5780 1084 5867 omnibus
1104 5780 1246 5867 inss.
1290 5802 1353 5841 ac
1376 5797 1482 5867 vet.
1511 5782 1657 5867 edit.‘
1690 5781 1758 5835 lat
1797 5780 1968 5867 potuit

369 5857 698 5926 Ambrosius
719 5880 842 5935 quae
871 5862 1060 5919 Graeca
1085 5862 1324 5918 dictione
1355 5857 1685 5928 signaverat,
1709 5857 1967 5910 continuo

373 5939 584 5998 Mtiuis
608 5936 794 5994 verbis
818 5935 1110 6005 explicaret

2072 4796 2266 4850 morbo
2308 4797 2555 4866 corporis
2585 4798 2887 4866 absolutus,
2921 4801 3023 4854 nisi
3069 4799 3162 4870 qui
3212 4798 3469 4868 religioso
3498 4794 3678 4851 cilicio

2068 4887 2275 4942 studuit
2323 4891 2562 4946 sanitati.
2611 4890 2727 4948 Non
2771 4894 2914 4949 enim
2946 4893 3344 4949 dormientibus
3375 4893 3554 4947 divina
3585 4890 3680 4947 be-

2070 4982 2282 5049 nelicia,
2323 4983 2417 5038 sed
2449 4985 2865 5042 observantibus
2895 4985 3238 5043 deteruntur.
3283 4985 3345 5040 Et
3390 4985 3527 5040 bene
3550 4991 3678 5053 apto

2069 5075 2497 5143 comparationis
2519 5079 2770 5149 exemplo
2797 5081 3105 5151 arrogantia
3138 5080 3337 5135 civium
3371 5076 3679 5133 retunditur

2072 5166 2406 5234 invidorum,
2460 5169 2910 5243 Dominicumque
2942 5173 3141 5228 factum
3181 5170 3482 5242 Scripturis
3517 5168 3675 5225 doceo

2119 5341 2365 5429 .dLQuod
2397 5348 2646 5429 Christus
2673 5355 2742 5410 de
2769 5353 2938 5425 patria
2975 5354 3027 5408 in
3058 5367 3161 5429 qua
3192 5352 3456 5408 educatus
3481 5349 3677 5415 fuerat,

2078 5414 2230 5477 dicit.
2269 5419 2319 5472 id
2369 5423 2528 5478 etiam
2575 5425 2641 5480 ad
2677 5414 2903 5496 patriam
2958 5414 3090 5496 qua;
3135 5426 3308 5492 ipsum
3368 5414 3677 5478 nascentem

2079 5503 2416 5561 susreperat,
2447 5500 2688 5554 extendit
2735 5500 3076 5555 Ambrosius.
3131 5496 3240 5552 Nec
3281 5511 3413 5550 sane
3455 5496 3676 5562 injuria,

2077 5565 2294 5632 quando
2316 5565 2427 5622 illic
2450 5572 2612 5624 etiam
2649 5573 2852 5628 nttllum
2885 5587 2915 5624 a
2939 5571 3160 5626 Christo
3190 5567 3509 5624 miraculum
3537 5566 3677 5635 lega-

2077 5657 2197 5696 mus
2241 5654 2634 5714 perpetratum.

2151 5724 2174 5752 ε
2215 5710 2374 5769 Rom.
2405 5716 2536 5774 edit.
2559 5761 2571 5783 ,
2607 5729 2662 5775 ut
2689 5717 2787 5774 Dei
2832 5716 3000 5771 Filius
3031 5717 3424 5786 conciperetur;
3451 5710 3584 5786 alim
3613 5726 3676 5768 ac

2073 5801 2206 5841 mss.
2237 5804 2426 5842 omnes
2606 5801 2924 5848 nasceretur.
2948 5791 3089 5846 Sane
3110 5783 3395 5858 conceptio
3423 5783 3674 5838 uativitas

2072 5869 2158 5916 est
2185 5859 2456 5917 inchoata.
