4156 6346
488 388 505 442 i
521 384 620 440 6&7

1853 361 2100 424 SANCTI
2137 357 2459 419 AMBROSII

3642 355 3779 412 1628

480 506 567 552 tur
618 495 894 552 veteribus
947 491 1241 548 convenire
1269 531 1283 556 ,
1342 488 1484 560 quod
1554 487 1604 540 in
1665 483 1816 539 libris
1866 494 2082 554 quoque
2109 479 2162 541 Α
2189 494 2338 549 pere,
2365 478 2533 548 gratis
2561 477 2692 532 dare
2727 493 2739 530 :
2775 490 2874 532 nec
2897 475 3131 532 vendere
3161 474 3542 539 ministerium,
3572 474 3664 529 sed
3697 478 3777 527 ol-

479 591 792 663 Reghorum
821 589 1046 660 legimus
1073 583 1326 657 gentilem
1361 583 1533 636 virum
1565 579 1802 635 Naaman
1838 575 2075 648 prophe-

481 687 590 742 tico
615 685 837 740 oraculo
862 684 1026 751 leprae
1050 679 1276 735 maculis
1296 677 1626 741 absolutum,
1659 688 1782 728 cum
1813 671 2079 743 plurimos

478 779 789 836 Judaeorum
820 779 966 847 lepra
996 774 1245 844 corporis
1278 772 1476 841 pariter
1511 780 1564 826 et
1593 770 1791 824 mentis
1829 767 2079 822 absume-

481 883 564 928 ret
605 871 693 946 (IV
725 872 851 943 Reg.
888 885 943 936 v,
979 867 1090 938 Μ).
1133 865 1408 936 Siquidem
1439 870 1671 934 quatuor
1716 861 1839 916 illos
1865 859 1954 930 qui
1985 873 2078 913 co-

480 975 639 1036 gente
673 964 832 1027 fame,
861 963 916 1017 in
942 970 1120 1017 castra
1149 960 1296 1030 regis
1321 958 1494 1030 Syriae
1523 956 1680 1023 primi
1707 954 2074 1021 tetenderunt,

482 1058 643 1114 tradit
672 1056 897 1113 historia
940 1057 1105 1111 fuisse
1147 1054 1392 1124 leprosos
1429 1051 1684 1124 (lV_Reg.
1711 1064 1814 1112 vtt,
1848 1048 1925 1120 ὅ).
1967 1045 2078 1102 Cur

481 1152 647 1221 igitur
685 1166 790 1206 non
819 1150 1047 1204 curabat
1077 1148 1294 1210 fratres,
1328 1161 1435 1202 non
1481 1145 1706 1201 curabat
1753 1145 1921 1207 cives,
1971 1153 2076 1196 non

482 1243 708 1298 sanabat
732 1241 998 1312 propheta
1020 1249 1330 1305 consortes;
1354 1253 1476 1294 cum
1492 1246 1709 1293 sanaret
1728 1237 1958 1303 alienos,
1985 1250 2077 1290 sa-

485 1343 644 1390 naret
670 1347 764 1390 eos
793 1333 882 1404 qui
907 1333 1304 1389 observantiam
1335 1331 1519 1402 Legis,
1546 1340 1601 1386 et
1631 1329 1909 1400 religionis
1943 1343 2078 1383 con-

482 1431 713 1486 s0rtium
739 1444 844 1484 non
871 1428 1142 1485 habebant
1171 1445 1184 1484 ε
1215 1429 1315 1483 nisi
1344 1427 1468 1497 quia
1496 1423 1790 1481 voluntatis
1806 1432 1888 1478 est
1909 1422 2084 1478 medi-

485 1529 626 1591 cina,
660 1539 765 1580 non
809 1527 1023 1597 gentis;
1069 1534 1124 1579 et
1153 1523 1398 1579 divinum
1432 1537 1628 1577 munus
1666 1523 1804 1576 votis
1840 1521 2080 1591 eligitur,

487 1633 592 1673 non
625 1627 835 1673 naturae
853 1619 976 1688 jure
1002 1616 1282 1672 defertur?
1322 1616 1498 1682 Disce,
1530 1615 1856 1680 Christiane,
1890 1628 2083 1686 rogare

482 1712 627 1782 quod
655 1710 840 1780 cupias
879 1711 1171 1780 impetrare
1201 1727 1212 1764 :
1248 1708 1562 1764 fastidiosos
1606 1709 1753 1763 viros
1780 1709 2081 1764 caelestium

482 1803 760 1874 profectus
783 1817 1067 1858 munermn
1090 1817 1195 1857 non
1223 1810 1542 1873 sequuntur.

2183 576 2324 631 ferre
2355 573 2572 645 (Matth.
2627 588 2681 641 tt,
2711 569 2792 643 8).
2844 569 2960 626 Non
3001 571 3146 626 enim
3191 568 3369 640 pretio
3419 575 3631 624 taxatur
3678 566 3774 623 Dei

2179 669 2374 740 gratia,
2407 681 2506 722 nec
2535 667 2588 721 in
2613 664 2967 722 sacramentis
3006 661 3216 718 lucrum
3245 661 3528 734 quaeritur,
3554 659 3650 716 sed
3681 659 3781 716 obe

2179 763 2426 832 sequium
2452 758 2776 816 sacerdotis.

2251 857 2335 912 55.
2381 856 2498 912 Non
2531 865 2707 910 tamen
2738 853 2873 908 satis
2899 862 2983 909 est
3013 851 3058 906 si
3102 850 3315 906 lucrum
3345 849 3460 919 ipse
3487 861 3596 903 non
3621 861 3771 918 quaa-

2181 965 2305 1007 ras:
2360 950 2577 1006 familiae
2607 962 2825 1020 quoque
2869 956 2976 1002 tua:
3017 943 3338 1001 cohibenda:
3382 951 3510 997 sunt
3538 957 3775 997 manus:

2170 1062 2282 1106 .ncc
2323 1047 2425 1102 ltoc
2454 1047 2627 1100 solum
2669 1042 3039 1115 exposcimus,
3070 1049 3127 1096 ut
3157 1045 3210 1096 te
3237 1039 3412 1094 solum
3439 1045 3648 1092 castora
3679 1036 3783 1092 im-

2181 1140 2619 1209 maculatumque
2651 1137 2944 1192 custodias.
2977 1134 3094 1190 Non
3123 1133 3264 1189 enim
3293 1131 3428 1186 dixit
3459 1130 3777 1200 Apostolus,

2181 1243 2233 1290 te
2257 1233 2433 1288 solum
2461 1252 2474 1286 :
2505 1232 2623 1298 sed,
2658 1230 2728 1286 Te
2755 1231 2926 1301 ipsum
2972 1238 3170 1282 castum
3213 1225 3416 1281 custodi
3461 1224 3504 1297 (l
3537 1223 3668 1277 Tim.
3721 1238 3777 1289 ν,

2181 1329 2295 1401 2:2).
2327 1330 2598 1399 Qnmritur
2647 1341 2780 1397 ergo
2830 1340 2937 1381 non
2990 1326 3166 1380 solam
3219 1331 3307 1378 tua
3347 1321 3416 1376 ab
3468 1316 3778 1390 bujnsmodi

2184 1423 2457 1488 nundinis,
2515 1421 2611 1478 sed
2658 1422 2822 1478 etiam
2873 1419 3067 1475 domus
3109 1431 3214 1471 tua:
3256 1415 3517 1471 castitas:
3566 1413 3783 1484 Oportet

2184 1518 2328 1573 enim
2372 1515 2869 1589 irreprehensibilem
2906 1529 3014 1567 esse
3058 1510 3496 1567 sacerdotem.....
3545 1523 3654 1562 suae
3681 1507 3780 1560 do-

2183 1615 2290 1667 mui
2337 1611 2462 1666 bene
2489 1610 2859 1681 praepositum,
2900 1607 3039 1677 ﬁlios
3069 1607 3336 1660 habentem
3365 1601 3596 1658 subditas
3617 1641 3632 1668 ,
3663 1615 3783 1655 cunt

2188 1705 2329 1761 omni
2380 1705 2635 1760 castitate.
2673 1701 2736 1758 Si
2785 1703 2899 1768 quis
2949 1711 3118 1754 autem
3191 1697 3367 1752 domui
3395 1711 3506 1767 sua?
3565 1709 3788 1764 prtressc

2187 1800 2375 1863 nescit,
2419 1797 2672 1871 quomodo
2741 1795 2993 1850 Ecclesia:
3055 1791 3156 1848 Dei
3200 1791 3527 1864 diligentiam
3579 1788 3782 1843 habebit

554 1901 641 1954 50.
684 1899 790 1954 Sed
821 1899 1068 1970 quamvis
1110 1901 1342 1970 simplex
1387 1899 1659 1970 expositio
1707 1900 1967 1956 moralem
2005 1901 2085 1956 in-
2115 1879 2162 1940 Β
2193 1890 2488 1962 (lTim.ttt,
2521 1887 2928 1960 2-5)?lnstrue
2957 1899 3088 1957 ergo
3111 1883 3369 1940 familiam
3399 1892 3567 1950 tuam,
3602 1882 3779 1936 horta-

479 1991 677 2048 formet
703 1991 990 2060 affectum;
1022 1992 1193 2064 gratia
1223 2001 1404 2048 tamen
1435 2007 1540 2047 non
1573 2002 1657 2048 est
1681 1994 1897 2049 occulta
1936 2009 2084 2065 mys-

482 2087 627 2143 terii.
662 2088 876 2145 Etenim
906 2104 1030 2144 cum
1060 2089 1359 2158 posteriora
1391 2104 1419 2143 a
1441 2089 1815 2159 superioribus
1833 2090 2090 2145 deriven—

487 2192 598 2245 tur,
653 2190 766 2236 tum
798 2184 962 2238 etiam
1010 2182 1288 2253 superiora
1337 2182 1726 2251 posterioribus
1768 2193 2088 2238 aSIruuntnr

485 2272 628 2340 (Lib.
664 2274 728 2328 de
764 2272 991 2344 Viduis).
1029 2273 1272 2328 Diximus
1303 2274 1445 2328 enim
1494 2275 1546 2329 in
1585 2273 1724 2329 libro
1768 2274 1893 2340 alio,
1931 2276 1981 2330 in
2009 2276 2087 2329 vi-

484 2365 586 2420 dua
614 2365 702 2419 illa
734 2365 802 2420 ad
831 2380 991 2436 quam
1025 2365 1171 2420 Elias
1197 2365 1438 2422 directus
1461 2373 1562 2432 est,
1608 2374 1791 2438 typum
1823 2367 2084 2423 Ecclesia:

485 2459 845 2528 praemissum.
873 2468 898 2496 ει
923 2458 1484 2529 Populus,Ecclesiam
1505 2460 1776 2529 congruit,
1807 2469 1864 2515 ut
1890 2474 2086 2531 sequa-

485 2563 592 2607 tur.
619 2552 855 2622 Populus
880 2553 970 2609 ille
997 2569 1063 2608 ex
1095 2554 1415 2624 alienigenis
1445 2563 1824 2625 congregatus,
1857 2555 2085 2626 populus

482 2645 575 2700 ille
604 2654 728 2700 ante
756 2646 1022 2714 leprosos,
1050 2647 1280 2717 populus
1305 2647 1396 2701 ille
1425 2641 1553 2701 ante
1590 2647 1894 2702 maculosus
1936 2647 2085 2716 prius

487 2753 646 2809 quam
673 2740 906 2810 mystico
931 2739 1297 2811 baptizaretur
1329 2743 1380 2795 in
1414 2741 1658 2807 flumine,
1685 2740 1823 2796 idem
1849 2750 1967 2811 post
1999 2756 2084 2796 sa-

482 2845 757 2888 cramenta
789 2835 1128 2906 baptismatis
1157 2835 1386 2891 maculis
1411 2838 1659 2905 corporis
1681 2847 1734 2890 et
1761 2838 1958 2892 mentis
1985 2837 2082 2892 ab-

481 2928 650 2998 lutus,
677 2929 788 3000 jam
839 2945 943 2985 non
993 2931 1164 3000 lepra,
1201 2930 1296 2986 sed
1341 2931 1686 2985 immaculata
1729 2932 1880 3001 virgo
1918 2931 2084 3001 coepit

477 3037 598 3078 esse
626 3026 745 3079 sine
777 3041 930 3095 ruga.
958 3024 1150 3113 bierito
1191 3041 1318 3097 ergo
1347 3041 1571 3098 magnus
1591 3017 1828 3082 Naaman
1870 3029 1922 3082 in
1953 3042 2084 3084 con-

477 3127 665 3186 spectu
695 3119 904 3175 Domini
938 3119 1046 3185 sui,
1094 3127 1149 3174 et
1177 3119 1508 3175 admirabilis
1541 3120 1674 3174 facie
1715 3119 2079 3188 describitur;

477 3212 733 3280 quoniam
776 3213 828 3266 in
859 3212 978 3282 ejus
1009 3224 1138 3285 typo
1168 3213 1316 3268 salus
1347 3215 1523 3268 futura
1559 3213 1809 3282 gentibus
1836 3212 2082 3268 declara-

479 3313 587 3372 tur,
619 3302 645 3342 b
675 3307 765 3376 qui
793 3309 984 3362 soluta:
1013 3306 1240 3363 consilio
1270 3308 1484 3377 puellae,
1508 3321 1629 3377 qua:
1659 3304 1846 3361 fractis
1873 3307 2080 3364 viribus

476 3397 696 3466 civium,
750 3399 801 3453 in
836 3398 1083 3454 hostilem
1133 3400 1343 3470 captiva
1389 3407 1614 3455 venerat
1660 3408 2008 3470 potestatem,
2051 3417 2079 3452 τι

477 3490 743 3560 propheta
771 3491 998 3546 salutem
1046 3490 1258 3565 1348
1305 3507 1529 3563 sperare
1571 3493 1936 3548 communitus
1985 3489 2078 3562 (IV

481 3583 613 3654 Reg.
641 3599 695 3651 v,
723 3583 807 3655 2),
843 3599 949 3638 non
995 3588 1199 3640 terreni
1255 3590 1399 3656 regis
1431 3587 1681 3657 imperio,
1737 3587 1832 3642 sed
1883 3586 2081 3642 divinat

478 3678 868 3734 misericordiae
900 3679 1228 3735 liberalitate
1256 3679 1500 3736 sanatur.

552 3772 644 3826 bl.
686 3771 796 3828 Cur
844 3774 1076 3843 mystico
1126 3783 1355 3829 numero
1403 3787 1649 3845 mergere
1675 3771 1932 3844 jubeturi
1975 3773 2083 3828 Cur

477 3862 732 3920 Jordanis
759 3865 956 3920 ﬂuvius
987 3867 1252 3938 eligitur?
1283 3865 1470 3922 Nonne
1499 3868 1640 3934 boni,
1671 3868 1864 3935 inqttit,
1900 3866 2081 3921 Abana

477 3965 525 4010 et
549 3949 835 4027 Phor-pitur
859 3960 1004 4029 ﬂuuii
1036 3958 1282 4014 Damasci
1309 3977 1419 4033 prce
1436 3959 1670 4015 Iordane
1701 3957 1866 4033 (Ibid.
1891 4002 1904 4026 ,
1942 3959 2080 4030 1%)?

477 4048 583 4104 Sed
617 4051 788 4106 iratus
818 4051 919 4108 hos
945 4054 1205 4124 praetulit,
1235 4053 1528 4109 Jordaneut
1559 4055 1849 4109 meditatus
1873 4055 2035 4122 elegit
2060 4071 2074 4122 ;

479 4145 654 4199 nescit
682 4145 827 4200 enim
873 4147 948 4201 ira
1002 4148 1339 4219 mysterium,
1390 4148 1524 4204 ﬁdes
1553 4149 1724 4203 novit.
1757 4148 1915 4204 Disce
1946 4148 2080 4218 bap-

477 4239 710 4292 tismatis
728 4240 953 4310 gratiam
985 4241 1241 4295 salutaris
1266 4259 1278 4294 :
1308 4243 1398 4312 qui
1426 4242 1672 4311 leprosus
1706 4251 1989 4306 merserat,
2018 4242 2083 4296 li-

477 4329 615 4385 delis
654 4333 901 4387 emersit.
955 4333 1110 4389 Disce
1151 4335 1415 4405 spiritalia
1464 4346 1804 4391 sacramenta
1834 4338 2077 4407 signari:

478 4427 725 4496 corporis
771 4427 1070 4482 remedium
1121 4430 1342 4498 petitur,
1390 4431 1588 4485 mentis
1611 4432 1937 4500 (acquiritur.
1971 4430 2082 4487 Ab-

480 4517 646 4573 luitur
671 4535 818 4586 caro,
854 4519 1082 4577 aﬂ‘ectus
1114 4521 1370 4576 abluitur.
1399 4521 1518 4576 Non
1545 4497 1714 4577 enim-
1737 4526 1908 4594 magis
1954 4539 2078 4580 cor-

480 4612 626 4681 poris
650 4627 811 4683 quam
844 4615 1038 4670 mentis
1081 4614 1288 4686 lepram
1320 4615 1478 4672 video
1523 4616 1691 4673 fuisse
1729 4619 2076 4686 mundatam,

480 4707 698 4775 quando
730 4720 850 4777 post
880 4709 1230 4778 baptismum,
1278 4712 1479 4766 veteris
1521 4711 1726 4766 erroris
1774 4711 2078 4766 colluvione

479 4799 716 4864 detersa,
748 4811 907 4873 negat
927 4819 986 4858 se
1005 4803 1109 4859 diis
1133 4805 1330 4860 alienis
1354 4805 1583 4874 hostias,
1613 4821 1748 4878 quas
1775 4807 2084 4878 spoponde-

482 4903 569 4950 rat
599 4896 851 4964 Domino,
885 4897 1160 4953 litaturum
1201 4898 1363 4962 (Ibid.
1385 4942 1399 4965 ,
1429 4899 1541 4974 l7).

555 4991 646 5046 52.
692 4993 852 5048 Disce
880 4992 1041 5048 etiam
1069 5007 1325 5063 congruae
1357 5003 1624 5064 praecepta
1649 4995 1862 5051 virtutis
1887 5012 1900 5048 :
1949 5010 2080 5066 proe

483 5083 840 5152 bavitlidem,
886 5087 978 5158 qui
1035 5089 1251 5158 praemia
1304 5090 1597 5143 recusavit.
1646 5089 1805 5144 Disce
1850 5097 2082 5160 utroque

481 5179 754 5235 dictorum
782 5180 1150 5251 factorumque
1182 5181 1494 5251 magisterio
1515 5181 1644 5252 quid
1675 5183 1942 5254 sequaris.
1975 5183 2080 5239 Ha-

482 5273 578 5330 bes
606 5275 820 5330 Domini
847 5286 1198 5346 praeceptum,
1226 5277 1364 5331 vatis
1391 5277 1721 5348 exemplum,
1746 5279 1914 5348 gratis
1938 5281 2081 5336 acci-

558 5444 584 5473 ει
626 5435 772 5497 Edit,
802 5451 991 5491 omnes
1039 5451 1158 5490 cum
1195 5449 1326 5489 mss.
1369 5447 1600 5508 quatuor
1638 5439 1838 5496 infimae
1885 5443 2083 5508 aetatis,

488 5505 725 5582 Populus
753 5509 1039 5582 Ecclesium
1060 5505 1523 5582 congregatvitlAlii
1551 5505 2081 5582 magnonumero,...

487 5580 741 5650 congruit.
777 5581 982 5636 Melius.
1030 5581 1142 5634 Non
1176 5585 1319 5635 enitn
1353 5581 1580 5650 p0pnlus
1609 5580 1906 5641 Ecclesium
1946 5601 2081 5640 con-

488 5667 740 5728 gregasse
771 5664 917 5728 recte
937 5653 1412 5728 dicipoteatfcum
1437 5670 1503 5728 ex
1530 5658 1733 5725 ῃυμιιιο
1762 5668 2085 5728 congregata

488 5729 557 5778 sit
587 5724 850 5779 Ecclesia.
882 5725 985 5779 Sed
1023 5723 1258 5798 Populus
1284 5726 1568 5783 Ecclesium
1606 5723 1892 5798 congruit:
1913 5723 1990 5784 uti
2010 5747 2091 5784 se-

487 5804 940 5881 guattir-,“sen9ttnt
969 5798 1278 5865 expeditum
1302 5798 1568 5868 praeferet,
1593 5801 1633 5853 si
1657 5803 1894 5872 trajectis
1907 5803 2090 5857 verbis

489 5872 862 5956 itacht‘plices,
895 5877 1133 5956 congruit
1163 5889 1217 5930 ut
1240 5875 1463 5956 papulas
1505 5875 1786 5932 Ecclesium
1827 5885 2090 5956 sequatur.

559 5939 586 5981 δ
627 5941 786 6030 fietu.
843 5939 1012 6008 cditf
1041 5949 1196 6021 sola,
1240 5939 1354 6023 'qin'
1407 5958 1597 6012 sancite
1645 5953 1861 6010 consilio
1886 5939 2091 6026 puellis.

2108 4755 2163 4817 D

2191 2001 2274 2051 re,
2325 1984 2574 2041 custodi:
2623 1991 2678 2038 et
2728 1983 2772 2037 si
2817 1988 2872 2037 te
2903 1978 3158 2036 fefellerit
3186 1976 3433 2033 servulus
3465 1975 3782 2046 (humanam

2190 2080 2332 2135 enim
2363 2093 2472 2134 non
2503 2077 2716 2146 excipio
2753 2074 3094 2141 facultatem)
3133 2070 3450 2142 prophetico
3477 2065 3789 2136 deprehena

2189 2190 2283 2230 sus
2306 2173 2620 2243 repudietur
2651 2169 2923 2237 exemplo.
2951 2167 3074 2222 Cito
3105 2165 3164 2237 (ι,
3191 2181 3242 2235 q.
3271 2180 3310 2231 t,
3352 2179 3472 2230 cap.
3506 2158 3642 2232 C’ito)
3667 2169 3784 2215 tur-

2191 2282 2310 2338 pem
2341 2267 2586 2336 sequitur
2632 2265 2780 2334 lepra
2828 2259 3161 2326 mercedem,
3209 2268 3265 2314 et
3313 2256 3540 2329 pecunia
3587 2269 3784 2325 corpus

2187 2363 2535 2430 animumque
2582 2359 2721 2414 male
2785 2355 3009 2428 quaesita
3067 2353 3448 2410 commaculat.
3495 2351 3782 2424 Aecepisti,

2189 2455 2385 2525 inquit,
2437 2453 2728 2522 pecuniam,
2781 2459 2828 2505 et
2864 2447 3152 2519 possidebis
3191 2461 3254 2499 ea:
3290 2461 3349 2499 ea
3378 2459 3582 2515 agrum,
3633 2453 3680 2497 et
3709 2444 3785 2497 ui-

2187 2563 2360 2613 ncam,
2390 2557 2435 2601 et
2463 2547 2674 2612 oliveta,
2702 2552 2747 2598 et
2777 2556 2951 2614 greges
2985 2557 3003 2595 :
3053 2549 3074 2578 ε
3101 2549 3149 2594 et
3177 2538 3323 2606 lepra
3350 2535 3593 2591 Naaman
3613 2534 3784 2605 applia

2188 2642 2321 2698 cabit
2345 2659 2398 2696 sc
2418 2643 2473 2695 in
2499 2650 2565 2703 te,
2590 2647 2635 2693 et
2663 2638 2846 2694 semini
2868 2647 2956 2690 tuo
2986 2649 3144 2706 usque
3170 2633 3225 2686 in
3249 2640 3500 2688 reternum
3532 2628 3623 2701 (IV
3650 2627 3780 2699 Reg.

2185 2755 2239 2808 v,
2269 2739 2339 2796 26
2365 2749 2412 2794 et
2429 2738 2546 2808 9.7).
2569 2735 2729 2791 Vides
2756 2733 2878 2804 quia
2897 2732 3039 2787 facto
3065 2729 3305 2785 auctoris
3331 2725 3605 2781 successio
3632 2723 3786 2776 dam-

2189 2839 2349 2892 natur
2407 2831 2645 2888 hercdls.
2683 2826 3029 2897 lnexpiabilis
3073 2834 3157 2879 est
3201 2821 3346 2877 enim
3385 2817 3589 2874 venditi
3625 2817 3784 2886 culpa

2186 2927 2454 3002 mysterii,
2483 2937 2538 2982 et
2561 2926 2747 2996 gratia:
2773 2921 3017 2976 vindicta
3037 2916 3274 2974 caelestis
3301 2911 3573 2970 transitad
3605 2920 3787 2981 postea

2186 3040 2294 3080 ros.
2339 3022 2578 3092 Denique
2622 3016 2870 3074 Moabitae
2917 3024 2971 3069 et
2999 3012 3182 3068 caeteri
3239 3023 3348 3065 non
3401 3005 3679 3062 intrabunt
3727 3004 3784 3058 in

2186 3121 2482 3179 Ecclesium
2519 3119 2607 3172 Dei
2642 3131 2810 3185 usque
2839 3111 2906 3170 ad
2949 3115 3162 3166 tertiam
3193 3118 3247 3163 et
3271 3113 3522 3178 quartam
3555 3115 3785 3173 genera-

2187 3217 2386 3272 tionem
2423 3212 2605 3286 (Deut.
2636 3224 2799 3274 xxm,
2823 3205 2881 3279 ὅ)
2907 3225 2920 3262 :
2957 3203 3161 3259 tamdiu
3191 3200 3442 3256 videlicet
3463 3197 3546 3268 (ut
3577 3194 3786 3264 simpli-

2106 3278 2151 3342 (ἶ
2186 3311 2301 3365 eius
2332 3303 2778 3376 interpretemur)
2817 3278 2990 3356 donec
3021 3296 3237 3366 culpam
3278 3299 3563 3346 auctorum
3594 3286 3784 3342 multi-

2187 3404 2344 3474 plicis
2372 3399 2649 3457 successio
2681 3393 3047 3469 generationis
3081 3390 3348 3445 aboleret.

2257 3496 2346 3552 54.
2389 3495 2492 3549 Sed
2533 3507 2652 3548 cum
2687 3491 2764 3544 illi
2812 3487 2904 3559 qui
2935 3489 2986 3542 in
3021 3486 3188 3540 Deum
3237 3477 3566 3536 idololatria:
3593 3489 3783 3532 errore

2186 3592 2572 3661 deliquerunt,
2625 3586 2677 3640 in
2735 3592 2980 3655 quartam
3033 3578 3442 3649 generationem
3494 3569 3787 3624 videantur

2185 3703 2304 3744 esse
2332 3683 2543 3740 multati
2570 3700 2582 3735 :
2614 3679 2857 3751 profecto
2882 3675 3069 3729 durior
3100 3671 3316 3726 videtur
3336 3681 3460 3722 esse
3485 3662 3782 3727 sententia,

2184 3793 2287 3849 qua
2335 3774 2484 3832 Giezi
2528 3785 2715 3828 semen
2748 3781 2920 3832 usque
2956 3764 3008 3819 in
3042 3773 3309 3818 aeternum
3357 3772 3454 3828 pro
3483 3751 3783 3826 cupiditate

2186 3869 2441 3934 habendi,
2491 3863 2805 3938 prOpItetica
2848 3856 3170 3914 auctoritate
3199 3854 3509 3914 damnatur,
3555 3861 3785 3918 praeser-

2187 3967 2279 4020 tim
2305 3979 2427 4018 cum
2464 3960 2718 4014 Dominus
2762 3963 2948 4010 noster
2986 3950 3144 4006 Jesus
3172 3945 3422 4002 Christus
3454 3958 3552 4012 per
3582 3939 3782 3994 lavacri

2186 4057 2656 4130 regenerationem
2703 4050 2958 4106 omnibus
3002 4044 3378 4101 remissionem
3414 4037 3630 4095 dederit
3658 4049 3785 4105 pecs

2183 4161 2468 4215 calorum;
2502 4146 2604 4202 nisi
2637 4155 2694 4199 ttt
2722 4142 2975 4196 vitiorum
3017 4138 3187 4208 magis
3234 4148 3393 4206 quam
3431 4130 3647 4202 generis
3690 4141 3783 4184 se-

2186 4261 2307 4301 men
2343 4243 2634 4312 intelligas.
2693 4234 2903 4312 13w
2942 4232 3094 4289 Sicut
3120 4231 3264 4286 enim
3297 4229 3387 4299 qui
3421 4225 3518 4280 ﬁlii
3551 4223 3787 4295 promis-

2182 4339 2353 4396 sionis
2382 4347 2530 4402 sunt,
2563 4335 2902 4390 aestimantur
2932 4330 2983 4384 in
3017 4341 3203 4382 semen
3235 4326 3436 4380 bonum
3465 4341 3478 4375 :
3511 4321 3582 4375 ita
3616 4321 3784 4374 etiam

2183 4437 2272 4506 qui
2303 4433 2395 4488 lilii
2424 4431 2626 4488 erroris
2655 4437 2804 4494 sunt,
2851 4427 3196 4481 aestimantur
3238 4421 3291 4475 in
3339 4433 3526 4473 semen
3554 4415 3782 4470 malum.

2185 4529 2315 4583 Nam
2349 4533 2402 4582 et
2443 4523 2615 4581 Judaei
2661 4539 2726 4578 ex
2761 4530 2912 4592 patre
2955 4517 3193 4582 diabolo,
3244 4529 3348 4569 non
3395 4511 3578 4582 utique
3607 4507 3786 4563 carnis

2186 4621 2555 4684 successione,
2583 4617 2676 4673 sed
2705 4615 2969 4672 criminis.
3007 4612 3150 4681 Ergo
3189 4621 3381 4663 omnes
3419 4603 3625 4674 cupidi,
3669 4616 3790 4656 om-s

2189 4734 2285 4774 tres
2313 4716 2460 4770 avari
2493 4713 2645 4770 Giezi
2684 4712 2887 4780 leprant
2931 4721 3052 4761 cum
3084 4702 3292 4758 divitiis
3320 4699 3434 4754 suis
3464 4695 3742 4767 possident
3769 4711 3783 4748 :

2188 4821 2244 4868 et
2267 4810 2404 4867 male
2434 4805 2659 4880 quaesita
2691 4800 2958 4865 mercede,
2995 4813 3102 4853 non
3139 4803 3246 4849 tam
3292 4789 3673 4861 patrimonium
3708 4785 3787 4841 fa-

2185 4905 2448 4960 cultatum
2469 4942 2485 4970 ,
2527 4914 2686 4968 quam
2728 4896 3038 4950 thesaurum
3067 4888 3357 4943 criminum
3386 4887 3787 4954 congregarunt

2185 5010 2391 5053 aeterno
2425 4991 2714 5064 supplicio,
2759 4999 2814 5045 et
2841 4987 2988 5044 brevi
3023 4986 3224 5038 fructu.
3251 4979 3386 5036 Nam
3425 4994 3546 5034 cum
3575 4975 3785 5031 divitia!

2186 5092 2295 5148 sint
2324 5090 2566 5156 caducae,
2597 5101 2754 5159 poena
2783 5093 3039 5155 perpetua
3068 5086 3187 5145 est;
3209 5078 3332 5150 quia
3358 5089 3533 5143 neque
3562 5083 3782 5134 avarus,-

2183 5202 2361 5255 neque
2390 5187 2669 5247 ebriosus,
2716 5191 2893 5250 neque
2935 5174 3097 5233 idolis
3126 5173 3373 5232 serviens
3412 5177 3639 5235 regnum
3687 5159 3786 5218 Dei

2184 5279 2504 5352 possidebit.

2189 5443 2312 5498 Vet.
2344 5442 2477 5498 edit.
2506 5455 2571 5494 ac
2612 5454 2745 5494 mss.
2784 5436 3036 5492 undecim
3059 5473 3074 5500 ,
3106 5430 3195 5502 qui
3217 5435 3457 5502 sacratur,
3490 5420 3785 5502 c_tc._0pti-

2190 5497 2277 5568 me
2305 5497 2432 5567 vero
2463 5510 2679 5566 codices
2699 5497 3138 5575 Corb.,Mich.'c't
3164 5501 3256 5557 alii
3287 5514 3381 5575 ses
3413 5497 3780 5575 probatiores,

2188 5565 2276 5657 qui
2329 5565 2549 5646 siolutce,
2589 5594 2694 5637 etc.
2718 5565 2740 5649 ί,
2775 5565 2963 5657 idest
3018 5575 3180 5631 lllllilS
3261 5565 3497 5640 coniugii
3553 5565 3786 5657 vinculis

2191 5651 2468 5712 astricte:
2522 5657 2604 5711 vel
2637 5657 2680 5709 si
2718 5654 2910 5714 mavis,
2951 5659 3296 5720 paternaru_m
3338 5651 3784 5720 ceremoniarum

2186 5707 2694 5802 jwtigolibei-chQno
2720 5707 3195 5802 utroque'nomine
3227 5715 3482 5771 Ecclesiae
3519 5722 3694 5782 patest
3725 5707 3786 5763 fi-

2193 5790 2382 5874 guvram
2409 5817 2471 5855 ac
2500 5790 2904 5874 similitudinem
2938 5811 3046 5874 prae
3075 5807 3135 5845 se
3164 5790 3338 5874 letter
3361 5873 3395 5874 Η
3529 5869 3544 5874 _
3641 5851 3733 5874 ω.

2271 5851 2836 5928 ἶῘινίινιῖιέιίῶλέᾶιὸτθιί
2867 5851 3082 5923 codices
3100 5869 3614 5935 magnoeonsensu.
3641 5851 3782 5935 Edit.

2195 5958 2375 6014 autem
2403 5961 2627 6020 omnes,
2660 5942 2730 6017 Et
2759 5943 2904 6024 lepra
2944 5928 3496 6010 Naaman'adhmbit
3523 5928 3648 5999 tibi,
3675 5934 3785 6004 etc.
