4014 6466
81 405 208 462 6'29

1053 400 1418 461 EXPOSITIO
1460 399 1714 457 EVANG.
1758 399 1910 456 SEC.
1957 401 2114 459 LUC.
2157 402 2288 460 LIB.
2330 401 2418 458 ιγ.

3257 404 3398 460 1650

129 522 351 595 (Vers.
386 523 480 591 28,
510 522 644 596 29.)
692 520 760 576 Et
791 521 973 592 repleti
1004 531 1126 575 sunt
1157 521 1239 575 ira
1280 536 1456 574 omnes
1481 520 1537 573 in
1561 535 1682 590 syn-
1709 521 1764 583 Α
1787 521 1881 576 scd
1911 537 2071 594 supra
2105 524 2303 595 Legem
2359 525 2410 578 in
2459 523 2576 589 ipso
2618 523 2883 592 principio
2914 515 3218 593 designaret
3248 539 3260 576 :
3297 537 3398 580 nec

57 632 242 688 igoga
271 658 286 683 ,
334 617 442 672 haec
478 616 781 671 audientes:
821 624 867 668 et
909 624 1282 682 surrexerunt,
1325 623 1372 670 et
1421 617 1687 687 ejeceruat

67 711 89 764 ι
100 713 119 764 Ι
125 729 223 765 um
255 723 407 766 extra
434 712 710 767 civitatem.

131 804 230 859 55.
272 805 576 876 Sacrilegia
607 803 922 860 Judteorum
943 845 958 871 ,
989 817 1112 874 quae
1140 803 1313 858 multo
1340 813 1467 857 ante
1495 802 1682 857 Domi-

56 911 169 951 sns
195 899 669 968 praenuntiaverat
713 912 809 965 per
840 899 1186 967 pr0phetam,
1219 905 1267 950 et
1301 894 1490 964 psalmi
1517 894 1690 950 versi-

55 991 188 1045 :ulo
218 991 610 1047 declaraverat
630 1007 750 1062 qua:
771 1006 1032 1061 passurus
1060 1000 1205 1045 esset
1231 989 1284 1044 in
1303 1005 1533 1061 corpore
1554 1004 1687 1045 con-

55 1084 304 1141 stitutus
330 1126 344 1151 ,
377 1085 568 1141 dicens
603 1103 618 1140 :
655 1083 1020 1138 Retribuebant
1055 1083 1181 1136 mihi
1227 1081 1368 1135 mala
1407 1097 1502 1151 pro
1543 1081 1689 1135 bonis

56 1177 248 1248 :Psal.
286 1195 477 1245 xxxiv,
511 1178 626 1249 l2),
658 1180 709 1235 in
733 1177 1032 1248 Evangelio
1053 1176 1214 1232 docet
1242 1190 1365 1231 esse
1393 1175 1685 1246 completa.

55 1273 206 1328 Nam
239 1289 372 1330 cum
405 1275 523 1346 ipse
551 1291 648 1347 per
677 1275 902 1346 populos
925 1272 1186 1330 beneﬁcia
1215 1271 1577 1338 diffunderet,
1611 1272 1687 1326 illi

55 1367 311 1438 injurias
341 1367 678 1438 irrogabant.
711 1367 822 1424 Nec
861 1367 1054 1422 mirum
1079 1367 1122 1421 si
1155 1365 1510 1438 perdiderunt
1541 1367 1687 1419 salu-

55 1469 208 1526 tem,
243 1461 341 1531 qui
372 1460 654 1531 eiecerunt
681 1460 748 1518 de
775 1461 888 1516 suis
919 1457 1117 1514 ﬁnibus
1145 1459 1482 1515 Salvatorem
1510 1475 1524 1512 :
1570 1471 1688 1512 mo-

53 1553 206 1608 ralis
240 1555 392 1609 enim
426 1553 725 1619 Dominus;
775 1562 830 1610 et
872 1554 962 1623 qui
1005 1551 1271 1608 docuerat
1312 1549 1564 1621 exemplo
1603 1549 1686 1605 sui

56 1647 370 1716 apostolos
411 1663 538 1704 suos
579 1649 828 1703 omnibus
857 1647 1036 1702 omnia
1092 1647 1205 1702 lieri
1231 1689 1246 1714 ,
1295 1661 1396 1702 nec
1441 1644 1688 1701 volentes

58 1740 360 1810 repudiat,
393 1755 494 1796 nec
517 1741 719 1795 invitos
744 1739 970 1810 alligat,
1002 1755 1101 1795 nec
1130 1738 1477 1810 ejicientibus
1509 1736 1687 1793 reluc-

63 1843 265 1899 tatur,
320 1848 420 1888 nec
467 1833 782 1904 rogantibus
831 1833 1007 1890 deest.
1059 1832 1155 1889 Sic
1201 1832 1511 1889 Gerasenos
1556 1831 1686 1886 alibi

1791 615 1930 670 solvi
1961 615 2182 687 Legem,
2213 617 2308 672 sed
2353 616 2586 686 impleri.
2638 614 2825 686 Neque
2850 617 2993 672 enim
3025 629 3124 686 per
3154 615 3350 687 Legem
3381 653 3398 683 ,

1790 707 1885 763 sed
1921 707 2094 764 Verbo
2125 712 2294 764 iactus
2320 718 2405 765 est
2437 710 2668 764 mundus
2695 751 2708 775 ,
2747 708 2886 764 sicut
2908 708 3139 779 legimus
3172 727 3186 764 :
3233 708 3396 764 Verbo

1792 800 2002 856 Domini
2016 804 2130 858 coeti
2147 805 2335 873 ﬁrmati
2360 803 2672 875 sunt(l’sat.
2703 818 2872 869 xxxii,
2905 801 2985 872 6).
3017 799 3134 857 Non
3164 802 3396 857 solvitur
3433 795 3438 800 ’

1791 910 1922 966 ergo
1951 895 2060 951 Lex
2086 937 2100 962 ,
2135 896 2229 952 sed
2259 897 2548 962 impletur;
2600 906 2658 950 ut
2707 896 2800 949 (iat
2844 895 3125 950 renovatio
3155 895 3394 950 hominis

1785 989 1898 1060 jam
1927 989 2181 1044 labentis.
2243 988 2398 1046 Unde
2433 999 2488 1044 et
2523 989 2820 1061 Apostolus
2863 990 2938 1044 ait
2974 1007 2987 1044 :
3031 989 3396 1062 Exspatiantes

1790 1099 1876 1138 vos
1901 1091 2118 1137 veterem
2143 1083 2398 1137 hominem
2451 1123 2462 1135 .
2511 1120 2523 1134 .
2569 1123 2582 1136 .
2630 1123 2643 1137 .
2689 1123 2703 1138 .
2743 1083 2941 1136 induite
2967 1099 3149 1137 novum
3185 1083 3272 1151 qui
3309 1098 3394 1137 se-

1791 1179 2014 1232 cundum
2044 1177 2308 1233 Christum
2335 1189 2537 1233 creatus
2577 1188 2647 1233 est
2681 1179 2699 1251 (
2727 1178 2916 1247 Ephes.
2941 1193 2993 1232 tv
3019 1218 3035 1245 ,
3076 1178 3148 1232 22
3193 1187 3241 1232 et
3280 1177 3394 1244 24;

1791 1272 1990 1330 Coloss.
2021 1289 2098 1339 Ill,
2127 1274 2161 1330 9
2185 1283 2234 1328 et
2253 1273 2366 1344 10).
2400 1273 2464 1328 Ει
2497 1273 2634 1328 bene
2663 1273 2894 1328 sabbato
2913 1272 3100 1342 cepit,
3131 1282 3190 1326 ut
3219 1273 3394 1342 ipsum

1791 1381 1850 1422 se
1879 1366 2192 1423 ostenderet
2224 1375 2556 1432 creaturam;
2587 1366 2676 1436 qui
2706 1381 2871 1435 Opera
2899 1365 3160 1434 operibus
3188 1367 3396 1420 intexe-

1790 1471 1905 1528 ret,
1939 1472 1994 1516 et
2021 1471 2449 1532 prosequeretur
2483 1475 2618 1532 opus
2657 1460 2798 1531 quod
2833 1461 2947 1529 ipse
2971 1459 3082 1529 jam
3111 1468 3390 1529 coeperat:

1790 1563 1849 1610 ut
1877 1556 1921 1610 si
1951 1555 2171 1611 domum
2201 1554 2354 1610 l‘aber
2383 1568 2650 1610 renovare
2679 1551 2930 1622 disponat
2959 1593 2973 1618 ,
3010 1565 3116 1606 non
3149 1566 3178 1606 a
3207 1549 3398 1606 funda-

1790 1649 2030 1717 mentis,
2079 1647 2174 1703 sed
2221 1663 2250 1702 a
2290 1647 2620 1703 culminibus
2661 1646 2846 1715 incipit
2899 1644 3112 1705 solvere
3151 1651 3392 1699 vetusta-

1791 1752 1922 1800 tem.
1951 1742 2138 1815 Itaque
2167 1742 2239 1798 ibi
2271 1742 2418 1813 prius
2445 1756 2661 1796 manqu
2700 1739 2952 1794 admovet
2980 1779 2994 1803 ,
3027 1737 3120 1792 ubi
3152 1745 3275 1792 ante
3303 1735 3398 1792 de-

1791 1840 1979 1894 sicrat.

59 1941 198 1979 cum
235 1927 468 1981 virtutes
498 1930 616 1997 ejus
646 1927 923 1984 sustinere
954 1943 1062 1983 non
1095 1937 1314 1998 possent
1337 1969 1354 1994 ,
1403 1927 1558 1999 quasi
1606 1925 1690 1981 in-
1719 1925 1769 1988 B
1865 1931 1956 1987 59.
1989 1929 2194 1986 Deinde
2221 1945 2248 1983 a
2278 1929 2580 1985 minoribus
2608 1928 2816 1997 incipit,
2845 1936 2902 1983 ut
2937 1926 3004 1982 ad
3037 1925 3239 1996 majora
3273 1940 3397 1996 per-

63 2019 271 2072 iirmos
299 2029 355 2074 et
381 2021 622 2090 ingratos
651 2021 870 2094 reliquit
902 2021 1053 2095 (Luc.
1079 2038 1194 2088 vnl,
1227 2023 1345 2094 57).

145 2111 239 2166 56.
277 2111 455 2169 Simul
490 2113 733 2186 intellige
765 2131 872 2170 non
900 2132 964 2172 ex
990 2120 1317 2172 necessitate
1347 2115 1515 2172 fuisse
1538 2159 1554 2186 ,
1594 2115 1692 2173 sed

57 2206 446 2262 voluntariam
476 2212 723 2282 corporis
753 2212 1059 2282 passionem
1096 2229 1110 2265 :
1156 2227 1257 2267 nec
1285 2223 1500 2283 captum
1533 2227 1563 2268 a
1594 2212 1691 2268 Ju-

58 2301 213 2356 dmis
238 2343 255 2367 ,
301 2301 399 2358 sed
446 2320 476 2360 a
504 2321 564 2360 se
595 2307 715 2376 ipso
743 2293 1006 2361 oblatum.
1058 2306 1268 2361 Etenim
1300 2306 1517 2378 quando
1577 2305 1691 2363 vult

59 2397 317 2467 capitur,
354 2398 571 2470 quando
603 2399 717 2456 Vult
744 2393 989 2457 'elabitor
1012 2442 1028 2469 ,
1077 2401 1296 2474 quando
1325 2401 1438 2457 vult
1463 2417 1691 2474 suspen-

63 2490 229 2545 ditur
256 2533 270 2557 ,
305 2492 526 2563 quando
555 2495 668 2548 vult
697 2510 804 2550 non
837 2506 1073 2551 tenetur.
1120 2495 1184 2551 Et
1233 2495 1320 2552 hic
1353 2497 1405 2550 in
1447 2498 1694 2566 superci-

65 2585 214 2638 lium
249 2586 452 2642 montis
487 2587 908 2658 praecipitandus
939 2587 1265 2643 ascenderat
1302 2605 1313 2641 :
1346 2598 1400 2644 et
1427 2604 1556 2645 ecce
1597 2604 1693 2659 per

65 2677 324 2732 medium
355 2676 574 2733 illorum
600 2721 617 2747 ,
650 2685 856 2735 mutata
885 2681 1065 2736 subito
1089 2682 1170 2736 vel
1199 2674 1572 2751 obstupefacta
1603 2682 1692 2736 fu-

65 2771 329 2825 rentium
354 2779 536 2826 mente
560 2813 574 2836 ,
607 2767 927 2836 descendit;
977 2771 1214 2827 nondum
1245 2775 1388 2830 enim
1420 2773 1552 2828 hora
1602 2790 1694 2829 ve-

70 2869 246 2916 nerat
294 2863 585 2932 passionis.
635 2864 946 2932 Quinetiam
994 2865 1230 2919 malebat
1275 2864 1694 2922 adliueiudzcos

70 2971 284 3012 Sonare
315 2942 472 3026 quam
508 2957 740 3028 perdere
768 2975 782 3024 ;
815 2970 870 3012 ut
898 2958 1158 3015 inellicaci
1203 2959 1402 3014 fumi-is
1431 2961 1575 3016 e\ilu
1600 2960 1696 3017 de-

73 3050 332 3106 sinerent
360 3049 520 3118 velle,
552 3053 692 3123 quod
721 3051 951 3123 implere
978 3069 1082 3109 non
1118 3064 1360 3126 possent.
1403 3053 1569 3111 Vides
1597 3055 1695 3126 igi-

74 3151 177 3198 tur
205 3152 260 3199 et
291 3144 373 3199 hic
401 3144 696 3202 divinitatis
724 3161 846 3203 esse
880 3155 906 3184 ει
933 3147 1075 3218 quod
1108 3157 1362 3218 operatus
1394 3157 1514 3213 est,
1544 3159 1597 3204 et
1631 3148 1693 3203 il-

77 3237 159 3292 lic
189 3237 484 3292 voluntatis
513 3253 634 3294 esse
662 3240 804 3310 quod
833 3251 1022 3311 captus
1049 3249 1150 3296 est.
1182 3239 1312 3296 Nam
1340 3237 1694 3313 quemadmo-

1798 2027 1998 2080 veniat.
2029 2023 2285 2079 Liberare
2307 2038 2336 2077 a
2364 2021 2609 2077 dzvmone
2639 2033 2692 2076 et
2724 2021 2992 2088 homines,
3023 2019 3118 2075 sed
3149 2020 3202 2074 in
3226 2018 3396 2074 verbo

1798 2119 1894 2175 Dei
1922 2126 2186 2190 possunt:
2216 2119 2672 2174 resurrectionem
2703 2116 2932 2173 mortuis
2959 2119 3228 2187 imperare
3257 2115 3398 2170 divi-

1799 2229 1883 2268 nae
1904 2213 2074 2270 solius
2096 2223 2178 2270 est
2203 2213 2511 2283 potestatis.

1865 2307 1957 2363 60.
1985 2307 2166 2378 (Vers.
2190 2306 2306 2380 ὃὸ.)
2331 2305 2440 2363 Nec
2455 2319 2779 2377 quemquam
2804 2319 3021 2360 movere
3044 2303 3226 2366 debet,
3249 2301 3395 2374 quod

1795 2402 1924 2459 Jcsu
1946 2401 2208 2457 Nazareni
2261 2415 2457 2456 nomen
2499 2401 2551 2455 in
2599 2400 2706 2455 hoc
2749 2399 2889 2454 libro
2915 2398 3164 2454 diabolus
3192 2397 3394 2452 dixisse

1798 2497 2003 2566 primus
2035 2495 2328 2551 inducitur.
2379 2493 2488 2550 Nec
2529 2494 2674 2550 enim
2717 2494 2784 2548 alt
2823 2509 2888 2548 eo
2913 2493 3164 2548 Christus
3193 2503 3392 2546 nomen

1797 2590 2045 2660 accepit,
2097 2589 2238 2658 quod
2269 2589 2337 2644 de
2365 2589 2507 2644 casio
2535 2587 2760 2658 angelus
2787 2587 2852 2639 ad
2883 2585 3156 2654 Virginem
3202 2583 3397 2637 detulit

1801 2680 1954 2753 (an.
1979 2698 2018 2745 ι,
2044 2681 2155 2746 51).
2189 2681 2283 2736 Est
2308 2681 2452 2736 enim
2486 2679 2644 2750 hujus
2675 2677 3024 2748 impudentia:
3056 2685 3115 2731 ut
3140 2676 3279 2731 inter
3299 2674 3399 2729 ho-

1799 2779 1972 2833 mines
2003 2776 2204 2845 aliquiil
2236 2776 2438 2848 primus
2469 2784 2690 2845 usurpet
2717 2816 2732 2840 ,
2777 2781 2832 2829 et
2865 2773 2931 2827 ad
2965 2772 3212 2827 homines
3240 2771 3398 2842 quasi

1800 2885 1998 2924 novum
2027 2868 2270 2930 deferat,
2325 2883 2432 2940 quo
2477 2876 2744 2922 terrorem
2789 2881 2903 2922 sum
2933 2865 3216 2937 potestatis
3247 2865 3398 2919 incu-

1799 2961 1919 3018 tiat.
1949 2963 2192 3031 Denique
2220 2973 2273 3016 et
2300 2961 2352 3017 in
2381 2960 2581 3017 Genesi
2614 2960 2817 3030 primus
2849 2959 3017 3014 Deum
3046 2957 3247 3012 homini
3269 2973 3400 3012 nun-

1798 3057 2052 3127 cupavit;
2085 3056 2164 3112 sic
2190 3055 2334 3110 enim
2379 3053 2588 3109 habes:
2633 3051 2699 3107 Et
2736 3054 2865 3108 dixit
2906 3068 3111 3125 serpens
3152 3051 3400 3109 mulieri:

1803 3151 1938 3219 Quid
1957 3150 2129 3220 utique
2151 3147 2280 3202 dixit
2303 3146 2445 3201 Dens
2469 3163 2530 3200 ne
2550 3147 2712 3201 edatis
2733 3145 2794 3200 ab
2817 3146 2957 3199 omni
2977 3147 3118 3214 ligno
3141 3141 3292 3216 (Cen.
3315 3159 3395 3212 ttt,

1801 3245 1854 3312 i)
1880 3245 1904 3296 ‘t
1933 3242 2168 3313 Uterque
2197 3241 2360 3313 igitur
2387 3241 2648 3310 deceptus
2678 3254 2706 3293 a
2734 3239 2950 3295 diabolo
2971 3247 3085 3306 est,
3120 3246 3341 3293 sanatus
3366 3253 3396 3293 a

76 3332 216 3384 dum
248 3343 275 3382 a
309 3330 494 3400 paucis
527 3332 698 3386 teneri
729 3336 943 3402 potuit,
991 3335 1080 3404 qui
1111 3348 1140 3387 a
1173 3331 1373 3404 pepulo
1403 3351 1508 3389 non
1543 3344 1694 3390 tene-
1720 3323 1766 3388 C
1799 3335 2038 3392 Christo.

80 3421 228 3476 tur?
273 3421 376 3479 Sed
409 3423 582 3479 noluit
607 3423 951 3498 sacrilegium
981 3443 1104 3483 esse
1144 3428 1438 3484 multorum
1468 3447 1481 3493 ;
1533 3440 1590 3484 ut
1641 3431 1693 3486 in

79 3523 341 3570 auctores
378 3516 555 3586 culpa:
598 3518 773 3573 crucis
827 3518 1082 3574 invidiam
1113 3531 1494 3591 retorqueret;
1531 3531 1694 3594 atque

1873 3430 1961 3486 61.
1989 3429 2226 3500 Sequere
2254 3439 2474 3494 caetera,
2507 3435 2563 3482 et
2586 3425 2922 3497 Evangelicm
2955 3425 3208 3481 lectionis
3248 3424 3400 3482 disce

1800 3526 2053 3599 mysteria
2075 3565 2092 3594 ,
2135 3536 2296 3595 atque
2327 3526 2380 3580 in
2429 3525 2657 3580 duorum
2693 3523 2929 3580 sanitate
2960 3523 3188 3594 publica:
3219 3537 3404 3577 sacra-

90 3626 120 3663 a
161 3609 342 3680 paucis
370 3609 592 3680 quidem
637 3607 946 3684 afﬂgeretur
969 3655 983 3680 ,
1015 3613 1110 3670 sed
1144 3630 1242 3686 pro
1272 3621 1388 3671 toto
1418 3618 1552 3672 orbe
1579 3633 1697 3673 mo—
1800 3633 2043 3678 mentum
2076 3619 2269 3676 salutis
2297 3633 2552 3689 agnosce.
2599 3618 2750 3675 Sicut
2781 3618 2925 3673 enim
2953 3618 3006 3671 in
3034 3617 3200 3672 Adam
3226 3633 3402 3672 omnes

85 3713 326 3758 reretur.

165 3796 338 3869 (Vcrs.
371 3799 444 3854 55
466 3841 481 3864 ,
513 3799 646 3871 ’58.)
702 3799 766 3855 Et
797 3803 848 3856 in
877 3820 1142 3874 synagoga
1170 3815 1278 3860 erat
1309 3806 1460 3861 homo
1501 3805 1695 3864 habens

85 3891 322 3963 spiritunt
343 3891 688 3947 immundum.
719 3893 784 3949 Et
814 3895 952 3951 infra
981 3913 993 3949 :
1029 3895 1263 3968 Surgens
1289 3907 1457 3953 autem
1480 3901 1542 3954 de
1574 3918 1698 3972 syn-

1799 3715 2123 3768 moriuntur:
2149 3713 2223 3766 ita
2245 3720 2289 3765 et
2308 3711 2362 3764 in
2379 3710 2580 3765 Christo
2603 3726 2778 3764 omnes
2807 3709 3201 3777 viviﬁcabuntur
3217 3708 3260 3779 (Ι
3278 3708 3399 3790 Cor.

1800 3824 1866 3862 xv
1892 3847 1909 3875 ,
1937 3807 2069 3877 22).
2106 3806 2238 3872 Quis
2262 3814 2346 3861 est
2372 3806 2464 3860 ille
2486 3805 2574 3875 qui
2605 3806 2656 3860 in
2682 3804 2965 3876 Synagoga
2995 3805 3246 3874 spiritum
3285 3804 3400 3858 dzc-

1801 3902 1966 3955 monii
1998 3900 2231 3954 habebat
2255 3898 2593 3954 immundum
2617 3939 2632 3963 ,
2659 3899 2761 3953 nisi
2794 3898 3025 3968 populus
3045 3897 3356 3952 Judmorum
3383 3937 3399 3962 ,

88 4002 257 4057 ngoga
305 3986 514 4040 intrauit
540 3988 596 4040 in
625 3987 835 4042 domum
867 3990 1098 4047 Simonis
1129 4003 1174 4045 et
1215 3991 1455 4048 Andreas.
1502 3995 1710 4050 Socrus
1801 3995 1890 4064 qui
1920 3991 2076 4063 quasi
2107 3992 2440 4061 serpentinis
2466 3992 2624 4060 spiris
2657 3993 2932 4046 revinctus
2958 4032 2972 4053 ,
3022 4000 3077 4044 et
3112 3991 3405 4045 innodatus

89 4090 261 4134 autem
291 4079 522 4136 Simonis
552 4081 818 4137 tenebatur
838 4087 1043 4157 magnis
1069 4087 1316 4156 febribus.

1802 4085 1998 4139 diaboli
2031 4085 2266 4154 laqueis,
2297 4083 2604 4137 simulatam
2636 4084 2884 4150 corporis
2911 4082 3232 4136 munditiam
3265 4082 3406 4137 inte-

169 4172 258 4226 57.
291 4172 423 4228 Vide
462 4175 809 4230 clementiam
845 4177 1055 4232 Domini
1085 4179 1424 4235 Salvatoris:
1467 4195 1569 4236 nec
1619 4181 1702 4236 iu-
1801 4179 1964 4233 rioris
1993 4179 2188 4232 mentis
2213 4175 2464 4232 sordibus
2487 4175 2802 4252 inquinabat
2823 4176 2846 4228 ?
2867 4175 2931 4229 Et
2958 4176 3134 4230 bene:
3172 4172 3237 4228 In
3262 4175 3403 4245 Syn-

94 4265 408 4333 dignatione
435 4277 772 4335 commotus,
804 4284 904 4324 nec
933 4271 1141 4326 scelere
1171 4271 1414 4328 oﬂensus
1440 4314 1454 4339 ,
1484 4289 1586 4330 nec
1613 4275 1698 4329 in-

1803 4291 1971 4346 agoga
2021 4272 2174 4328 homo
2215 4283 2325 4328 erat
2365 4273 2453 4342 qui
2491 4275 2728 4343 spiritum
2779 4270 3102 4325 immundum
3142 4271 3403 4337 habebat;

90 4358 233 4430 juria
259 4359 488 4414 violatus
512 4359 759 4416 iudicant
790 4362 1364 4435 deserit:quinetiam
1411 4368 1701 4423 immemor
1803 4369 1928 4438 quia
1975 4365 2238 4437 Spiritum
2283 4376 2529 4420 sanctum
2578 4364 2855 4419 amiserat.
2916 4363 3205 4418 Introierat
3255 4365 3402 4418 enim

99 4452 329 4524 injuriae,
366 4467 577 4508 memor
610 4454 942 4522 clementiae,
978 4471 1119 4513 nunc
1147 4457 1418 4526 docendo,
1452 4475 1594 4517 nunc
1637 4463 1701 4517 li-
1802 4463 2074 4527 diabolus,
2104 4461 2245 4517 unde
2278 4459 2529 4515 Christus
2557 4461 2786 4515 exierat.
2835 4458 3006 4514 Simul
3039 4456 3343 4512 ostenditur
3375 4455 3403 4497 δ

99 4547 355 4613 iterando,
387 4561 529 4603 nunc
557 4549 824 4616 sanando,
857 4549 1039 4605 infidae
1083 4551 1256 4622 plebis
1293 4553 1455 4608 corda
1479 4554 1697 4610 detnul-
1803 4567 1991 4612 natura
2023 4554 2224 4610 diaboli
2255 4570 2360 4608 non
2391 4553 2656 4622 improba,
2685 4567 2847 4621 opera
2868 4550 3217 4621 ioiqua.Nam
3241 4565 3403 4621 quem

99 4653 203 4698 cet.
240 4643 300 4697 Et
335 4641 473 4714 bene
502 4654 727 4700 sanctus
757 4643 934 4700 Lucas
962 4646 1134 4700 virum
1165 4647 1234 4702 ab
1263 4648 1462 4716 spiritu
1510 4652 1699 4719 nequi-
1724 4718 1759 4723 _A
1803 4669 1902 4723 per
1926 4653 2264 4722 superiorem
2295 4653 2542 4703 naturam
2577 4648 2864 4702 Dominum
2896 4645 3206 4710 conﬁtetur,
3237 4660 3404 4715 opere

105 4737 191 4790 tias
229 4735 506 4792 liberatum
551 4746 678 4794 ante
719 4740 984 4808 pra-misit
1007 4779 1023 4806 ,
1074 4751 1130 4796 et
1173 4742 1452 4798 substituit
1482 4718 1696 4800 ieminte
1724 4718 1776 4780 Β
1807 4718 2009 4817 negat:
2041 4745 2107 4798 Et
2139 4745 2190 4798 in
2222 4744 2325 4799 hoc
2357 4752 2582 4812 apparet
2615 4752 2637 4781 ο
2668 4741 2788 4810 ejus
2811 4742 3046 4811 nequitia
3072 4783 3087 4807 ,
3121 4751 3170 4796 et
3201 4741 3405 4810 impro-

104 4829 399 4884 sanitatem.
450 4829 755 4902 Utrumque
793 4833 938 4888 enim
976 4832 1188 4906 1350
1214 4849 1403 4890 sexum
1435 4837 1696 4894 Dominus
1807 4843 1946 4899 bitas
1967 4841 2275 4896 .iudseorum
2305 4871 2317 4900 ο
2348 4837 2492 4908 quod
2525 4837 2594 4891 ita
2629 4836 2828 4906 popqu
2855 4851 3068 4891 vesanae
3103 4835 3403 4890 caecitatem

106 4935 378 4980 curaturus
397 4927 796 4982 adveneratzet
817 4930 962 4998 prior
986 4931 1170 4984 sanari
1196 4930 1405 4995 debuit,
1433 4931 1522 5001 qui
1546 4931 1697 5000 prior
1807 4931 2217 4991 mentisoﬂ‘udit
2252 4949 2267 4999 ;
2316 4942 2373 4987 ut
2423 4932 2650 5002 populus
2679 4942 2876 5000 neget,
2920 4934 3080 4999 quem
3127 4928 3406 4984 dmmooes

106 5027 305 5075 creatus
329 5030 449 5085 est;
483 5035 581 5077 nec
609 5023 946 5092 prietermitti
977 5023 1068 5078 illa
1100 5039 1222 5093 quae
1251 5024 1549 5080 mobilitate
1571 5039 1687 5080 tua-

109 5113 185 5182 gis
207 5114 384 5180 animi,
417 5129 576 5184 qnam
597 5116 866 5185 pravitate
896 5129 1237 5188 peccaverat.

175 5205 257 5262 58.
284 5206 461 5276 (Vers.
492 5208 604 5279 5i.)
639 5207 878 5266 Sabbato
897 5211 1182 5267 medicina:
1208 5213 1503 5268 Dominicae
1525 5229 1688 5286 opera

111 5311 274 5366 coepta
299 5299 604 5371 signiﬁcat;
638 5313 696 5356 ut
724 5301 851 5358 inde
879 5319 1012 5358 nova
1041 5315 1290 5360 creatura
1323 5307 1572 5375 coeperit,
1598 5309 1688 5364 ubi

112 5402 254 5450 vetus
280 5406 402 5452 ante
427 5395 627 5452 desivit
655 5413 669 5453 :
715 5412 818 5454 nec
859 5397 962 5453 sub
986 5398 1128 5470 Lege
1163 5414 1285 5456 esse
1325 5399 1420 5456 Dei
1450 5400 1646 5457 Filium
1670 5445 1686 5472 ,

179 5590 205 5619 ι
227 5580 416 5656 Omnes
443 5581 599 5645 edit.,
631 5581 769 5653 quod
792 5598 894 5638 non
925 5593 1104 5656 captus
1140 5593 1232 5639 est.
1279 5583 1480 5642 Omnes
1506 5602 1638 5643 mss.
1670 5625 1687 5655 ,

116 5653 239 5732 quod
263 5662 495 5721 operatus
534 5664 606 5707 est
636 5670 656 5708 :
695 5671 890 5726 nempe
921 5653 1274 5712 mutationem
1305 5660 1356 5713 in
1396 5671 1577 5714 mente
1609 5653 1694 5716 fu-

123 5734 350 5778 renttum.

181 5793 204 5832 δ
239 5791 356 5851 Mss.
384 5795 621 5873 aliquot,
652 5810 836 5853 natura
882 5798 1075 5873 diaboli
1097 5815 1198 5873 non
1219 5799 1496 5873 improbari
1523 5842 1538 5867 ,
1569 5805 1689 5873 qui-

119 5865 248 5943 dam,
286 5885 382 5922 non
410 5865 720 5943 improbare,
749 5888 903 5942 opera
925 5872 1123 5942 iniqua.
1154 5871 1258 5928 Sed
1279 5865 1539 5943 potiorem
1568 5865 1692 5934 6m

120 5939 362 6010 aliorum,
413 5955 476 6004 ac
507 5940 636 5999 edit.
683 5939 969 6015 lectionem
1012 5939 1169 6030 patet
1215 5939 1293 6019 es
1330 5946 1393 6002 iis
1438 5962 1556 6026 qum
1603 5962 1690 6028 se-

1799 5029 2146 5085 conﬁtentur.
2189 5027 2234 5080 0
2261 5025 2416 5096 pejor
2455 5027 2719 5095 magistro
2750 5019 3139 5093 discipulorum
3171 5020 3404 5074 haeredi-

1799 5131 1880 5176 tas
1919 5121 1932 5175 !
1987 5119 2080 5176 Ille
2111 5119 2273 5175 verbo
2301 5118 2591 5174 Dominum
2625 5125 2796 5172 tentat
2820 5155 2834 5179 ,
2889 5116 2940 5170 lii
2970 5114 3112 5169 facto
3150 5132 3163 5167 :
3205 5114 3293 5168 ille
3323 5113 3406 5167 di-

1797 5221 1892 5284 cit,
1924 5217 2070 5273 Mitte
2091 5227 2137 5272 te
2165 5215 2316 5290 (Luc.
2349 5231 2423 5284 iv,
2457 5217 2513 5284 9,
2543 5215 2731 5286 supra)
2762 5233 2776 5269 :
2825 5214 2912 5268 isti
2942 5211 3263 5269 adoriuntur
3294 5253 3307 5277 ,
3343 5221 3398 5267 ut

1801 5313 2043 5367 mittant.

1869 5405 1960 5462 62.
1994 5405 2050 5461 Si
2083 5403 2276 5458 altiore
2299 5401 2530 5458 consilio
2557 5401 2656 5458 ista
2688 5415 3009 5474 pensamus,
3041 5400 3206 5456 animi
3233 5398 3405 5455 debe-

1839 5598 2058 5645 uuntur.

1798 5606 2074 5716 qu:
2107 5658 2267 5735 Boni.
2297 5661 2432 5726 sola,
2469 5663 2580 5735 ejus
2609 5662 2835 5735 nequitia
2857 5661 3241 5735 etimprobitas,
3263 5661 3402 5727 quod

1795 5734 1868 5787 ita
1897 5735 2085 5805 populo
2109 5731 2435 5798 Judazorum,
2465 5731 2568 5805 etc.
2627 5733 2742 5786 νει.
2773 5732 2908 5787 edit.
2938 5731 3060 5786 cum
3093 5733 3260 5805 [ribus
3287 5745 3400 5805 om-

1796 5806 1927 5860 nino
1959 5802 2089 5860 niss.
2122 5815 2176 5858 nt
2208 5807 2259 5858 in
2288 5815 2465 5860 textu.
2499 5804 2692 5860 theri
2718 5806 2840 5858 cod.
2872 5837 2884 5867 ο
2917 5807 3032 5873 ejus
3054 5802 3282 5872 nequitia
3302 5804 3403 5856 ims

1795 5879 2023 5950 probitas
2044 5875 2352 5950 Iudaeorum
2373 5919 2388 5941 .
2421 5886 2525 5933 etc.
2588 5878 2702 5932 Non
2732 5879 2800 5931 ita
2841 5878 2981 5950 tuale
3007 5913 3022 5940 ,
3053 5877 3096 5931 si
3131 5875 3356 5944 nequitia
3383 5919 3399 5946 ,

1794 5947 2042 6024 sumatur
2073 5947 2129 6007 in
2155 5961 2312 6022 sexto
2332 5964 2484 6018 casu,
2516 5965 2614 6026 pro
2645 5965 2734 6024 per
2759 5949 3054 6031 nequitiam.
