4156 6346
477 376 613 437 1651

1833 370 2078 431 SANCTI
2119 369 2447 429 AMBllUSll

3654 377 3793 435 1652

475 510 599 554 mn”
628 492 934 566 intelligere
960 500 1016 550 ει
1037 489 1284 562 corporis
1309 487 1634 586 sa_““f‘_l9m;
1688 497 1747 586 Ψ
1784 490 1939 586 Prius
1963 487 2081 586 ΜΨ
2107 486 2157 549 Α
2183 511 2432 569 diabolus
2474 520 2797 569 accusatur:
2847 512 2963 570 lucc
3005 512 3160 586 quasi
3194 500 3314 570 lena
3359 512 3612 570 vitiorum
3640 557 3655 581 ,
3697 516 3792 573 ille

477 605 603 649 mus
630 590 723 663 qui
750 586 1022 660 serpentis
1057 585 1338 642 laborabat
1365 583 1577 640 insidiis
1602 625 1618 650 ,
1660 582 1942 638 absolutus
1986 582 2078 638 sit.

482 684 679 744 Anima
708 686 853 740 enim
881 696 1172 752 numquam
1203 694 1481 750 acorpore
1507 680 1835 744 vinceretur,
1870 677 2079 752 1351

481 779 585 835 nisi
612 776 763 851 prius
787 792 815 831 a
854 775 1074 831 diabolo
1102 784 1427 831 tentaretur.
1456 773 1589 830 Nam
1616 788 1741 830 cum
1762 773 1942 828 anima
1972 787 2084 828 cor-

481 888 587 947 pus
613 880 775 944 agat,
803 868 1045 926 vivificet
1071 910 1087 936 ,
1117 877 1173 925 et
1200 870 1504 942 gubernet;
1543 865 2001 941 quemadmodum
2028 865 2083 921 in

481 967 598 1038 ejus
629 964 914 1022 illecebras
941 965 1152 1034 captiva
1181 974 1467 1035 raperetur
1487 1005 1503 1031 ,
1553 963 1657 1018 nisi
1698 972 1754 1018 et
1782 963 1898 1033 ipsa
1924 974 2086 1027 supe—

479 1059 643 1124 rioris
685 1057 917 1127 alicujus
948 1058 1234 1128 potestatis
1265 1056 1494 1113 vinculis
1523 1053 1935 1127 stringeretur?
1984 1053 2088 1108 De-

480 1153 647 1225 nique
669 1167 775 1209 non
815 1152 965 1223 prius
995 1150 1107 1208 Eva
1132 1151 1397 1215 esurivit.
1443 1166 1605 1221 quam
1648 1147 1921 1220 serpentis
1965 1161 2085 1203 eam

480 1248 721 1303 versutia
752 1247 978 1303 tentavit
1017 1264 1031 1302 :
1063 1257 1118 1304 et
1148 1246 1273 1303 ideo
1299 1245 1561 1302 adversus
1606 1245 1781 1317 ipsum
1808 1254 2087 1300 auctorem

482 1339 690 1411 peccati
715 1340 868 1410 prius
892 1340 1079 1397 debuit
1100 1339 1366 1397 medicina
1393 1339 1587 1396 salutis
1612 1338 1850 1410 operari.

555 1433 645 1489 65.
694 1431 967 1490 Fortassis
993 1434 1160 1491 etiam
1191 1436 1245 1491 in
1278 1444 1407 1507 typo
1447 1434 1690 1490 mulieris
1718 1434 1864 1489 illius
1896 1447 2091 1490 socrus

482 1525 723 1583 Simonis
747 1527 1063 1585 etAttdreac
1109 1530 1275 1584 variis
1322 1529 1613 1584 criminum
1668 1527 1914 1585 febribus
1960 1543 2091 1584 caro

485 1634 672 1680 nostra
701 1624 1030 1695 languebat,
1063 1632 1119 1679 et
1145 1623 1485 1681 diversarum
1509 1622 1866 1695 cupiditatum
1896 1624 2094 1679 immo-

485 1718 624 1776 dicis
651 1719 919 1776 aestuabat
942 1719 1239 1777 illecebris.
1272 1719 1383 1776 Nec
1408 1718 1678 1775 minorem
1708 1718 1913 1775 febrem
1944 1732 2095 1772 amo-

484 1815 562 1871 ris
589 1829 712 1871 esse
741 1814 971 1871 dixerim
995 1855 1010 1882 ,
1055 1829 1214 1884 quam
1245 1812 1469 1868 caloris.
1514 1811 1699 1884 Itaque
1738 1811 1828 1866 illa
1855 1810 2093 1866 animum

2184 609 2336 679 quasi
2368 618 2559 664 auctor
2584 609 2807 665 erroris.
2839 608 3069 666 Patescit
3096 609 3443 678 deformitas;
3473 610 3677 667 nudum
3708 621 3794 669 est

2186 701 2330 757 enim
2360 701 2472 757 Deo
2501 717 2662 758 omne
2690 713 2986 769 secretum,
3014 717 3115 758 nec
3144 703 3288 759 illius
3315 703 3452 759 ficus
3479 703 3619 759 foliis
3641 749 3656 774 ,
3692 704 3795 761 hoc

2187 805 2292 862 cst,
2327 797 2560 867 tegmine
2584 796 2878 866 corporali,
2913 798 2991 853 vel
3015 796 3273 868 jactantia
3301 800 3550 855 saeculari
3568 798 3797 872 ﬂagitio-

2188 904 2305 943 rum
2335 897 2545 944 secreta
2576 888 2844 944 velantur.
2898 889 2959 944 Et
2991 891 3364 961 unusquisque
3394 890 3639 947 divinum
3673 908 3798 962 pec-

2187 981 2295 1039 eati
2344 982 2564 1041 conscia
2604 981 2859 1038 formidat
2903 992 3083 1039 mente
3108 983 3374 1056 judicium
3424 986 3649 1042 dicens:
3692 987 3796 1057 Qui

2188 1093 2355 1147 super
2385 1093 2473 1134 me
2497 1089 2707 1134 montes
2736 1078 2931 1134 Cadent
2957 1097 2970 1134 :
3016 1080 3069 1133 in
3097 1080 3294 1150 quibus
3323 1095 3411 1137 me
3460 1081 3796 1139 abscondam

2196 1170 2407 1244 1352
2435 1172 2689 1226 scissuris
2720 1180 2995 1243 petrarum
3017 1213 3033 1240 ,
3062 1188 3183 1228 cum
3217 1172 3425 1229 Venerit
3453 1174 3799 1246 confringere

2193 1278 2390 1323 terram
2413 1268 2436 1322 ?
2461 1267 2614 1324 Tunc
2637 1270 2865 1325 tribulos
2893 1280 2947 1325 et
2967 1271 3152 1343 spinas
3172 1271 3354 1326 animo
3375 1287 3527 1340 caro,
3560 1272 3666 1329 hoc
3689 1283 3796 1342 est,

2191 1377 2446 1420 curarum
2480 1377 2696 1419 morsus
2726 1364 3263 1437 sollicitudinuntqne
3308 1375 3576 1437 generat,
3608 1376 3801 1424 :estus-

2191 1472 2296 1527 quc
2321 1499 2336 1521 ,
2371 1471 2509 1528 quos
2556 1456 2657 1511 sibi
2699 1471 2795 1528 per
2825 1457 3320 1529 concupiscentiam
3366 1460 3546 1515 carnis
3583 1461 3800 1517 animus

2193 1554 2310 1619 ipse
2353 1548 2733 1606 circumdedit.
2783 1549 3000 1606 Etenim
3049 1552 3206 1623 quasi
3253 1553 3420 1610 clavis
3476 1551 3799 1626 quibusdam

2193 1641 2464 1713 suffigitur
2491 1642 2669 1697 anima
2698 1645 2981 1713 corporeis
3009 1644 3378 1715 Voluptatibus
3419 1665 3433 1702 :
3479 1656 3533 1704 et
3558 1662 3680 1705 cum
3711 1665 3801 1708 se-

2196 1737 2304 1792 mel
2337 1736 2631 1793 adhreserit
2664 1737 3052 1810 cupiditatibus
3078 1738 3323 1795 demersa
3371 1744 3600 1798 terrenis
3633 1785 3649 1810 ,
3692 1742 3801 1800 dif-

2203 1831 2343 1887 ficile
2374 1834 2425 1887 in
2455 1832 2620 1887 altum
2654 1841 2833 1903 potest
2869 1833 3013 1889 unde
3046 1833 3368 1903 descendit,
3417 1835 3538 1892 sine
3587 1837 3680 1893 Dei
3721 1837 3799 1894 fa-

483 1908 655 1967 febris
679 1952 696 1978 ,
749 1909 865 1966 bmc
911 1924 1108 1979 corpus
1138 1906 1459 1964 inﬂammat.
1509 1906 1703 1964 Febris
1729 1906 1875 1963 enim
1910 1917 2096 1962 nostra

2207 1942 2331 1981 vore
2356 1928 2623 1983 revelare.
2655 1928 2887 1983 Actunm
2915 1928 3057 1984 enim
3087 1944 3308 1986 suorum
3338 1932 3518 1987 vincta
3550 1932 3754 2003 laqueis
3779 1976 3796 2001 ,

484 2004 713 2061 avaritia
740 2013 854 2072 est,
891 2002 1059 2061 febris
1084 2010 1273 2059 nostra
1296 2001 1467 2058 libido
1487 2011 1572 2058 est
1606 2018 1621 2069 ;
1652 2016 1720 2057 eo
1741 2000 1884 2071 quod
1915 2001 2098 2073 ignita:

487 2097 600 2153 sint
624 2095 970 2169 cupiditates.
1019 2094 1174 2152 Unde
1205 2104 1260 2150 et
1285 2094 1583 2165 Apostolus
1622 2094 1697 2149 ait
1736 2111 1750 2148 :
1797 2094 1858 2150 Si
1897 2110 2002 2149 non
2045 2109 2100 2150 se

489 2191 790 2256 continent,
820 2189 1058 2256 nubant;
1100 2191 1285 2245 melius
1310 2199 1383 2244 est
1413 2190 1549 2243 enim
1593 2188 1785 2244 nubere
1825 2204 1981 2259 quam
2017 2188 2101 2242 uri

495 2284 541 2359 (l
571 2283 692 2340 Cor.
722 2299 817 2349 vn,
846 2283 925 2359 9).
961 2283 1153 2340 Febris
1195 2291 1384 2340 nostra
1412 2282 1623 2338 luxuria
1657 2291 1742 2337 est
1772 2324 1787 2350 ,
1816 2281 1983 2339 febris
2003 2296 2101 2338 no-

491 2386 605 2435 stra
633 2377 861 2433 ambitio
885 2388 990 2444 est,
1017 2376 1186 2433 febris
1217 2386 1404 2432 nostra
1431 2375 1709 2433 iracundia
1734 2385 1840 2432 est.
1870 2376 2004 2443 Quae
2033 2376 2101 2431 li-

492 2481 582 2529 cet
604 2474 850 2545 corporis
878 2471 1010 2527 vitia
1040 2472 1152 2528 sint
1177 2512 1193 2533 .
1246 2472 1425 2543 ignem
1471 2478 1652 2527 tamen
1684 2470 1899 2527 ossibus
1923 2469 2102 2540 impli-

490 2577 639 2634 cant,
673 2575 933 2635 mentem,
961 2567 1238 2632 animum,
1267 2581 1567 2638 sensusque
1593 2575 1926 2638 pertentant.
1976 2564 2102 2620 llaec

492 2663 647 2736 prior
671 2661 875 2718 diaboli
922 2661 1250 2718 sollicitatur
1276 2671 1412 2717 arte.
1470 2661 1685 2717 Etenim
1726 2675 1855 2733 ager
1885 2662 2057 2717 bonus
2081 2701 2098 2728 ,

492 2759 683 2824 vestis,
713 2758 935 2833 monile,
963 2757 1188 2815 suadela
1216 2757 1490 2829 serpentis
1515 2766 1619 2813 est.
1666 2756 1945 2812 Honorum
1978 2770 2101 2825 gra-

495 2854 591 2917 tia,
626 2852 931 2907 sublimitas
963 2861 1292 2923 potestatum
1328 2892 1343 2917 ,
1374 2850 1657 2921 epularum
1689 2849 1927 2905 suavitas
1950 2888 1966 2913 ,
1994 2848 2104 2903 for-

495 2961 583 3004 ma
629 2946 933 3004 meretricis
964 2946 1190 3017 laqueus
1222 2952 1308 3001 est
1328 2943 1531 3000 diaboli
1558 2986 1574 3011 ,
1609 2953 1663 2998 et
1707 2942 1859 3014 quasi
1886 2941 2104 3013 quidam

497 3043 756 3114 nequitiae
786 3041 1048 3113 spiritalis
1077 3039 1434 3096 illecebrosus
1458 3037 1673 3100 affatus,
1696 3047 1721 3074 ιι
1744 3036 1835 3108 qui
1869 3051 1965 3106 per
1985 3050 2107 3091 car-

496 3137 580 3191 nis
613 3135 924 3192 illecebram
952 3150 1073 3206 quae
1095 3135 1205 3190 cito
1229 3133 1457 3189 feminea
1480 3134 1713 3204 quadam
1739 3133 1952 3187 levitate
1972 3129 2107 3185 mol-

499 3229 651 3294 litur,
680 3229 922 3285 animum
960 3244 1178 3299 quoque
1203 3228 1272 3284 de
1298 3226 1467 3298 gradu
1497 3226 1704 3297 dejicit.
1741 3224 1925 3296 Neque
1956 3224 2104 3281 enim

499 3324 730 3381 formam
758 3324 1003 3380 mulieris
1032 3323 1245 3379 animus
1273 3323 1423 3393 prius
1453 3336 1613 3391 quam
1640 3319 1888 3389 corporis
1917 3316 2107 3372 oculus

500 3421 857 3490 concupiscit.
892 3418 1131 3489 Denique
1157 3416 1301 3489 quod
1334 3431 1441 3471 non
1470 3412 1690 3479 videris,
1724 3429 1833 3468 non
1863 3412 2103 3467 amabis:

501 3515 599 3572 sed
627 3514 714 3570 ubi
741 3528 871 3569 caro
899 3512 1261 3584 concupierit,
1289 3510 1672 3580 compaticntis
1701 3522 1914 3579 quoque
1939 3505 2107 3561 anitni

503 3607 810 3666 Constantia
836 3604 1115 3662 defatiscit
1140 3647 1155 3673 ,
1206 3613 1263 3661 et
1301 3618 1456 3659 mens
1488 3600 1769 3658 consortio
1796 3598 2000 3656 amoris
2029 3601 2110 3654 in-

504 3700 743 3757 ﬂectitur
786 3698 945 3772 (duo
991 3698 1134 3754 enim
1184 3698 1237 3752 in
1288 3711 1452 3753 carne
1496 3708 1601 3761 una
1650 3693 2008 3766 sunt)atque
2037 3693 2110 3745 ita

504 3807 651 3848 mors
681 3792 874 3864 irrepit
897 3790 1121 3848 sceleris
1142 3788 1358 3858 effectu,
1396 3797 1638 3846 tentante
1661 3786 1880 3843 diabolo
1901 3829 1916 3854 ,
1945 3800 2111 3842 carne

507 3885 797 3942 suadente.

577 3980 668 4037 64.
701 3979 1094 4037 Vehementior
1123 3990 1301 4035 tamen
1328 3987 1413 4034 est
1439 3975 1644 4041 animi,
1677 3990 1839 4047 quam
1866 3974 2113 4045 corporis

504 4074 677 4131 febris
718 4091 733 4129 :
781 4084 839 4131 et
885 4075 1009 4129 ideo
1039 4088 1137 4145 pro
1165 4074 1332 4128 animi
1358 4073 1659 4143 voluptate,
1687 4071 1936 4141 corporis
1965 4070 2113 4126 salus

505 4169 827 4241 plerumque
856 4168 1227 4224 contemnitur
1249 4208 1266 4235 ,
1301 4181 1404 4223 nec
1432 4182 1462 4221 a
1493 4164 1748 4237 periculis
1784 4164 2112 4222 abstinetur.

508 4260 666 4336 Unde
698 4276 807 4316 non
838 4259 1075 4316 alienum
1126 4258 1340 4315 videtur
1370 4268 1621 4328 repetere
1649 4255 2114 4329 quemadmodum

507 4353 831 4411 Theotimus
860 4368 984 4409 cum
1027 4352 1178 4425 gravi
1217 4351 1500 4419 oculorum
1531 4350 1875 4406 incommodo
1906 4350 2117 4407 labora-

508 4457 632 4514 ret,
658 4456 712 4503 et
739 4455 944 4503 amaret
975 4460 1198 4501 uxorem
1226 4487 1243 4512 ,
1274 4443 1560 4500 interdicta
1591 4442 1695 4499 sibi
1724 4458 1754 4497 a
1786 4442 1997 4498 medico
2040 4441 2116 4496 fa-

509 4540 711 4595 cultate
738 4538 992 4603 coeundi,
1025 4537 1341 4608 cupiditatis
1366 4535 1680 4606 impatiens,
1709 4546 1873 4607 atque
1912 4536 2117 4606 impetu

2201 2027 2259 2074 ct
2313 2017 2630 2075 deliciarum
2680 2020 3022 2076 smcularium
3085 2022 3353 2080 illecebris
3401 2024 3634 2082 obnoxia
3684 2025 3798 2097 jaln

2202 2122 2436 2170 tenetur.

2276 2226 2367 2284 66.
2403 2228 2702 2305 Huncergo
2733 2229 2929 2297 Adam,
2962 2229 3101 2288 hanc
3128 2231 3290 2288 Evam
3321 2233 3584 2291 Dominus
3605 2235 3803 2293 libera-

2203 2332 2358 2380 turus
2378 2324 2631 2380 advenit:
2662 2341 2894 2395 quorum
2922 2326 3061 2383 alter
3082 2325 3150 2382 ad
3172 2326 3459 2398 imaginem
3483 2330 3573 2386 Dei
3603 2330 3798 2398 factus,

2202 2420 2374 2476 altera
2399 2419 2649 2475 virtutem
2678 2420 2763 2475 sui
2792 2420 3066 2491 accipiens
3096 2423 3214 2486 viri,
3245 2424 3497 2493 quamdiu
3540 2423 3641 2480 fuit
3669 2426 3798 2483 sub.

2202 2512 2313 2569 dita
2346 2513 2577 2578 fortiori,
2612 2529 2771 2571 unam
2811 2516 3070 2586 gerebant
3100 2516 3153 2571 in
3183 2532 3291 2572 uno
3313 2519 3507 2590 spiritu
3538 2518 3652 2576 Deo
3690 2522 3805 2591 pla-

2202 2610 2364 2666 citam
2408 2609 2775 2665 voluntatem:
2820 2619 2876 2666 et
2922 2610 2973 2665 in
3008 2611 3256 2682 paradiso
3305 2613 3396 2669 Dei
3450 2614 3644 2685 positi,
3678 2615 3802 2671 vitae

2203 2702 2444 2759 ctelestis
2475 2702 2843 2772 operabantur
2869 2703 3202 2759 alimoniam.
3252 2705 3443 2762 Postea
3475 2721 3602 2763 vero
3639 2722 3800 2777 quam

2204 2812 2333 2855 caro
2375 2797 2605 2855 suadere
2634 2797 2947 2865 diversum,
2981 2799 3005 2837 ιι
3035 2809 3090 2856 et
3123 2798 3297 2869 legem
3325 2802 3489 2872 coepit
3529 2802 3802 2873 propriam

2207 2905 2314 2945 non
2349 2899 2533 2945 tenere
2564 2931 2580 2955 ,
2613 2890 2849 2960 paradisi
2878 2891 3093 2946 exsules
3120 2890 3281 2958 facti,
3313 2892 3367 2948 in
3402 2892 3543 2949 hunc
3581 2895 3801 2951 inferio-

2206 2999 2323 3040 rem
2350 2982 2769 3053 demersmnque
2796 2983 2976 3039 locum
3007 2986 3210 3054 peccati
3244 2986 3440 3041 merito
3468 2986 3799 3043 reciderunt.

2206 3076 2316 3133 Nec
2342 3077 2625 3147 quisquam
2646 3084 2795 3147 putet
2824 3077 3179 3148 incsingruum
3205 3094 3350 3146 esse,
3381 3081 3426 3136 si
3451 3079 3624 3138 Adam
3643 3089 3806 3151 atque

2209 3171 2318 3227 Eva
2353 3172 2405 3226 in
2435 3178 2565 3243 typo
2593 3171 2790 3226 animm
2822 3181 2877 3228 et
2911 3176 3156 3243 corporis
3184 3174 3558 3243 :estimentur;
3599 3190 3720 3231 cunt
3750 3176 3804 3231 in

2132 3277 2177 3342 ρ
2212 3273 2340 3336 typo
2366 3263 2621 3320 Ecclesia:
2648 3266 2982 3321 aestimentur
3006 3275 3060 3321 et
3084 3267 3309 3324 Christi.
3359 3268 3490 3323 Nam
3535 3284 3659 3325 cum
3698 3269 3807 3327 duo

2210 3374 2331 3416 esse
2358 3358 2409 3413 in
2437 3373 2603 3416 carne
2631 3375 2734 3414 una
2762 3358 3055 3429 Apostolus
3080 3360 3305 3426 diceret,
3347 3361 3544 3431 adjecit
3571 3380 3585 3417 :
3617 3363 3810 3419 Sacra-

2209 3465 2437 3511 mentum
2461 3499 2476 3525 ,
2509 3456 2681 3529 inquit
2705 3501 2719 3525 ,
2759 3456 2857 3511 hoc
2886 3473 3130 3530 magnum
3153 3467 3227 3513 est
3252 3475 3271 3514 :
3301 3476 3393 3533 ego
3419 3469 3592 3515 atatem
3614 3460 3731 3516 dico
3756 3461 3809 3516 in

2211 3547 2418 3606 Christo
2449 3561 2494 3606 et
2520 3552 2571 3606 in
2604 3550 2834 3607 Ecclesia
2861 3550 3080 3626 (Ep/tes.
3104 3569 3158 3619 v,
3181 3551 3298 3626 3‘2).
3326 3554 3395 3626 .ln
3424 3571 3530 3625 quo
3559 3570 3690 3627 ergo
3720 3573 3813 3611 su-

2213 3647 2367 3717 perni
2398 3647 2514 3715 Dei,
2545 3648 2597 3704 in
2628 3663 2695 3705 eo
2719 3648 2888 3705 multo
2909 3648 3081 3721 magis
3101 3650 3267 3707 animi
3292 3651 3466 3708 nostri
3490 3661 3811 3725 potestesso

2212 3744 2552 3817 mysterium.

2285 3859 2376 3914 67.
2412 3858 2519 3916 Sed
2545 3852 2748 3926 haeret,
2794 3859 3026 3918 sufllxus
3053 3870 3157 3930 est,
3190 3870 3379 3934 captus
3408 3872 3513 3928 cst,
3543 3870 3599 3918 et
3622 3876 3817 3932 corpo-

2212 3952 2320 4008 reis
2346 3967 2641 4009 succensus
2671 3953 2932 4021 febribus,
2950 3957 3326 4027 compassione
3351 3956 3532 4012 carnis
3548 3958 3814 4027 aegrescit.

2213 4045 2553 4113 Qumrendus
2582 4054 2667 4102 est
2694 4046 2953 4103 medicus.
3003 4048 3107 4104 Sed
3156 4048 3277 4120 quis
3324 4048 3426 4103 iste
3468 4056 3651 4104 tantus
3690 4056 3776 4104 est
3802 4090 3817 4113 ,

2213 4142 2304 4213 qtti
2350 4141 2549 4197 sauciae
2592 4143 2793 4198 mentis
2820 4143 3088 4199 mediator
3116 4143 3384 4200 ulceribus
3419 4144 3443 4198 ?
3471 4144 3605 4212 Quis
3637 4154 3822 4199 tantus

2215 4245 2300 4292 est
2330 4235 2491 4291 ltonto
2515 4278 2531 4303 ,
2563 4237 2653 4303 qui
2684 4238 2851 4305 possit
2876 4237 3001 4293 aliis
3031 4239 3321 4294 subvenire
3350 4280 3366 4306 ,
3416 4253 3539 4294 eum
3572 4239 3691 4309 ipse
3717 4238 3820 4293 sibi

2217 4346 2325 4387 non
2352 4331 2558 4402 possit?
2577 4331 2711 4401 Quis
2735 4332 2857 4387 aliis
2883 4333 3058 4404 possit
3078 4331 3243 4388 vitam
3270 4333 3526 4402 reddere,
3550 4348 3676 4389 cum
3706 4333 3823 4403 ipse

2218 4436 2450 4482 mortem
2481 4440 2591 4482 non
2623 4427 2792 4497 possit
2813 4426 3092 4483 evadere?
3131 4427 3334 4484 Omnes
3375 4427 3519 4483 enim
3562 4426 3615 4481 in
3647 4426 3821 4482 Adam
3888 4494 3896 4500 ι

2219 4522 2461 4587 mortui;
2507 4522 2631 4592 quia
2674 4520 2779 4578 Per
2816 4539 2973 4577 unum
3009 4523 3269 4579 hominem
3315 4523 3369 4577 in
3401 4523 3541 4577 hunc
3573 4520 3824 4576 mundum

509 4631 754 4688 libidinis
781 4638 990 4702 raptus,
1026 4646 1086 4686 se
1111 4630 1378 4686 moderari
1408 4628 1733 4700 nequiverit.
1753 4628 1944 4685 Sciens
1970 4629 2104 4684 enim

2221 4627 2487 4692 peccatum
2512 4619 2761 4685 introivit,
2792 4628 2840 4674 et
2862 4637 2953 4689 per
2981 4629 3251 4692 peccatum
3274 4635 3444 4674 mors:
3469 4628 3517 4673 et
3545 4618 3617 4672 ita
3636 4618 3688 4672 in
3714 4634 3825 4672 om-

2366 4714 2587 4735 .-__-_-___
2641 4715 2962 4735 __
3043 4715 3090 4735 ,μ
3140 4730 3226 4735 μ--
3278 4730 3442 4735 --
3492 4721 3825 4735 _--_-_____._.

510 4727 865 4801 prudensque
892 4728 1036 4800 quod
1062 4735 1212 4785 esset
1237 4728 1426 4784 oculos
1451 4728 1771 4795 amissurus,
1805 4728 2115 4799 priusquam

510 4825 827 4879 conveniret
856 4825 1011 4879 uxori
1034 4864 1050 4888 ,
1082 4822 1138 4879 in
1169 4824 1285 4895 ipso
1326 4832 1461 4878 aestu
1486 4822 1752 4880 ferventis
1770 4821 2081 4894 cupiditatis
2101 4865 2117 4890 ,

513 4923 569 4971 et
596 4915 1009 4972 consuetudinis
1050 4925 1357 4987 apparatu:
1404 4915 1575 4982 Vale,
1619 4916 1835 4988 inquit,
1885 4919 2120 4975 amicum

511 5007 716 5064 lumen.
770 5008 861 5065 Sic
889 5006 1040 5064 febre
1066 5007 1236 5085 libido
1262 5007 1583 5081 ﬂagrantior
1626 5018 1750 5077 est,
1799 5012 2124 5083 graviusque

514 5102 818 5175 praecipitat
837 5111 895 5159 et
918 5104 1238 5159 inﬂammat.

588 5195 679 5253 65.
714 5195 821 5253 Sed
859 5196 947 5251 ubi
975 5196 1094 5266 quis
1128 5197 1422 5267 resipuerit
1470 5212 1500 5251 a
1546 5193 1767 5266 furore,
1817 5204 1946 5253 tunc
1987 5212 2120 5254 con-

518 5292 762 5348 scientiae
793 5290 1065 5347 interioris
1087 5290 1331 5361 aperitur
1352 5291 1523 5357 visus,
1548 5290 1780 5363 factique
1805 5292 2123 5362 pteaitentia

518 5385 796 5451 succedit,
829 5393 885 5440 et
915 5384 1160 5453 pudenda
1189 5385 1272 5440 sui
1310 5385 1685 5457 unusquisque
1712 5384 1967 5443 facinoris
1993 5402 2127 5443 con—

518 5479 751 5537 scientia
777 5478 1072 5535 erubescit.
1123 5477 1276 5534 Tunc
1317 5479 1459 5535 Deus
1489 5481 1711 5536 timetur
1738 5522 1754 5548 ,
1792 5491 1845 5536 et
1876 5490 2126 5552 peccator

518 5589 579 5631 se
604 5574 754 5645 cupit
780 5572 983 5640 celare,
1010 5571 1109 5630 sed
1134 5586 1242 5628 non
1273 5581 1452 5644 potest
1477 5590 1489 5629 ;
1535 5585 1662 5631 tunc
1687 5589 1818 5632 caro
1841 5577 2086 5647 arguitur
2107 5620 2124 5649 ,

578 5726 613 5805 ,ι
643 5716 772 5775 Mss.
797 5714 1005 5805 aliquot
1021 5755 1055 5805 ε.
1068 5716 1466 5805 (meper-contui
1491 5714 1757 5774 illecebras
1784 5719 1884 5775 cito
1926 5736 2018 5777 cor
2039 5722 2115 5792 fe-

517 5791 674 5846 mina:
690 5789 915 5862 quadam
937 5788 1139 5843 levitate
1158 5786 1407 5842 emolliat.
2039 5786 2049 5792 ’

554 5929 562 5939 ο
592 5862 621 5903 ι’
642 5863 811 5941 Edit.
848 5864 969 5941 A_m.
997 5870 1161 5929 atque
1185 5857 1334 5941 _Era.
1380 5875 1503 5941 cum
1547 5877 1678 5919 mss.
1714 5863 1889 5941 tribus
1918 5907 1931 5930 ,
1964 5867 2127 5941 legem

524 5930 673 6007 cupit
714 5930 979 6007 propriam
1027 5944 1128 5987 non
1158 5933 1352 5988 timere.
1399 5930 1527 5988 Gill.
1561 5949 1681 5991 cum
1708 5934 1918 5995 duobus
1948 5930 2078 5995 mss}
2108 5964 2121 6007 δ

2222 4730 2311 4768 nes
2360 4714 2589 4769 homines
2637 4715 2962 4785 pertransivit
2985 4756 3000 4783 ,
3040 4715 3094 4769 in
3130 4730 3230 4784 quo
3270 4730 3443 4768 omnes
3488 4721 3826 4786 peccaverunt

2227 4806 2273 4882 (l
2299 4808 2420 4863 Cor.
2454 4824 2544 4875 xv,
2574 4808 2689 4880 12).
2738 4807 2885 4864 Illius
2909 4809 3073 4880 igitur
3101 4808 3258 4879 culpa
3302 4821 3450 4863 mors
3472 4806 3715 4862 omnium
3741 4813 3830 4859 est

2226 4901 2337 4978 (Cf.
2372 4902 2506 4975 Aug.
2541 4901 2631 4958 lib.
2659 4918 2675 4958 ι
2704 4898 2883 4958 contra
2904 4901 3017 4956 Jul.
3058 4900 3264 4974 Pelag.,
3293 4917 3410 4973 cap.
3440 4900 3474 4956 5
3494 4900 3535 4970 ).
3584 4897 3829 4968 Denique

2227 4995 2379 5052 missi
2408 5006 2537 5051 sunt
2558 4995 2732 5052 sancti
2757 5037 2774 5062 ,
2805 4995 2956 5050 missi
2996 5002 3125 5048 sunt
3154 5003 3208 5049 et
3234 4991 3552 5063 prophetae,
3582 4990 3672 5063 qui
3705 5004 3831 5046 ora-

2227 5094 2352 5149 cula
2381 5092 2563 5148 divina
2592 5091 2983 5163 loquerentur;
3031 5104 3128 5144 nec
3166 5087 3458 5160 quidquam
3507 5100 3832 5157 promovere

2230 5191 2548 5259 potuerunt.
2594 5182 2912 5252 Qumramus
2940 5197 3072 5253 ergo
3097 5180 3333 5253 aliquem
3380 5180 3450 5236 de
3482 5178 3691 5251 angelis
3738 5187 3836 5234 aut

2230 5276 2570 5349 archangelis
2599 5265 2890 5331 medicum.
2923 5275 3029 5332 Sed
3058 5274 3515 5345 quemadmodum
3544 5272 3676 5329 mibi
3705 5287 3836 5344 pos-

2232 5382 2362 5428 sunt
2390 5370 2697 5441 praesidium
2731 5369 2894 5435 ferre,
2929 5384 2997 5424 ne
3024 5380 3246 5440 peccem
3273 5385 3287 5436 ;
3312 5384 3436 5423 cum
3464 5369 3580 5438 ipse
3601 5366 3836 5422 areban-

2232 5466 2388 5537 gelus
2436 5479 2468 5520 a
2512 5474 2739 5535 peccato
2785 5478 2891 5520 non
2943 5464 3179 5533 potuerit
3205 5462 3524 5519 abstinere?
3566 5459 3837 5529 Quemad-

2236 5558 2456 5616 modum
2481 5557 2548 5614 ad
2580 5557 2888 5630 paradisum
2926 5557 3149 5631 angelus
3193 5572 3450 5614 revocare
3485 5571 3572 5613 me
3598 5555 3835 5628 poterit;

2225 5722 2389 5795 legem
2427 5721 2576 5795 erepit
2608 5721 2861 5795 primum.
2899 5719 3061 5795 Rom.
3106 5719 3220 5795 sola
3249 5736 3261 5773 :
3292 5719 3462 5795 prima
3500 5734 3602 5773 non
3635 5717 3834 5795 timere.

2237 5788 2480 5866 Denique
2502 5788 2642 5848 'mss.
2669 5793 2946 5859 undecim,
2970 5793 3025 5849 in
3054 5792 3253 5864 quibus
3281 5789 3447 5848 Corb.
3500 5799 3556 5848 et
3601 5788 3695 5845 alii
3725 5804 3842 5846 me-

2232 5865 2587 5933 liorisnotae,
2619 5874 2678 5921 ut
2710 5866 2761 5920 in
2790 5874 2958 5922 textu.
