4014 6472
76 350 104 407 1
117 348 245 408 635

1165 336 1533 401 EXI‘OSITIO
1574 336 1835 397 EVANG.
1875 336 2021 395 διες.
2065 337 2219 395 LUC.
2276 337 2403 396 LIB.
2445 336 2538 395 IV.

3289 337 3433 399 1654

78 482 227 522 eum
266 466 400 538 ipse
426 464 655 524 Satanas
685 471 739 518 et
760 460 944 535 angeli
979 460 1062 518 sui
1095 460 1281 518 sedem
1308 475 1471 532 quam
1503 473 1730 530 accepe-
1754 466 1804 525 Α
1833 454 1975 524 quod
2021 465 2177 510 natus
2220 456 2312 512 sit.
2361 454 2571 512 Seriem
2622 452 2987 525 generationis
3026 453 3245 526 ignoro,
3280 465 3305 495 ι
3334 454 3434 512 sed

82 573 261 627 runt,
302 578 528 619 servare
556 578 664 617 non
694 561 947 633 possint?

172 656 351 730 (Cap.
384 659 443 711 \'.
470 686 542 699 —
561 657 719 713 Vers.
750 654 831 729 5.)
861 654 1153 711 Ascendens
1182 663 1352 709 autem
1374 651 1428 707 in
1452 665 1610 706 unam
1640 665 1733 705 na-

90 751 205 806 vim
228 795 244 819 ,
275 768 402 825 quae
431 761 541 807 erat
572 752 839 819 Simonis,
874 750 1075 824 rogavit
1113 759 1169 805 ut
1197 749 1491 804 inducercnt
1525 764 1559 801 a
1594 756 1733 802 terra

90 846 529 917 aliquantulum.

170 941 277 998 68.
336 940 446 999 Ubi
479 940 741 998 Dominus
771 939 961 996 multis
989 936 1287 1011 impertivit
1333 937 1483 993 varia
1529 949 1729 1009 genera

90 1034 417 1090 sanitatum
447 1076 461 1101 ,
492 1049 595 1090 nec
624 1042 873 1103 tempore
895 1076 909 1099 .
943 1048 1043 1089 nec
1086 1032 1205 1087 loco
1235 1031 1402 1102 coepit
1443 1030 1512 1087 ab
1549 1027 1730 1085 studio

92 1129 354 1184 sanandi
387 1130 550 1185 turba
577 1128 843 1186 cohiberi.
888 1125 1094 1198 Vesper
1122 1124 1396 1190 incubuit,
1425 1122 1731 1194 sequeban-

97 1231 196 1278 tur
228 1240 243 1276 :
272 1233 537 1293 stagnum
561 1221 821 1287 occurrit,
853 1220 1133 1291 urgebant.
1167 1217 1233 1272 Et
1257 1217 1382 1273 ideo
1404 1215 1650 1273 ascendit
1674 1215 1727 1271 in

97 1317 268 1373 Petri
324 1318 528 1373 navim.
575 1316 700 1372 Hice
729 1318 817 1372 est
840 1315 928 1370 illa
957 1313 1108 1369 navis
1134 1327 1257 1383 qua:
1303 1311 1481 1367 adhuc
1529 1325 1728 1367 secun-

100 1413 249 1467 dum
284 1410 601 1466 Matthzeum
631 1408 850 1465 ﬂuctuat
881 1406 1096 1480 (Matth.
1128 1421 1220 1460 vui
1241 1447 1255 1470 ,
1284 1402 1402 1476 24),
1433 1402 1728 1459 secundum

106 1503 338 1559 Lucam
370 1502 607 1574 repletur
639 1500 917 1572 piscibus;
969 1508 1026 1554 ut
1054 1508 1110 1555 et
1154 1497 1423 1569 principia
1469 1496 1730 1552 Ecclesia:

110 1597 469 1664 fluctuantis,
499 1608 552 1653 et
578 1595 875 1667 posteriora
903 1594 1253 1650 exuberantis
1279 1605 1580 1661 agnoscas;
1614 1590 1728 1657 pis-

113 1708 216 1748 ces
247 1692 402 1747 enim
445 1700 611 1755 sunt,
643 1690 733 1756 qui
768 1688 905 1743 hanc
953 1689 1241 1758 enavigant
1286 1684 1497 1758 1353
1539 1683 1727 1738 vitam.

116 1784 199 1840 lbi
236 1784 421 1840 adhuc
448 1783 727 1854 discipulis
752 1781 1002 1836 Christus
1040 1779 1282 1846 dormit,
1330 1778 1419 1833 hic
1463 1777 1726 1847 prmcipit.

1833 549 2210 604 auctoritatem
2241 548 2613 620 generationis
2644 564 2905 619 agnosco.
2939 548 3055 603 Non
3088 548 3434 605 interfuimus

1831 651 1952 692 cum
1984 654 2014 692 a
2045 637 2206 695 Patre
2241 638 2337 695 Dei
2368 638 2538 695 Filius
2567 647 2921 696 nasceretur:
2965 638 3059 697 sed
3091 638 3436 696 interfuimus

1831 745 1954 786 cum
1981 745 2012 785 a
2036 730 2198 788 Patre
2228 732 2324 789 Dei
2353 732 2525 790 Filius
2551 734 2846 791 diceretur.
2893 734 2950 792 Si
2977 736 3087 791 Deo
3118 750 3225 791 non
3261 733 3439 791 credi-

1831 838 1982 889 mus,
2014 823 2103 879 cui
2139 826 2451 882 credimus?
2481 828 2675 883 Omnia
2698 829 2843 885 enim
2883 844 3003 901 qua:
3028 828 3321 895 credimus,
3349 827 3440 886 vel
3518 876 3527 883 .

1833 917 1953 972 visu
1983 917 2281 986 credimus,
2305 918 2392 975 vel
2417 921 2604 977 auditu
2632 940 2644 976 :
2674 923 2823 979 visus
2850 938 2997 995 saepe
3030 924 3251 989 fallitur,
3284 923 3442 981 audi-

1832 1017 1918 1065 tus
1959 1010 2011 1065 in
2042 1010 2145 1066 fide
2176 1019 2280 1067 est.
2324 1014 2409 1068 An
2435 1017 2736 1072 asserentis
2768 1032 3001 1088 persona
3031 1018 3352 1076 discutitur?
3378 1017 3441 1077 Si

1829 1104 1931 1158 viri
1977 1104 2107 1161 boni
2152 1106 2431 1175 dicerent,
2462 1107 2620 1164 nefas
2665 1121 2979 1179 putaremus
3015 1127 3120 1169 non
3169 1112 3437 1171 credere:

1831 1195 1977 1252 Deus
2004 1198 2232 1264 asserit,
2278 1201 2473 1269 probat
2521 1197 2720 1269 Filius,
2764 1202 3039 1275 refugiens
3082 1204 3168 1261 sol
3215 1205 3438 1274 fatetur,

1833 1297 2071 1345 tremens
2113 1299 2257 1347 terra
2291 1298 2542 1347 testatur.
2591 1291 2652 1348 In
2698 1294 2799 1349 hoc
2841 1296 3008 1351 altum
3054 1297 3443 1370 disputationis

1833 1380 2073 1438 Ecclesia
2095 1398 2125 1436 a
2155 1384 2315 1440 Petro
2334 1384 2582 1454 ducitur;
2614 1395 2672 1443 ut
2696 1387 2881 1444 videat
2907 1389 3033 1446 hinc
3060 1404 3439 1464 resurgentem

1832 1474 1929 1531 Dei
1959 1476 2181 1546 Filium,
2210 1478 2337 1536 inde
2361 1480 2621 1551 Spiritum
2650 1492 2896 1540 sanctum
2925 1487 3307 1556 proﬂuentem.

1907 1570 1995 1624 7‘2.
2039 1572 2173 1639 Quae
2210 1583 2338 1630 sunt
2367 1585 2545 1630 autem
2576 1578 2945 1647 apostolorum
2991 1596 3112 1650 quae
3150 1581 3318 1638 laxari
3351 1582 3443 1654 ju-

1833 1666 2030 1722 bentur
2066 1671 2237 1737 retia,
2278 1669 2380 1726 nisi
2409 1672 2699 1728 verborum
2741 1674 3169 1745 complexiones.
3200 1684 3256 1733 et
3286 1676 3444 1749 quasi

1833 1759 2050 1829 quidam
2089 1760 2354 1820 orationis
2395 1766 2577 1833 sinus,
2619 1775 2677 1822 et
2720 1767 3147 1838 disputationum
3190 1785 3445 1828 recessus

121 1879 343 1935 Dormit
365 1879 509 1934 enim
544 1877 787 1948 trepidis,
818 1864 1075 1948 perfectis
1101 1874 1307 1946 vigilat.
1335 1872 1440 1930 Sed
1473 1870 1736 1945 quemad-
1764 1868 1813 1931 B
1841 1855 1931 1925 ‘lui
1959 1870 2056 1910 905
2078 1872 2213 1926 (ἶυοε
2237 1857 2502 1928 ceperim»
2522 1875 2628 1916 ηοιι
2669 1864 2955 1918 alnum"?
2986 1863 3200 1939 1354
3216 1866 3280 1921 Et
3304 1865 3447 1923 bene

118 1973 352 2030 modum
380 1972 610 2030 dormiat
639 1971 887 2028 Christus
907 2015 923 2040 ,
956 1971 1153 2026 audisti
1191 1970 1464 2026 dicentem
1515 1969 1568 2024 in
1593 1968 1733 2025 Pro-

119 2067 292 2138 pheta
320 2085 335 2123 :
372 2065 482 2139 Ego
507 2065 744 2130 dormivi,
772 2074 823 2121 et
851 2082 939 2120 cor
966 2080 1137 2119 meum
1160 2064 1335 2135 vigilat
1365 2063 1542 2136 (Laut.
1575 2079 1626 2129 v,
1653 2062 1731 2135 2).

196 2162 293 2219 69.
340 2161 409 2216 Et
433 2169 655 2216 sanctus
683 2161 968 2217 Manlia-us
1001 2168 1147 2215 recte
1171 2173 1277 2213 non
1312 2157 1736 2228 praetermitten-

121 2256 260 2310 dum
288 2255 503 2327 putavit
522 2260 741 2310 aeternae
770 2252 1029 2309 indicium
1054 2252 1360 2325 potestatis,
1392 2252 1485 2308 ubi
1511 2252 1743 2321 imperat

124 2352 312 2406 ventis
341 2348 781 2423 (Matt.vm,26).
808 2348 923 2403 Non
938 2356 1021 2405 est
1039 2347 1183 2402 enim
1209 2334 1441 2402 humana
1464 2347 1736 2413 doetrlna,

127 2446 279 2501 sient
316 2442 545 2499 audistis
573 2440 793 2498 Iudaeos
823 2441 1040 2505 dicere,
1072 2439 1244 2495 verbo
1271 2439 1501 2510 imperat
1536 2439 1739 2510 Spiriti-

129 2537 239 2593 bus
278 2535 445 2608 (Luc.
470 2551 547 2599 tv,
576 2534 729 2608 56):
769 2533 864 2590 scd
897 2532 1135 2589 cwlestis
1167 2532 1466 2603 majestatis
1504 2533 1740 2603 insigne.

133 2631 297 2701 Quod
323 2630 595 2686 turbatum
618 2628 841 2684 sedatur
862 2643 1033 2693 mare,
1057 2635 1114 2683 et
1132 2626 1329 2683 divinae
1342 2628 1491 2682 vovis
1516 2626 1746 2697 imperio

137 2727 520 2795 obsequuntur
570 2723 873 2788 elementa,
926 2733 1089 2793 atque
1138 2720 1473 2777 insensibilia
1523 2735 1746 2775 sensum

142 2817 421 2888 accipiunt
442 2815 807 2886 obsequendi;
831 2814 1024 2870 divina:
1048 2813 1362 2887 mysterium
1385 2813 1575 2884 gratiae
1596 2828 1751 2870 reve-

146 2910 316 2965 latur.
348 2908 501 2976 Quod
530 2908 725 2964 ﬂuctus
756 2907 1050 2963 mitescunt
1076 2906 1285 2975 saeculi,
1317 2906 1486 2963 verbo
1518 2907 1751 2961 immun-

147 3002 253 3058 dus
282 3002 507 3073 spiritus
543 3001 917 3072 conquiescit;
951 3016 1057 3056 non
1087 3001 1321 3055 alterum
1351 2999 1523 3056 altero
1551 2999 1753 3056 refelli-

150 3105 278 3163 tur,
312 3096 406 3153 sed
441 3104 735 3168 utrumque
758 3093 1088 3151 celebratur.
1121 3094 1297 3166 Habes
1334 3095 1652 3150 miraculum
1695 3095 1750 3151 in

150 3191 462 3258 elementis,
488 3191 656 3248 habes
677 3190 1060 3247 documentum
1090 3191 1142 3245 in
1168 3189 1463 3262 mysteriis.
1492 3199 1507 3212 ⁵

1836 1948 2135 2017 apostolica
2167 1950 2525 2007 instrumenta
2555 1952 2802 2024 piscandi
2831 1957 2963 2011 retia
3002 1969 3151 2023 sunt,
3181 1973 3303 2027 qua:
3333 1973 3444 2017 non

1837 2051 2028 2111 captos
2063 2044 2365 2112 perimunt,
2403 2046 2497 2101 sed
2529 2057 2848 2115 reservant,
2893 2059 2947 2105 et
2974 2049 3041 2105 de
3078 2050 3344 2121 profundo
3374 2050 3445 2109 ad

1839 2135 2021 2192 lumen
2045 2139 2375 2197 extrahunt:
2415 2140 2738 2199 ﬁuctuantes
2766 2143 2835 2201 de
2870 2125 3077 2201 inﬁmis
3106 2144 3173 2202 ad
3205 2161 3446 2219 superna

1840 2230 2150 2295 traducunt.

1913 2324 2005 2380 7s.
2029 2325 2124 2381 Est
2150 2335 2206 2383 et
2230 2327 2377 2384 aliud
2399 2331 2759 2401 apostolicum
2779 2334 3022 2405 piscandi
3050 2350 3222 2407 genus
3247 2335 3369 2411 (at,
3393 2322 3469 2410 q.’

1846 2417 1900 2485 l,
1929 2434 1976 2473 c.
2006 2417 2103 2474 Est
2128 2421 2348 2494 aliud),
2380 2439 2488 2496 quo
2536 2441 2739 2498 genere
2776 2427 2951 2484 solum
2994 2429 3215 2486 Petrum
3254 2432 3453 2502 piscari

1848 2511 2106 2571 Dominus
2127 2514 2283 2583 jubet
2311 2517 2538 2573 dicens:
2586 2517 2738 2575 Mitte
2759 2520 2993 2589 hamum,
3025 2533 3073 2577 et
3119 2541 3235 2579 eum
3262 2525 3456 2596 piscem

1845 2610 1935 2679 qui
1951 2610 2151 2681 primus
2176 2614 2487 2683 ascenderit,
2515 2616 2638 2670 tolle
2664 2615 2881 2691 (Matth.
2903 2633 3034 2685 xvii,
3054 2618 3176 2690 26).
3202 2618 3453 2690 Magnum

1847 2702 2064 2772 quidem
2114 2714 2199 2760 est
2245 2716 2300 2761 et
2344 2708 2586 2778 spiritale
2631 2708 3021 2765 documentum
3056 2712 3076 2784 (
3108 2712 3163 2766 ll
3186 2752 3202 2780 ,
3234 2729 3287 2783 q.
3321 2713 3376 2779 1,
3404 2728 3455 2769 c.

1852 2792 2105 2866 Magnum
2126 2796 2388 2870 quidem),
2418 2800 2562 2871 quod
2592 2800 2877 2857 christiani
2910 2802 3010 2858 viri
3045 2803 3458 2862 sublimioribus

1851 2890 2212 2958 potestatibus
2240 2892 2507 2950 docentur
2541 2894 2744 2951 debere
2782 2910 2905 2953 esse
2939 2897 3202 2969 subjecti;
3236 2896 3309 2954 ne
3334 2898 3462 2970 quis

1842 2983 2296 3039 constitutionem
2343 2987 2486 3059 regis
2527 2987 2733 3044 terreni
2765 2999 2918 3060 putet
2955 3004 3080 3047 esse
3115 2990 3458 3047 solvendam.

1854 3075 1910 3133 Si
1943 3078 2088 3132 enim
2126 3093 2352 3135 censum
2386 3080 2481 3137 Dei
2510 3081 2680 3137 Filius
2706 3082 2896 3152 solvit,
2928 3085 3050 3157 quis
3082 3094 3138 3142 tu
3168 3094 3351 3143 tantus
3375 3101 3459 3158 es,

1853 3168 1944 3239 qui
1975 3185 2080 3224 non
2108 3181 2262 3239 putes
2287 3187 2410 3228 esse
2439 3174 2803 3230 solvendum?
2832 3176 2899 3231 Et
2928 3177 3019 3234 ille
3048 3192 3271 3235 censum
3299 3180 3465 3237 solvit

223 3286 315 3343 '70.
355 3285 500 3356 Ergo
526 3285 648 3356 quia
677 3295 898 3340 sanctus
924 3282 1211 3339 Mattbmus
1234 3282 1322 3337 illa
1352 3281 1747 3353 prmlibaverat,

1861 3262 1947 3333 qui
1988 3262 2123 3318 nihil
2155 3263 2505 3334 possidebat:
2554 3275 2610 3323 tu
2640 3279 2821 3325 autent
2869 3270 2958 3342 qui
2990 3272 3176 3328 saeculi
3212 3274 3467 3346 sequeris

150 3389 372 3436 sanctus
402 3378 576 3434 Lucas
599 3393 717 3433 eam
760 3376 862 3432 sibi
894 3376 1092 3441 navim,
1134 3375 1190 3431 in
1218 3390 1321 3446 qua
1351 3375 1544 3431 Petrus
1576 3373 1749 3444 pisea-

154 3481 338 3539 retur,
369 3470 551 3544 elegit.
582 3469 699 3526 Non
741 3469 988 3526 turbatur
1028 3471 1126 3524 ista
1169 3486 1289 3540 qua:
1318 3468 1537 3525 Petrum
1567 3467 1751 3535 habet,

156 3568 403 3625 turbatur
431 3568 522 3623 illa
543 3582 664 3639 qua:
684 3565 879 3623 Judam
910 3564 1093 3621 habet.
1131 3564 1244 3620 Etsi
1267 3565 1439 3619 multa
1458 3564 1569 3619 illic
1588 3563 1754 3619 disci-

158 3661 406 3733 pulorum
437 3662 628 3717 merita
662 3658 1018 3729 navigabant;
1067 3667 1244 3713 tamen
1276 3673 1393 3713 eam
1425 3656 1601 3712 adhuc
1629 3671 1754 3727 per-

160 3751 282 3812 ﬁdia
313 3753 604 3825 proditoris
632 3751 889 3825 agitabat.
927 3751 982 3806 lu
1013 3759 1239 3820 utraque
1269 3751 1459 3807 Petrus
1487 3770 1499 3803 :
1534 3749 1632 3806 sed
1660 3750 1752 3821 qui

160 3849 274 3903 suis
301 3847 510 3903 meritis
551 3845 738 3901 ﬁrmus
772 3853 890 3913 est,
926 3844 1172 3900 turbatur
1196 3843 1410 3899 alienis.
1452 3842 1752 3899 Careamus

163 3942 321 4013 igitur
351 3939 633 4012 perﬁdum,
668 3952 956 3995 caveamus
979 3930 1345 4009 proditorem;
1370 3953 1437 3993 ne
1467 3951 1560 4007 per
1585 3951 1754 3991 unum

166 4035 376 4108 plurimi
409 4034 754 4090 lluetuemus.
784 4033 927 4104 Ergo
958 4048 1063 4087 non
1102 4032 1347 4088 turbatur
1376 4031 1493 4087 bare
1521 4032 1674 4087 navis
1701 4032 1754 4087 in

167 4145 272 4204 qua
313 4130 599 4201 prudentia
642 4130 889 4200 navigat,
918 4129 1069 4184 abest
1099 4128 1354 4199 perﬁdia,
1399 4127 1532 4184 ﬁdes
1562 4128 1753 4197 Spirat.

170 4223 625 4293 Quemadmodum
652 4222 798 4278 enim
825 4206 1028 4279 turbari
1060 4232 1290 4293 poterat,
1315 4223 1402 4278 cui
1432 4232 1660 4294 prmerat
1685 4222 1754 4292 is,

174 4318 227 4375 in
267 4334 372 4390 quo
398 4317 655 4373 Ecclesia:
695 4316 1093 4373 ﬁrmamentum
1142 4317 1268 4373 est?
1314 4316 1426 4373 Illic
1466 4333 1597 4389 ergo
1642 4325 1758 4375 tur-

178 4415 344 4482 batio,
377 4413 466 4471 ubi
492 4413 706 4469 modica
744 4411 880 4470 ﬁdes
906 4431 920 4469 :
955 4412 1042 4469 hic
1067 4412 1365 4481 securitas,
1397 4412 1488 4470 ubi
1520 4411 1756 4484 perlecta

176 4509 402 4567 dilectio.

244 4604 325 4660 71.
351 4602 535 4676 (Vers.
551 4602 632 4677 ι.)
653 4602 896 4674 Denique
912 4601 1015 4659 etsi
1040 4601 1161 4658 aliis
1182 4601 1474 4673 imperatur
1490 4612 1545 4658 ut
1572 4602 1757 4659 laxent

1856 3354 2091 3423 lucrum,
2116 3371 2215 3412 cur
2235 3358 2420 3414 saeculi
2450 3358 2770 3432 obsequium
2796 3378 2902 3419 non
2928 3367 3325 3437 recognoscas?
3351 3368 3466 3425 Cur

1857 3457 1909 3505 te
1940 3464 2103 3522 supra
2146 3452 2403 3508 swenlum
2440 3454 2675 3526 quadam
2718 3455 2886 3513 animi
2935 3461 3248 3531 arrogantia
3292 3461 3460 3532 feres,

1854 3558 1977 3600 cum
2000 3546 2204 3601 stecuio
2229 3547 2305 3601 sis
2332 3547 2530 3604 misera
2558 3549 2858 3620 cupiditate
2886 3551 3186 3623 subjectus.

1929 3637 2017 3692 74.
2062 3637 2321 3694 Penditur
2351 3639 2517 3712 igitur
2560 3640 2876 3699 didracbma
2901 3686 2916 3711 ,
2947 3645 3091 3713 quod
3137 3657 3253 3702 erat
3279 3644 3307 3685 ι’
3338 3660 3464 3718 pre-

1857 3730 1989 3786 tium
2019 3741 2222 3787 nostrae
2251 3732 2641 3806 redemptionis
2669 3745 2725 3793 et
2763 3737 3011 3809 corporis
3036 3780 3050 3805 ,
3083 3739 3136 3795 in
3162 3738 3306 3812 Lege
3330 3755 3465 3813 pro-

1857 3826 2107 3895 missum,
2142 3828 2195 3883 in
2222 3828 2517 3900 Evangelia
2539 3830 2873 3900 persolutum
2892 3873 2907 3897 ,
2939 3848 3046 3888 non
3076 3834 3253 3891 otiose
3277 3835 3330 3890 in
3364 3850 3467 3895 ore

1858 3919 2025 3989 piscis
2051 3921 2335 3976 inventum
2363 3942 2376 3978 :
2409 3920 2496 3977 Ea:
2514 3938 2603 3977 ore
2622 3924 2759 3978 enim
2778 3934 2867 3979 tuo
2882 3924 3259 3997 justiﬁcaberis
3282 3927 3301 3999 (
3309 3926 3361 3982 Μ
3367 3936 3464 3987 att.

1856 4026 1956 4079 xu,
1987 4011 2056 4067 57
2083 4014 2123 4083 ).
2172 4012 2386 4068 Etenim
2421 4015 2655 4082 pretium
2704 4016 3134 4073 immortalitatis
3178 4029 3262 4075 est
3307 4020 3469 4079 nobis

1859 4113 2043 4160 nostra
2073 4105 2385 4174 confessio;
2425 4106 2550 4178 quia
2576 4107 2719 4164 sicut
2743 4110 3008 4182 scriptum
3035 4120 3120 4168 est
3145 4129 3161 4169 :
3194 4111 3298 4169 Ore
3328 4130 3458 4169 con-
3496 4118 3504 4126 '

1860 4196 2016 4267 fessio
2036 4196 2098 4266 ﬁt
2125 4197 2195 4250 ad
2218 4198 2437 4253 salutem
2468 4198 2646 4269 (Rom.
2676 4216 2733 4269 κ,
2760 4202 2871 4273 10).

1932 4290 2023 4347 75.
2066 4290 2131 4346 Et
2158 4291 2390 4349 fortasse
2427 4295 2634 4363 primus
2660 4295 2748 4352 hic
2779 4296 2942 4369 piscis
2974 4300 3183 4371 primus
3207 4310 3293 4360 est
3317 4320 3466 4362 mar-

1860 4392 1967 4457 tyr,
1993 4386 2046 4441 in
2076 4401 2172 4440 ore
2202 4384 2409 4443 habens
2435 4386 2777 4457 didrachma,
2809 4388 2912 4447 hoc
2938 4402 3043 4459 est,
3077 4395 3313 4465 pretium
3339 4411 3471 4453 ccu-

1859 4492 1972 4534 sns.
2003 4477 2330 4535 Didracbma
2354 4487 2600 4536 nostrum
2623 4478 2873 4539 Christus
2895 4492 2999 4541 est.
3024 4485 3276 4565 liabebat
3297 4488 3464 4561 igitur

1861 4572 2072 4645 primus
2100 4572 2195 4630 ille
2233 4583 2479 4647 martyr,
2515 4573 2828 4645 Stephanus
2866 4576 3101 4647 scilicet,
3135 4580 3189 4637 in
3218 4596 3316 4640 ore
3344 4583 3471 4640 tbe-
3516 4640 3523 4647 ,

180 4697 303 4755 retia
331 4667 457 4765 sua;
500 4667 826 4754 soli'tamen
857 4697 1017 4753 Petro
1055 4667 1291 4751 dicitur}
1323 4693 1443 4752 Duc
1478 4696 1531 4752 in
1576 4697 1748 4765 altum,

1864 4682 2121 4737 saurum,
2153 4682 2276 4724 eum
2301 4667 2576 4724 Christum
2604 4668 2659 4726 in
2704 4672 2959 4744 passione
2989 4675 3326 4748 loqueretur.
3358 4678 3472 4740 Sed

185 4791 277 4849 hoc
294 4801 392 4860 est,
417 4792 470 4848 in
498 4791 825 4864 profundum
847 4791 1295 4862 disputationum.
1323 4790 1461 4859 Quid
1484 4792 1628 4848 enim
1651 4801 1761 4847 tam

185 4886 357 4957 altum,
377 4902 538 4959 quam
565 4885 907 4944 altitudinem
926 4885 1236 4942 divitiarum
1260 4884 1471 4953 videre,
1500 4887 1643 4941 scire
1667 4883 1762 4940 Dei

187 4980 397 5051 Filium,
427 4991 483 5038 et
529 4979 926 5052 professionem
954 4978 1151 5035 divina:
1197 4979 1565 5050 generationis
1610 4992 1767 5033 assu«

189 5074 354 5131 mere?
380 5076 549 5143 Quam
584 5073 713 5129 licet
759 5062 919 5129 mens
961 5086 1068 5128 non
1107 5080 1274 5144 queat
1323 5070 1556 5126 humana
1585 5069 1767 5142 plena:

191 5168 395 5223 rationis
428 5166 843 5239 invesdgatione
885 5164 1384 5237 comprehendere;
1429 5163 1552 5220 ﬁdei
1585 5173 1763 5219 tamen

192 5259 447 5331 plenitudo
476 5261 871 5332 complectitur.
902 5259 1035 5314 Nam
1059 5259 1160 5314 etsi
1190 5274 1296 5314 nun
1320 5258 1446 5315 licet
1469 5255 1598 5312 mihi
1620 5255 1765 5311 scire

194 5352 623 5424 quemadmodum
657 5361 815 5407 natus
858 5350 961 5416 sit;
1011 5366 1117 5407 non
1157 5350 1286 5407 licet
1325 5359 1505 5407 tamen
1556 5347 1768 5405 nescire

258 5571 280 5599 λ
315 5562 421 5619 Sic.
449 5567 558 5617 vet.
590 5559 724 5617 edit.
751 5573 817 5614 ac
846 5556 1030 5628 plures
1060 5570 1192 5612 mss.
1220 5553 1381 5610 Rom.
1419 5560 1600 5628 autem
1630 5551 1765 5608 edit.

198 5646 301 5690 cum
330 5648 458 5688 mss.
490 5632 718 5701 aliquot,
740 5629 831 5685 sed
852 5627 1118 5683 auctorem
1149 5627 1493 5701 generationis
1516 5640 1765 5701 agnosco.

258 5705 282 5745 ι’
317 5706 470 5761 Rom.
504 5699 661 5768 edit.,
691 5703 914 5772 pretium
936 5700 1304 5772 redemptionis
1342 5708 1533 5754 nostra?
1557 5699 1766 5772 animus,

202 5786 242 5832 et
270 5777 506 5850 corporis.
549 5775 655 5833 Sed
693 5770 751 5830 in
783 5773 996 5850 cunctis
1041 5770 1195 5835 aliis,
1240 5780 1402 5850 atque
1430 5770 1766 5850 mss._(_leest,

202 5841 407 5905 animat:
449 5864 569 5918 quae
610 5862 718 5903 vox
764 5846 987 5918 omnino
1019 5843 1481 5918 necessaria‘non
1506 5841 1770 5918 _videtur,

204 5934 307 5979 cum
342 5914 517 5977 nostra
542 5919 828 5992 redemptio
873 5916 1017 5975 idem
1064 5916 1135 5975 sit
1176 5930 1237 5973 ac
1268 5914 1552 5987 redemptio
1587 5914 1775 5970 animo:

1863 4770 2208 4817 revertamur
2234 4760 2302 4817 ad
2332 4763 2669 4834 propositum
2701 4765 2905 4838 locum,
2934 4779 2989 4826 et
3019 4770 3298 4831 discamus
3334 4788 3472 4847 apo-

1863 4854 2111 4910 stolicam
2135 4853 2521 4913 humilitatem.

1938 4969 2124 5045 (Vers.
2156 4970 2237 5045 5.)
2278 4971 2611 5045 Prwceptor,
2642 4977 2835 5052 inquit,
2868 4999 2960 5053 per
2978 4992 3137 5040 totam
3165 4992 3369 5043 noctem
3395 4985 3476 5043 la-

1868 5065 2104 5124 borantes
2135 5070 2269 5125 nihil
2309 5071 2542 5144 cepimus
2566 5090 2586 5129 :
2613 5075 2703 5130 sed
2733 5076 2786 5130 in
2813 5078 2964 5133 verbo
2990 5089 3079 5134 tuo
3101 5078 3292 5136 [orabo
3320 5082 3475 5138 retia.

1941 5162 2030 5218 76.
2075 5163 2144 5220 Et
2198 5180 2331 5237 ego,
2389 5167 2649 5236 Domine,
2697 5170 2816 5227 scio
2862 5172 2988 5244 quia
3029 5189 3138 5231 nox
3180 5176 3313 5231 mihi
3367 5184 3478 5247 est,

1867 5256 2085 5328 quando
2115 5272 2224 5313 non
2254 5258 2516 5329 imperas.
2547 5260 2720 5318 Nemo
2748 5263 2927 5321 adhuc
2966 5282 3163 5322 nomen
3188 5284 3353 5325 suum
3382 5268 3483 5326 de-

1869 5350 1978 5420 dit,
2016 5362 2038 5391 ο
2064 5353 2244 5410 adhuc
2285 5364 2501 5412 noctem
2533 5355 2729 5415 habeo.
2758 5356 2882 5415 Misi
2917 5358 3163 5431 jaculum
3191 5363 3342 5421 vocis
3382 5378 3483 5436 per

1875 5560 2083 5637 nostra.
2113 5551 2358 5635 Namque
2380 5554 2657 5637 hominem
2687 5556 2740 5637 in
2772 5559 2953 5637 anima
2976 5563 3324 5634 potissimum
3355 5580 3490 5623 con-

1875 5627 2071 5682 sistere
2104 5630 2303 5694 passim
2333 5636 2559 5682 testatur
2587 5627 2931 5689 Ambrosius.

1954 5708 1977 5737 ι·
2020 5698 2221 5775 Eadem
2244 5698 2401 5775 editL
2400 5700 2536 5763 sola,
2558 5701 2742 5775 adhuc
2767 5712 2859 5772 per
2881 5715 3083 5762 noctem
3103 5708 3304 5764 laboro.
3331 5707 3491 5775 QuOd

1880 5780 2059 5851 autem
2082 5770 2245 5851 addit
2273 5769 2331 5828 S.
2366 5769 2569 5851 Prmsul
2597 5769 2891 5851 jaculum_(
2902 5788 2993 5851 est
3014 5779 3075 5851 id
3103 5782 3237 5836 retis
3263 5769 3435 5851 genius
3457 5797 3494 5841 a

1874 5843 2132 5912 jaciendo
2164 5841 2391 5914 dietum)
2432 5843 2530 5897 ahs
2556 5859 2615 5898 se
2647 5858 2741 5914 per
2770 5841 3060 5914 epipbania
3094 5851 3227 5906 festa
3263 5841 3491 5911 missum

1880 5914 2070 5984 fuisse,
2108 5913 2313 5971 indicat
2340 5913 2607 5973 institisse
2636 5913 2696 5972 se
2724 5930 2831 5975 non
2860 5913 3180 5995 baptizatis,
3210 5932 3272 5982 ut
3295 5937 3500 5989 nomen
