4156 6346
477 280 636 360 .i635

1861 276 2108 349 ssnon
2146 274 2473 351 wenosb

3663 274 3801 357 1636

495 405 825 479 epipbania,
858 410 917 462 et
956 403 1137 463 adhuc
1168 392 1303 462 nihil
1332 404 1476 477 cepi.
1520 403 1641 461 Misi
1668 418 1768 479 per
1795 404 1974 475 diem,
2003 422 2098 462 ex-
2124 407 2178 470 Δ
2274 407 2368 465 78.
2410 407 2710 467 Possumus
2750 415 2929 471 tamen
2972 415 3029 475 ιιι
3056 406 3220 469 aliam
3248 404 3552 467 Ecclesium
3594 406 3802 467 intelli-

494 511 686 574 specto
707 510 769 558 ut
789 500 982 572 jubeas
1008 517 1022 552 :
1051 502 1105 556 in
1135 499 1302 557 verbo
1325 509 1417 555 tuo
1446 499 1642 557 laxabo
1670 500 1829 556 retia.
1858 500 1903 555 0
1932 514 2099 557 vacua

495 596 882 673 praesumptio,
911 611 943 650 ο
976 593 1257 651 humilitas
1298 594 1607 651 fructuosa!
1641 594 1741 660 Qui
1783 593 1915 651 nihil
1941 602 2101 650 antea

495 702 793 765 ceperant,
822 705 1069 761 magnam
1099 689 1151 745 in
1189 687 1358 745 verbo
1388 686 1608 753 Domini
1644 687 1976 749 concludunt
2019 689 2101 760 pi-

494 789 670 844 scium
722 783 1149 849 multitudinem.
1212 782 1328 843 Non
1376 782 1483 847 hoc
1534 784 1786 849 humanae
1835 782 2100 861 facundia:

495 896 665 955 opus,
715 879 811 941 sed
856 893 1107 951 supernae
1153 876 1459 935 vocationis
1502 886 1587 937 eet
1630 891 1846 934 munus.
1890 876 2102 937 Cedunt

494 974 888 1046 disputationes
917 971 1203 1029 hominum
1228 988 1240 1025 :
1272 970 1383 1027 fide
1411 987 1508 1029 sua
1541 970 1696 1043 plebs
1724 970 1917 1027 credit.

569 1068 655 1123 77.
707 1064 900 1137 (Vers.
928 1066 982 1130 6,
1011 1064 1110 1136 7.)
1148 1064 1495 1135 Rumpuntur
1542 1063 1700 1132 retia,
1753 1079 1854 1121 nee
1899 1062 2101 1127 labitur

495 1161 683 1237 piscis.
716 1159 992 1217 Vocantur
1018 1157 1087 1214 ad
1117 1157 1488 1235 adiumentum
1526 1158 1699 1227 socii,
1726 1159 1817 1230 qui
1845 1166 2005 1215 erant
2041 1157 2099 1214 in

494 1256 599 1312 alia
638 1252 785 1311 navi.
816 1252 949 1329 Quae
977 1263 1061 1309 est
1088 1252 1185 1308 illa
1224 1252 1333 1309 alia
1371 1252 1555 1320 navis,
1588 1251 1689 1308 nisi
1718 1250 1861 1307 forte
1888 1250 2098 1319 iudica,

495 1363 563 1406 ex
610 1362 714 1418 qua
743 1344 988 1402 Joannes
1035 1356 1087 1405 et
1132 1343 1372 1401 Jacobus
1419 1342 1733 1416 eliguntur?
1784 1342 1955 1405 Facta
2000 1354 2096 1413 cst,

492 1444 638 1499 enim
668 1440 857 1501 Iudaea
887 1440 1233 1511 sanctiﬁcatio
1264 1442 1374 1514 ejus
1406 1438 1580 1511 (Psal.
1605 1454 1759 1505 cxut,
1789 1438 1886 1510 2).
1914 1438 1978 1494 lli
2004 1439 2098 1510 igi-

497 1550 584 1599 tur
614 1539 680 1595 de
712 1538 998 1611 Synagoga
1025 1536 1093 1597 ad
1128 1551 1319 1593 navem
1348 1533 1529 1602 Petri,
1564 1533 1667 1589 hoc
1691 1541 1792 1601 est,
1823 1532 1889 1589 ad
1914 1533 2099 1593 Eccle-

493 1635 629 1695 siam
660 1640 1071 1698 convenerunt;
1122 1639 1184 1687 ut
1229 1629 1520 1701 implerent
1563 1628 1753 1689 ambas
1798 1626 2096 1685 naviculas.

492 1726 696 1782 Omnes
726 1725 872 1783 enitn
903 1723 956 1778 in
988 1722 1210 1783 nomine
1238 1720 1368 1785 Jesu
1397 1735 1540 1793 genu
1567 1719 1825 1787 ﬂectunt,
1857 1719 1973 1776 sive
2001 1717 2099 1777 Ju-

490 1820 674 1884 daeus,
708 1819 830 1883 sive
873 1817 1136 1877 Graecus:
1172 1814 1362 1871 Omnia
1400 1824 1449 1870 et
1494 1815 1551 1870 in
1589 1813 1825 1873 omnibus
1858 1811 2097 1871 Christus

493 1915 721 1991 (Coloss.
741 1911 954 1985 111,“).
986 1910 1093 1969 Sed
1122 1911 1253 1968 milii
1283 1910 1534 1971 cumulus
1559 1910 1661 1969 iSIe
1682 1921 1968 1980 suspectus
1988 1918 2093 1979 est,

493 2025 562 2069 ne
610 2005 951 2080 plenitudine
995 2004 1080 2061 sui
1127 2020 1295 2065 naves
1322 2019 1464 2076 pene
1493 2012 1840 2074 mergantur;
1885 2012 2099 2074 oportet

488 2104 635 2163 enim
663 2110 721 2161 et
763 2100 1000 2163 haereses
1029 2112 1172 2163 esse,
1206 2106 1265 2157 ut
1293 2095 1595 2167 probentur
1620 2095 1774 2155 boni.

487 2238 542 2295 in
593 2236 770 2293 album
816 2235 1331 2292 catechumenorum
1373 2231 1568 2288 referri
1616 2231 1973 2302 postularent.
2028 2234 2094 2289 Et

488 2309 617 2369 hinc
644 2323 750 2365 non
793 2310 932 2363 male
971 2306 1233 2372 coniicias
1279 2305 1401 2361 illos
1446 2304 1529 2359 bis
1573 2318 1771 2359 nomen
1802 2318 1961 2359 suum
1991 2304 2091 2361 de—

485 2379 664 2437 disse:
696 2380 752 2437 1⁰
783 2397 906 2437 cum
935 2378 1311 2437 catechumeni
1338 2376 1561 2443 fierent;
1601 2374 1666 2431 2"
1693 2384 1749 2432 et
1793 2377 2094 2437 solemnius

486 2467 609 2508 cum
652 2452 793 2508 inter
835 2460 1209 2521 competentes
1251 2447 1695 2521 describerentur
1739 2455 1798 2503 ut
1824 2446 1953 2504 alibi
1980 2449 2094 2517 jam

488 2529 816 2580 notavimus.
846 2520 976 2579 lude
1002 2521 1164 2577 etiam
1195 2536 1381 2576 rursus
1407 2520 1667 2590 colligere
1697 2528 1781 2574 est
1808 2521 1951 2574 hunc
1979 2534 2095 2575 ser-

487 2611 707 2657 monem
736 2596 954 2657 circiter
981 2609 1150 2652 sacrae
1174 2592 1608 2666 quadragesima:
1640 2590 1794 2647 initia
1816 2606 1939 2648 esse
1967 2607 2095 2664 pro-

489 2678 813 2731 nuntiatum.

558 2744 587 2774 ι
629 2740 784 2796 Rom.
815 2737 980 2803 edit.,
1025 2735 1187 2794 Verbo
1227 2735 1416 2793 reddit.
1455 2734 1609 2802 [laud
1657 2734 1928 2803 absurdus
1958 2751 2086 2791 sen-

486 2825 600 2868 sus.
629 2811 881 2867 Attamen
929 2825 1035 2866 non
1081 2810 1222 2865 male
1251 2809 1412 2865 etiam
1439 2808 1655 2863 aliae'ae
1705 2822 1870 2876 mss.,
1920 2804 2090 2863 Verbo

2203 512 2335 569 gere
2355 541 2371 565 ,
2402 513 2593 555 navem
2628 499 2885 566 alterius;
2924 498 2993 557 ab
3017 515 3124 563 una
3152 499 3298 557 enim
3330 499 3513 571 plures
3541 498 3802 557 Ecclesia:

2210 591 2421 674 1355
2457 591 2792 655 derivantur.
2832 592 2978 661 Ecce
3020 594 3125 655 alia
3152 593 3463 659 sollicitudo
3488 593 3674 662 Petri,
3711 591 3798 648 cui

2202 698 2299 747 sua
2334 684 2445 757 jam
2496 685 2677 757 praeda
2715 696 2967 756 suspecta
3008 696 3115 751 est,
3165 686 3275 745 Sed
3325 686 3475 749 nOvit
3519 684 3799 758 perfectus

2200 778 2658 850 quemadmodum
2701 795 2921 836 servare
2971 781 3139 851 possit
3194 781 3540 855 reconditos,
3575 780 3669 852 qui
3696 779 3801 841 scit

2201 872 2665 951 quemadmodum
2725 888 2924 947 capere
2968 874 3143 949 possit
3186 874 3490 947 diSpersos.
3547 872 3698 942 Quos
3744 872 3800 928 in

2203 965 2371 1027 verbo
2400 967 2575 1037 capit,
2610 976 2637 1006 ιι
2668 965 2847 1031 Verbo
2887 966 3065 1033 credit
3094 985 3109 1023 :
3144 978 3305 1041 negat
3333 982 3485 1031 suam
3535 967 3799 1040 praedata,

2203 1069 2369 1132 negat
2393 1075 2549 1123 suum
2580 1075 2795 1121 munus.

2277 1153 2456 1233 (Vers.
2487 1151 2569 1230 8.)
2608 1152 2734 1223 Exi,
2761 1153 2959 1231 inquit,
2990 1172 3024 1219 α
3056 1171 3166 1224 me,
3198 1152 3453 1229 Domine;
3490 1157 3616 1226 quia
3652 1155 3804 1213 homo

2200 1259 2441 1319 peccator
2470 1265 2603 1309 sum.

2276 1342 2366 1407 79.
2399 1342 2782 1405 Admirabatur
2802 1343 2952 1400 enim
2968 1342 3109 1400 dona
3126 1342 3307 1407 divina
3331 1359 3344 1407 ;
3379 1350 3437 1399 et
3456 1357 3564 1417 quo
3593 1341 3807 1418 1356

2202 1436 2324 1513 plus
2355 1443 2659 1503 meruerat,
2688 1436 2797 1493 hoc
2831 1436 3197 1506 praesumebat
3239 1437 3440 1499 minus.
3486 1435 3582 1495 Dic
3608 1446 3663 1492 et
3707 1445 3804 1489 tu:

2202 1528 2309 1589 Esi
2337 1546 2370 1587 a
2396 1545 2496 1596 me,
2533 1526 2789 1596 Domine;
2817 1530 2939 1600 quia
2977 1527 3134 1591 homo
3174 1538 3413 1607 peccator
3441 1544 3590 1594 sum;
3623 1538 3680 1591 ut
3721 1542 3811 1584 re-

2200 1624 2466 1694 simttdeat
2515 1622 2613 1683 tibi
2662 1622 2975 1685 Dominus;
3018 1621 3047 1662 ι’
3080 1621 3209 1681 Noli
3255 1624 3454 1685 timere.
3500 1621 3805 1694 indulgenti

2201 1717 2435 1783 Domino
2461 1727 2742 1788 peccatum
2771 1717 2966 1774 fatere.
2993 1716 3114 1773 Noli
3143 1717 3336 1775 timere
3364 1718 3528 1781 etiam
3568 1731 3687 1789 quae
3717 1722 3807 1771 tua

2204 1820 2333 1879 sunt
2362 1810 2595 1869 Domino
2621 1810 2870 1878 deferre;
2915 1810 3042 1882 quia
3081 1825 3204 1880 qua:
3230 1825 3328 1869 sua
3360 1817 3491 1869 sunt
3519 1808 3678 1871 nobis
3716 1808 3808 1865 ille

2204 1905 2506 1969 concessit.
2535 1902 2719 1960 Nescit
2740 1903 3007 1971 invidere,
3038 1903 3215 1962 nescit
3241 1903 3481 1979 eripere,
3509 1901 3683 1959 nescit
3707 1915 3806 1956 au-

2205 1997 2377 2063 ferre.
2404 1996 2573 2055 Vides
2599 2012 2759 2077 quam
2785 1996 2960 2057 bonus
2980 1996 3267 2063 Dominus,
3284 1996 3378 2068 qui
3394 2004 3602 2055 tantum
3618 1993 3809 2061 tribuit

2128 2112 2178 2174 Β
2207 2091 2551 2158 hominibus;
2577 2099 2636 2147 ut
2659 2090 2969 2151 vivificandi
2996 2090 3236 2157 habeant
3254 2099 3600 2169 potestatein.

2202 2232 2384 2297 credit,
2403 2232 2621 2302 quidam
2651 2246 2785 2287 mss.
2809 2230 3060 2297 credidit;
3087 2230 3231 2288 idem
3257 2228 3402 2287 enim
3428 2238 3511 2286 est
3542 2242 3607 2286 ae
3638 2227 3805 2286 Verbo

2201 2310 2411 2379 ejusque
2437 2304 2682 2379 prtesidio
2708 2303 2996 2379 committit.

2273 2376 2300 2417 b
2326 2372 2406 2433 Ita
2437 2372 2587 2432 'etlit.
2637 2376 2860 2432 Amcrb.
2905 2389 3027 2435 cum
3078 2388 3210 2435 mss.
3258 2372 3375 2437 fere
3415 2372 3670 2437 omnibus
3702 2391 3716 2429 :
3750 2374 3802 2431 in

2241 2465 2431 2504 uorum
2464 2457 2641 2503 tamen
2677 2446 2948 2501 nonnullis
2964 2447 3301 2518 scribitur...
3335 2454 3599 2518 peccatum
3624 2446 3797 2518 fateri.

2226 2516 2270 2577 Et
2300 2521 2405 2577 hoc
2433 2520 2486 2575 in
2513 2534 2673 2575 causa
2704 2518 2808 2574 fuit
2834 2533 2931 2573 cur
2956 2517 3081 2573 Era.
3101 2527 3156 2573 et
3184 2533 3301 2587 seq.
3326 2518 3460 2572 edit.
3493 2516 3804 2587 interpunc-

2203 2533 2270 2577 Ιςι
2300 2533 2405 2577 hoc
2434 2538 2486 2575 ιιι
2513 2534 2673 2575 causa
2704 2533 2808 2574 ιιιιι
2834 2533 2931 2573 cur
2956 2533 3081 2573 Era.
3101 2533 3156 2573 et
3184 2535 3207 2573 s
3287 2556 3301 2572 .
3326 2533 3460 2572 eun.
3493 2533 3803 2587 Interpunc-

2199 2595 2405 2650 tionem
2451 2591 2802 2649 immutarem
2843 2590 2945 2645 hoc
2986 2590 3151 2645 modo
3182 2533 3360 2644 :eﬁoli
3401 2588 3581 2644 timere
3626 2589 3803 2643 indul-

2196 2667 2339 2740 genti
2360 2664 2587 2721 Domino
2608 2672 2875 2740 peccatum
2895 2661 3088 2732 fateri:
3108 2661 3252 2736 quod
3283 2660 3464 2729 minus
3494 2659 3634 2717 belle
3662 2676 3799 2734 qua-

2198 2733 2322 2794 drat
2346 2752 2468 2795 cum
2498 2733 2894 2808 superioribus.

485 2911 3792 2945 ww

1644 3003 1996 3103 LIBER
2067 3009 2639 3126 QUINTUS.

1934 3188 2373 3205 ᾖ

567 3332 779 3410 1355
810 3332 998 3407 (Vers.
1026 3330 1117 3397 ιιι,
1147 3329 1278 3400 15.)
1317 3326 1387 3384 Et
1417 3329 1614 3401 factum
1642 3335 1854 3384 esteum
1879 3333 2012 3382 esset
2036 3326 2090 3381 in
2116 3331 2162 3396 ο
2196 3325 2531 3397 postulavit:
2559 3335 2617 3385 et
2641 3326 2761 3398 ipsa
2790 3325 3071 3398 religionis
3106 3333 3166 3393 et
3189 3325 3314 3392 fidei
3345 3325 3500 3396 plena
3530 3326 3800 3385 confessio

489 3447 596 3491 una
622 3431 911 3494 civitatum,
939 3441 1055 3487 cecc
1090 3423 1167 3481 vir
1194 3424 1378 3495 plenus
1408 3423 1586 3497 lepra,
1617 3418 1893 3491 precidem
1930 3418 1987 3473 in
2014 3417 2093 3486 [a-

485 3526 635 3589 ciem,
666 3522 862 3595 rogavit
887 3537 1000 3579 eum
1042 3519 1218 3574 dicens
1248 3534 1266 3573 :
1311 3516 1563 3583 Domine,
1605 3515 1651 3571 si
1686 3515 1782 3582 vis,
1816 3520 1966 3584 potes
2014 3526 2094 3569 nte

485 3617 754 3677 mundare.
780 3613 849 3669 Et
882 3613 1156 3670 extendens
1185 3626 1397 3673 manum
1423 3624 1590 3675 suam,
1621 3606 1789 3681 tetigit
1808 3606 1985 3674 illum,
2005 3604 2091 3658 di-

487 3730 649 3777 cens:
687 3712 839 3780 Volo,
864 3712 1140 3767 mundare.
1212 3786 1215 3789 ν
2039 3754 2043 3759 .

561 3811 615 3865 1.
659 3808 811 3865 Bene
831 3807 922 3865 ubi
953 3807 1205 3878 leprosus
1224 3802 1544 3873 mundatur,
1565 3810 1753 3881 certus
1776 3815 1882 3859 non
1912 3800 2095 3871 expri-

487 3904 657 3962 mitur
686 3902 873 3967 locus;
906 3909 965 3957 ut
986 3897 1308 3957 ostendatur
1347 3912 1457 3955 non
1488 3911 1652 3953 unum
1682 3895 1940 3966 populum
1968 3908 2095 3964 spe-

484 3997 642 4062 cialis
666 3980 908 4069 alicujus
935 3992 1207 4060 civitatis,
1252 3990 1349 4049 sed
1379 3990 1621 4047 omnium
1654 3988 1884 4059 populos
1921 3986 2094 4044 fuisse

485 4100 733 4157 sanatos.
779 4090 931 4153 Bene
972 4098 1155 4149 autem
1203 4095 1259 4143 et
1306 4084 1607 4142 secundum
1649 4082 1851 4139 Lucam
1896 4089 2093 4154 quarto

483 4186 644 4257 signo
664 4225 680 4252 ,
724 4199 792 4240 ex
836 4196 944 4253 quo
975 4182 1030 4236 in
1059 4177 1441 4250 Capharnaum
1492 4176 1753 4233 Dominus
1783 4173 1960 4239 venit,
1993 4175 2095 4233 iste

483 4288 745 4347 sanatur;
779 4292 902 4333 nam
924 4275 969 4332 si
992 4283 1247 4345 quartum
1271 4271 1415 4329 diem
1437 4269 1556 4327 sole
1579 4268 1906 4325 illuminavit
1934 4266 2088 4336 (Gen.

478 4388 523 4439 ι,
559 4370 675 4444 lt),
699 4381 754 4427 et
782 4369 1073 4426 clariorem
1102 4364 1319 4422 ueteris
1347 4362 1477 4421 fecit
1502 4353 1873 4426 diebus,‘cum
1903 4359 2092 4423 illuce-

482 4476 708 4529 seereut
736 4466 1008 4523 elementa
1055 4459 1241 4519 mundi
1271 4476 1285 4516 :
1311 4467 1368 4515 et
1395 4457 1501 4514 hoe
1538 4455 1742 4512 clarius
1771 4469 1910 4525 opus
1939 4454 2089 4509 ωειὶςι

483 4577 637 4618 mare
675 4560 959 4621 debemus.
992 4557 1058 4613 Et
1084 4551 1384 4617 secundum
1413 4548 1725 4609 Matthteutn
1757 4549 1965 4621 primus
2001 4547 2091 4603 hic

483 4663 610 4728 post
630 4649 1038 4711 benedictiones
1058 4663 1089 4707 a
1116 4645 1345 4709 Domine
1365 4652 1594 4703 sanatus
1610 4642 1888 4703 inducitur
1909 4640 2087 4715 (Matt.

2195 3424 2299 3475 est.
2335 3417 2399 3474 Si
2437 3419 2513 3477 uis
2534 3460 2549 3487 ,
2583 3420 2792 3491 inquit,
2825 3430 2970 3492 potes
3001 3435 3080 3481 me
3117 3417 3494 3485 mundareglu
3522 3419 3801 3485 voluntate

2195 3510 2411 3575 Domini
2442 3512 2634 3571 tribuit
2670 3521 2995 3585 potestatem
3021 3528 3035 3568 :
3063 3511 3134 3569 de
3174 3511 3454 3577 voluntate
3480 3522 3660 3579 autem
3690 3514 3797 3569 Do-

2193 3604 2326 3667 miui
2378 3621 2485 3662 non
2529 3606 2684 3674 quasi
2738 3606 2956 3678 pietatis
3005 3604 3318 3671 incredulus
3369 3604 3665 3677 dubitavit,
3697 3606 3800 3667 sed

2193 3697 2350 3769 quasi
2388 3697 2714 3757 eolluviouis
2738 3713 2855 3754 sua:
2880 3699 3134 3759 conscius
3164 3713 3273 3755 non
3300 3700 3667 3770 prmsumpsit.
3700 3701 3798 3765 Cui

2194 3793 2391 3851 morali
2417 3793 2648 3866 quadam
2672 3794 2937 3859 Dominus
2961 3803 2988 3832 ι
3014 3794 3305 3861 sanctitate
3330 3793 3614 3865 respondit
3639 3812 3652 3849 :
3698 3794 3800 3854 Vo-

2195 3887 2277 3956 lo,
2306 3887 2577 3943 mundare.
3722 3924 3731 3933 .

2270 3980 2460 4054 (Vers.
2488 3980 2607 4053 l3.)
2645 3979 2718 4039 Et
2744 3980 2988 4038 continuo
3011 3982 3156 4055 lepra
3201 3984 3318 4057 ejus
3346 3984 3585 4047 discessit
3611 3984 3678 4038 ab
3704 3998 3795 4040 eo.

2266 4075 2320 4131 5.
2364 4071 2513 4129 Nihil
2543 4072 2687 4129 enim
2718 4072 2955 4139 medium
2997 4084 3082 4129 est
3125 4074 3268 4130 inter
3298 4089 3437 4147 opus
3476 4074 3605 4142 Dei,
3635 4084 3801 4145 atque

2195 4175 2561 4240 praeceptum;
2603 4169 2728 4239 quia
2760 4168 2814 4229 in
2845 4179 3117 4243 praecepto
3141 4178 3227 4227 est
3254 4183 3412 4240 opus.
3450 4167 3691 4241 Denique
3719 4168 3800 4224 di-

2191 4262 2286 4328 xit,
2314 4273 2363 4321 et
2391 4265 2535 4334 facta
2557 4272 2678 4319 sunt
2707 4260 2884 4334 (Psaf.
2910 4277 3082 4329 unt,
3104 4262 3197 4335 9).
3230 4262 3437 4319 Videtis
3465 4263 3628 4335 igitur
3653 4261 3797 4335 quod

2192 4352 2432 4411 dubitari
2458 4370 2568 4421 non
2596 4362 2809 4427 potest,
2838 4355 2966 4426 quia
2996 4355 3253 4421 Voluntas
3282 4354 3378 4421 Dei
3408 4365 3649 4431 potestas
3688 4365 3794 4411 est.

2193 4447 2251 4504 Si
2278 4463 2411 4520 ergo
2435 4449 2683 4503 voluntas
2708 4449 2828 4518 eius
2860 4458 3100 4519 potestas
3131 4459 3249 4516 est;
3293 4450 3387 4522 qui
3416 4450 3578 4509 unius
3607 4450 3796 4508 volun-

2194 4541 2324 4598 tatis
2349 4542 2670 4605 Trinitatem
2692 4551 2967 4613 asserunt,
3003 4542 3166 4609 unius
3196 4544 3383 4616 utique
3411 4557 3664 4607 asserunt
3697 4559 3795 4616 po-

2195 4642 2430 4699 testatis.
2480 4640 2672 4717 Itaque
2719 4641 2900 4699 statim
2948 4640 3096 4713 lepra
3143 4641 3423 4708 discessit;
3475 4641 3690 4726 1356
3736 4652 3795 4698 ut

483 4748 730 4817 vut,5);
758 4756 814 4803 ut
843 4744 970 4816 quia
1009 4742 1223 4803 dixerat
1254 4739 1555 4805 Dominus:
1591 4735 1716 4803 Non
1738 4736 1853 4796 veni
1892 4735 2085 4792 soluere
2110 4740 2165 4802 D
2192 4734 2466 4807 intelligas
2516 4733 2783 4801 medentis
2832 4732 3126 4803 aﬂ'cctutn,
3174 4735 3268 4809 qui
3313 4735 3600 4801 veritatem
3638 4733 3794 4808 operi

482 4839 695 4911 Legem,
728 4836 818 4892 sed
842 4834 1127 4905 adimplere
1161 4832 1377 4905 (Matth.
1404 4843 1460 4898 γ,
1494 4827 1630 4903 l7);
1659 4829 1750 4889 ille
1778 4828 1871 4900 qui
1898 4827 2086 4885 exclu-

481 4933 713 4990 debatur
740 4944 769 4985 a
804 4928 951 5001 Lege
981 4926 1175 5003 (Leuit.
1206 4941 1329 4993 xm,
1359 4923 1429 5000 5)
1452 4966 1467 4994 ,
1513 4922 1740 4997 purgari
1781 4937 1841 4980 se
1872 4922 2083 4981 Domini

481 5035 754 5101 potestate
786 5038 1143 5099 prmsumens,
1162 5036 1271 5078 non
1293 5036 1364 5077 ex
1384 5019 1551 5093 Lege,
1580 5018 1678 5083 sed
1703 5032 1870 5091 supra
1886 5018 2083 5090 Legem

479 5136 604 5187 esse
629 5120 857 5192 gratiam
884 5116 1190 5199 iudicaret,
1218 5131 1337 5193 quae
1369 5112 1574 5193 leprosi
1604 5110 1872 5173 maculam
1900 5120 2085 5184 posset

480 5217 727 5279 abluere.
1866 5218 1871 5223 '

549 5312 605 5367 2.
650 5311 851 5369 Verum
883 5309 1022 5375 utin
1058 5306 1292 5377 Domino
1323 5304 1608 5380 potestatis
1637 5303 1965 5371 auctoritas,
2008 5302 2081 5365 ita

479 5406 535 5464 in
561 5407 656 5463 illo
686 5406 811 5461 fidei
838 5402 1143 5463 constantia
1173 5401 1509 5457 declaratur.
1543 5399 1634 5455 llle
1656 5400 1707 5455 in
1736 5398 1929 5455 faciem
1955 5410 2083 5469 pro-

477 5500 632 5569 cidit,
662 5501 805 5574 quod
833 5495 1162 5555 humilitatis
1191 5503 1277 5551 est
1315 5504 1371 5550 et
1399 5493 1655 5568 pudoris;
1701 5502 1762 5549 ut
1792 5491 2081 5564 unusquis-

475 5609 582 5667 que
599 5595 666 5650 de
686 5609 797 5650 sua:
819 5594 943 5649 vitae
962 5589 1192 5651 maculis
1208 5588 1495 5649 erubescat
1518 5607 1532 5643 :
1567 5586 1662 5645 sed
1680 5586 2079 5647 confessionem

476 5689 807 5749 verecundia
832 5702 939 5747 non
962 5683 1249 5757 repressit.
1264 5681 1519 5740 Ostendit
1538 5682 1755 5750 vulnus,
1778 5678 2080 5737 remedium

550 5818 575 5845 ⁸
617 5808 776 5863 Rom.
809 5804 977 5875 edit.,
1011 5804 1197 5877 pietate
1224 5800 1507 5877 respondit.
1555 5798 1664 5858 Sed
1695 5814 1802 5857 non
1832 5795 2073 5877 insolens

477 5892 560 5941 εει
592 5880 808 5937 Auctori
838 5870 1026 5945 nostra
1057 5884 1113 5932 ut
1139 5870 1465 5932 sanctitatem
1496 5880 1657 5947 ponat
1686 5888 1782 5946 pro
1811 5870 2019 5942 pietate.

2192 4829 2420 4895 addidit.

2264 4923 2320 4991 4.
2362 4923 2607 4996 Denique
2632 4908 2929 4987 secundum
2959 4923 3198 4993 Marcum
3232 4927 3526 4987 miseratus
3552 4934 3640 4984 est
3664 4941 3792 4993 eum

2193 5019 2457 5087 Dominus
2502 5018 2713 5091 (Marc.
2746 5035 2789 5088 ι,
2815 5018 2879 5079 41
2901 5019 2961 5093 ):
2994 5019 3141 5092 quod
3172 5020 3399 5093 pulchre
3421 5030 3509 5088 est
3536 5021 3793 5095 positum.

2194 5113 2264 5172 Et
2293 5114 2555 5189 pleraque
2584 5114 2710 5171 talia
2742 5122 3045 5185 posuerunt
3072 5115 3458 5188 evangelista,
3486 5115 3581 5189 qui
3609 5130 3708 5173 nos
3737 5115 3793 5177 ia

2194 5217 2426 5277 utroque
2447 5206 2678 5265 fundare
2707 5206 3016 5278 voluerunt,
3047 5207 3423 5277 describentes
3447 5209 3600 5281 signa
3623 5208 3795 5267 virtu-

2193 5300 2264 5359 tis
2294 5299 2363 5361 ad
2391 5300 2575 5368 fidem,
2606 5299 2976 5370 exprimentes
3005 5315 3172 5372 opera
3195 5302 3413 5371 virtutis
3438 5303 3507 5370 ad
3539 5302 3797 5369 imitatio-

2192 5409 2341 5449 nem.
2372 5392 2529 5449 Unde
2549 5402 2602 5448 et
2628 5393 2800 5464 tangit
2830 5408 2937 5448 non
2967 5392 3313 5465 dedignatus,
3346 5401 3402 5450 et
3428 5395 3662 5466 imperat
3684 5412 3794 5454 non

2192 5486 2435 5556 diffisus;
2467 5486 2569 5543 hoc
2589 5485 2735 5543 enim
2760 5494 2845 5543 est
2868 5487 3127 5551 indicium
3151 5487 3462 5567 potestatis,
3488 5491 3614 5561 quia
3635 5492 3795 5562 quasi

2188 5580 2397 5649 habens
2427 5588 2750 5654 potestatem
2772 5581 3028 5651 sanandi,
3056 5592 3114 5639 et
3135 5582 3365 5654 iubendi
3385 5585 3792 5653 auctoritatem,

2188 5675 2454 5749 onerandi
2483 5675 2858 5743 testimonium
2881 5691 2993 5734 non
3022 5674 3240 5748 refugit.
3266 5674 3296 5716 δ
3327 5675 3481 5745 Veto,
3508 5692 3641 5750 ergo
3658 5677 3797 5735 dicit

2252 5790 2280 5829 ιι
2331 5788 2463 5847 Volo
2498 5831 2511 5847 .
2545 5832 2560 5849 .
2593 5833 2605 5847 .
2638 5832 2652 5847 .
2694 5799 2907 5863 propter
2960 5788 3283 5863 Photinum;
3327 5789 3589 5863 Photinus
3643 5790 3787 5855 enim

2188 5865 2289 5922 etsi
2327 5863 2566 5921 Marcelli
2590 5861 3098 5934 AncyraniArianis
3128 5861 3373 5935 partibus
3406 5861 3606 5921 addicti
3630 5863 3789 5921 disci-
