4156 6346
376 293 517 353 {037

1342 300 1714 360 EXPOSlTlO
1752 297 2011 358 EVANG.
2053 300 2203 360 SEC.
2247 305 2401 365 LUC.
2445 307 2573 365 LIB.
2615 294 2680 364 Ὗ.

3537 307 3676 370 1638

370 424 601 485 propter
631 416 954 485 Pbotinum,
1004 417 1239 490 hnperat
1288 430 1512 492 propter
1546 419 1756 487 Arium,
1807 420 1978 490 tangit
2006 419 2056 481 Α
2083 422 2263 488 cedat,
2305 424 2350 478 si
2391 424 2732 480 occultorum
2773 423 3022 494 cognitor
3055 422 3129 478 sit
3167 422 3446 491 sacerdos,
3477 426 3523 482 si
3556 430 3673 498 puri

371 520 600 578 propter
629 509 1005 566 Maniehteum.

444 603 497 657 Β.
542 601 654 658 Nec
683 606 843 660 unius
874 612 1080 661 tantum
1123 606 1274 677 lepra
1305 617 1563 674 curatur,
1598 608 1694 664 sed
1727 608 1972 664 omnium

367 695 569 765 quibus
585 696 785 753 dicitur
809 715 822 750 :
851 697 974 752 1am
998 715 1085 754 uos
1106 703 1286 756 mundi
1311 703 1430 757 estis
1460 712 1668 772 prapter
1688 695 1972 757 sermonem

365 806 518 853 quem
544 792 745 846 locutus
770 808 885 846 sum
915 795 1058 848 uobis
1089 792 1269 864 (Joan.
1297 811 1389 858 xv.
1417 796 1494 866 5).
1529 796 1586 852 Si
1617 797 1776 867 igitur
1808 796 1971 866 leprte

366 881 640 939 medicina
669 886 894 941 verbum
919 895 1005 942 est
1031 905 1044 942 :
1068 899 1415 959 contemptus
1433 889 1618 960 utique
1646 889 1793 945 verbi
1819 891 1968 958 lepra

365 975 566 1029 mentis
593 985 696 1031 est.
729 977 834 1033 Sed
867 995 935 1034 ne
961 979 1112 1049 lepra
1139 983 1372 1036 transire
1395 983 1566 1052 possit
1599 983 1650 1037 in
1676 981 1968 1048 medicum,

365 1071 741 1142 unusquisque
771 1071 1066 1130 ῦοιιιίιιίοω
1107 1073 1430 1130 humilitatis
1467 1076 1716 1146 exemplo
1754 1077 1970 1146 jactan-

364 1162 495 1220 tiam
527 1164 679 1222 vitet.
709 1163 818 1220 Cur
857 1167 1002 1223 enim
1039 1167 1353 1238 praecipitur
1381 1169 1582 1225 nemini
1615 1169 1830 1235 dicere,
1866 1169 1966 1225 nisi

365 1268 426 1312 ιιι
454 1258 680 1315 doceret
711 1275 816 1316 non
859 1261 1124 1332 vulganda
1154 1271 1339 1319 nostra
1378 1263 1675 1330 beneﬁcia.
1705 1264 1800 1320 sed
1849 1280 1970 1333 pre-

364 1351 596 1424 menda;
631 1365 689 1410 ut
719 1367 827 1410 non
854 1353 1030 1410 solum
1060 1370 1088 1408 a
1125 1356 1374 1412 mercede
1405 1357 1777 1414 abstineamus
1807 1372 1968 1426 pecu-

365 1446 494 1512 nias,
521 1446 615 1502 sed
636 1447 802 1502 etiam
831 1448 1054 1517 gratim?
1083 1452 1191 1505 Aut
1215 1450 1442 1506 fortasse
1467 1451 1631 1506 etiam
1657 1450 1743 1506 illa
1763 1451 1966 1508 silentii

362 1555 528 1596 causa
557 1553 641 1596 est
672 1540 961 1614 imperati,
994 1543 1137 1614 quod
1183 1545 1441 1601 meliores
1471 1545 1695 1615 putabat
1723 1549 1814 1617 qui
1862 1546 1968 1602 ﬁde

361 1632 540 1703 magis
563 1643 898 1704 spontanea,
926 1650 1088 1706 quam
1116 1637 1209 1708 qui
1259 1638 1492 1709 speratis
1523 1637 1807 1696 beneﬁciis
1846 1653 1967 1695 cre-

359 1726 646 1784 didisseut.

2083 515 2234 570 testis
2265 514 2489 571 affectus
2522 536 2533 569 :
2568 515 2711 570 unde
2753 524 2933 586 potest
2972 514 3063 568 ille
3094 517 3267 584 magis
3305 517 3560 572 sacerdos
3591 519 3678 572 vi-

2077 604 2194 660 deri
2236 621 2395 676 quem
2441 606 2650 661 occulta
2685 623 2791 660 non
2841 607 3069 667 lateant,
3116 607 3202 661 cui
3249 607 3480 664 dicitur:
3517 607 3592 662 Tu
3621 627 3675 666 es

2075 699 2317 753 sacerdos
2345 701 2400 754 in
2423 710 2674 755 internum
2706 705 2990 777 secundum
3031 701 3264 756 ordinem
3298 699 3674 760 Melchisedech

2077 790 2252 863 (Psal.
2279 809 2388 861 cu,
2421 794 2499 866 4).

2149 907 2329 980 (Vers.
2365 909 2452 974 l8,
2507 910 2622 978 19.)
2664 911 2732 966 Et
2755 929 2868 968 ecce
2898 915 2992 967 viri
3025 923 3291 986 portantes
3333 916 3386 970 in
3418 915 3545 972 lecto
3571 918 3669 973 Ito-

2077 1000 2264 1052 minem
2287 1001 2375 1069 qui
2396 1000 2568 1070 fuerat
2603 1003 2938 1073 paralyticus,
2966 1015 3014 1058 et
3038 1016 3318 1071 qutrrentes
3347 1023 3458 1062 eum
3481 1009 3674 1078 inferre

2074 1098 2122 1142 et
2149 1106 2338 1158 ponere
2359 1101 2480 1148 ante
2499 1109 2642 1159 eum;
2672 1104 2717 1147 et
2746 1111 2860 1162 non
2891 1096 3199 1151 invenientes
3220 1115 3319 1169 qua
3348 1109 3494 1168 parte
3520 1101 3673 1156 illum

2072 1180 2319 1252 inferrent
2357 1199 2467 1254 pra:
2495 1185 2646 1238 turba
2673 1227 2686 1248 ,
2721 1187 3060 1242 ascenderunt
3083 1206 3241 1258 super
3265 1201 3471 1254 tectum,
3507 1203 3556 1247 et
3584 1210 3673 1262 per

2073 1275 2270 1342 tegulas
2315 1275 2661 1330 submiserunt
2697 1277 2846 1330 illum
2876 1278 2929 1332 in
2972 1278 3122 1346 lecto,
3165 1281 3509 1351 inmedium,
3553 1293 3672 1340 ante

2070 1361 2268 1418 Iesum.

2133 1459 2345 1515 l0.Non
2363 1461 2536 1516 otiosa
2554 1461 2710 1532 hujus
2725 1463 3028 1536 paralytici,
3051 1480 3151 1522 nec
3163 1479 3386 1538 angusta
3403 1469 3670 1528 medicina

2071 1563 2175 1618 est,
2209 1557 2428 1625 quando
2459 1556 2718 1611 Dominus
2741 1565 2797 1612 et
2821 1572 3007 1612 Orasse
3033 1561 3400 1628 prmmittitur,
3431 1580 3536 1618 non
3568 1567 3671 1620 uti-

2070 1662 2175 1718 que
2225 1659 2449 1718 propter
2498 1652 2853 1722 suﬂragium,
2900 1653 2996 1708 sed
3051 1665 3271 1723 propter
3325 1660 3664 1727 exeundum;

2072 1740 2315 1796 imitandi
2364 1744 2510 1798 enim
2557 1744 2834 1813 Specimen
2889 1745 3070 1812 dedit,
3117 1757 3139 1785 ο
3192 1764 3298 1802 non
3343 1749 3668 1820 impetrandi

434 1819 490 1878 6.
531 1820 740 1880 Oﬂet‘re
763 1831 945 1880 autem
965 1822 1117 1892 juxta
1142 1822 1340 1895 Legem
1365 1839 1424 1880 se
1447 1824 1762 1896 praecipitur
1787 1839 1966 1884 sacer-
1999 1825 2041 1884 B
2070 1833 2335 1888 ambitum
2369 1835 2669 1904 requisivit.
2718 1835 2782 1890 Et
2820 1837 3270 1893 convenientibus
3291 1855 3356 1894 ex
3385 1819 3530 1895 omni
3561 1840 3669 1896 Ga-

357 1912 514 1978 doti.
565 1930 670 1972 non
705 1924 763 1971 ut
805 1915 968 1976 alium
997 1914 1249 1972 delerat:
1297 1916 1393 1972 sed
1436 1927 1493 1976 ut
1537 1933 1595 1974 se
1644 1918 1818 1988 ipsum
1852 1916 1968 1972 Deo

357 2009 554 2068 offerat
581 2010 826 2079 spiritale
869 2009 1229 2077 sacriﬁcium;
1272 2021 1327 2066 ut
1365 2022 1524 2068 actus
1552 2011 1818 2083 praeteriti
1847 2010 1965 2068 col-

358 2101 582 2160 luvione
609 2104 827 2160 detersa
849 2145 863 2169 ,
913 2119 1010 2174 per
1039 2104 1410 2174 cognitionem
1446 2104 1568 2162 ﬁdei
1594 2115 1650 2160 et
1686 2104 1967 2174 sapientiae

361 2196 711 2267 disciplinam
739 2197 1003 2267 placitura
1028 2197 1140 2254 Deo
1161 2199 1334 2254 hostia
1361 2209 1715 2254 consecretur
1741 2216 1752 2254 :
1784 2198 1966 2254 Omnis

357 2289 507 2345 enim
537 2290 746 2346 uictima
792 2289 902 2348 sole
936 2291 1150 2348 salietur
1195 2289 1407 2364 (Marc.
1439 2307 1488 2346 tx
1511 2333 1526 2358 ,
1556 2292 1626 2350 49
1646 2291 1687 2360 ).
1727 2291 1879 2352 Unde
1910 2301 1965 2348 et

356 2380 561 2442 Paulus
585 2384 662 2438 ait
687 2401 701 2437 :
735 2381 957 2438 Obsecro
978 2399 1098 2456 ergo
1139 2399 1256 2448 vos,
1285 2385 1471 2454 fratres
1498 2425 1512 2448 ,
1554 2401 1645 2454 per
1674 2386 1965 2442 miscricoro

355 2475 496 2532 diem
524 2472 654 2540 Dei,
690 2486 742 2532 ut
772 2475 1055 2532 strhibeatis
1083 2492 1304 2542 corpora
1334 2487 1499 2534 uestra
1527 2478 1748 2532 hostiam
1778 2495 1964 2550 accep-

355 2565 588 2633 tabilem,
621 2567 906 2636 placentem
940 2567 1054 2623 Deo
1080 2567 1260 2641 (Rom.
1287 2585 1384 2636 xu,
1419 2569 1503 2640 l).

430 2663 480 2716 7.
525 2661 699 2719 Simul
735 2662 869 2720 illud
899 2663 1150 2725 mirabile
1174 2705 1190 2731 ,
1222 2663 1366 2735 quod
1395 2679 1462 2719 eo
1505 2665 1720 2724 sanavit
1761 2681 1963 2736 genere

352 2773 463 2828 quo
509 2757 689 2816 fuerat
732 2757 1073 2818 obsecratus.
1127 2758 1190 2816 Si
1231 2759 1530 2829 vis,'potes
1559 2777 1640 2816 me
1683 2761 1958 2817 mundare.

363 2850 517 2916 Volo,
568 2853 776 2922 inquit.
810 2853 1082 2911 mundare.
1132 2853 1314 2912 Habes
1360 2854 1694 2913 voluntatem
1722 2897 1738 2922 ,
1791 2855 1962 2913 habes

351 2947 518 3004 etiam
550 2947 770 3018 pietatis
797 2947 1074 3010 allectum.
1109 2946 1180 3003 Et
1215 2949 1494 3005 extendens
1529 2966 1768 3017 manum,
1798 2951 1960 3022 tetigit

350 3039 502 3095 illum
531 3038 736 3111 (Leuit.
767 3055 888 3106 xttt,
917 3040 1004 3112 5)-
1038 3041 1152 3101 Lex
1198 3043 1342 3114 tangi
1383 3041 1632 3112 leprosos
1665 3043 1955 3112 prohibet:

349 3134 449 3189 sed
503 3135 601 3205 qui
645 3133 898 3198 dominus
943 3134 1102 3206 Legis
1137 3145 1254 3200 est,
1303 3151 1409 3192 non
1457 3131 1778 3207 obsequitur
1805 3137 1954 3208 Legi,

348 3227 448 3282 sed
497 3226 696 3298 Legetn
728 3227 877 3284 facit.
923 3226 1042 3283 Non
1091 3243 1222 3299 ergo
1263 3229 1469 3299 tetigit,
1507 3231 1629 3298 quia
1661 3231 1782 3287 sine
1811 3241 1954 3286 tactu
1982 3209 2028 3272 (ἶ

349 3319 620 3378 mundare
649 3337 756 3379 non
789 3331 1000 3391 poterat
1027 3339 1041 3374 :
1075 3321 1172 3380 sed
1204 3333 1260 3376 ut
1302 3321 1555 3392 probaret
1590 3323 1800 3396 1357
1829 3325 1956 3396 quia

349 3414 637 3485 subjectus
665 3428 773 3470 non
798 3424 916 3468 erat
945 3413 1111 3485 Legi,
1140 3429 1242 3472 nec
1266 3414 1577 3486 contagium
1610 3419 1865 3483 timebat.
1898 3425 1957 3474 ut

350 3505 653 3564 homines:
701 3507 797 3568 sed
835 3509 961 3578 quia
1009 3507 1370 3589 contaminari
1405 3524 1514 3564 non
1560 3517 1808 3580 poterat,
1861 3510 1953 3578 qui

346 3602 488 3660 alios
511 3601 778 3664 liberabat
804 3619 818 3658 :
848 3601 1012 3660 simul
1034 3617 1065 3658 e
1086 3603 1363 3660 contrario
1391 3603 1539 3674 lepra
1570 3612 1714 3661 tactu
1744 3604 1953 3664 Domlni

346 3696 650 3767 lugaretur,
680 3713 798 3768 quae
827 3697 1042 3755 solebat
1070 3697 1446 3758 contaminare
1471 3705 1804 3769 tangentem.

457 3789 514 3845 8.
554 3790 572 3861 (
605 3788 760 3852 Vers.
799 3788 914 3861 ιι.)
967 3790 1274 3848 Dstendere
1318 3801 1503 3847 autem
1569 3806 1629 3846 se
1679 3790 1954 3848 sacerdoti

342 3881 592 3958 iubetur,
617 3893 669 3938 et
696 3881 895 3942 oﬂ'erre
917 3897 1018 3952 pro
1059 3881 1448 3942 emundatione
1474 3895 1604 3948 sua;
1635 3890 1693 3938 ut
1713 3881 1840 3940 dum
1873 3881 1956 3937 ol-

345 3973 455 4029 fert
475 3988 536 4028 se
559 3971 851 4041 sacerdoti,
885 3971 1219 4042 intelligeret
1255 3971 1515 4030 sacerdos
1538 3986 1646 4030 non
1679 3971 1836 4042 Legis
1862 3986 1953 4028 or-

343 4067 508 4134 dine,
539 4065 636 4124 sed
678 4067 773 4123 Dei
819 4066 992 4138 gratia
1019 4080 1180 4136 supra
1213 4065 1408 4136 Legem
1445 4079 1568 4131 esse
1591 4071 1835 4126 curatum
1872 4081 1886 4119 :
1921 4075 1948 4106 τι

343 4171 402 4217 et
441 4161 573 4217 dum
611 4160 866 4216 mundato
890 4161 1048 4231 jubet
1067 4160 1263 4217 oﬁ‘erre
1293 4161 1615 4220 sacriﬁcium
1641 4160 1946 4224 secundum

347 4261 678 4324 praeceptum
712 4251 904 4324 Moysi,
948 4250 1267 4310 ostenderet
1295 4250 1557 4312 Dominus
1587 4251 1710 4321 quia
1743 4250 1945 4323 Legem

341 4363 454 4403 non
506 4347 768 4416 solveret,
815 4345 912 4401 sed
943 4343 1196 4416 impleret
1231 4360 1245 4400 :
1275 4343 1366 4414 qui
1400 4342 1698 4404 secundum
1743 4341 1944 4414 Legem

338 4441 623 4513 gradiens,
673 4455 837 4511 supra
897 4439 1096 4511 Legem
1151 4453 1347 4498 sanare
1395 4453 1491 4496 eos
1531 4454 1668 4508 quos
1704 4438 1946 4496 remedia

341 4531 506 4603 Legis
544 4546 652 4592 non
700 4539 1046 4597 sanaret-ant,
1078 4527 1376 4588 videretur.
1413 4529 1478 4583 Et
1518 4529 1654 4585 bene
1684 4529 1935 4588 addidit:

341 4625 497 4681 Sicut
518 4625 760 4698 prlecepit
789 4623 1028 4696 Moyses;
1051 4621 1159 4680 Lex
1188 4622 1332 4680 enim
1358 4623 1609 4692 spiritalis
1640 4633 1713 4678 est
1745 4622 1924 4693 (Rom.

337 4733 457 4784 vn,
485 4715 611 4789 l4);
644 4716 874 4788 ideoque
910 4714 1127 4772 videtur
1151 4714 1482 4770 sacriﬁcium
1514 4715 1758 4785 Spiritale
1792 4733 1944 4772 man-

337 4807 773 4974 dagisobenique
809 4899 1020 4957 addidit
1052 4918 1065 4956 :
1100 4899 1168 4957 Ut
1190 4901 1258 4956 sit
1279 4900 1335 4956 in
1365 4901 1714 4956 testimonium
1743 4901 1839 4956 hoc
1859 4876 1944 4957 ud-

335 4998 438 5065 bis,
473 4997 576 5056 hoc
605 5009 711 5067 est,
743 4997 790 5070 si
815 4997 929 5056 Deo
957 4998 1219 5068 credatis,
1254 4999 1298 5056 si
1330 4997 1626 5071 impietatis
1651 4998 1801 5071 lepra
1831 5000 1944 5058 dis-

333 5190 498 5264 pulus
524 5188 578 5244 lu
609 5187 794 5246 multis
826 5194 1006 5242 tamen
1036 5200 1161 5242 cum
1187 5183 1428 5264 sabellio
1459 5183 1762 5264 sentiebat:
1793 5183 1938 5264 hunc

331 5256 518 5318 autem
564 5275 794 5332 negasse
831 5267 1047 5332 constat
1092 5257 1337 5332 eamdem
1369 5259 1424 5332 in
1482 5257 1637 5311 Patre
1682 5271 1765 5332 ac
1793 5256 1936 5312 Filio

332 5327 667 5406 potestatein
713 5330 937 5406 reperiri
963 5348 991 5406 ;_
1026 5338 1084 5406 ut
1130 5327 1458 5406 Ambrosius
1495 5344 1682 5406 supra,
1714 5328 1804 5384 lib.
1841 5343 1933 5396 tv,

332 5400 483 5462 num.
519 5405 608 5472 10,
655 5400 932 5458 induravit.
972 5401 1139 5471 Igitur
1183 5417 1306 5455 cum
1339 5403 1390 5454 in
1423 5400 1536 5454 Deo
1577 5401 1827 5454 voluntas
1871 5415 1935 5455 ac

332 5488 573 5549 potestas
602 5492 772 5532 unum
801 5479 942 5536 sint.
972 5484 1098 5544 apte
1139 5472 1413 5549 colligitur
1445 5473 1720 5549 gliristutn
1749 5483 1935 5527 osten-

327 5542 515 5606 dendo
555 5554 888 5604 voluntatem
933 5542 1086 5602 suam
1129 5542 1374 5615 ejusdem
1417 5542 1674 5599 efﬁcaciae
1703 5559 1826 5599 esse
1871 5559 1935 5600 ac

328 5622 658 5688 Paternum,
702 5621 860 5675 simul
890 5617 1198 5674 ostendiSse
1220 5617 1504 5686 utriusque
1545 5615 1791 5671 eamdem
1835 5615 1934 5688 ha-

329 5693 566 5749 bendam
595 5686 953 5762 potestatem;
986 5689 1329 5762 proindeque
1348 5688 1596 5762 eamdem
1623 5686 1938 5762 etiamsub-

328 5759 768 5834 stantiam'atque
781 5759 1149 5834 omnimodam
1167 5759 1607 5824 similitudinem;
1629 5761 1774 5834 quod
1792 5759 1935 5834 idem

329 5838 598 5894 Photinus
646 5831 994 5907 perurgebat.
1045 5832 1275 5905 Imperat
1326 5844 1534 5903 propter
1580 5831 1794 5900 Arium,
1847 5831 1939 5901 qui

2073 1922 2233 1988 lilwa,
2282 1933 2336 1979 et
2386 1923 2599 1993 Iudaea,
2650 1933 2706 1980 et
2758 1926 3094 1982 Hierusalem
3125 1926 3284 1997 Legis
3325 1928 3664 1999 doctoribus,

2071 2014 2214 2068 inter
2249 2025 2572 2070 cmterorum
2605 2016 2843 2070 remedia
2871 2016 3155 2083 debilium,
3193 2018 3482 2091 paralytici
3511 2021 3667 2076 istius

2070 2104 2338 2160 medicina
2387 2105 2736 2164 describitur.
2793 2105 3033 2162 Primum
3079 2109 3318 2166 omnium
3369 2109 3512 2180 quod
3543 2119 3670 2168 ante

2068 2197 2334 2262 diximus,
2365 2199 2738 2267 unusquisque
2770 2213 2916 2268 :rger
2957 2198 3203 2269 petendae
3234 2209 3554 2269 precatorcs
3573 2215 3665 2258 sa-

2069 2291 2196 2345 lutis
2231 2291 2394 2348 debet
2419 2292 2703 2357 adhibere,
2738 2307 2837 2367 per
2861 2309 3000 2364 quos
3034 2303 3234 2350 nostra:
3259 2295 3380 2352 vitae
3403 2311 3668 2369 compago

2068 2387 2326 2450 resoluta,
2351 2397 2677 2457 :tcluumque
2695 2398 3004 2443 nostrorum
3029 2388 3220 2444 clauda
3255 2389 3482 2458 vestigia
3515 2386 3668 2450 verbi

2066 2480 2310 2538 caelestis
2337 2479 2580 2536 remedio
2607 2481 2995 2536 reformentur.
3024 2480 3144 2536 Sitit
3173 2480 3338 2552 igitur
3358 2481 3525 2551 aliqui
3554 2497 3672 2540 mo-

2068 2575 2274 2630 nitores
2305 2572 2523 2644 mentis,
2556 2572 2646 2644 qui
2684 2573 2925 2634 animum
2953 2572 3207 2639 hominis,
3231 2573 3483 2644 quamvis
3511 2585 3663 2632 exte-

2065 2665 2228 2724 riotis
2275 2665 2524 2734 corporis
2571 2662 2856 2718 debilitate
2901 2672 3228 2732 torpentem,
3280 2663 3345 2716 ad
3382 2663 3665 2732 superiora

2063 2761 2294 2829 erigant.
2320 2759 2563 2829 Quorum
2605 2772 2796 2814 rursus
2839 2757 3185 2816 adminiculis
3221 2767 3276 2812 et
3301 2758 3576 2826 attollere,
3611 2766 3666 2814 et

2061 2851 2348 2910 bumiliare
2379 2867 2439 2908 se
2479 2850 2676 2916 facilis,
2717 2861 2843 2907 ante
2882 2849 3068 2908 Jesum
3112 2849 3343 2917 locetur,
3381 2851 3662 2908 Dominico

2063 2945 2235 3004 videri
2306 2944 2504 3016 dignus
2558 2951 2806 3015 aspectu.
2851 2943 3225 3000 Humilitatem
3270 2943 3416 3000 enim
3441 2945 3664 3014 respicit

2061 3036 2324 3096 Dominus
2347 3054 2361 3091 :
2395 3035 2531 3111 Quia
2544 3035 2767 3108 respexit
2789 3033 3130 3090 humilitatem
3151 3033 3357 3088 ancilla:
3373 3048 3482 3089 suat
3506 3031 3660 3108 (Luc.

2061 3144 2114 3197 l,
2145 3128 2260 3202 ts).

2134 3224 2322 3295 (Vera.
2353 3224 2474 3296 20.)
2519 3223 2753 3292 Quorum
2783 3224 2961 3296 ﬁdem,
2994 3223 3200 3296 inquit,
3233 3233 3288 3282 ut
3318 3223 3464 3279 vidit.

2139 3322 2226 3375 lt.
2261 3319 2484 3390 Magnus
2525 3319 2789 3374 Dominus
2819 3321 2908 3389 qui
2932 3317 3164 3373 aliorum
3193 3319 3390 3374 merito
3431 3317 3662 3389 ignoscit

2060 3411 2207 3477 aliis,
2258 3421 2310 3466 et
2341 3409 2468 3466 dum
2517 3411 2654 3465 alios
2699 3409 2913 3480 probat,
2943 3410 3066 3464 aliis
3089 3411 3297 3466 relaxat
3321 3418 3524 3466 errata.
3552 3409 3664 3466 Cur

2059 3503 2201 3573 apud
2242 3511 2294 3558 te
2327 3502 2488 3560 homo
2530 3503 2736 3574 collega
2776 3519 2883 3556 non
2918 3503 3116 3568 valeat,
3162 3517 3286 3558 cum
3310 3502 3450 3574 apud
3480 3503 3662 3558 Domi-

2059 3612 2188 3650 utun
2217 3609 2409 3654 servus
2435 3607 2486 3648 et
2520 3595 2921 3650 intervenieudi
2955 3595 3229 3662 meritum,
3263 3605 3317 3650 ct
3349 3596 3440 3667 jus
3463 3595 3663 3652 habent

2057 3687 2428 3758 impetrandi?
2458 3687 2614 3744 Disce
2642 3689 2731 3758 qui
2761 3687 3000 3759 jndicas,
3031 3688 3312 3759 ignoscere
3344 3705 3356 3741 :
3387 3689 3538 3744 disce
3561 3689 3654 3760 qui

2056 3798 2200 3854 aeger
2224 3799 2303 3850 es,
2337 3783 2653 3856 impetrare.
2689 3782 2749 3840 Si
2775 3785 3018 3858 gravium
3061 3795 3404 3863 peccatorum
3457 3785 3660 3842 dilﬁdis

2058 3875 2293 3946 veniam,
2337 3876 2532 3932 adhibe
2578 3887 2917 3950 precatores,
2954 3876 3154 3938 adhibe
3190 3878 3490 3946 Ecclesiam
3531 3895 3654 3952 qurc

2055 3985 2154 4040 pro
2200 3980 2251 4025 te
2298 3979 2570 4040 precetur,
2628 3972 2786 4042 cujus
2834 3971 3297 4042 contemplatione
3364 3971 3511 4044 quod
3556 3972 3654 4028 tibi

2055 4065 2321 4122 Dominus
2347 4080 2549 4138 negare
2577 4074 2778 4134 posset,
2810 4066 3074 4137 ignoscat.

2130 4157 2344 4232 1358
2382 4158 2467 4214 12·
2517 4157 2698 4229 (Vers.
2731 4157 2832 4230 ει,
2872 4158 2992 4231 22.)
3028 4158 3096 4216 Et
3130 4160 3379 4234 quamvis
3409 4161 3651 4218 historire

2051 4251 2214 4308 ﬁdem
2253 4268 2360 4310 non
2414 4250 2715 4308 debeamus
2768 4253 3055 4319 omittere;
3094 4263 3151 4309 ut
3190 4269 3316 4312 vere
3364 4253 3654 4328 paralytici

2051 4344 2210 4400 istius
2241 4359 2437 4415 corpus
2465 4343 2752 4404 credamus
2779 4358 2901 4402 esse
2931 4355 3181 4402 sanatum
3219 4364 3231 4400 :
3265 4361 3536 4415 cognosce
3569 4356 3650 4403 ta-

2049 4455 2174 4495 men
2213 4439 2489 4496 interioris
2536 4439 2773 4496 hominis
2803 4440 3120 4506 sanitatem,
3163 4439 3246 4495 cui
3297 4448 3518 4510 peccata
3546 4439 3647 4496 do-

2050 4543 2270 4602 nantur,
2318 4551 2438 4605 qua:
2479 4549 2602 4591 cum
2651 4533 2826 4592 Judaei
2879 4543 3133 4592 asserunt
3176 4550 3206 4590 a
3248 4535 3366 4590 solo
3413 4535 3644 4592 Domino

2054 4642 2215 4697 posse
2243 4627 2493 4695 concedi,
2537 4627 2708 4684 Deum
2755 4627 2941 4698 utique
2987 4643 3109 4684 eum
3140 4628 3490 4695 conﬁtentur,
3521 4646 3646 4684 suo-

2048 4735 2154 4789 que
2197 4717 2401 4788 judicio
2454 4718 2736 4788 perﬁdiam
2789 4733 2942 4773 suam
2983 4719 3251 4790 produnt;
3298 4729 3355 4774 ut
3386 4737 3524 4792 opus
3557 4739 3646 4776 as-

2049 4821 2251 4878 truant,
2298 4826 2586 4881 personam
2626 4819 2842 4883 negent.
2884 4812 3071 4884 Itaque
3112 4814 3184 4872 ab
3225 4815 3358 4886 ipsis
3391 4825 3448 4874 et
3469 4800 3650 4887 operis

2047 4906 2131 4962 sui
2168 4906 2260 4961 Dei
2295 4903 2463 4960 Filius
2505 4904 2702 4974 accipit
2733 4907 3128 4976 testimonium,
3171 4916 3229 4964 et
3275 4910 3430 4965 vocis
3455 4910 3652 4967 snﬁ'ra-

2044 4999 2194 5072 gium
2236 5013 2342 5056 non
2387 4996 2651 5070 requirit;
2699 4998 2926 5072 perﬁdia
2965 5000 3111 5058 enim
3149 5003 3396 5064 conﬁteri
3441 5013 3642 5077 potest,

2047 5184 2302 5262 videlicet
2333 5199 2481 5262 curn
2507 5184 2722 5262 Christo
2756 5187 3094 5244 divinitatem
3138 5191 3502 5262 ahjndicaret,
3553 5213 3647 5253 ea-

2044 5257 2170 5337 dem
2203 5273 2378 5337 opera
2428 5257 2578 5337 illum
2628 5259 2928 5337 imperandi
2977 5257 3300 5322 auctoritate
3348 5257 3638 5337 spoliabat.

2044 5327 2235 5400 Tangit
2260 5329 2876 5409 propter‘f’llanichwum;
2898 5333 2943 5409 is
2963 5336 3160 5406 quippe
3190 5327 3444 5409 tangendi
3477 5342 3642 5396 tacul-

2045 5409 2208 5456 tatem
2239 5401 2414 5478 eidem
2464 5401 2684 5478 Christo
2725 5401 3313 5478 ﬁdllllebal,-(ill;tttdt;
3348 5428 3531 5467 veram
3577 5429 3642 5470 ac

2043 5471 2596 5549 nattt_raletn_carnem
2627 5475 2694 5529 ab
2723 5475 2816 5529 illo
2847 5471 3178 5549 assuniptam
3213 5482 3575 5540 inticiabatur.

2118 5551 2145 5580 ι
2167 5543 2281 5597 Vet.
2307 5543 2464 5625 edit.,
2484 5553 2531 5598 et
2551 5545 2673 5625 dam
2687 5549 2974 5625 mandatur
2987 5543 3077 5620 per
3099 5554 3435 5624 sacri/icium;
3450 5555 3634 5625 Rotn.,

2046 5617 2167 5693 dum
2206 5615 2482 5670 mandatur
2529 5616 2714 5693 oﬁ'erre
2750 5615 3110 5693 sacriﬁcium;
3153 5615 3285 5681 mss.
3342 5615 3470 5682 vero
3525 5615 3638 5692 fere

2044 5688 2109 5742 ad
2141 5703 2326 5753 unum,
2357 5696 2414 5741 ut
2447 5703 2545 5743 nos
2568 5692 2617 5742 iu
2644 5697 2815 5747 textu.
2887 5688 2897 5693 ’
3091 5688 3096 5690 Ἴ
3199 5735 3210 5742 .

2117 5771 2148 5813 tt
2175 5759 2330 5833 item.
2361 5759 2520 5828 edit.,
2546 5759 2776 5833 Denique
2802 5765 2990 5820 addit:
3013 5763 3078 5820 In
3105 5769 3450 5826 testimonium
3473 5772 3630 5828 vobis.

2119 5840 2143 5870 ⁸
2195 5831 2366 5898 Edil.,
2398 5849 2496 5885 nou
2524 5831 2769 5903 precandi
2799 5838 3045 5892 ambitum
3077 5841 3360 5910 requisiuit.
