4156 6346
551 274 700 350 ιθεοι

1895 278 2142 337 SANCTI
2179 279 2502 340 AMBROSII

3713 291 3844 351 1611)

547 394 775 450 credere
814 405 922 448 non
969 399 1174 465 potest.
1209 393 1396 467 Itaque
1435 395 1807 454 testimonium
1853 414 1960 453 non
1993 399 2147 454 deest
2176 400 2221 460 Α
2251 398 2572 469 diligebant,
2623 398 3118 457 calumniabautur.
3160 400 3636 460 Calumniantibus
3675 413 3852 462 autem

549 482 840 549 divinitati,
882 484 1014 540 fides
1055 484 1212 541 deest
1245 487 1426 542 saluti.
1464 487 1595 542 Nam
1621 497 1675 542 cl.
1711 489 1941 543 validius
1963 498 2047 543 est
2081 489 2148 544 ad

550 578 714 634 ﬁdem
771 579 916 650 quod
949 589 974 616 ιι
1002 578 1331 636 confitentur
1363 582 1518 636 inviti
1553 593 1642 637 :et
1677 584 2035 653 perniciosius
2082 583 2148 639 ad

549 673 766 743 culpam
807 671 952 742 quod
998 680 1218 742 negant,
1261 673 1352 744 qui
1393 673 1505 729 suis
1532 675 1926 750 assertionibus
1964 676 2148 730 revin-

552 780 767 827 cuntur.
803 770 991 841 Magna
1027 771 1207 840 itaque
1236 768 1415 824 inlidrc
1445 771 1618 840 plebis
1643 774 1910 836 amentia;
1946 781 2004 827 ut
2024 786 2148 826 cum

552 866 799 922 confessa
837 863 1002 920 l‘ucrit
1042 863 1211 920 solius
1250 864 1348 919 Dei
1381 879 1501 919 esse
1534 864 1740 919 donare
1771 874 2011 935 peccata,
2043 879 2148 919 non

554 960 742 1017 credat
773 959 883 1013 Deo
922 966 1145 1028 peccata
1191 957 1435 1012 donanti.
1469 956 1733 1012 Dominus
1763 968 1941 1012 autem
1971 957 2153 1013 salvos

552 1056 742 1111 volens
780 1053 960 1109 facere
988 1061 1327 1124 peccatores,
1374 1059 1430 1106 et
1465 1053 1808 1107 occultorum
1841 1051 2152 1122 cognitione

552 1151 723 1207 Deum
751 1164 812 1204 se
836 1162 960 1204 esse
985 1146 1365 1215 demonstrat,
1392 1157 1449 1202 et
1475 1146 1832 1202 admiratione
1859 1147 2149 1213 factorum,

553 1245 818 1317 adjiciens
842 1262 856 1300 :

625 1337 813 1412 (Vers.
863 1337 982 1409 25.)
1012 1336 1149 1405 Quid
1184 1345 1259 1390 est
1281 1335 1487 1406 facilius
1528 1335 1697 1391 dicere
1729 1354 1742 1392 :
1774 1335 2004 1390 Dimisso
2033 1345 2154 1390 sunt

555 1433 646 1488 tibi
676 1440 888 1504 peccata
911 1439 1036 1494 tua;
1059 1438 1149 1484 aut
1173 1430 1375 1485 dicere:
1411 1431 1603 1503 Surge,
1628 1439 1674 1483 et
1697 1429 1946 1484 ambula?

629 1527 715 1582 l3.
757 1527 874 1595 Quo
920 1527 1040 1581 loco
1080 1525 1298 1596 plenam
1333 1525 1571 1596 speciem
1613 1525 2033 1580 resurrectionis
2063 1540 2154 1581 os-

555 1622 759 1684 tendit.
797 1625 888 1694 qui
928 1621 1128 1677 mentis
1168 1621 1485 1676 vulneribus
1529 1620 1885 1690 corporisque
1922 1620 2150 1685 sanatis,

554 1727 776 1788 peccata
790 1716 956 1771 donat
971 1714 1300 1778 animorum,
1314 1712 1648 1768 debilitatem
1667 1715 1846 1768 carnis
1865 1712 2147 1778 excludit";

2252 493 2387 548 dicit
2417 513 2429 548 :
2461 494 2600 562 Quid
2631 497 2868 568 cogitatis
2914 498 3055 552 mala
3100 497 3155 551 in
3206 499 3449 554 cordibus
3472 501 3653 554 rostris
3697 499 3850 572 (Luc.

2255 602 2311 654 v,
2343 585 2461 655 22)?
2508 587 2644 656 Quis
2689 587 2789 644 hoc
2820 587 2990 643 dicit?
3019 588 3289 646 Sacerdos
3321 606 3573 661 magnus.
3623 590 3856 662 Lepram

2255 679 2472 735 videbat
2503 681 2555 735 in
2589 681 2849 738 cordibus
2876 681 3214 752 Jttdmorum,
3242 683 3483 739 ostendit
3510 699 3607 740 eos
3639 684 3858 756 pejores

2255 787 2378 828 esse
2413 773 2647 844 lcproso.
2677 775 2769 830 Ille
2791 775 3060 832 sacerdoti
3094 787 3178 832 est
3208 793 3267 834 se
3278 777 3467 849 jussus
3496 778 3696 835 offerre
3721 793 3856 849 pur-

2251 876 2411 935 gatus
2459 885 2472 919 :
2556 867 2769 940 1359
2796 869 2893 924 hos
2961 869 3220 925 sacerdos
3265 869 3555 942 repudiat;
3605 887 3674 929 ne
3713 873 3858 930 alios

2258 974 2474 1030 quoque
2503 975 2690 1014 eorum
2715 964 2863 1032 lepra
2887 961 3244 1019 contaminet.
3368 1031 3395 1056 .

2326 1075 2414 1131 16.
2503 1074 2688 1146 (Vers.
2745 1075 2891 1148 ‘27.)
2941 1075 2969 1114 ἀ
3029 1079 3288 1149 Sequitur
3360 1079 3590 1154 mystica
3659 1097 3862 1140 evoca-

2255 1167 2330 1221 tio
2389 1167 2710 1237 Publicani,
2775 1185 2937 1241 quem
2997 1173 3166 1242 sequi-
3211 1171 3367 1243 jubet
3436 1190 3545 1230 non
3610 1177 3865 1247 corporis

2253 1275 2466 1331 gressu,
2523 1261 2618 1316 sed
2671 1260 2869 1318 mentis
2909 1261 3124 1318 aifecm.
3163 1264 3355 1336 itaque
3392 1266 3483 1322 ille
3513 1265 3663 1337 prius
3692 1283 3864 1325 avara

2258 1358 2283 1386 °
2314 1353 2380 1408 de
2404 1354 2912 1420 mercedibus,dura
2937 1357 3005 1412 de
3041 1357 3316 1413 laboribus
3334 1360 3698 1432 periculisque
3721 1377 3866 1418 nau-

2255 1453 2432 1500 tarum
2478 1448 2846 1501 emolumenta
2883 1459 3230 1516 convertens,
3256 1454 3423 1507 verbo
3453 1463 3694 1520 vocatus,
3733 1469 3864 1524 pro-

2256 1540 2370 1611 pria
2399 1540 2713 1614 dereliquit,
2745 1543 2836 1613 qui
2865 1545 3113 1614 rapiebat
3133 1547 3304 1601 aliena
3339 1563 3352 1600 :
3384 1562 3450 1602 ac
3475 1548 3583 1604 vile
3608 1547 3740 1604 illud
3767 1565 3862 1607 se-

2255 1633 2367 1688 dile
2409 1633 2734 1701 destitucns,
2766 1645 2878 1690 toto
2902 1647 3023 1707 post
3052 1637 3337 1694 Dominum
3385 1640 3619 1711 vestigio
3657 1642 3863 1700 mentis

2256 1727 2481 1783 incedit.
2514 1719 2762 1785 Convivii
2794 1748 3010 1803 quoque
3040 1733 3218 1805 magni
3253 1734 3472 1792 exhibet
3496 1750 3860 1808 apparatum;

556 1809 663 1866 hoc
692 1819 777 1866 est
800 1809 944 1865 enim
983 1819 1150 1863 totum
1192 1807 1466 1862 hominem
1503 1823 1624 1863 esse
1654 1818 1918 1863 curatum.
1954 1807 2146 1875 Quam-

2257 1823 2348 1892 qui
2376 1823 2520 1877 enim
2564 1823 2846 1880 domicilio
2875 1823 3152 1882 Christum
3186 1831 3382 1900 recipit
3419 1831 3659 1899 inleruo,
3687 1834 3863 1890 maxi-

555 1904 638 1961 vis
678 1904 841 1975 igitur
878 1918 1130 1974 magnum
1167 1902 1240 1956 sit
1269 1901 1578 1957 hominibus
1610 1913 1831 1972 peccata
1874 1901 2154 1959 dimittere

556 1997 701 2071 (quis
729 1997 875 2054 enim
911 2004 1089 2067 potest
1119 2004 1339 2067 peccata
1376 1995 1653 2051 dimittere
1685 1995 1786 2048 nisi
1809 1995 1958 2049 solus
1981 1995 2153 2063 Deus,

553 2093 646 2164 qni
678 2108 772 2163 per
797 2107 893 2148 eos
921 2105 1138 2162 quoque
1177 2088 1423 2151 dimittit,
1451 2087 1480 2126 b
1505 2088 1700 2157 quibus
1726 2086 2034 2143 dimittendi
2060 2089 2156 2144 tri-

554 2186 673 2243 buit
694 2184 1067 2256 potestatem);
1104 2192 1283 2238 tamen
1311 2184 1483 2237 multo
1505 2181 1746 2236 divinius
1763 2191 1850 2238 est
1881 2198 2156 2239 resurrec-

556 2278 759 2335 tionem
807 2277 1012 2334 donare
1051 2275 1406 2345 corporibus;
1430 2274 1869 2346 quandoquidem
1894 2276 2012 2346 ipse
2046 2277 2152 2333 Do-

559 2371 738 2428 minus
764 2370 1090 2428 resurrectio
1116 2378 1219 2425 est.

626 2487 715 2543 14.
748 2484 928 2559 (Vers.
967 2483 1086 2558 ΞΜ.)
1119 2486 1218 2541 llic
1257 2485 1429 2542 lectus
1459 2486 1547 2557 qui
1588 2487 1706 2542 tolli
1737 2485 1980 2556 jnbetur,
2025 2486 2152 2558 quid

556 2589 645 2638 est
673 2578 845 2646 aliud,
875 2579 978 2634 nisi
1005 2579 1129 2648 quia
1161 2581 1454 2634 humanum
1480 2579 1702 2651 jubelur
1723 2596 1923 2650 corpus
1949 2580 2156 2635 attolli?

553 2674 674 2746 ipso
690 2684 773 2730 est
794 2671 885 2746 qui
915 2689 1009 2743 per
1039 2673 1282 2744 singulas
1312 2682 1504 2730 noctes
1528 2683 1550 2711 ο
1582 2674 1794 2728 lavatur
1824 2689 1852 2727 a
1881 2672 2075 2739 David,
2095 2680 2155 2728 ιιι

553 2765 786 2839 legimus
818 2783 830 2818 :
860 2764 1069 2820 Lavabo
1101 2782 1191 2835 per
1218 2765 1452 2837 singulas
1503 2775 1670 2819 noctes
1716 2765 1904 2819 tectum
1939 2780 2152 2819 meum:

549 2858 795 2931 lacrymis
838 2857 964 2912 meis
1007 2865 1228 2912 stratum
1273 2872 1441 2910 meum
1481 2853 1665 2926 rigabo
1723 2852 1901 2926 (Psat.
1945 2871 2022 2922 γι,
2071 2853 2147 2925 7).

553 2951 655 3008 Hic
702 2960 788 3007 est
830 2951 1002 3006 lectus
1054 2950 1280 3015 doloris,
1333 2949 1387 3004 in
1417 2963 1525 3018 quo
1554 2947 1737 3002 anima
1788 2957 1972 3003 nostra
2004 2948 2153 3020 gravi

552 3045 907 3103 conscientia:
945 3059 1093 3115 :cgra
1131 3043 1378 3098 cruciatu
1410 3040 1647 3112 jacebat.
1685 3040 1794 3096 Sed
1839 3042 1883 3096 si
1913 3041 2033 3112 quis
2061 3056 2142 3097 se-

550 3139 786 3196 cundum
808 3138 1011 3216 Christi
1045 3145 1315 3208 praecepta
1341 3150 1400 3190 se
1419 3134 1673 3206 gesserit,
1701 3135 1811 3204 jam
1841 3150 1947 3190 non
1979 3135 2150 3191 lectus

2260 1916 2364 1971 mis
2395 1915 2854 1975 delectationibus
2896 1921 3311 1978 exuberantium
3346 1927 3584 1995 pascitur
3610 1927 3859 1998 volupta-

2260 2016 2395 2065 tum.
2421 2009 2606 2081 ltaque
2631 2012 2894 2068 Dominus
2925 2013 3160 2070 libenter
3190 2015 3494 2087 ingreditur
3515 2061 3530 2086 ,
3565 2029 3618 2076 et
3645 2018 3702 2076 in
3731 2020 3851 2092 ejus

2259 2105 2351 2176 qui
2379 2105 2694 2172 crediderit,
2727 2109 2997 2164 recumbit
3022 2108 3240 2166 atl‘ectn.

2331 2197 2416 2252 17.
2449 2196 2559 2254 Sed
2602 2213 2790 2255 rursus
2832 2200 3149 2257 accenditur
3177 2203 3376 2260 invidia
3421 2205 3775 2277 perfidorum,
3803 2221 3866 2267 et

2257 2288 2455 2345 futura:
2523 2305 2696 2360 pteute
2761 2293 2971 2364 Species
3027 2297 3423 2368 prrefignratur.
3501 2302 3867 2370 Epulantibus

2257 2381 2401 2436 enim
2439 2379 2724 2444 fidelibus,
2776 2392 2832 2438 et
2874 2384 2928 2438 iu
2977 2385 3070 2441 illo
3101 2389 3368 2444 caelorum
3414 2393 3866 2451 recumbentibus

2258 2488 2448 2544 regno,
2475 2474 2701 2545 perfidia
2739 2475 2930 2547 jejuna
2959 2482 3323 2551 torquebitur.
3355 2481 3528 2540 Simul
3555 2487 3869 2545 ostenditur

2257 2582 2520 2640 quantum
2551 2569 2763 2626 intersit
2788 2573 2929 2629 inter
2959 2576 3186 2631 aemulos
3215 2576 3375 2649 Legis
3400 2591 3452 2636 et
3473 2580 3682 2652 gratiae,
3711 2583 3866 2654 quod

2256 2663 2335 2719 illi
2367 2663 2458 2735 qui
2490 2663 2690 2736 Legem
2721 2670 3270 2740 sequuntur,jejun:e
3313 2675 3514 2730 mentis
3545 2676 3740 2732 famem
3766 2694 3867 2748 pa-

2259 2761 2464 2816 tiantur
2489 2772 2748 2816 teternam
2777 2779 2790 2816 :
2823 2763 2914 2834 qui
2967 2779 3097 2821 vero
3139 2767 3368 2823 verbum
3409 2767 3463 2824 in
3507 2771 3868 2830 interioribus

2258 2855 2456 2909 animae
2501 2865 2848 2925 receperunt,
2886 2857 3128 2914 alimenti
3153 2861 3390 2917 caelestis
3419 2876 3470 2918 et
3500 2863 3668 2921 fontis
3695 2866 3865 2924 uber-

2254 2955 2364 3004 tate
2387 2950 2616 3004 recreati
2671 2951 2883 3006 esurire
2912 2959 2967 3006 et
3011 2952 3166 3009 sitire
3193 2969 3302 3009 non
3343 2968 3594 3027 possunt.
3621 2959 3690 3015 Et
3728 2959 3861 3017 ideo

2254 3043 2344 3113 qui
2373 3042 2916 3114 auimojejunabant,
2949 3049 3368 3106 murmurabant
3389 3051 3638 3110 dicentes
3669 3071 3684 3107 :

2325 3135 2507 3203 (Vers.
2542 3135 2658 3209 30.)
2693 3137 2868 3206 Quare
2907 3154 3025 3194 cum
3067 3139 3372 3201 Publicanis
3421 3156 3471 3203 et
3509 3150 3867 3220 peccatoribus

551 3231 757 3288 doloris
793 3239 898 3298 est,
940 3201 1289 3301 sed-quietis.
1323 3201 1674 3284 Miseratione
1699 3229 1900 3283 etenim
1936 3229 2148 3284 Domini
2176 3201 2220 3263 (ἶ
2259 3225 2279 3264 ί
2306 3233 2645 3284 ntanducatct
2669 3230 2840 3286 bibit?

551 3328 719 3398 coepit
753 3327 907 3395 quies
943 3340 1065 3380 esse
1086 3323 1229 3397 quod
1274 3337 1422 3379 mors
1456 3329 1576 3378 erat
1606 3339 1619 3374 ε
1648 3322 1738 3393 qui
1800 3323 1955 3378 nobis
1982 3338 2146 3392 sopo-

550 3439 668 3479 rem
695 3420 885 3478 mortis
907 3419 1077 3474 vertit
1117 3419 1171 3473 in
1220 3417 1448 3488 gratiam
1493 3417 1807 3488 voluptatis.
1839 3416 1951 3473 Nec
1970 3418 2146 3474 solum

556 3515 744 3572 levare
768 3513 991 3576 lectmn,
1017 3512 1117 3566 sed
1139 3515 1302 3566 etiam
1326 3511 1545 3565 domum
1567 3525 1721 3566 suam
1743 3521 2014 3582 repetere,
2041 3511 2147 3570 hoc

548 3618 655 3677 est,
683 3605 748 3661 ad
786 3602 1097 3675 paradisum
1131 3603 1312 3659 redire
1348 3613 1622 3670 censetur;
1651 3618 1716 3658 ea
1743 3613 1827 3659 est
1848 3605 1990 3659 enim
2016 3620 2142 3659 vera

547 3701 763 3764 domus,
818 3713 938 3770 qua:
980 3696 1256 3753 hominem
1312 3696 1483 3766 prima
1538 3697 1777 3767 suscepit
1817 3714 1829 3750 :
1864 3712 1973 3752 non
2023 3699 2145 3768 jure

545 3795 769 3859 amissa,
815 3792 911 3850 sed
952 3792 1162 3849 fraude.
1210 3792 1403 3848 Merito
1423 3791 1565 3862 ‘ergo
1589 3791 1890 3846 restituitur
1916 3792 2141 3859 domus,

542 3887 803 3959 quoniam
832 3891 1065 3941 venerat
1084 3882 1175 3955 qui
1203 3897 1400 3938 nexum
1431 3880 1634 3937 fraudis
1660 3880 1927 3949 aboleret,
1952 3883 2041 3953 jus
2062 3898 2144 3940 reo

543 3980 829 4038 formaret.
2088 4050 2124 4058 η

616 4074 705 4130 15.
747 4073 930 4146 (Vers.
962 4071 1083 4144 25.)
1113 4069 1226 4128 Nec
1269 4085 1421 4126 mora
1457 4068 1568 4125 ulla
1618 4069 1868 4126 sanitatis
1905 4070 2143 4128 interve-

544 4171 655 4228 nit:
686 4184 856 4225 unum
876 4167 1146 4223 dictorum
1177 4161 1652 4235 remediorumque
1677 4175 2010 4220 momentum
2035 4174 2139 4222 est.

544 4262 806 4336 Spectant
833 4270 1144 4332 surgentem
1169 4257 1469 4324 increduli,
1504 4257 1772 4312 mirantur
1801 4258 2089 4313 abeuntem
2125 4273 2139 4312 :

539 4369 597 4418 et
629 4357 800 4415 divini
837 4357 1022 4426 operis
1059 4352 1321 4408 miracula
1356 4349 1568 4405 malunt
1612 4350 1806 4404 timere
1839 4365 2000 4420 quam
2025 4365 2145 4406 cre-

538 4450 695 4506 dere.
727 4447 859 4503 Nam
903 4446 950 4502 si
989 4442 1380 4508 credidissent,
1429 4455 1536 4496 non
1576 4439 1886 4496 timuissent
1934 4431 2181 4511 utique,’

539 4543 638 4600 sed
665 4541 1019 4606 dilexissem;
1053 4535 1292 4608 perfecta
1321 4535 1467 4592 enim
1498 4533 1720 4591 dilectio
1756 4535 2012 4589 timorem
2043 4548 2142 4588 ex-

2322 3321 2412 3377 18.
2453 3323 2780 3393 Serpentina
2828 3340 2929 3381 vox
2958 3327 3059 3384 ista
3106 3340 3212 3386 eSt.
3263 3331 3509 3406 Denique
3555 3335 3696 3394 hanc
3744 3340 3866 3408 pri-

2251 3429 2399 3468 mam
2450 3430 2638 3471 vocetu
2690 3431 2918 3488 serpens
2973 3422 3180 3490 emisit,
3230 3425 3422 3484 dicens
3467 3428 3596 3486 Eva:
3649 3449 3663 3486 :
3713 3432 3863 3499 Quid

2250 3508 2426 3579 utique
2442 3508 2572 3562 dixit
2628 3509 2768 3566 Deus
2799 3527 2818 3566 :
2849 3511 3028 3570 Nolite
3063 3518 3378 3575 manducare
3414 3538 3478 3576 ea:
3517 3525 3659 3578 omni
3713 3526 3862 3598 ligno

2248 3601 2407 3673 (Gen.
2448 3619 2524 3657 ιιι.
2561 3600 2649 3675 i)?
2676 3604 2820 3676 Ergo
2859 3611 3028 3678 patris
3058 3610 3141 3665 Sui
3172 3626 3382 3668 venena
3405 3613 3734 3686 diffundunt,
3759 3620 3858 3690 qui

2247 3692 2436 3749 dicunt
2466 3712 2478 3749 :
2510 3693 2652 3761 Quid
2689 3697 2874 3768 utique
2908 3714 3032 3754 cum
3068 3700 3376 3760 Publicanis
3398 3715 3456 3762 et
3475 3711 3860 3776 peccatoribus

2247 3786 2540 3842 manducat
2565 3797 2622 3843 et
2651 3788 2828 3844 bibit?
2852 3790 3006 3849 Unde
3033 3793 3295 3852 Dominus
3321 3813 3442 3854 cum
3471 3804 3858 3872 peccatoribus

2248 3882 2652 3950 manducando,
2709 3885 2874 3942 etiam
2927 3902 3051 3943 cum
3099 3892 3395 3961 gentilibus
3445 3910 3553 3951 non
3599 3897 3863 3968 prohibet

2245 3991 2348 4032 nos
2379 3977 2520 4033 inire
2548 3979 2885 4050 convivium,
2915 3981 3106 4039 dicens
3131 4003 3144 4038 :

2322 4069 2504 4143 (Vers.
2549 4072 2668 4144 51.)
2711 4072 2836 4129 Non
2863 4085 3012 4148 egent
3045 4079 3133 4148 qui
3174 4081 3457 4152 ranisunt,
3489 4086 3683 4143 medico
3705 4105 3725 4156 ;
3761 4091 3858 4146 sed

2247 4165 2335 4235 qui
2362 4165 2493 4221 male
2523 4165 2730 4223 habent.

2318 4260 2408 4316 19.
2456 4261 2667 4320 Novum
2715 4265 3172 4325 medicamentum
3223 4288 3395 4329 novus
3436 4277 3702 4349 magister
3745 4282 3852 4337 ad-

2249 4355 2424 4409 vexit.
2453 4356 2566 4413 Hoc
2591 4358 2658 4414 de
2684 4370 2828 4416 terra
2859 4378 2965 4418 non
3008 4365 3330 4435 pullulavit;
3367 4367 3681 4440 imprudens
3701 4378 3851 4431 enim

2244 4456 2327 4501 est
2357 4448 2536 4504 onmis
2563 4465 2813 4509 creatura
2845 4455 3004 4527 huius
3025 4459 3631 4534 confectionisNeuite,
3659 4482 3856 4526 omnes

2246 4541 2335 4610 qui
2370 4541 2677 4600 incurristis
2707 4558 3056 4617 peccatorum
3085 4555 3262 4610 varias
3295 4555 3608 4626 passiones,
3632 4559 3850 4618 utimini

535 4635 714 4693 cludit
746 4634 891 4690 foras
920 4633 939 4703 (
970 4632 990 4687 l
1020 4629 1179 4687 Joan.
1214 4644 1290 4697 tv,
1324 4627 1454 4699 18).
1489 4628 1555 4687 Ει
1588 4627 1709 4684 ideo
1744 4627 1854 4694 isti,
1877 4627 2007 4698 quia
2035 4642 2145 4684 non
2170 4617 2226 4680 D
2252 4637 2539 4708 peregrino
2565 4640 2965 4701 medicamento
2988 4687 3003 4714 ,
3026 4661 3133 4718 quo
3164 4617 3433 4708 venenum
3463 4617 3733 4725 serpisntis
3757 4672 3855 4714 ex-

617 4809 644 4839 λ
670 4799 798 4855 Mss.
848 4797 1090 4863 aliquot,
1138 4796 1448 4866 conﬁtentur
1491 4793 1688 4860 invidi;
1723 4808 1863 4849 unus
1892 4799 1948 4850 et
1973 4792 2136 4862 alter,

541 4869 1159 4949 σοιιιῖιρηεανίηᾱυειὲι.
1277 4939 1288 4949 .
1424 4937 1436 4949 .
1507 4937 1518 4949 .
1593 4939 1624 4949 ..
1844 4938 1892 4949 ..

614 4937 780 5001 δ’Νυη
812 4937 1024 5010 poterat
1045 4938 1360 4993 Ambrosius
1391 4937 1713 5010 clarioribus
1742 4938 2140 5010 verbispotes-

541 5026 706 5072 tatem
729 5007 1037 5069 dimittendi
1063 5019 1282 5082 peccata
1306 5009 1570 5064 ministris
1593 5009 1854 5064 Ecclesia:
1872 5025 1901 5063 a
1919 5007 2139 5064 Christo

540 5089 723 5162 datam
752 5085 1072 5162 prtedicare.
1362 5151 1372 5162 .
1482 5161 1489 5162 γ
1651 5148 1687 5162 “
1762 5149 1812 5162 ,,
1932 5151 1991 5162 η,

617 5171 641 5200 ο
665 5148 935 5232 Quidquid
978 5158 1116 5232 inter
1143 5166 1328 5216 voces,
1355 5151 1557 5232 iuvatur
1582 5168 1614 5204 a
1639 5148 1812 5232 David
1834 5194 1847 5212 ,
1893 5150 2130 5232 (stillas,

539 5221 711 5290 lectu:
733 5221 946 5291 doloris,
975 5226 1306 5288 continetur,
1337 5223 1528 5278 deerat
1552 5231 1601 5276 in
1625 5224 1837 5277 cunctis
1863 5221 1998 5276 edit.
2029 5221 2130 5278 Ve-

541 5320 664 5362 runt
691 5307 741 5357 in
773 5300 1024 5356 omnibus
1045 5297 1187 5354 Gali.
1223 5309 1357 5350 mss.
1391 5295 1676 5362 reperitur,
1709 5295 2012 5364 excipimus
2058 5304 2136 5349 ta-

540 5392 667 5432 men
699 5375 830 5444 Beg.
865 5370 1184 5444 etClarom.
1206 5384 1230 5444 ;7
1252 5367 1350 5444 sed
1379 5376 1602 5437 uterque
1635 5369 2019 5444 recentior,_et
2049 5368 2136 5422 hic

543 5463 653 5504 non
683 5437 806 5501 ιειιιῖ
825 5443 1013 5500 Ambr.
1042 5440 1318 5509 expositio
1359 5449 1465 5504 est,
1498 5455 1656 5509 qualn
1705 5437 1827 5508 ejus
1871 5440 2134 5507 epitome.

613 5516 639 5556 ἀ
686 5517 827 5573 Edit.
874 5513 1002 5570 Gill.
1056 5513 1352 5567 iutruserat
1394 5511 1447 5566 in
1485 5519 1690 5565 textum
1731 5529 1744 5564 :
1793 5511 2038 5580 Sequitur
2077 5515 2140 5565 de

539 5591 816 5663 publicano
858 5585 1112 5663 et_de_co
1141 5584 1402 5663 quodnon
1448 5583 1582 5663 venit
1614 5585 2024 5663 j_ustos_t_yocare,
2051 5583 2140 5636 sed

536 5655 846 5738 peccatores.
884 5657 1104 5730 Mystica
1128 5657 1356 5738 vacatio,
1389 5665 1495 5710 etc.
1545 5655 2025 5738 Sed'manifcstum
2058 5662 2142 5710 est

539 5725 659 5792 haec
687 5733 859 5796 tituli,
895 5725 1002 5786 non
1044 5737 1223 5786 textus
1256 5728 1522 5808 rationem
1563 5743 1623 5808 ac
1653 5725 1882 5808 {Ol-niam
1918 5729 2139 5808 habere.

539 5808 701 5862 Rom.
733 5814 914 5861 autem
940 5846 955 5873 ,
990 5803 1194 5858 omisso
1230 5799 1393 5856 verbo
1417 5841 1430 5868 ,
1454 5797 1708 5870 sequitur,
1739 5799 1820 5854 sic
1846 5801 2092 5870 reposuit
2125 5817 2137 5854 :

542 5877 769 5950 Mystica
793 5877 902 5934 lucc
937 5885 1010 5934 est
1045 5916 1060 5943 ,
1089 5881 1198 5931 etc.

2320 4800 2524 4887 {Quid
2569 4803 2613 4858 si
2666 4806 2874 4878 legeres
2922 4825 3191 4887 cum_ms.
3233 4814 3401 4887 Reg.,
3441 4820 3505 4873 de
3557 4823 3854 4882 mercibus!

2242 4867 2543 4954 (Ferte'qnae
2560 4867 2865 4954 sequu'ntur
2886 4895 2993 4936 non
3017 4867 3251 4940 obscure
3264 4867 3514 4946 Vitalicawtit

2241 4941 2532 5038 {\tnbrosio
2556 4941 2813 5034 fuisseex
2831 4968 2897 5038 eo
2933 4969 3137 5021 genere
3165 4941 3849 5038 publicanorum,-

2241 5014 2437 5102 butum
2460 5033 2493 5074 e
2522 5022 2798 5105 portoriis,
2829 5024 2880 5078 id
2899 5014 3004 5106 est,
3037 5042 3070 5106 e
3093 5014 3363 5088 mercibus
3387 5014 3719 5106 ἰὶίῲέέἕιέιὶἲξξ
3748 5014 3848 5097 é'x'-

2241 5093 2579 5169 portatisque
2613 5095 2920 5169 exigerent.
2960 5096 3066 5169 Sed
3094 5112 3283 5157 contra
3317 5093 3482 5161 fidenti
3510 5119 3586 5162 tot
3610 5093 3852 5169 mséfii-

2244 5174 2349 5252 quc
2380 5162 2514 5252 edit.
2555 5165 2795 5252 omnium
2850 5167 3334 5252 nilnil__andetntts;
3377 5194 3498 5234 eum
3538 5162 3842 5252 prii-gelidi}:

2247 5233 2591 5320 triltnta‘non
2620 5237 2795 5291 solum
2835 5233 3851 5320 mercibusmercaiorutn,rsed'eiiain

2247 5306 2485 5387 mercedi
2518 5319 2798 5390 nautarum
2823 5317 3219 5390 mercmoribus
3246 5335 3466 5390 operam
3485 5306 3849 5385 sitam—locati:

2251 5377 2621 5448 tiumimponi
2653 5384 2944 5448 potuerint.

2325 5445 2351 5529 ξ
2393 5445 2554 5529 “om:
2602 5445 2734 5505 edit.
2771 5453 2856 5508 Inc
2886 5465 2942 5511 et
2988 5455 3147 5526 infra,
3189 5464 3516 5522 manducatis
3560 5481 3612 5525 et
3653 5472 3842 5529 bibitis.

2251 5516 2403 5612 [iuicj
2425 5521 2751 5606 suil'ragatur
2805 5516 3610 5612 ιειιιιιε.εξνιιξιεειίείειζῖξίξιυέ

2250 5591 2493 5685 ejusdem
2542 5596 2854 5663 versiones;
2895 5591 3278 5685 {Ethiopic‘am‘

2252 5664 2549 5750 luccenim
2579 5683 2715 5750 cum
2758 5679 2871 5724 ant.
2919 5673 3054 5727 edit.
3088 5664 3842 5750 cunctisque?tussiarmlirn:

2251 5737 2420 5818 sianis
2465 5739 2688 5818 lectioni
2727 5753 2930 5818 nostra:
2960 5737 3371 5813 patrocinatnr':
3393 5737 3479 5810 cui
3514 5737 3848 5817 ieiuniis}:

2252 5806 2357 5864 loci
2391 5811 2582 5879 series,
2615 5815 2662 5868 si
2694 5813 2857 5871 modo
2882 5806 2991 5871 non
3022 5820 3385 5888 perfunctorie
3403 5806 3772 5891 b’gainiiéitii.
