4014 6478
352 367 499 442 'tett

1327 379 1696 440 EXI’OSITIO
1737 379 1990 438 EVANG.
2034 379 2182 438 SEC.
2225 382 2380 442 LUC.
2423 383 2552 442 LIB.
2595 383 2661 440 Υ.

3517 367 3658 448 ists

360 502 598 559 cluditur
623 518 636 555 :
658 497 803 572 quod
834 511 942 552 non
979 496 1157 553 solum
1203 499 1517 567 passionum
1560 496 1782 553 abstulit
1809 497 1954 552 cica-
1986 499 2034 557 Α
2061 501 2354 558 cutientem
2392 518 2500 558 non
2537 501 2944 572 repercutiunt,
2977 500 3068 574 qui
3097 500 3375 560 inimicum
3405 502 3658 576 diligunt.

362 599 577 664 tricem,
623 592 718 651 sed
765 591 930 648 etiam
971 605 1194 647 causam
1233 590 1336 646 diri
1364 591 1605 645 vulneris
1632 590 1954 660 amputavit.

361 691 478 746 lloc
508 687 958 746 medicamentum
988 701 1098 742 non
1148 686 1344 742 laniem
1394 686 1604 753 indicit,
1634 685 1730 742 sed
1771 685 1953 741 cibum

361 783 559 838 anima:
582 781 988 837 subministrat:
1033 777 1180 834 Venit
1201 780 1336 834 enim
1370 778 1540 834 Filius
1561 779 1782 836 hominis
1803 796 1954 834 man-

358 874 552 930 ducans
585 881 633 928 et
672 872 846 928 bibens
869 914 885 942 ,
916 883 965 928 et
994 872 1175 927 dicunt
1203 889 1222 928 :
1248 869 1578 928 Darmonium
1617 873 1770 927 habet
1799 871 1955 946 (Luc.

356 983 449 1030 vn.
481 967 613 1035 δικ
659 974 716 1024 et
742 967 866 1024 ideo
908 981 1065 1025 mens
1094 976 1279 1022 nostra
1311 982 1421 1023 non
1450 977 1534 1022 est
1557 966 1740 1039 jejuna
1770 984 1784 1022 :
1815 966 1957 1040 jeju-

355 1069 486 1117 nant
526 1060 581 1116 hi
609 1059 811 1131 quibus
845 1059 1001 1116 abest
1024 1057 1302 1128 Christus,
1326 1059 1702 1132 bonorumque
1730 1061 1956 1118 merito-

355 1171 470 1210 rum
500 1154 674 1226 copiis
694 1162 880 1226 egent.
897 1165 927 1196 ι
958 1153 1030 1211 At
1051 1169 1186 1211 vero
1207 1155 1295 1211 cui
1322 1146 1495 1211 virtus
1515 1170 1628 1211 suae
1657 1155 1957 1214 voluntatis

353 1247 580 1313 sufticit,
605 1247 695 1318 qui
736 1261 834 1302 sua
881 1246 1048 1303 domo
1089 1247 1286 1318 recipit
1313 1246 1610 1315 Christum,
1643 1246 1954 1304 convivium

353 1357 606 1413 magnum
654 1341 866 1415 1360
905 1341 1150 1408 exhibet,
1175 1340 1278 1397 hoc
1302 1350 1408 1405 est,
1430 1341 1702 1398 bonorum
1723 1357 1952 1413 operum

351 1436 599 1507 Spiritale
633 1437 962 1502 convivium,
1009 1453 1118 1509 quo
1147 1436 1300 1493 dives
1319 1438 1550 1509 p0pu|us
1575 1450 1719 1511 eget,
1751 1455 1954 1512 pauper

353 1528 627 1596 epulatur.
688 1529 755 1583 Et
791 1529 950 1596 ideo,
1001 1528 1209 1598 inquit,
1250 1527 1503 1600 jejunare
1559 1547 1666 1585 non
1722 1539 1956 1602 possunt

354 1619 452 1674 lilii
490 1621 701 1690 sponsi,
739 1619 996 1691 quamdiu
1025 1634 1148 1674 cum
1173 1619 1282 1676 illis
1304 1629 1390 1676 est
1410 1636 1668 1691 sponsus.

424 1714 443 1784 (
471 1712 623 1769 Vers.
671 1713 760 1770 55.
786 1713 807 1786 )
848 1711 1256 1785 Venientautem
1286 1714 1418 1782 dies,
1449 1731 1563 1770 cum
1589 1719 1860 1789 auferetur
1889 1716 1952 1772 ab

352 1808 460 1862 illis
484 1801 728 1882 sponsus.

2129 593 2221 649 22.
2265 595 2448 667 (Vers.
2481 593 2599 667 52.)
2646 595 2702 650 Si
2745 595 2825 651 sic
2869 609 2976 650 non
3021 596 3339 667 accipimus,
3381 598 3659 654 invenitur

2057 689 2393 745 contrarium
2425 705 2440 744 :
2467 687 2591 744 Non
2639 691 2756 745 veni
2797 706 2981 746 vocare
3007 693 3197 763 justas.
3241 691 3347 748 Sed
3382 692 3506 749 illos
3549 708 3659 748 non

2058 789 2238 849 vocat,
2283 781 2375 852 qui
2405 796 2464 837 se
2487 782 2669 854 justos
2724 798 2848 840 esse
2890 784 3121 840 dicunt:
3152 783 3465 857 Ignorantes
3511 787 3658 842 enim

2057 874 2247 944 Deum,
2262 885 2310 930 et
2333 893 2483 931 suam
2494 877 2760 951 justitiam
2781 889 3066 949 quterentes
3077 889 3322 944 statuere,
3337 881 3552 949 iustitia:
3567 879 3664 936 Dei

2055 983 2158 1022 non
2188 977 2306 1023 sunt
2335 967 2553 1039 subjecti
2585 968 2762 1040 (Rom.
2793 986 2849 1037 x,
2873 971 2957 1041 5).
2990 971 3134 1043 Ergo
3165 982 3519 1043 usurpatores
3545 972 3663 1041 jus-

2055 1062 2188 1118 titite
2216 1077 2321 1118 non
2349 1071 2615 1119 vocantur
2639 1061 2707 1118 ad
2733 1065 2986 1134 gratiam;
3012 1081 3137 1120 nam
3167 1066 3212 1122 si
3243 1067 3414 1137 gratia
3441 1081 3508 1121 ex
3539 1079 3659 1136 pm-

2055 1156 2306 1221 nitentia,
2325 1154 2511 1226 utique
2534 1157 2626 1226 qui
2650 1154 2854 1210 fastidit
2876 1158 3276 1227 penitentiam,
3301 1159 3520 1214 abdicat
3539 1172 3662 1228 gra-

2058 1247 2208 1302 tiam.
2236 1247 2265 1287 b
2297 1248 2568 1304 Sitierunt
2599 1248 2891 1315 vulnerati,
2934 1250 3027 1320 qui
3066 1265 3125 1305 se
3153 1252 3516 1316 sanctilicant;
3542 1250 3664 1305 istis

2055 1356 2291 1412 sponsus
2310 1340 2588 1397 auferetur
2604 1358 2615 1394 :
2632 1341 2790 1397 nobis
2801 1351 2979 1397 autem
3001 1356 3109 1398 non
3123 1342 3378 1411 Caiphas,
3397 1358 3502 1398 non
3517 1343 3660 1399 Pila-

2054 1445 2143 1490 tus
2179 1433 2460 1490 Christum
2492 1435 2736 1502 abstulit,
2768 1450 2869 1491 nec
2907 1450 3199 1507 possumus
3221 1436 3494 1506 jejunare;
3526 1436 3654 1508 quia

2054 1527 2329 1585 Christum
2355 1527 2642 1596 habemus,
2681 1537 2736 1584 et
2761 1527 2960 1585 Christi
2995 1544 3218 1584 carnem
3274 1531 3557 1600 epulamur
3604 1539 3660 1585 et

2054 1622 2397 1693 sanguinem.
2427 1621 2716 1691 Quomodo
2746 1621 2891 1676 enim
2910 1621 3127 1676 videtur
3141 1621 3409 1692 jejunare,
3432 1621 3524 1692 qui
3547 1636 3656 1677 non

2055 1715 2266 1770 esurit?
2308 1713 2596 1782 Quomodo
2627 1715 2836 1787 1361
2869 1713 3089 1769 videtur
3125 1713 3394 1785 jejunare,
3426 1713 3518 1784 qui
3546 1728 3657 1770 non

2055 1808 2206 1864 sitit?
2234 1807 2520 1875 Quomodo
2544 1819 2726 1863 autem
2768 1808 2923 1863 sitire
2953 1816 3149 1876 potest,
3184 1807 3273 1878 qui
3305 1807 3440 1862 bibit
3466 1806 3651 1862 Chris-

419 1901 512 1958 20.
535 1901 641 1971 Qui
667 1910 795 1958 sunt
821 1901 898 1958 illi
923 1901 1063 1969 dies,
1081 1902 1284 1974 quibus
1301 1903 1459 1960 nobis
1483 1903 1734 1961 Christus
1769 1906 1949 1962 aufer-
1978 1897 2024 1959 B
2053 1909 2187 1967 tum;
2217 1916 2340 1957 cum
2374 1901 2490 1971 ipse
2515 1901 2714 1957 dixerit
2746 1917 2758 1954 :
2791 1900 2890 1966 Qui
2920 1900 3104 1955 biberit
3131 1900 3194 1955 de
3220 1917 3357 1971 aqua
3385 1906 3540 1969 quam
3565 1916 3659 1971 ego

348 2007 458 2064 tur,
490 1996 728 2052 maxime
751 2011 874 2052 cum
905 1997 1022 2066 ipse
1043 1995 1281 2052 dixerit:
1306 1995 1580 2052 Vobiscum
1602 2014 1688 2052 ero
1708 1999 1952 2068 usquead

349 2087 845 2143 consummationem
873 2087 1051 2141 mundi
1075 2087 1293 2160 (Matth.
1325 2088 1517 2158 xxvtn,
1545 2090 1640 2154 20)
1674 2105 1688 2144 :
1724 2090 1840 2159 ipse
1868 2091 1953 2147 di-

346 2184 519 2240 xerit:
535 2183 659 2238 Non
671 2182 952 2253 relinquant
965 2197 1052 2239 vos
1065 2185 1327 2254 orphanos
1344 2181 1524 2256 (Joan.
1542 2200 1650 2250 xtv,
1676 2185 1767 2256 18)
1779 2185 1802 2238 ?
1815 2184 1947 2241 Cer-

346 2291 462 2334 tum
487 2287 572 2333 cst
601 2277 748 2334 enim
789 2277 934 2349 quod
974 2278 1019 2333 si
1048 2293 1148 2334 nos
1183 2279 1476 2350 relinquat,
1520 2279 1654 2336 salvi
1691 2294 1816 2336 esse
1855 2296 1950 2337 ne-

344 2385 630 2442 queamus.
658 2370 832 2428 Nemo
863 2371 960 2428 tibi
983 2369 1257 2429 Christum
1287 2382 1468 2445 potest
1495 2374 1733 2445 auferre,
1761 2377 1869 2433 nisi
1895 2387 1949 2436 te

345 2463 424 2520 illi
454 2464 570 2535 ipse
589 2462 838 2520 auferas.
861 2463 978 2520 Non
1005 2473 1055 2520 te
1081 2463 1296 2522 auferat
1319 2467 1582 2538 jactantia
1614 2478 1724 2534 tua,
1759 2484 1866 2526 non
1894 2477 1949 2528 te

342 2557 558 2612 auferat
581 2557 918 2628 arrogantia,
963 2571 1065 2613 nec
1093 2556 1189 2613 tibi
1216 2557 1286 2614 de
1315 2557 1463 2631 Lege
1484 2574 1806 2630 prtesumas;
1839 2577 1947 2618 non

343 2648 489 2704 enim
524 2662 725 2704 vocare
749 2647 930 2719 justos
958 2648 1128 2716 venit,
1156 2650 1254 2706 sed
1282 2661 1620 2721 peccatores.

411 2741 503 2796 21.
531 2740 817 2811 Quomodo
848 2741 1012 2814 igitur
1041 2742 1302 2798 Dominus
1326 2744 1569 2814 justitias
1591 2745 1814 2816 dilexit,
1851 2761 1949 2804 ne-

343 2847 449 2903 que
476 2832 648 2888 David
679 2834 810 2890 vidit
829 2833 1036 2904 justum
1066 2833 1388 2892 derelictum
1411 2833 1589 2908 (Psal.
1627 2853 1687 2905 x,
1713 2837 1770 2912 8)
1791 2838 1946 2896 ?.Aut

341 2943 462 2998 quae
490 2928 593 2983 ista
619 2929 849 2999 aequitas
880 2929 979 2984 Dei
1006 2928 1055 2984 si
1082 2928 1262 3000 justus
1290 2929 1640 3001 relinquitur,
1669 2941 1725 2988 et
1757 2948 1949 3004 pecca-

343 3034 429 3078 tor
459 3007 756 3079 adciscitur
783 3022 958 3097 (Psal.
987 3039 1172 3091 xxxvi,
1196 3024 1323 3096 25);
1353 3025 1466 3080 nisi.
1501 3026 1775 3100 intelligas
1799 3027 1944 3100 quod

338 3130 434 3172 eos
455 3116 636 3188 justos
656 3115 813 3184 dicit,
836 3116 930 3189 qui
957 3131 1029 3173 ex
1053 3117 1198 3188 Lege
1222 3129 1582 3189 praesumunt,
1613 3131 1672 3178 et
1695 3122 1946 3194 Evange-

342 3209 402 3264 lii
430 3209 658 3281 gratiam
693 3225 802 3266 non
833 3211 1162 3282 requirunt?
1189 3211 1362 3269 Nemo
1389 3223 1573 3271 autem
1606 3214 1938 3286 justitlcatur

2052 1993 2204 2056 dabo,
2238 2009 2343 2048 non
2371 1993 2507 2048 sitiet
2533 1993 2584 2048 in
2607 2000 2855 2048 teternum
2887 1992 2907 2067 (
2933 1992 3093 2081 Joan.
3121 1993 3304 2060 tv,'i3
3334 1993 3386 2064 )?
3417 1993 3660 2064 Denique

2049 2087 2118 2144 de
2146 2087 2311 2143 animi
2337 2087 2544 2143 dictum
2568 2088 2778 2159 jejunio
2803 2129 2819 2155 ,
2845 2088 3010 2144 etiam
3042 2082 3323 2157 sequentia
3353 2088 3655 2144 declarant.

2120 2183 2309 2255 (Vet's.
2353 2182 2471 2255 36.)
2498 2182 2648 2238 Dixit
2670 2184 2806 2238 enim
2829 2182 3224 2238 similitudinem
3245 2183 3314 2236 ad
3333 2184 3453 2238 illos
3481 2199 3499 2238 :
3525 2182 3662 2251 Quia

2049 2295 2202 2335 nemo
2238 2279 2634 2334 commissuram
2661 2277 2725 2332 de
2754 2278 3052 2333 vestimento
3079 2293 3208 2333 novo
3234 2277 3462 2333 immittit
3489 2277 3544 2333 in
3570 2293 3658 2332 oe-
3751 2323 3759 2330 .

2049 2371 2350 2426 stimentum
2376 2379 2538 2425 vetus.

2118 2465 2212 2522 23.
2256 2464 2482 2519 Dixerat
2512 2461 2661 2519 filios
2692 2463 2921 2534 sponsi,
2980 2463 3084 2518 hoc
3115 2471 3234 2530 est,
3291 2464 3433 2519 lilios
3464 2463 3657 2532 Verbi,

2047 2557 2138 2630 qui
2173 2573 2272 2629 per
2299 2557 2502 2614 lavacri
2533 2557 3016 2629 regenerationem
3045 2557 3098 2610 in
3125 2556 3215 2626 jus
3258 2555 3458 2614 divina:
3486 2573 3658 2628 gene-

2047 2651 2280 2708 rationis
2306 2650 2570 2722 assumpti
2598 2659 2761 2718 sunt,
2804 2649 3070 2721 quamdiu
3093 2665 3218 2704 cum
3250 2649 3359 2704 illis
3375 2659 3459 2706 est
3481 2664 3653 2720 spon-

2047 2758 2163 2811 sus,
2191 2743 2444 2814 jejunare
2475 2757 2584 2798 non
2628 2758 2818 2815 posse.
2847 2741 2967 2798 Non
3009 2743 3199 2812 utique
3229 2742 3334 2798 hoc
3379 2743 3653 2814 jejunium

2049 2835 2351 2906 relegatur,
2382 2850 2492 2908 quo
2513 2836 2804 2890 coniicitur
2835 2850 2987 2899 caro,
3017 2843 3073 2890 et
3100 2835 3409 2905 corporalis
3437 2835 3658 2892 luxuria

2045 2931 2376 3001 castigatur;
2405 2929 2510 2986 hoc
2530 2930 2674 2986 enim
2693 2929 2963 3002 jejunium
2990 2946 3092 2986 nos
3119 2931 3489 2987 commendat.
3514 2931 3650 2988 Nam

2046 3021 2510 3094 quemadmodum
2562 3022 2863 3094 discipulos
2908 3022 2998 3078 hic
3033 3023 3286 3094 jejunare
3311 3023 3652 3094 prohiberet,

2045 3133 2170 3173 cum
2219 3117 2336 3188 ipse
2368 3117 2631 3172 Dominus
2655 3116 2934 3188 jejunaret
2955 3116 3108 3192 (Luc.
3138 3134 3212 3187 tv,
3243 3119 3340 3191 2);
3372 3135 3496 3176 cum
3523 3136 3647 3190 pos—

2046 3219 2228 3266 tremo
2248 3209 2454 3266 diceret
2484 3209 2856 3274 nequissimos
2903 3211 3133 3280 spiritus
3161 3211 3380 3267 nonnisi
3427 3212 3653 3283 jejuniis

329 3317 408 3360 ex
436 3303 598 3375 Lege,
657 3304 754 3360 sed
811 3304 1101 3362 redimitur
1153 3321 1222 3363 ex
1276 3309 1472 3379 gratia.
1531 3310 1628 3365 Est
1673 3311 1838 3382 igitur
1881 3312 1934 3367 in
1965 3297 2012 3362 C
2042 3312 2100 3360 et
2127 3303 2472 3360 orationibus
2525 3304 2706 3359 solere
2758 3306 3006 3375 superari
3057 3304 3275 3377 (Matth.
3327 3321 3460 3371 xvn,
3507 3305 3647 3377 21)?

338 3395 482 3470 Lege
533 3398 766 3469 justitia,
830 3397 927 3454 sed
1003 3414 1113 3456 non
1160 3408 1399 3471 est;per
1435 3401 1634 3472 Legem
1696 3403 1939 3475 justitia;

282 3506 296 3515 ·
338 3506 460 3548 nam
490 3492 610 3562 ipse
636 3490 936 3562 Apostolus
951 3493 1058 3548 ait:
1086 3493 1349 3551 Hebrmus
1369 3510 1433 3552 ex
1457 3495 1940 3565 Hebrmis,secun-

341 3585 471 3643 dum
497 3585 700 3658 Legem
734 3586 1043 3645 Pharisaaus
1068 3628 1082 3655 ,
1115 3590 1413 3647 secundum
1444 3591 1712 3662 justitiam
1739 3609 1861 3665 qua:
1883 3594 1940 3651 in

338 3679 480 3752 Lege
507 3690 610 3748 est,
625 3693 980 3739 conversatus
997 3682 1119 3740 sine
1139 3685 1361 3756 querela
1379 3685 1607 3758 (Philip.
1631 3703 1712 3756 nt,
1744 3687 1836 3744 ὅθι
1857 3686 1937 3761 6),

331 3773 430 3844 ,qui
456 3774 720 3846 gloriatur
757 3790 837 3832 ex
868 3775 1015 3847 Lege
1045 3795 1058 3832 :
1094 3775 1224 3842 Quae
1263 3777 1412 3844 mihi,
1435 3779 1632 3849 inquit,
1656 3783 1804 3837 lucra
1827 3783 1942 3852 [ue-

334 3878 477 3935 runt,
537 3871 646 3924 haec
693 3870 824 3926 duxi
879 3881 1094 3942 propter
1138 3869 1407 3926 Christum
1460 3873 1767 3930 detrimenta
1830 3892 1941 3932 esse

335 3960 561 4036 (Philip.
593 3978 672 4029 ts,
698 3962 801 4035 7),
840 3961 943 4018 hoc
970 3971 1091 4030 est,
1125 3963 1300 4034 abjeci
1325 3963 1593 4033 justitiam
1625 3975 1680 4021 et
1703 3966 1936 4037 gloriam

336 4053 525 4124 Legis;
563 4055 773 4125 justitia
795 4055 942 4111 enim
991 4055 1152 4126 Legis
1201 4057 1322 4112 sine
1350 4055 1569 4111 Christo
1619 4073 1786 4114 vacua
1829 4069 1934 4126 est,

335 4148 458 4216 quia
497 4145 780 4216 plenitudo
808 4145 967 4218 Legis
987 4145 1241 4203 Christus
1279 4156 1384 4204 est.
1418 4148 1487 4204 Et
1509 4148 1632 4205 ideo
1659 4151 1761 4206 etsi
1783 4152 1935 4206 estin

336 4238 478 4311 Lege
496 4239 732 4310 justitia,
767 4254 878 4294 non
919 4247 1006 4294 est
1037 4247 1215 4294 tamen
1241 4254 1336 4308 per
1366 4240 1565 4311 Legem
1585 4242 1796 4313 justitia
1828 4261 1842 4297 :
1873 4243 1936 4300 Si

335 4334 472 4388 enim
494 4348 586 4402 per
615 4330 805 4404 Legem
820 4331 1030 4401 justitia
1058 4371 1074 4398 ,
1096 4347 1222 4402 ergo
1242 4329 1482 4387 Christus
1505 4335 1670 4406 gratis
1698 4342 1935 4390 mortuus

332 4434 406 4478 est
428 4422 628 4496 (Galat.
671 4417 896 4493 ".21);
941 4429 1191 4478 mortuus
1243 4429 1334 4480 est
1357 4425 1504 4480 enim
1545 4425 1829 4493 Christus,
1875 4436 1935 4483 ut

332 4514 888 4590 impleretjustitiam.
921 4514 1165 4586 Denique
1184 4514 1380 4571 Joanni
1409 4515 1615 4574 dicenti
1649 4537 1662 4572 :
1691 4518 1804 4592 Ego
1833 4531 1933 4576 ate

332 4614 490 4668 dcbco
522 4611 803 4680 baptizari,
849 4617 899 4665 et
947 4618 1003 4664 tu
1050 4610 1190 4664 venis
1216 4609 1286 4664 ad
1311 4627 1407 4677 me,
1443 4612 1726 4685 respondit
1754 4631 1768 4667 :
1802 4614 1930 4671 Sine

330 4706 508 4771 modo;
521 4706 596 4760 sic
606 4705 742 4760 enim
753 4703 895 4758 decet
907 4718 1000 4758 nos
1013 4702 1230 4774 implere
1240 4719 1443 4759 onmem
1451 4705 1728 4782 iustitiam(
1733 4706 1922 4764 Matth.

331 4817 414 4872 tn,
449 4803 514 4858 14
541 4811 588 4857 et
613 4799 724 4870 15).
755 4799 900 4871 Ergo
921 4813 1027 4855 non
1058 4800 1232 4871 gratis
1254 4809 1500 4857 mortuus
1525 4819 1539 4854 :
1573 4802 1668 4858 sed
1700 4817 1799 4873 pro
1829 4820 1928 4859 no-

330 4896 415 4952 bis
447 4903 695 4951 mortuus
715 4903 801 4950 est
823 4892 1117 4960 Christus;
1146 4892 1352 4964 utjusti
1379 4892 1649 4964 fulgerent
1676 4895 1817 4952 sicut
1845 4896 1928 4953 sol

2049 3398 2295 3470 Denique
2343 3399 2510 3454 etiam
2535 3397 2641 3453 hoc
2670 3397 2792 3454 loco
2817 3397 3089 3468 jejunium
3131 3400 3520 3454 vestimentum
3549 3413 3649 3468 ap-
3699 3423 3718 3430 —

2043 3493 2270 3564 pallavit
2293 3503 2474 3562 vetns,
2507 3493 2656 3564 quod
2689 3493 2997 3550 exuendum
3029 3493 3329 3562 Apostolus
3357 3494 3652 3548 :estimavit

2040 3585 2231 3643 dicens
2264 3604 2277 3641 :
2307 3587 2633 3656 Exspoliate
2661 3603 2762 3643 vos
2803 3597 3048 3643 veterem
3091 3586 3370 3643 hominem
3404 3602 3528 3643 cum
3557 3603 3649 3644 ac-
3690 3645 3704 3658 ,

2041 3683 2188 3740 tibus
2218 3682 2365 3755 ejus;
2416 3693 2473 3740 et
2503 3683 2715 3740 induite
2744 3699 2868 3739 eum
2897 3682 2991 3754 qui
3018 3682 3370 3753 baptismatis
3395 3684 3644 3739 sanctiﬁ-

2039 3778 2256 3833 catione
2284 3786 2583 3833 renovatur
2613 3774 2841 3850 (Coloss.
2873 3791 2952 3843 nt,
3006 3776 3113 3832 9.et
3139 3773 3254 3846 10).
3303 3775 3362 3830 In
3389 3775 3639 3832 eamdem

2037 3869 2206 3940 igitur
2235 3869 2464 3924 formam
2497 3867 2673 3924 series
2701 3867 2961 3924 convenit
2992 3876 3417 3938 praeceptorum,
3453 3883 3523 3922 ne
3552 3883 3643 3923 ac—

2036 3972 2125 4018 tus
2172 3963 2380 4018 veteris
2409 3969 2465 4016 et
2516 3960 2644 4016 novi
2697 3960 2935 4016 hominis
2987 3959 3347 4025 misceamus;
3394 3975 3515 4016 cum
3549 3961 3643 4017 ille
3723 4010 3728 4014 .

2037 4053 2345 4121 corporalis
2375 4053 2619 4108 exterior
2644 4068 2810 4122 opera
2837 4052 3020 4109 carnis
3040 4062 3324 4121 operetur,
3357 4061 3411 4106 et
3443 4051 3531 4108 hic
3558 4055 3640 4109 in-

2038 4149 2210 4203 terior
2235 4147 2330 4218 qui
2359 4147 2688 4214 renascitur,
2725 4161 2834 4202 non
2865 4146 3254 4202 vcrsicoloram
3275 4147 3512 4215 speciem
3541 4163 3638 4206 ve-

2037 4230 2214 4296 ierum
2256 4255 2637 4310 novorumque
2682 4239 2881 4296 debeat
2919 4238 3124 4296 habere
3165 4250 3445 4310 gestorum
3471 4280 3488 4306 ,
3535 4243 3632 4298 sed

2033 4333 2296 4408 concolor
2341 4333 2564 4390 Christo
2611 4331 2766 4388 illum
2820 4330 3002 4388 studio
3050 4332 3250 4386 mentis
3286 4330 3513 4399 imitari,
3545 4335 3632 4390 cui

2033 4439 2254 4486 renatus
2283 4436 2370 4485 est
2398 4427 2452 4483 in
2486 4427 2728 4482 lavacro.
2761 4425 2959 4482 Absint
2999 4423 3160 4496 igitur
3181 4423 3437 4480 decolora
3468 4440 3627 4482 men-

2031 4522 2102 4578 tis
2131 4521 2426 4588 velamina,
2459 4535 2580 4589 quae
2608 4518 2904 4590 displicent
2928 4531 3168 4589 sponso;
3201 4516 3457 4587 displicet
3482 4519 3629 4574 enim

2028 4617 2100 4684 ei,
2129 4616 2222 4688 qui
2251 4624 2463 4672 vestem
2496 4629 2607 4669 non
2649 4613 2904 4670 habuerit
2939 4611 3257 4682 nuptialem.
3283 4613 3500 4684 Sponso
3524 4628 3624 4669 au-

1951 4689 2006 4750 D
2031 4719 2140 4766 tem
2174 4709 2302 4780 quid
2325 4716 2508 4779 potest
2533 4707 2771 4778 placere,
2803 4705 2905 4762 nisi
2928 4721 3032 4778 pax
3056 4705 3245 4774 animi,
3275 4708 3480 4778 puritas
3504 4724 3627 4766 cor-

2027 4805 2136 4871 dis,
2163 4804 2404 4860 charitas
2431 4801 2668 4858 mentis?

2097 4896 2192 4953 24.
2234 4897 2417 4952 Bonus
2442 4908 2677 4965 sponsus
2705 4894 2966 4950 Dominus
2991 4893 3174 4963 Jesus,
3206 4893 3294 4950 hic
3327 4909 3468 4951 novo
3496 4912 3621 4968 par-

330 4990 386 5046 in
420 5004 590 5061 regno
631 4987 808 5044 Patris
857 4987 963 5043 sui.
1005 4986 1116 5045 Sed
1159 5003 1266 5043 non
1303 4987 1480 5044 Judtei
1514 4989 1686 5060 justi,
1729 4991 1930 5062 quibus
2014 5000 2084 5047 tu
2131 4999 2378 5045 naturam
2430 4986 2685 5044 initiavit.
2742 4986 2878 5043 Huic
2923 4987 3255 5056 desponsata
3295 4991 3627 5062 corruptelis

330 5083 580 5138 dicitur:
620 5079 752 5135 Cum
811 5079 1045 5134 videritis
1103 5081 1276 5152 justas
1332 5082 1530 5138 intrare
1593 5082 1648 5137 in
1711 5100 1926 5156 regnum

331 5175 582 5232 calorum
629 5171 787 5246 (Luc.
837 5186 958 5239 χιιι,
1006 5169 1124 5244 28).
1175 5171 1270 5228 Isti
1317 5182 1448 5228 sunt
1486 5172 1623 5245 justi
1655 5173 1749 5246 qui
1788 5189 1918 5247 per-

276 5393 278 5396 ν
401 5350 428 5378 α
451 5339 525 5396 lta
547 5351 678 5392 mss.
709 5331 1053 5401 complures:
1082 5331 1175 5385 alii
1202 5343 1402 5392 veroet
1421 5335 1793 5405 ant.edit.,At
1815 5355 1932 5394 vero

331 5414 414 5468 cui
441 5413 598 5466 virtus
626 5423 722 5462 sua
748 5405 1011 5481 voluntate
1036 5405 1240 5474 suﬂicit.
1273 5407 1379 5481 Sed
1419 5425 1690 5481 reponere
1731 5412 1930 5481 placuit

333 5486 517 5548 ltom.,
567 5483 626 5556 sit
668 5493 786 5556 pero
817 5477 899 5530 cui
928 5475 1094 5530 virtus
1125 5479 1375 5556 suppetit.
1411 5475 1616 5536 Eadem
1649 5475 1781 5538 edit.
1814 5497 1928 5556 pro

332 5545 536 5618 verbis,
568 5551 632 5606 Et
662 5549 798 5602 ideo.
829 5587 841 5599 .
877 5586 890 5600 .
924 5588 936 5620 .
973 5563 1088 5599 cum
1119 5545 1324 5620 illis‘est
1345 5566 1591 5618 sponsus,
1615 5563 1674 5607 ut
1698 5556 1749 5608 in
1772 5545 1920 5620 aliis,

333 5636 389 5682 et
434 5616 642 5680 cunctis
674 5635 805 5675 mss.
856 5619 1108 5683 habetur,
1162 5616 1382 5688 Iungunt
1420 5616 1602 5678 locum
1647 5640 1716 5680 ex
1759 5616 1924 5681 Lucan

331 5695 648 5765 Evangelia.
681 5707 779 5746 suo
811 5707 961 5765 more
987 5691 1366 5765 substituerat.

402 5769 430 5808 1:
470 5760 596 5822 Niss.
623 5778 726 5818 nOu
761 5763 912 5832 pauci
937 5777 1058 5816 cum
1081 5768 1194 5832 aut.
1229 5760 1359 5815 edit.
1381 5803 1396 5825 ,
1427 5762 1525 5817 Isti
1559 5777 1704 5820 erunt
1732 5768 1912 5824 vulnee

334 5841 465 5906 rati;
492 5837 584 5895 alii
605 5830 809 5906 aliquot
835 5833 889 5888 in
926 5833 1120 5905 quibus
1145 5830 1336 5901 Corb.,
1369 5834 1606 5893 sitierunt
1633 5840 1909 5899 vulnerati.

695 5925 968 5993 PthOL.
1015 5924 1159 5988 XV.

2025 5083 2207 5140 Carnis
2241 5081 2564 5147 absolvitur,
2596 5092 2704 5134 non
2748 5077 2888 5133 ﬁlios
2918 5078 3179 5133 mortales
3215 5065 3466 5151 requirit,
3514 5099 3624 5139 non

2029 5177 2156 5235 Evae
2205 5176 2509 5234 delectatur
2557 5172 2880 5241 doloribus,
2935 5189 3044 5229 non
3096 5173 3274 5228 virum
3325 5173 3626 5233 obnoxium

2033 5336 2103 5394 Et
2131 5338 2249 5394 hinc
2264 5351 2390 5391 vera
2419 5335 2580 5390 lectio
2605 5341 2708 5389 est.
2746 5331 2843 5386 llic
2871 5330 3014 5386 enim
3039 5329 3073 5385 ii
3096 5331 3186 5401 qui
3211 5330 3474 5404 jejunum,
3511 5354 3619 5396 non

2024 5408 2398 5480 jejunamibus
2425 5417 2772 5480 opponuntur
2798 5422 2819 5480 _:
2846 5418 2967 5480 cum
3001 5412 3180 5480 autem
3213 5405 3280 5458 de
3301 5405 3504 5480 ultimis
3537 5411 3618 5465 in-

2028 5475 2111 5537 ira
2131 5484 2390 5548 scriptum
2416 5475 2488 5534 sit
2520 5497 2534 5531 :
2571 5475 2840 5548 Quomodo
2865 5475 3065 5548 videtur
3088 5476 3355 5548 jejunare,
3393 5479 3483 5547 qui
3512 5497 3617 5536 non

2022 5553 2164 5620 sitit;
2183 5546 2316 5605 satis
2347 5548 2692 5620 intelligimus
2711 5547 2960 5618 jejunare
2987 5546 3230 5620 illossde
3258 5546 3450 5615 quibus
3478 5550 3613 5604 dici-

2025 5616 2153 5692 tur,'
2176 5624 2432 5677 sitierunt.
2466 5616 2598 5675 Nam
2630 5616 2738 5692 hic,
2772 5616 3057 5692 uulnerati,
3089 5616 3331 5692 idcnrest
3357 5633 3420 5672 ac
3447 5623 3611 5692 poeni-

2021 5687 2178 5751 tcntia
2209 5712 2309 5749 non
2339 5693 2508 5748 sanati
2537 5708 2556 5746 :
2590 5690 2673 5746 vel
2704 5693 2840 5745 forte
2858 5731 2870 5748 .
2893 5687 3132 5742 ardenter
3161 5688 3418 5753 sitientes,
3447 5687 3608 5760 Siqui.

2016 5768 2140 5824 deut
2172 5767 2484 5822 vulneribus
2507 5763 2739 5819 confossi
2772 5767 2946 5814 solent
2969 5760 3204 5813 inaximo
3229 5760 3348 5812 sitis
3373 5770 3508 5815 testu
3535 5765 3606 5817 ob

2015 5841 2336 5897 exhaustum
2364 5836 2681 5907 sanguinem
2702 5834 2968 5888 laborare.

3237 5923 3304 5980 15
