4156 6346
524 325 668 386 1643

1880 314 2131 377 SANCTI
2166 314 2499 375 ΑΜΒῐιοδιι

3693 318 3829 375 ίσιι

523 444 721 513 culpas,
752 456 864 498 non
885 439 1259 499 basreditatem
1280 437 1629 496 condemnati
1661 435 1831 508 patris
1866 435 2115 506 requirit.
2146 432 2202 495 Δ
2226 436 2395 492 clavis
2425 435 2752 507 quibusdam
2778 475 2793 502 ,
2844 443 2901 492 et
2948 434 3108 492 bonis
3163 433 3523 507 compedibus
3549 437 3829 495 charitatis

523 536 673 592 Vidit
721 535 865 592 enim
909 534 1089 590 carnis
1127 534 1347 598 ulcera,
1398 546 1560 603 quam
1584 539 1744 585 antea
1774 528 2128 598 concupisce-

520 630 658 696 bat;
708 628 946 686 advertit
972 642 1080 683 non
1108 642 1234 683 esse
1270 624 1736 695 pulchritudinem
1780 635 2127 690 veram,qua:

519 724 780 780 vitiorum
806 722 1001 778 habeat
1023 719 1451 776 deformitatem.
1487 718 1557 775 Et
1586 717 1711 773 ideo
1731 715 1862 788 quid
1887 714 1982 770 tibi
2003 728 2126 769 cum

522 818 621 873 tali
661 830 890 886 sponso,
924 814 1163 870 femina?
1199 812 1438 884 Require
1465 810 1776 883 diligenter,
1808 820 1864 866 et
1896 810 1950 864 in
1978 808 2127 864 omni
2160 848 2165 851 -

520 925 755 981 corpore
778 908 1023 965 invenies
1076 907 1411 963 cicatricem.
1442 906 1727 977 Cognosce
1757 903 1927 960 alium
1954 901 2129 971 magis

520 1020 815 1077 sponsum,
854 1004 947 1074 qui
981 1002 1358 1058 circumdatur
1388 1001 1531 1067 luce,
1584 1001 1743 1069 cujus
1773 998 1988 1069 species
2019 1010 2128 1055 non

517 1108 706 1171 potest
735 1098 982 1153 interire.
1004 1096 1159 1153 Hunc
1191 1096 1392 1152 tollein
1420 1095 1605 1149 animo
1635 1104 1756 1160 tuo,
1788 1105 2049 1148 consecra
2074 1089 2129 1144 in

521 1191 730 1261 templo
753 1200 870 1257 tuo,
896 1189 1030 1246 tolle
1050 1189 1105 1245 in
1127 1203 1363 1260 corpore
1388 1196 1515 1252 tuo,
1544 1187 1687 1242 sicut
1708 1186 1973 1254 scriptum
2003 1191 2087 1238 est
2113 1199 2127 1236 :

516 1281 711 1337 Tollite
757 1279 1043 1335 Dominum
1098 1280 1154 1335 in
1192 1295 1413 1349 corpore
1465 1286 1633 1335 uestro
1666 1276 1710 1349 (l
1752 1275 1877 1332 Cor.
1910 1291 1986 1343 vr,
2009 1273 2126 1345 20).

516 1373 694 1445 Hujus
726 1373 999 1429 thalamos
1026 1373 1317 1443 ingredere
1338 1386 1537 1438 novos,
1572 1370 1733 1440 hujus
1752 1377 2002 1440 spectato
2034 1383 2129 1438 pe-

517 1468 799 1538 regrinum
824 1466 1103 1533 decorem,
1134 1466 1276 1523 hunc
1298 1466 1483 1530 indue,
1518 1465 1662 1521 hunc
1683 1464 1808 1520 vide
1838 1463 1905 1518 ad
1935 1462 2133 1519 dexte-

515 1578 635 1618 ram
692 1563 901 1630 Patris,
932 1571 990 1619 et
1022 1561 1196 1632 gaude
1240 1561 1366 1632 quia
1413 1561 1574 1617 talem
1607 1560 1775 1615 habes
1810 1572 2076 1628 sponsum
2113 1572 2129 1610 :

514 1654 609 1712 hic
636 1664 693 1713 te
730 1656 928 1713 vestiet
971 1655 1434 1722 benedictionem,
1463 1669 1533 1713 ns
1563 1669 1670 1727 qua
1689 1649 2130 1711 noceatsclssura

522 1751 756 1820 peccati.

2231 533 2465 588 innexus
2519 546 2660 587 sum.
2710 530 2885 587 Omne
2934 529 3248 586 mandatum
3301 538 3452 585 tuum
3477 530 3620 587 sicut
3648 542 3833 587 caute-

2229 627 2370 682 rium
2396 628 2721 697 impressum
2775 624 2994 681 tenebo.
3025 622 3092 680 Et
3134 624 3179 681 si
3212 625 3318 681 urit
3347 625 3649 682 cauterium
3680 642 3834 681 man-

2229 718 2383 785 dati;
2420 730 2603 775 tamen
2638 718 2940 789 putrefacta
2984 718 3171 774 carnis
3188 718 3389 784 exurit,
3440 733 3509 774 ne
3553 718 3621 773 ad
3648 718 3830 775 vivum

2230 822 2416 884 serpat
2461 813 2715 884 contagio
2748 823 2848 870 :et
2875 814 2920 869 si
2963 813 3178 870 mordet
3223 814 3710 879 medicamentum,
3748 824 3831 870 ta-

2232 925 2356 965 men
2382 910 2571 965 vitium
2597 908 2799 964 ulceris
2824 908 2985 964 tollit.
3010 910 3180 965 Aufer
3203 910 3388 980 igitur,
3424 910 3652 976 Domine
3680 908 3831 976 Jesu,

2232 1004 2443 1074 potenti
2488 1002 2758 1059 machaera
2807 1012 2895 1058 tua
2927 1017 3173 1059 meorum
3222 1002 3543 1073 putredines
3583 1011 3837 1073 peccato-

2231 1119 2353 1159 rum
2387 1119 2401 1156 :
2431 1102 2563 1158 dum
2609 1116 2696 1157 me
2748 1100 2920 1158 habes
2972 1101 3194 1172 ligatum
3235 1100 3520 1157 eharitatis
3570 1100 3832 1167 vinculis,

2233 1212 2358 1254 seca
2404 1196 2788 1267 quodcumque
2836 1197 3091 1254 vitiosum
3141 1207 3245 1252 est.
3283 1196 3419 1251 Veni
3446 1198 3558 1252 cito
3584 1196 3836 1252 incidens

2231 1290 2480 1348 occultas
2519 1298 2576 1345 et
2619 1289 2886 1357 latentes,
2918 1289 3208 1359 variasque
3258 1288 3541 1359 passiones
3570 1307 3585 1342 :
3620 1289 3837 1359 aperito

2235 1383 2471 1447 vulnus,
2527 1396 2597 1438 ne
2652 1381 2849 1438 noxius
2894 1393 3083 1452 serpat
3131 1382 3348 1437 humor.
3398 1380 3645 1437 Emunda
3671 1395 3838 1438 omne

2230 1478 2377 1551 quod
2406 1476 2635 1533 fetidum
2664 1486 2749 1533 est
2776 1477 3065 1548 peregrino
3096 1477 3337 1532 lavacro.
3364 1477 3565 1533 Audite
3588 1492 3696 1545 me,
3725 1486 3838 1533 ter-

2232 1571 2352 1629 reni
2382 1572 2762 1643 homines,qui
2798 1573 3034 1642 peccatis
3049 1573 3626 1645 vestrisnogitationes
3652 1574 3839 1631 ebrias

2234 1666 2447 1736 geritis.
2482 1666 2548 1722 Et
2585 1681 2688 1737 ego
2713 1666 2877 1722 Levis
2901 1666 3101 1723 talibus
3150 1682 3302 1723 eram
3337 1666 3684 1736 passionibns
3711 1682 3842 1723 sau-

2235 1759 2433 1814 ciatus.
2503 1758 2691 1815 inveni
2756 1758 3029 1814 medicum
3098 1760 3189 1829 qui
3273 1759 3326 1813 in
3382 1758 3524 1814 cosio
3583 1759 3837 1825 habitat,

585 1843 682 1898 25.
723 1842 1022 1900 Servemus
1052 1842 1215 1914 igitur
1258 1850 1489 1906 vestem,
1516 1854 1677 1911 quam
1704 1852 1804 1895 nos
1841 1851 2000 1893 sacro
2023 1836 2129 1892 Do-

2232 1860 2289 1908 et
2336 1852 2392 1908 in
2441 1852 2606 1908 terris
2655 1852 2862 1923 spargit
2921 1844 3341 1908 medicamenta.
3403 1852 3501 1908 llic
3544 1852 3693 1908 solus
3740 1866 3839 1920 po-

520 1939 705 1995 minus
732 1948 1082 2011 emergentes
1110 1938 1260 1994 fonte
1282 1936 1521 1993 vestivit.
1550 1936 1673 1991 Cito
1710 1932 1981 1990 scinditur
2005 1946 2124 1987 ves-

515 2031 587 2085 tis
607 2070 621 2097 ,
654 2032 701 2085 si
734 2030 873 2086 facta
897 2046 1007 2086 non
1038 2037 1378 2101 congruant;
1422 2029 1537 2085 cito
1584 2028 1746 2083 tineis
1777 2024 1961 2081 carnis
1990 2031 2129 2079 atte-

513 2125 676 2193 ritur,
730 2132 787 2181 et
834 2126 1041 2182 veteris
1094 2126 1334 2181 hominis
1373 2139 1564 2180 errore
1592 2122 1929 2195 :maculatur.
1984 2120 2129 2190 Ergo

480 2218 609 2285 ,bic
656 2234 793 2275 nova
848 2220 1127 2275 veteribus
1176 2218 1441 2289 copulare
1473 2234 1487 2271 ι
1518 2218 1572 2272 in
1621 2214 1889 2287 Apostolo
1944 2222 2127 2269 autem

516 2315 682 2369 etiam
732 2314 895 2371 novis
944 2324 1131 2371 vetera
1176 2314 1545 2383 snpervestire
1594 2310 1993 2383 prohibemur,
2028 2306 2129 2363 sed

517 2424 730 2465 exuere
762 2417 959 2478 vetus,
1009 2424 1211 2463 novum
1254 2422 1508 2471 sumere;
1566 2415 1625 2461 ut
1654 2404 1971 2475 exspoliati,
2018 2418 2128 2458 non

460 2566 472 2577 κ
514 2504 648 2560 nudi
673 2501 1099 2575 inveniamur(ll
1117 2501 1238 2556 Cor.
1258 2515 1311 2564 v,
1330 2498 1476 2571 24).
1503 2497 1897 2568 Easpoliamur
1917 2493 2129 2567 1362

514 2599 666 2654 enim
697 2599 926 2654 meliora
955 2596 1226 2666 sumpturi
1256 2611 1269 2648 :
1295 2592 1567 2649 nudamur
1602 2602 1787 2647 autem
1813 2603 1937 2644 cum
1970 2586 2131 2643 indu-

512 2701 764 2751 mentum
794 2693 952 2749 nobis
978 2690 1159 2747 aliena
1192 2687 1387 2745 fraude
1415 2686 1731 2745 detrahitur
1752 2726 1768 2752 ,
1798 2699 1906 2743 non
1940 2690 2129 2739 nostra

519 2788 804 2845 voluntate
833 2786 1155 2858 deponitur.

589 2902 771 2974 (Vers.
807 2898 927 2974 57.)
957 2899 1026 2956 Et
1054 2914 1204 2955 nemo
1242 2898 1399 2953 mittit
1448 2897 1623 2953 alnum
1656 2908 1852 2956 nasum
1902 2894 1958 2948 in
1987 2900 2131 2948 utres

520 3006 739 3053 υειετεε.

588 3087 682 3143 26.
724 3084 1011 3158 Fragilitas
1043 3087 1298 3151 humanm
1336 3084 1673 3140 conditionis
1701 3082 1975 3153 aperitur,
2003 3092 2128 3135 cum

517 3196 750 3252 corpora
775 3189 962 3235 nostra
989 3178 1199 3235 exuviis
1224 3177 1607 3234 defunctorum
1630 3175 1949 3231 animalium
1973 3187 2126 3229 eom-

519 3237 803 3344 parantur.
838 3270 1016 3342 Atque
1048 3271 1253 3326 utinam
1284 3258 1551 3326 bonorum
1583 3270 1784 3323 utrium
1817 3282 1979 3327 usum
2000 3281 2125 3336 pos-
2149 3237 2197 3300 α

518 3366 690 3421 simus
718 3362 982 3434 implere;
1034 3370 1093 3417 ut
1141 3369 1544 3417 sacramentum
1590 3359 1735 3430 quod
1784 3358 2121 3426 accepimus,

517 3458 907 3515 reservemus!
938 3457 1111 3512 Levat
1136 3454 1389 3526 iniuriam
1422 3452 1695 3509 industria
1721 3494 1735 3519 ,
1769 3454 1813 3508 si
1845 3452 2125 3508 renovatis

519 3553 732 3609 utribus
761 3565 896 3607 nova
942 3550 1068 3605 vina
1099 3548 1416 3604 credantur.
1453 3548 1519 3601 Et
1548 3546 1674 3603 ideo
1704 3554 1853 3601 utres
1877 3546 1980 3601 hos
2004 3546 2121 3616 ple-

518 3661 619 3701 nos
646 3658 866 3700 servare
887 3656 1109 3713 semper
1127 3640 1420 3707 debemus;
1448 3652 1655 3695 vacuos
1677 3640 1824 3693 enim
1848 3639 1957 3694 cito
1978 3640 2141 3709 tinea,
2212 3664 2225 3671 ο

518 3746 576 3796 et
598 3751 782 3809 mrugo
815 3736 1113 3803 consumit,
1148 3735 1319 3807 gratia
1348 3743 1536 3791 servat
1569 3734 1849 3804 impletos.

589 3833 684 3889 27.
728 3832 961 3889 Pulchre
987 3842 1168 3887 autem
1193 3831 1345 3901 operi
1378 3830 1502 3885 huic
1532 3829 1659 3885 talia
1693 3838 1966 3899 praecepta
1990 3842 2125 3885 con-

518 3927 1029 3984 veniuntzsextum
1080 3932 1164 3981 est
1219 3924 1365 3979 enim
1399 3936 1559 3994 opus,
1614 3938 1721 3992 quo
1765 3922 1928 3978 Levis
1983 3934 2121 3976 nova

518 4020 752 4091 quadam
784 4020 1048 4090 figuratur
1078 4016 1251 4071 forma
1284 4014 1438 4089 (Luc.
1474 4030 1528 4081 v,
1562 4014 1681 4086 Ἦ).
1735 4014 1909 4071 Sexto
1940 4022 2123 4069 autem

519 4115 609 4171 die
633 4114 807 4170 factus
834 4120 919 4169 est
944 4111 1110 4171 homo
1137 4110 1293 4181 (Gen.
1324 4126 1363 4176 t,
1389 4107 1485 4179 26)
1518 4119 1707 4165 :sexto
1732 4110 1894 4179 igitur
1918 4108 2124 4164 Christi

520 4225 689 4283 opere
714 4207 1042 4265 reformatur
1070 4207 1180 4277 jam
1213 4221 1322 4261 non
1350 4214 1527 4271 vetus,
1562 4204 1657 4260 sed
1685 4217 1821 4259 nova
1848 4212 2120 4270 creatura,

519 4313 577 4364 et
607 4304 854 4377 qumdam
887 4303 1059 4358 forma
1086 4299 1398 4372 peregrina.
1433 4298 1501 4353 Et
1529 4297 1655 4353 ideo
1679 4306 1950 4367 tamquam
1986 4311 2122 4349 nova

517 4410 771 4457 creatura
808 4394 1027 4452 Christo
1052 4392 1364 4449 convivium
1392 4390 1646 4456 exhibet;
1700 4404 1766 4445 eo
1790 4390 1932 4460 quod
1965 4399 2020 4445 et
2070 4391 2123 4445 in

521 4495 642 4567 ipso
668 4492 920 4551 Christus
944 4489 1312 4545 delectaretur
1345 4530 1359 4554 ,
1416 4497 1469 4542 et
1502 4486 1619 4557 ipse
1646 4492 1855 4557 partem
1883 4484 2125 4540 deiecta-

523 4590 692 4647 tionis
733 4592 1037 4643 mcreretur
1066 4582 1269 4639 habere
1306 4596 1428 4637 cum
1459 4580 1700 4637 Christo.
1734 4580 1815 4635 Ad
1848 4578 1996 4635 hunc
2026 4578 2125 4650 igi-

2234 1955 2549 2002 testsanare
2575 1947 2802 2001 vulnera
2831 1960 2975 2011 mea,
3002 1946 3097 2017 qui
3126 1961 3225 2002 sua
3256 1947 3471 2003 nescit:
3503 1945 3593 2002 hic
3613 1945 3837 2013 auferre

2229 2037 2413 2093 cordis
2462 2039 2752 2107 dolorem,
2806 2039 3183 2111 palloremque
3233 2040 3475 2107 animae,
3539 2040 3637 2111 qui
3683 2040 3838 2096 novit

2231 2133 2469 2187 occulta.

2303 2223 2461 2295 (Cap.
2507 2223 2834 2280 Vl.—-Vers.
2866 2223 2948 2297 i.)
2980 2223 3201 2280 Factum
3228 2238 3306 2281 est
3334 2237 3510 2283 autem
3534 2228 3593 2283 in
3621 2226 3836 2283 sabbato

2229 2316 2460 2373 secundo
2486 2318 2687 2388 primo;
2720 2335 2839 2373 cum
2868 2320 3111 2375 transiret
3144 2336 3237 2390 per
3264 2322 3542 2385 seminata,
3580 2322 3838 2376 callebant

2231 2413 2478 2485 discipuli
2519 2415 2629 2487 ejus
2673 2414 2877 2485 spicas,
2922 2422 2971 2469 et
3014 2414 3435 2481 manducabant,
3490 2415 3838 2487 eonfrieautes

2231 2522 2322 2562 eus
2346 2505 2588 2561 ntanibus
2608 2508 2740 2562 suis.

2302 2600 2395 2657 28.
2435 2600 2548 2657 Nec
2590 2602 2771 2657 solum
2812 2602 3308 2673 comprehensione
3347 2602 3639 2661 verborum
3667 2644 3682 2670 ,
3738 2604 3836 2659 sed

2230 2697 2397 2753 etiam
2424 2711 2527 2751 usu
2555 2697 2694 2766 ipso,
2719 2698 3017 2768 specieque
3034 2707 3315 2769 gestorum
3343 2700 3533 2769 incipit
3559 2699 3833 2755 hominem

2232 2792 2500 2848 Dominus
2539 2791 2701 2847 Jesus
2737 2794 2940 2849 veteris
2987 2793 3374 2850 observatione
3406 2794 3566 2867 Legls
3609 2809 3832 2859 exuere,

2232 2901 2486 2958 novoque
2517 2887 2840 2944 indumento
2863 2888 3057 2960 gratiae
3087 2890 3315 2946 vestire.
3353 2890 3539 2961 Itaque
3568 2905 3691 2946 eum
3719 2891 3831 2961 jam

2233 2978 2287 3035 in
2315 2980 2544 3036 sabbato
2563 2996 2658 3051 per
2679 2981 2945 3037 seminata
2967 2981 3223 3046 traducit,
3255 2982 3359 3037 hoc
3384 2993 3493 3047 est,
3526 2992 3554 3021 ι
3575 2982 3834 3038 admovet

2230 3075 2546 3132 fructuosis.
2568 3077 2708 3144 Quid
2731 3078 2835 3134 sibi
2854 3077 3148 3135 sabbatum
3167 3078 3321 3147 velit,
3343 3080 3473 3150 quid
3498 3094 3678 3152 seges,
3699 3080 3831 3151 quid

2232 3172 2399 3241 spica;
2424 3188 2532 3227 non
2566 3173 2845 3230 mediocre
2880 3176 3206 3247 mysterium
3252 3185 3355 3233 est.
3397 3176 3545 3248 Ager
3566 3174 3718 3232 "enim
3748 3185 3834 3233 est

2228 3266 2409 3321 omnis
2434 3266 2522 3323 hic
2551 3268 2787 3325 mundus
2812 3284 2825 3323 :
2858 3270 3071 3343 1333
3093 3270 3207 3342 agri
3234 3282 3395 3343 seges
3417 3272 3469 3326 in
3493 3272 3704 3327 satione
3733 3270 3831 3326 bu:

2226 3360 2373 3415 niani
2396 3362 2616 3430 generis
2637 3361 2942 3417 fecunditas
2965 3376 3261 3419 numerosa
3285 3372 3634 3429 sanctorum;
3665 3364 3832 3434 spica:

2228 3454 2343 3524 agri
2390 3452 2602 3509 fructus
2651 3452 2945 3521 Ecclesiae,
2992 3471 3131 3526 quos
3173 3456 3431 3527 operibus
3478 3455 3833 3512 discutientcs

2225 3548 2345 3603 suis
2364 3548 2596 3618 apostoli
2620 3549 3008 3620 pascebantur,
3044 3560 3236 3606 nostro
3250 3564 3311 3605 se
3328 3548 3542 3606 alentes
3563 3550 3826 3620 profectu.

2298 3642 2390 3697 ‘29.
2434 3640 2623 3697 Stabat
2671 3640 2837 3713 igitur
2888 3656 3049 3714 seges
3100 3643 3215 3713 jam
3259 3644 3488 3699 fecunda
3549 3643 3826 3711 virtutum,

2228 3735 2627 3804 pullulantibus
2685 3735 2874 3806 spicis,
2919 3735 3116 3807 quibus
3164 3738 3339 3792 nostri
3388 3736 3600 3792 fructus
3647 3738 3828 3792 meriti

2227 3839 2649 3898 comparantur;
2700 3842 2857 3899 mque
2900 3826 3046 3885 enim
3080 3842 3174 3885 aut
3228 3830 3405 3887 imbre
3462 3841 3828 3899 marcescunt,

2228 3930 2323 3977 ant
2351 3922 2469 3977 sole
2492 3929 2793 3989 torrentur,
2829 3932 2923 3978 aut
2949 3922 3149 3994 pluviis
3183 3923 3532 3989 hnmeseunt,
3567 3935 3662 3980 aut
3693 3934 3832 3980 tem-

2230 4021 2532 4092 pestatibus
2585 4019 2883 4088 eliduntur,
2939 4032 3032 4077 aut
3082 4034 3111 4075 a
3159 4023 3500 4079 messoribus
3539 4022 3680 4077 intra
3706 4023 3833 4078 hor-

2229 4127 2450 4169 reorum
2486 4112 2724 4169 felicium
2756 4116 3099 4184 receptaeula
3143 4114 3533 4171 reconduntur.
3590 4115 3833 4184 Recepta:

2227 4216 2313 4262 rat
2367 4221 2498 4277 ergo
2552 4216 2697 4271 terra
2746 4209 2855 4277 jam
2890 4208 2985 4264 Dei
3029 4209 3278 4276 verbum,
3308 4220 3365 4265 et
3383 4210 3595 4267 rmlesti
3622 4211 3831 4266 semine

2227 4309 2379 4357 satus
2407 4302 2605 4357 divites
2643 4302 2787 4358 fetus
2819 4316 2951 4374 ager
2978 4304 3154 4376 almus
3182 4303 3472 4359 effuderat.
3506 4303 3833 4359 Esuriebant

2226 4395 2484 4465 discipuli
2513 4394 2746 4453 salutem
2797 4396 3103 4462 hominum,
3136 4406 3190 4453 et
3220 4407 3493 4469 tamquam
3521 4415 3551 4453 e
3571 4399 3834 4455 folliculis

2228 4499 2517 4556 corporum
2553 4489 2816 4543 mentium
2867 4488 3076 4545 fructus
3101 4490 3168 4544 ad
3198 4489 3321 4545 fidei
3354 4492 3528 4545 lucem
3554 4492 3831 4560 praeclaris

2232 4594 2461 4651 operum
2494 4597 2718 4638 suorum
2766 4584 3043 4639 miraculis
3084 4584 3373 4641 eruebant.
3405 4585 3511 4641 Sed
3546 4587 3647 4642 hoc
3678 4594 3833 4656 puta-

525 4692 615 4737 tur
644 4677 1046 4735 informandum
1089 4686 1362 4748 prmcepta
1392 4674 1485 4730 dat
1516 4674 1777 4731 Dominus
1803 4691 1819 4741 ;
1852 4673 2125 4745 sequeba-

2234 4667 2363 4733 ι)θῆ
2386 4677 2560 4734 Judaei
2581 4680 2811 4735 sabbato
2838 4696 2946 4735 non
2971 4681 3159 4748 licere,
3183 4680 3435 4737 Christus
3467 4693 3647 4738 autem
3677 4640 3831 4739 nova:

525 4788 615 4833 tur
639 4773 783 4829 enim
828 4772 945 4843 jam
976 4772 1153 4838 laetus,
1194 4771 1398 4836 alacer,
1451 4776 1507 4825 et
1558 4769 1867 4834 exsultans,
1889 4767 2081 4823 dicens
2110 4784 2123 4822 :

525 4870 647 4928 iam
692 4880 801 4923 non
850 4865 1198 4935 publicanum
1246 4877 1399 4933 gero,
1453 4862 1565 4933 jam
1599 4878 1707 4917 non
1740 4872 1902 4933 porto
1931 4862 2123 4918 Levin.

526 4962 665 5021 F.qu
700 4958 868 5016 Levin
904 5001 919 5025 ,
975 4964 1263 5028 postquam
1289 4955 1569 5010 Christum
1612 4955 1785 5009 indui.
1822 4955 1921 5010 Odi
1955 4966 2127 5025 genus

524 5069 728 5122 meum,
782 5050 928 5123 fugio
974 5050 1139 5105 vitam
1174 5062 1348 5104 meam
1404 5049 1676 5121 priorem;
1720 5048 1899 5104 solum
1950 5058 2004 5106 te
2034 5064 2125 5105 sei

519 5162 682 5221 quor,
724 5144 952 5202 Domine
994 5143 1147 5210 .iesu,
1187 5144 1277 5213 qui
1323 5154 1487 5197 sanas
1526 5141 1756 5197 vulnera
1802 5156 1944 5199 mea.
1978 5144 2113 5213 Quis

521 5242 668 5299 enim
698 5256 787 5296 me
824 5248 1043 5309 separat
1075 5252 1107 5291 a
1134 5235 1407 5292 charitate
1435 5233 1558 5303 Dei,
1609 5250 1732 5307 qua:
1776 5236 1830 5290 in
1886 5244 1937 5291 te
1995 5239 2125 5293 est?

519 5332 844 5400 Tribulatio,
877 5346 944 5385 an
966 5329 1242 5401 angustia,
1274 5344 1341 5384 an
1365 5328 1575 5386 fames?
1597 5326 1821 5401 Ligatus
1849 5344 1967 5386 sum
1996 5329 2121 5389 fidei

593 5452 622 5487 ⁸
661 5448 860 5520 Omnes
891 5444 1049 5511 edit.,
1080 5447 1316 5520 adutorvel
1354 5448 1633 5520 fructuosis
1662 5446 1947 5501 itineribus.
1981 5448 2107 5506 Mss.

518 5536 653 5576 vero
685 5536 788 5575 non
820 5519 1041 5584 habent,
1070 5519 1337 5574 itineribus
1359 5519 1382 5573 ':
1402 5534 1521 5589 quae
1562 5534 1666 5574 vox
1700 5520 2002 5575 introducta
2033 5523 2112 5575 vi-

517 5594 679 5649 detur
697 5594 764 5646 ab
786 5592 989 5661 aliquo,
1022 5592 1114 5663 qui
1136 5606 1241 5646 non
1271 5601 1484 5663 putaret
1508 5592 1645 5646 scite
1669 5592 1774 5645 dici
1809 5604 1991 5662 posse,
2018 5595 2115 5647 ad-

517 5675 679 5788 move;
712 5664 1009 5734 fructuosis,
1044 5662 1542 5736 ’sublntelligendo,
1578 5663 1839 5734 operibus,
1878 5664 1987 5730 vel,
2019 5680 2110 5718 ae-

516 5746 645 5789 ltom
685 5753 764 5789 us.

591 5808 618 5845 ι’
650 5808 791 5863 Edit.
824 5816 933 5861 vet.
969 5823 1093 5861 cum
1126 5805 1312 5876 paucis
1348 5820 1503 5871 mss.,
1536 5807 1807 5862 sabbatum
1836 5806 2117 5861 secundum

520 5877 706 5949 (liont.
730 5920 743 5946 ,
786 5878 1260 5953 secundoyriutum)
1296 5880 1520 5951 positum
1546 5889 1705 5953 puto;
1736 5880 1982 5951 quoniam
2001 5879 2118 5934 sab-

2230 4773 2421 4844 gratia:
2448 4788 2675 4830 munere
2696 4773 3018 4846 designabat
3046 4776 3219 4830 otium
3253 4774 3436 4846 Legis,
3458 4790 3596 4848 opus
3618 4778 3826 4847 gratim.

2303 4868 2511 4927 50.Nec
2531 4870 2649 4925 siue
2671 4870 2928 4943 mysterio
2946 4871 3050 4926 hoc
3071 4870 3139 4925 ab
3159 4869 3507 4942 Evangelista
3528 4872 3826 4927 secundum

2232 4961 2543 5018 Matthacum
2587 4963 2800 5038 (Matth.
2826 4980 2923 5028 xu.
2962 4964 3040 5037 i),
3074 4972 3127 5020 et
3158 4964 3395 5019 Marcum
3429 4960 3625 5039 (Marc.
3666 4965 3827 5035 ",23)

2230 5055 2259 5095 δ
2287 5057 2511 5113 sabbata
2547 5072 2682 5127 pure
2712 5059 2885 5127 posita
2926 5064 3089 5127 puto,
3129 5058 3387 5128 quoniam
3432 5057 3656 5112 sabbata
3702 5072 3827 5127 per-

2230 5158 2387 5220 petua
2427 5147 2576 5205 ferite
2606 5159 2733 5204 sunt
2774 5149 3195 5205 resurrectionis
3226 5158 3467 5206 aeternae.
3513 5148 3613 5205 Vel
3641 5151 3693 5204 iu
3726 5150 3829 5206 hoc

2228 5244 2393 5314 igitur
2452 5245 2654 5299 sacculo
2714 5243 2926 5300 feriatis
2984 5260 3048 5301 ac
3101 5245 3422 5301 vacantibus
3485 5246 3830 5319 superstitio-

2226 5340 2387 5396 nibus
2414 5338 2759 5405 .ludatorum,
2815 5338 2899 5394 vel
2933 5339 2989 5396 in
3022 5338 3205 5397 futuro
3232 5338 3399 5396 ferias
3426 5338 3529 5411 ipsi
3565 5351 3826 5412 perpetua

2214 5456 2387 5511 butum
2406 5465 2665 5528 perpetuw
2685 5456 2847 5525 ferite,
2877 5464 2984 5528 etc.
3007 5454 3205 5512 Cmterl
3233 5456 3354 5511 cod.
3379 5472 3574 5522 magno
3597 5471 3826 5512 numero

2219 5537 2275 5583 et
2303 5526 2514 5582 meliori
2546 5542 2664 5581 aevo
2703 5526 2914 5595 scripti,
2961 5538 3019 5581 ut
3066 5530 3118 5583 in
3159 5536 3330 5582 textu.
3354 5529 3444 5582 Sic
3468 5544 3631 5598 porro
3656 5531 3825 5583 inter-

2218 5610 2458 5673 pretare,
2485 5600 2698 5653 sabbata
2726 5615 2855 5673 pure
2877 5600 3067 5673 posita,
3098 5602 3249 5673 quasi
3276 5610 3443 5673 esset,
3476 5600 3823 5673 simpliciter,

2220 5680 2279 5725 ttt
2303 5672 2454 5725 aiunt
2482 5711 2494 5735 ,
2532 5673 2653 5726 sine
2679 5671 2865 5726 addito
2905 5672 3077 5741 posita
3104 5670 3305 5743 {quant
3364 5670 3655 5727 lectionem
3703 5686 3826 5741 ger—

2221 5758 2441 5817 manam
2481 5758 2605 5817 esse
2658 5743 2923 5817 inspectis
2959 5742 3244 5817 utriusque
3285 5742 3646 5814 Evangelista:
3690 5746 3828 5801 locis

2230 5814 2392 5871 facile
2413 5814 2811 5886 deprehendes.
