4156 6346
317 353 460 418 1613

1286 350 1659 412 EXPOSITIO
1696 342 1957 411 EVANG.
1998 350 2146 411 SEC.
2185 348 2344 413 LUC.
2388 354 2518 415 LIB.
2558 345 2623 415 ν.

3477 352 3617 422 1646

326 471 675 531 solemnitate
694 468 1065 537 celebrantes,
1097 480 1222 540 qua:
1254 467 1396 525 bona
1427 477 1553 526 sunt
1579 477 1740 527 terra:
1769 484 1923 524 mau—
1950 468 1998 534 Α
2097 468 2188 526 54.
2230 469 2362 543 Legi
2395 472 2558 544 igitur
2585 470 2698 542 jam
2728 468 3068 544 superefllttit
3111 471 3359 531 doctrina
3396 474 3624 546 Christi,

337 566 660 631 ducabimus,
691 565 848 636 juxta
878 562 1024 635 quod
1058 563 1329 633 scriptum
1358 573 1445 620 est
1477 564 1597 620 :llii
1625 562 1923 620 manduca-

338 661 478 725 huut,
506 672 602 712 vos
629 671 764 713 vero
786 657 1044 713 esurietis
1076 654 1247 727 (Esai.
1278 671 1430 724 LXIII,
1458 655 1569 729 i5).

396 750 483 805 5|.
520 749 655 805 Miro
696 759 875 805 tamen
928 748 1228 803 secundum
1279 748 1516 817 Lucam,
1563 749 1924 819 secundopri-

331 862 487 914 mum,
514 861 620 901 non
645 842 1123 916 primoSecundum
1148 844 1433 899 sabbatum
1470 843 1609 899 dixit
1640 862 1654 899 :
1683 843 1925 922 δευτερό-

331 959 526 1017 πρωτον
573 939 721 993 enim
773 937 1041 1007 scriptum
1074 945 1179 992 est.
1226 936 1481 992 Praeferri
1537 936 1683 991 enim
1739 936 1929 993 debuit

330 1034 463 1106 quod
494 1032 783 1103 pracellit.
828 1030 1143 1089 Secundum
1188 1029 1312 1086 ideo
1340 1073 1354 1097 ,
1391 1029 1514 1101 quia
1540 1031 1776 1102 primum
1798 1040 1926 1086 ante

328 1144 386 1185 ex
438 1126 586 1198 Lege
635 1126 955 1195 praecessit,
1006 1127 1060 1181 in
1082 1140 1192 1197 quo
1221 1125 1385 1181 etiam
1415 1140 1574 1197 poma
1605 1126 1924 1197 praescripta

327 1230 405 1281 est
428 1222 629 1296 (Exod.
660 1237 811 1289 xxxi,
855 1220 970 1293 14),
1009 1221 1057 1277 si
1086 1222 1209 1294 quis
1237 1230 1493 1293 operetur
1523 1239 1536 1276 :
1566 1222 1797 1294 primum
1824 1238 1923 1282 att-

329 1324 429 1373 tem
463 1316 618 1384 ideo,
643 1316 771 1387 quia
802 1315 1088 1371 sabbatum
1122 1314 1258 1371 illud
1281 1330 1348 1371 ex
1379 1311 1522 1388 Lego
1553 1316 1786 1373 s‘olutum
1814 1328 1920 1388 est,

325 1409 466 1482 quod
494 1419 614 1466 erat
638 1410 908 1481 primum;
940 1416 997 1465 et
1023 1409 1126 1465 hoc
1158 1410 1395 1481 primum
1419 1408 1618 1466 factum
1646 1417 1753 1479 est,
1777 1410 1923 1483 quod

324 1501 563 1558 secundo
584 1512 666 1557 est
681 1501 1056 1558 constitutum.
1082 1500 1215 1556 Nam
1232 1511 1284 1557 et
1298 1516 1423 1556 cum
1452 1504 1669 1572 operari
1694 1502 1923 1559 sabbato

322 1594 445 1652 lieea
457 1605 499 1663 t,
523 1605 578 1650 et
599 1595 886 1667 operautls
907 1595 1055 1651 nulla
1078 1595 1151 1651 sit
1172 1608 1367 1667 prona;
1406 1595 1616 1651 sabbati
1649 1594 1835 1668 utique
1857 1610 1921 1653 ex

323 1687 461 1760 Lege
492 1688 651 1759 cujus
684 1689 768 1742 vis
810 1687 989 1743 soluta
1017 1697 1123 1755 est,
1156 1702 1259 1743 nec
1288 1702 1488 1744 nomen
1517 1685 1763 1745 harehat
1788 1705 1801 1743 ε
1826 1687 1923 1745 sed

322 1788 503 1838 tamen
533 1781 697 1837 tuerit
723 1780 863 1836 illud
891 1781 1126 1852 primum
1156 1780 1373 1851 ordine,
1408 1780 1513 1838 hoc
1540 1780 1773 1853 primum
1806 1798 1926 1839 mu-

2025 576 2127 619 nec
2155 563 2354 634 Legem
2400 563 2587 631 solvit,
2630 562 2725 622 sed
2758 566 2985 637 implet,
3027 566 3151 638 quia
3204 583 3304 625 nec
3334 568 3619 625 sabbatum

2025 656 2210 713 solvit.
2240 657 2268 697 b
2292 659 2349 716 Si
2390 660 2536 716 enim
2566 660 2852 717 sabbatum
2890 670 3113 733 propter
3143 662 3392 719 homines
3419 663 3618 721 factum

2025 760 2110 807 est
2140 768 2153 804 :
2185 752 2386 809 utilitas
2436 763 2617 811 autem
2672 753 2910 809 hominis
2955 755 3265 826 postulabat
3294 758 3622 813 esurientem

2026 842 2301 901 hominem
2344 844 2436 916 qui
2468 844 2561 900 diu
2607 845 2785 902 fuerat
2832 853 2998 902 terrae
3027 845 3293 902 fructibus
3318 845 3623 913 abdicatus,

2026 936 2231 993 veteris
2253 936 2412 992 famis
2438 936 2645 1009 jejunia
2681 938 2900 1006 vitare;
2945 948 3052 994 nun
3097 940 3280 1010 utique
3310 938 3423 995 Lex
3460 939 3628 996 solvi-

2028 1038 2155 1097 tur,
2212 1028 2309 1086 sed
2368 1029 2645 1101 impletur.
2708 1028 2995 1099 Quomodo
3051 1028 3211 1103 igitur
3274 1032 3504 1087 Domino
3556 1032 3624 1087 ad

2026 1121 2234 1176 crimen
2282 1121 2559 1192 objicltur,
2607 1121 2750 1193 quod
2793 1122 2849 1178 in
2900 1136 3063 1179 servo
3113 1139 3212 1195 pro
3249 1124 3481 1181 crimine
3524 1140 3630 1181 non

2028 1209 2290 1269 tenetur?

2099 1305 2188 1363 35.
2231 1303 2373 1375 Quid
2413 1315 2597 1363 autem
2628 1302 2936 1363 evidentius
2982 1307 3087 1363 hac
3134 1305 3325 1378 ﬁgura,
3369 1324 3489 1380 qua:
3531 1324 3627 1379 per

2027 1407 2198 1458 totam
2252 1404 2427 1459 currit
2466 1400 2790 1461 historiam?
2832 1405 3061 1462 intravit
3098 1406 3271 1462 David
3324 1402 3375 1462 in
3407 1405 3626 1464 domum

2026 1495 2378 1554 Achimelech
2399 1496 2699 1555 sacerdotis
2731 1516 2743 1553 :
2777 1497 2872 1555 sed
2901 1514 3003 1555 nec
3021 1498 3264 1571 periculo
3291 1502 3484 1558 mortis
3513 1518 3632 1571 pro-

2029 1591 2227 1658 posito,
2252 1589 2522 1661 hospitem
2547 1600 2787 1660 recusat,
2814 1592 3169 1649 necdeciinat
3191 1593 3435 1650 exsulem
3460 1594 3632 1650 sancti

2026 1678 2241 1737 animus
2267 1683 2568 1741 sacerdotis
2589 1681 2633 1757 (i
2652 1680 2787 1758 Reg.
2817 1682 3017 1757 xxt,i).
3040 1680 3218 1741 Tanta
3241 1685 3629 1758 hospitalitatis

2029 1782 2111 1830 cst
2136 1776 2331 1848 gratia,
2361 1788 2416 1833 ut
2445 1776 2683 1835 libenter
2721 1776 2774 1833 itt
2814 1788 2913 1834 nos
2944 1778 3120 1835 aliena
3160 1779 3400 1851 pericula
3449 1788 3627 1837 trans-

320 1891 483 1939 nere;
514 1890 615 1930 nec
636 1866 761 1931 ideo
792 1875 974 1932 minus
1001 1875 1129 1943 hoc,
1179 1876 1306 1949 quia
1358 1876 1679 1943 secundum;
1714 1892 1839 1933 nam
1871 1884 1928 1935 et
1952 1866 2003 1933 Β
2032 1867 2294 1925 feramus.

319 1968 497 2024 Adam
520 1967 750 2037 primus,
810 1980 911 2025 nec
964 1968 1371 2039 comparandus
1420 1969 1667 2025 secundo
1710 1969 1923 2026 Adam:

320 2059 533 2117 Primus
553 2062 701 2118 enim
730 2061 897 2116 Adam
927 2062 982 2117 in
1022 2064 1254 2118 animum
1299 2063 1571 2130 uiuentem,
1616 2065 1927 2120 novissimus

319 2155 487 2210 Adam
534 2156 592 2210 in
633 2156 878 2224 spiritum
941 2157 1313 2226 viviﬁcantem.
1356 2197 1371 2211 .
1416 2198 1430 2212 .
1476 2199 1487 2211 .
1536 2195 1551 2213 .
1608 2156 1679 2213 Et
1725 2159 1925 2229 primus

318 2251 466 2305 homo
499 2250 565 2307 ds
592 2260 730 2307 terra
761 2260 1017 2317 terrenus,
1047 2252 1307 2307 «candus
1328 2254 1483 2306 homo
1506 2252 1577 2307 dc
1594 2250 1721 2308 caelo
1749 2254 1928 2308 cmico-

316 2343 377 2422 tis
405 2342 451 2415 (i
487 2343 613 2398 Cor.
659 2359 749 2409 xv,
783 2342 855 2399 45
886 2354 931 2398 et
961 2343 1078 2415 47).
1111 2343 1381 2399 Praeiatus
1426 2344 1617 2415 utique
1652 2344 1925 2403 secundus

319 2437 534 2506 primo;
575 2437 673 2492 ille
701 2436 848 2493 enim
872 2452 1035 2492 causa
1069 2439 1263 2492 mortis
1283 2479 1299 2504 ,
1331 2437 1418 2494 hic
1464 2441 1616 2495 vita.
1644 2438 1739 2497 Sic
1759 2448 1815 2495 et
1834 2454 1925 2496 se-

316 2531 741 2601 cundoprimum
797 2531 1084 2588 sabbatum
1133 2532 1368 2599 dicitur;
1420 2532 1718 2589 secundum
1766 2535 1923 2605 juxta

316 2638 635 2691 numerum,
655 2623 893 2694 primum
908 2626 1062 2695 juxta
1082 2626 1422 2697 operationis
1441 2627 1705 2698 gratiam;
1727 2628 1927 2685 melius

316 2724 398 2787 est
427 2715 582 2771 enim
606 2716 892 2771 sabbatum
922 2732 1031 2788 quo
1060 2717 1355 2788 impunitas
1381 2718 1542 2773 datur
1566 2760 1583 2785 ,
1630 2734 1795 2790 quam
1815 2728 1927 2792 quo

318 2823 475 2879 paena
517 2809 910 2879 pmscribitur.
950 2809 1131 2866 Prima
1169 2810 1307 2879 Lex,
1354 2812 1655 2867 secundm
1684 2811 1928 2884 Evange-

314 2899 479 2967 lium;
510 2899 748 2957 inferior
770 2909 948 2959 tanien
977 2901 1215 2958 formido
1237 2917 1397 2974 quam
1425 2904 1627 2974 gratia.
1650 2906 1761 2960 Aut
1788 2904 1930 2962 forte

314 3001 369 3047 et
398 2994 641 3063 primum
662 2991 755 3049 hic
775 2994 830 3050 in
855 2993 1339 3064 pratdestinatione
1367 2995 1584 3052 consilii
1611 3036 1627 3064 ,
1653 3007 1709 3053 et
1733 3012 1927 3054 secuti.

314 3083 441 3141 dum
474 3086 537 3140 in
556 3086 844 3142 sanctione
862 3086 1097 3143 decreti.

382 3178 477 3233 32.
526 3176 709 3249 (Vors.
735 3176 819 3250 3.)
846 3178 997 3236 Bene
1039 3188 1225 3236 autem
1266 3181 1532 3238 Dominus
1583 3181 1637 3239 in
1666 3183 1808 3256 Lege
1840 3193 1918 3256 ty.

2100 1963 2192 2019 56.
2232 1962 2435 2019 Verum
2481 1964 2583 2021 hoc
2613 1976 2634 2003 ε
2662 1965 2716 2020 in
2743 1964 2971 2021 historia
3013 1964 3241 2034 morale,
3280 1962 3333 2021 in
3364 1965 3626 2040 mysterio

2028 2055 2410 2127 prophetatum
2439 2066 2545 2123 est,
2596 2056 2741 2129 quod
2772 2068 2873 2113 nec
2907 2066 3238 2131 praesumpto
3266 2057 3458 2114 futurae
3484 2075 3633 2115 mor-

2027 2149 2098 2205 tis
2121 2150 2309 2219 exitio,
2342 2165 2532 2206 verum
2574 2150 2725 2207 illum
2782 2150 2949 2207 David
3003 2144 3238 2223 hospitio
3292 2162 3404 2208 Suae
3434 2153 3633 2210 mentis

2026 2245 2270 2317 religiosi
2301 2244 2656 2303 excluderent
2709 2245 3047 2303 sacerdotes.
3099 2245 3214 2303 Nec
3249 2242 3426 2304 solum
3453 2247 3505 2301 in
3532 2263 3629 2303 cu-

2022 2340 2221 2412 jusque
2250 2341 2413 2396 domo
2445 2342 2588 2396 vatis
2619 2348 2936 2413 reperturus
2966 2340 3196 2396 docetur
3220 2337 3473 2397 Christus
3504 2338 3633 2397 hos-

2026 2434 2219 2507 pitium
2260 2451 2276 2490 :
2317 2434 2416 2491 sed
2453 2435 2618 2491 etiam
2668 2448 2765 2507 per
2802 2434 3028 2507 ﬁguram
3066 2434 3327 2506 nequitiae
3370 2434 3632 2507 spiritalis

2026 2527 2311 2583 manubias
2365 2534 2420 2583 et
2457 2538 2606 2583 arma
2656 2536 3008 2599 sumpturus;
3054 2543 3176 2583 nam
3219 2527 3310 2600 qui
3353 2524 3630 2584 Christum

2025 2615 2264 2689 hospitio
2293 2618 2509 2690 recipit,
2544 2618 2944 2691 intelligibilem
2978 2618 3134 2676 illum
3176 2614 3390 2679 Goliam
3432 2620 3632 2692 spoliat

2026 2710 2142 2766 suis
2180 2710 2323 2767 telis.

2096 2803 2190 2859 37.
2221 2802 2365 2872 Quid
2394 2814 2525 2858 vero
2562 2798 2870 2860 evidentius
2899 2818 3062 2875 quam
3092 2796 3242 2876 quod
3282 2803 3336 2861 in
3370 2802 3630 2861 Achime-

2027 2893 2151 2951 lech
2178 2896 2344 2953 domo
2363 2896 2605 2968 quinque
2636 2911 2805 2968 panes
2834 2899 2972 2969 petit
2999 2896 3170 2954 David
3201 2939 3216 2966 ,
3269 2909 3323 2956 et
3351 2896 3515 2957 unum
3541 2915 3633 2955 ac-

2024 2990 2158 3062 cipit
2188 2988 2391 3061 (ibid.,
2422 2991 2457 3047 5
2486 3000 2535 3047 et
2560 2992 2631 3063 6)
2666 3009 2679 3046 :
2711 2991 3130 3050 demonstrante
3176 3001 3306 3066 typo
3331 2993 3475 3066 quod
3519 2992 3631 3064 jam

2025 3096 2135 3139 non
2163 3081 2191 3121 ἀ
2209 3085 2454 3156 quinque
2484 3084 2659 3152 libris,
2712 3084 2809 3141 sed
2836 3082 3039 3142 Christi
3064 3100 3297 3157 corpore
3325 3080 3481 3144 cibus
3506 3084 3638 3143 iide-

2024 3178 2167 3236 iibus
2198 3185 2527 3250 pararetur;
2576 3187 2635 3234 ut
2664 3177 2916 3236 Christus
2946 3194 3147 3253 corpus
3178 3193 3487 3239 assumeret
3515 3224 3529 3249 ,
3561 3198 3631 3239 ne

315 3287 440 3340 pum
472 3272 643 3327 futuri
675 3271 780 3328 hoc
803 3286 1023 3343 quoque
1051 3272 1395 3331 demonstrat
1415 3276 1557 3346 loco,
1588 3286 1646 3333 et
1668 3250 1927 3333 defenso-
1948 3250 1999 3323 (ἶ
2027 3272 2153 3343 quis
2182 3273 2253 3329 de
2278 3271 2535 3330 ﬁdelibus
2575 3270 2844 3331 csuriret?
2886 3272 2999 3331 Nec
3043 3250 3229 3332 Doech
3256 3273 3430 3348 figura
3453 3282 3634 3343 vacat,

314 3378 403 3419 res
422 3362 599 3434 Legis
623 3364 801 3434 arguit
832 3367 1047 3421 nescire
1075 3381 1201 3437 qmn
1228 3365 1388 3437 Legis
1417 3377 1567 3437 sunt,
1612 3371 1923 3439 exemplum

309 3457 557 3514 ali'erens
583 3458 728 3528 quod
760 3458 952 3526 David,
1004 3474 1135 3516 cum
1167 3462 1404 3518 esuriret
1429 3462 1548 3533 ipse
1586 3478 1710 3520 eum
1733 3466 1922 3536 sociis,

313 3548 547 3607 intravit
565 3551 621 3607 in
645 3550 872 3618 domum
891 3553 1011 3619 Dei,
1034 3563 1089 3610 et
1108 3569 1278 3625 panes
1295 3557 1689 3626 propositionis
1713 3556 1927 3633 1365

312 3647 580 3718 sumpsit,
627 3659 683 3703 et
720 3647 1090 3716 manducavit,
1140 3658 1196 3705 et
1235 3649 1389 3706 dedit
1432 3650 1504 3708 iis
1527 3653 1619 3723 qui
1652 3666 1773 3709 cum
1804 3654 1927 3726 ipso

309 3752 474 3799 erant
502 3742 555 3816 (ι
575 3741 707 3815 Reg.
735 3760 858 3822 xxi,
891 3745 916 3799 1
942 3753 991 3800 et
1019 3744 1177 3817 καφ).
1216 3744 1465 3816 Hagnum
1495 3757 1552 3803 et
1582 3763 1709 3805 vere
1741 3763 1926 3805 exem-

313 3839 461 3907 plum
491 3838 912 3909 Pr0pheticum,
964 3854 1076 3912 quo
1120 3841 1351 3910 primum
1383 3856 1493 3897 non
1530 3843 1715 3899 inania
1742 3844 1922 3915 Legio,

314 3933 465 3988 “sed
510 3932 695 3988 solida
753 3933 1007 3990 utilitatis
1060 3934 1217 3990 nobis
1261 3936 1541 4006 sequenda
1595 3938 1923 4009 produntur.

314 4023 537 4083 Deinde
568 4026 697 4097 quia
740 4025 907 4082 David
962 4040 1087 4083 cum
1118 4027 1284 4084 sociis
1311 4028 1524 4098 fugiens
1553 4044 1583 4085 a
1606 4031 1755 4087 l‘acie'
1781 4032 1931 4102 regis

312 4120 446 4179 Sani
487 4120 586 4177 hic
640 4112 1019 4193 pmiiguratus
1082 4123 1136 4177 in
1166 4121 1313 4192 Lege
1363 4121 1618 4181 Christus
1665 4132 1771 4194 est,
1830 4125 1929 4196 qui

310 4228 441 4270 cum
463 4214 736 4285 apostolis
764 4214 1065 4286 principem
1095 4216 1279 4271 mundi
1310 4216 1525 4273 lateret.

381 4307 481 4363 35.
527 4307 817 4373 Quomodo
851 4318 1035 4364 autem
1063 4309 1155 4365 ille
1179 4309 1509 4365 observator
1537 4308 1693 4382 Legis
1760 4318 1931 4383 atque

311 4397 584 4457 defensor
612 4415 781 4471 panes
802 4408 857 4455 et
897 4402 1016 4472 ipse
1042 4400 1431 4464 manducavit.
1462 4411 1517 4459 et
1560 4404 1713 4459 dedit
1738 4403 1806 4461 iis
1833 4405 1927 4475 qui

311 4506 509 4548 secum
563 4502 757 4559 eratut,
814 4507 954 4563 quos
1015 4509 1124 4550 non
1179 4495 1379 4551 licebat
1435 4496 1769 4554 manducare
1821 4496 1929 4555 nisi

312 4586 703 4644 tantummodo
729 4587 1141 4655 sacerdotibus;
1177 4588 1281 4645 nisi
1308 4597 1366 4645 ut
1403 4604 1503 4659 per
1530 4590 1674 4661 illam
1701 4590 1929 4647 demon-

2025 3365 2118 3437 qui
2167 3373 2288 3421 erat
2326 3375 2513 3422 custos
2554 3366 2828 3423 mulorum
2862 3364 3053 3441 (Ibid.,
3080 3362 3136 3441 7)
3161 3384 3176 3435 ;
3202 3378 3268 3424 eo
3297 3366 3441 3440 quod
3472 3383 3635 3425 nemo

2024 3460 2167 3515 alius
2198 3460 2303 3517 nisi
2330 3458 2655 3518 infructuosi
2680 3463 2863 3533 gregis
2888 3468 3075 3518 custos
3101 3458 3259 3518 Iudas
3298 3470 3483 3535 typum
3508 3477 3633 3535 pro-

2026 3551 2221 3608 ditoris
2244 3553 2521 3625 impleret.
2890 3570 2893 3575 ·

2098 3648 2191 3705 38.
2233 3647 2351 3705 lam
2375 3646 2513 3705 illud
2557 3648 2703 3721 quod
2732 3662 2835 3721 pro
2862 3642 3034 3704 David
3060 3648 3376 3720 receptioue
3411 3666 3628 3707 onmem

2025 3743 2382 3801 Achimeiech
2405 3746 2624 3800 domum
2657 3753 2857 3816 praeter
2884 3727 3151 3801 Abiathar
3174 3743 3472 3816 principem
3503 3752 3633 3802 tunc

2028 3846 2137 3895 tem
2147 3840 2295 3912 poris
2312 3841 2658 3896 sacerdotum
2674 3840 2800 3896 Saul
2823 3850 3148 3913 persecutus
3166 3851 3246 3896 est
3264 3840 3307 3914 (l
3329 3841 3627 3913 Reg.,xxu,

2026 3932 2177 4007 20),
2207 3934 2449 3991 ostendit
2498 3933 2783 4007 prophetia
2838 3932 2999 3990 nobis
3059 3932 3205 4005 quod
3248 3948 3410 3991 nemo
3456 3934 3629 4005 possit

2029 4041 2228 4084 nocere
2271 4042 2409 4085 vero
2449 4027 2684 4100 principi
2753 4029 3103 4086 sacerdotum
3136 4071 3152 4098 ,
3196 4028 3288 4102 qui
3336 4029 3488 4086 solus
3545 4039 3631 4087 est

2028 4119 2297 4176 Christus.
2452 4140 2455 4141 '
2781 4193 2786 4198 ἢ

2099 4212 2190 4271 59.
2224 4213 2413 4286 (Vers.
2446 4208 2528 4288 7.)
2568 4212 2707 4271 Hinc
2736 4212 2804 4271 ad
2847 4212 2951 4270 alia
2982 4213 3326 4287 progreditur
3366 4212 3634 4273 Dominus
3720 4231 3731 4239 '

2028 4306 2209 4367 Iesus.
2230 4308 2366 4366 Nam
2386 4309 2475 4381 qui
2502 4318 2672 4366 totum
2702 4308 2980 4366 hominem
3010 4309 3217 4365 salvum
3246 4307 3429 4366 facere
3450 4308 3634 4381 dispo-

2027 4408 2235 4472 suerat,
2286 4402 2497 4478 1365
2526 4412 2551 4442 ο
2581 4418 2680 4475 per
2700 4403 2910 4474 singula
2940 4403 3183 4459 membra
3226 4402 3481 4459 currebat
3507 4420 3523 4471 ;
3574 4415 3633 4459 ut

2032 4511 2158 4555 vere
2189 4496 2437 4553 diceret:
2472 4492 2609 4551 Mihi
2650 4494 2987 4564 irascimini,
3032 4496 3122 4567 qui
3170 4505 3333 4551 totum
3375 4495 3634 4551 hominem

2028 4607 2215 4647 sanum
2240 4592 2340 4664 feci
2370 4591 2422 4645 in
2448 4589 2661 4648 sabbato
2685 4588 2869 4663 (Joan.
2900 4606 2997 4656 vn,
3025 4588 3142 4661 215).
3168 4589 3355 4661 itaque
3383 4588 3489 4661 hoc
3508 4590 3632 4647 loco

310 4690 525 4738 straret
554 4681 809 4754 ﬁguram,
840 4684 1237 4740 sacerdotalem
1259 4684 1440 4741 cibum
1466 4686 1537 4742 ad
1565 4652 1723 4743 usum
1750 4694 1928 4742 trans-
1951 4652 2009 4722 Β
2035 4652 2253 4739 manuni
2285 4684 2430 4739 illam
2459 4699 2621 4756 quam
2648 4684 2894 4741 extendit
2914 4682 3111 4745 Adam.
3143 4690 3201 4739 et
3219 4682 3635 4740 interdictae-ar-

312 4771 523 4832 iturum
578 4786 702 4832 esse
750 4776 1119 4847 populorum?
1163 4776 1293 4835 Sive
1328 4779 1476 4850 quod
1521 4794 1715 4837 omnes
1759 4781 1955 4845 vitam,

311 4868 723 4924 sacerdotalem
775 4868 1042 4926 debemus
1083 4871 1282 4928 imitari
1329 4888 1344 4928 :
1389 4874 1508 4930 sive
1555 4874 1684 4946 quia
1736 4888 1933 4931 omnes

312 4958 415 5017 Ilii
474 4961 749 5018 Ecclesia
794 4962 1111 5021 sacerdotes
1158 4975 1317 5032 sunt;
1369 4966 1624 5038 angimur
1672 4967 1819 5024 enim
1874 4967 1927 5022 in

311 5056 699 5113 sacerdotium
738 5066 1009 5126 sanctum,
1056 5059 1353 5118 oli‘erentes
1402 5061 1769 5133 nosmetipsos
1818 5060 1935 5117 Deo

312 5146 539 5205 hostias
587 5148 885 5220 spiritales.

386 5295 415 5325 ι
462 5288 615 5343 Edit.
654 5299 767 5344 vet.
801 5303 866 5343 ac
892 5304 1021 5344 mss.
1045 5291 1323 5358 nonnulli,
1348 5292 1438 5347 sed
1468 5294 1631 5350 totius
1655 5294 1921 5351 utilitatis.

314 5356 636 5437 Rom.,_sed
653 5361 847 5437 _solidrt
877 5362 1124 5418 ueritatis.
1156 5363 1283 5419 Mss.
1309 5356 1588 5437 plerique,
1645 5369 1736 5421 sed
1760 5365 1935 5421 solida

316 5427 594 5487 utilitatis.
646 5427 1059 5502 Consequenter
1097 5444 1281 5490 autem
1310 5427 1414 5492 ἰιὺί
1716 5454 1850 5503 mss,
1878 5445 1941 5494 et

317 5513 430 5558 vet.
467 5504 629 5568 edil.,
665 5504 863 5559 Deinde
888 5508 1010 5574 quia
1041 5506 1232 5574 Dauid,
1271 5517 1379 5564 etc.
1409 5508 1571 5565 Rom.
1605 5509 1686 5565 sic
1732 5511 1930 5565 immu—

318 5579 458 5654 tavit
488 5574 735 5654 :"Deinde
760 5576 884 5654 quia
908 5578 965 5631 in
986 5577 1154 5633 Dauid
1184 5595 1301 5634 cum
1325 5582 1479 5654 sociis
1501 5583 1735 5654 fugiente
1753 5599 1786 5639 a
1805 5582 1941 5654 facie

318 5648 463 5730 regis
485 5647 652 5730 .Saul,
680 5648 1052 5721 pt'te/iguratus
1078 5667 1197 5707 cum
1217 5652 1471 5723 apostolis
1499 5647 1737 5709 Cliristus
1762 5647 1861 5721 est,
1880 5662 1943 5707 ut

319 5735 642 5791 principem,
666 5730 779 5777 etc.

270 5797 279 5804 ‘
334 5865 351 5869 Δ
390 5791 420 5829 δ
466 5791 629 5848 Rom.
660 5793 797 5869 edit.
829 5792 973 5858 sola,
988 5796 1276 5869 sabbatum
1300 5797 1439 5853 enim
1465 5807 1678 5869 propter
1705 5796 1947 5853 bonum

248 5974 298 6076 ιχ,

324 5865 536 5935 factum
562 5875 629 5920 est
658 5881 677 5921 :
704 5866 746 5920 si
779 5880 897 5919 vero
925 5867 1150 5933 utilitas,
1179 5880 1287 5924 etc.
1466 5865 1473 5869 ’
1563 5865 1572 5869 ⁷
1894 5906 1895 5909 η

408 5946 432 5972 ε
477 5934 558 5990 ita
590 5952 719 5997 mss.
741 5951 955 6006 omnes,
981 5939 1306 6010 quihusdam
1336 5943 1604 6015 exceptis,
1630 5940 1722 5999 ubi
1754 5940 1941 5998 morali

2033 4779 2182 4835 boris
2212 4794 2371 4851 poma
2407 4780 2683 4850 decerpsit
2714 4779 2891 4853 (Gem,
2923 4794 3007 4846 tn,
3038 4777 3122 4852 6),
3154 4780 3335 4836 succis
3363 4779 3633 4837 bonorum

2034 4870 2297 4928 factorum
2325 4872 2657 4927 salutaribus
2685 4872 2929 4945 irrigavit
2952 4913 2967 4940 ,
2996 4876 3056 4928 ut
3082 4887 3206 4943 quae
3229 4871 3457 4928 crimine
3477 4888 3637 4930 arue-

2035 4973 2140 5035 rat,
2177 4967 2332 5023 bonis
2353 4966 2614 5039 cperibus
2643 4978 2951 5024 sanaretur.
2984 4966 3044 5023 in
3069 4982 3177 5039 quo
3201 4964 3424 5023 Judmos
3451 4967 3640 5024 redar-

2037 5060 2156 5133 guit
2202 5059 2489 5130 Christus,
2535 5061 2627 5139 qui
2674 5061 2833 5118 malis
2888 5059 3437 5133 interpretationibus
3474 5060 3635 5133 Legis

2041 5166 2314 5229 prmcepta
2336 5157 2629 5225 violarent,
2660 5156 2995 5213 aestimantes
3026 5154 3254 5211 sabbato
3282 5156 3447 5213 etiam
3477 5169 3510 5210 a
3534 5154 3635 5211 bo-

2034 5295 2295 5352 scribitur
2342 5310 2441 5367 pro
2482 5296 2713 5362 morale,
2770 5301 2825 5351 et
2852 5302 2949 5362 pro
2971 5293 3026 5348 in
3056 5292 3337 5367 mysterio,
3367 5292 3641 5367 ittmyste-

2044 5372 2205 5436 rium;
2237 5365 2363 5435 duo,
2419 5368 2813 5442 propheticum;
2847 5379 3012 5432 unus,
3053 5366 3357 5442 prophetica
3384 5365 3643 5442 allegoria

2045 5452 2138 5497 est.
2163 5433 2366 5496 Omnes
2402 5433 2586 5496 autem
2615 5439 2749 5496 edit.
2792 5433 2822 5492 a
2862 5433 3455 5504 nostra'eo‘dil‘ferunt,
3493 5433 3644 5509 quod

2045 5513 2161 5586 illa)
2184 5512 2405 5586 habent,
2435 5513 2794 5586 praphetigum
2809 5517 2912 5586 _est.

2116 5584 2143 5623 ά
2178 5576 2613 5654 Quinquatrus,
2652 5581 2854 5655 Moysis
2878 5578 3156 5649 videlicet,
3203 5576 3257 5636 id
3286 5587 3394 5647 est,
3449 5577 3648 5635 Penta-

2049 5658 2267 5714 teucho.
2512 5666 2517 5669 '

2122 5740 2147 5768 °
2184 5730 2387 5786 Omnes
2406 5728 2538 5784 edit.
2562 5733 2617 5785 et
2637 5726 2857 5797 quidam
2882 5738 3039 5791 m‘ss.,
3068 5737 3159 5795 per
3178 5721 3393 5797 singula
3422 5720 3649 5797 membra

2048 5803 2283 5857 curabat.
2343 5801 2450 5856 Alii
2502 5790 2717 5870 plurimi
2770 5790 3165 5870 elegantius....
3221 5790 3494 5870 currebat;
3547 5795 3651 5850 hoc

2050 5875 2196 5931 enim
2227 5863 2525 5945 πυροειὼὶ
2558 5870 2729 5928 verbo
2757 5863 3053 5941 superiori,
3080 5863 3431 5938 progreditur.
