4014 6512
428 397 568 457 1649
1393 397 1760 458 EXPOSITIO
1800 399 2061 459 EVANG.

2204 401 2247 456 Ξ.
2289 399 2463 458 ιυο..
2487 401 2614 457 LIB.
2659 401 2724 456 Υ.
3580 399 3722 456 1650

406 517 547 572 ‘Stis.
582 517 645 574 Et
678 515 906 573 sanabat
937 516 1036 572 bos
1072 513 1313 587 quidem,
1347 515 1441 572 sed
1471 515 1522 571 in
1556 514 1906 571 inferioribus
1935 531 2023 572 re-
2050 515 2102 578 Α
2128 513 2325 587 inquit,
2360 531 2646 589 pauperes;
2679 515 2922 586 quoniam
2954 522 3177 571 uestrum
3217 525 3293 570 est
3325 532 3539 588 regnum
3569 515 3724 570 emto-

425 609 728 682 linquebat.
2124 626 2241 664 rum
2288 610 2507 677 (Matth.
2550 627 2620 676 ν,
2674 611 2752 678 5).
2806 610 3042 665 Primam
3093 605 3528 666 benedictionem
3587 609 3729 664 hanc

508 704 714 776 1367
753 704 845 759 47.
898 703 1086 758 Videns
1111 712 1281 759 autem
1307 703 1502 768 turbas,
1533 710 1590 758 ut
1619 702 1819 772 legisti,
1848 701 2027 756 ascenJ
2124 714 2358 772 uterque
2385 705 2716 776 evangelista
2751 706 2950 774 posuit.
2994 704 3196 759 Ordine
3231 705 3376 758 enim
3416 705 3588 774 prima
3620 710 3728 764 est,

427 797 505 850 dit
533 797 587 850 in
625 808 869 862 montem.
911 796 1118 851 Etcum
1145 795 1378 862 sedisset,
1421 797 1761 851 ascenderunt
1801 795 1872 850 ad
1910 811 2026 849 eum
2127 804 2181 850 et
2215 810 2412 866 parens
2441 798 2687 866 quardam
2728 797 3114 866 gent-ratioque
3145 797 3438 851 virtutum:
3472 793 3596 865 quia
3637 790 3728 862 qui

430 889 675 961 discipuli
701 891 814 960 ejus
848 889 1066 963 (Matth.
1091 906 1148 956 v,
1184 888 1255 961 l).
1291 899 1318 927 ει
1347 890 1826 960 Evangelizaturus
1855 890 2024 957 enim,
2128 889 2523 959 contempserit
2559 890 2860 956 saecularia,
2892 891 3006 960 ipse
3036 890 3332 946 t'nerebitur
3348 887 3681 958 sempiterna
3711 901 3728 939 :

428 993 482 1037 et
504 982 946 1038 henedictioumu
973 983 1041 1038 de
1070 982 1326 1039 thesmtro
1352 983 1650 1038 divinitatis
1681 993 2029 1053 prompturus
2129 995 2229 1035 nec
2253 987 2432 1048 potest
2453 982 2735 1050 quisquam
2757 983 3009 1037 meritum
3034 983 3187 1053 regni
3210 982 3448 1038 cmlestis
3478 977 3728 1050 adipisci,

428 1077 651 1132 oracula
685 1118 701 1143 ,
767 1078 957 1148 incipit
1007 1093 1132 1134 esse
1185 1078 1490 1134 sublimior.
1546 1079 1643 1134 Hic
1695 1091 1876 1134 autem
1925 1079 2029 1134 etsi
2130 1063 2219 1141 qui
2240 1073 2423 1128 mundi
2446 1074 2738 1143 cupiditate
2763 1089 3067 1144 possessus,
3094 1075 3407 1146 emergeudi
3430 1090 3538 1130 non
3570 1071 3736 1127 habet

429 1169 485 1243 in
539 1171 730 1226 humili
793 1171 1006 1240 stabat,
1072 1180 1250 1228 tamen
1295 1174 1481 1228 oculos
1531 1174 1637 1228 alte
1673 1173 1890 1230 levavit.
1943 1173 2030 1230 Sic
2135 1165 2470 1222 iacvllalem-

428 1262 578 1318 enim
607 1263 770 1318 etiam
803 1279 926 1318 cum
973 1263 1238 1319 Lazarum
1275 1267 1586 1330 suscitaret,
1609 1265 1886 1320 infremuit
1918 1266 2031 1334 spi-
2207 1258 2299 1313 51.
2365 1258 2614 1314 Secunda
2672 1259 2979 1315 benedictio
3029 1276 3049 1314 :
3102 1260 3272 1327 Beati,
3319 1260 3515 1331 inquit,
3547 1259 3736 1312 'miles.

429 1354 540 1408 ritu
598 1352 783 1427 (Joan.
819 1372 894 1422 xt,
949 1355 1042 1427 55)
1077 1373 1090 1410 :
1123 1359 1202 1412 sic
1231 1358 1392 1411 etiam
1437 1366 1600 1426 caput
1643 1358 1864 1424 levavit,
1909 1372 2032 1414 cum
2133 1349 2340 1416 Terlia.
2388 1351 2536 1406 Βεσιί
2561 1353 2646 1417 συί
2686 1353 2885 1426 luget"-
2916 1353 3144 1421 Qual‘tﬂ.
3174 1353 3323 1407 Βεατὶ
3361 1356 3447 1423 qui
3484 1352 3742 1406 εδιιτίιιητο

435 1450 923 1506 ηιιιιὶετίθιίιιῐιθιω
937 1460 1154 1521 peceata
1177 1451 1401 1506 donaret
1420 1450 1732 1518 (Joan.vut.
1760 1453 1871 1517 10).
1897 1451 2034 1520 Quid
2137 1445 2356 1513 Quinta,
2390 1444 2539 1501 Beati
2557 1447 2935 1502 misericordes.
2965 1449 3152 1512 Sexta,
3174 1447 3320 1501 Beati
3339 1445 3534 1500 mundo
3566 1444 3739 1500 corde.

435 1552 522 1598 est
553 1544 698 1599 enim
741 1546 919 1600 levare
939 1546 1146 1612 oculos,
1190 1545 1289 1600 nisi
1321 1544 1548 1600 interius
1577 1545 1757 1601 lumen
1787 1547 2038 1616 aperire?
2140 1540 2403 1610 Septima,
2431 1540 2578 1596 Beati
2615 1543 2822 1612 paciﬁci
2865 1540 3059 1611 (Ibid,
3083 1539 3220 1611 4-9).
3243 1541 3310 1596 Et
3333 1543 3469 1596 bene
3491 1541 3743 1608 septima;

511 1635 603 1692 48.
651 1637 888 1706 Denique
933 1646 1154 1692 sanctus
1189 1637 1475 1694 Mattlurus
1509 1655 1522 1692 :
1552 1639 1794 1710 Aperuit,
1840 1639 2036 1708 inquit,
2141 1635 2395 1704 quoniam
2429 1649 2495 1690 eo
2519 1635 2608 1691 die
2636 1636 2704 1690 ah
2736 1636 2987 1690 omnibus
3029 1636 3211 1690 mundi
3245 1634 3504 1703 Operibus
3531 1633 3748 1703 requie-

438 1743 496 1782 os
558 1745 706 1782 suum
751 1727 964 1800 (.llattlt.
999 1744 1054 1792 v,
1077 1726 1153 1801 2),
1189 1728 1480 1784 thesauros
1521 1730 1733 1786 scilicet
1761 1731 2043 1801 sapientiae
2144 1728 2220 1782 vit
2253 1727 2466 1801 1368
2509 1727 2653 1784 Deus
2685 1728 2839 1800 (Gen.
2876 1744 2934 1790 ll.
2966 1729 3052 1798 ‘2);
3099 1729 3216 1784 dies
3261 1729 3406 1783 enim
3434 1725 3658 1798 quietis,
3695 1731 3750 1780 et.

440 1829 497 1874 et
525 1821 766 1876 scientia:
799 1822 890 1875 Dei
923 1819 950 1859 ιι
980 1822 1208 1877 reclusis
1248 1822 1426 1896 adytis
1465 1824 1650 1891 templi
1683 1825 1786 1879 sui.
1817 1822 1923 1880 Ora
1957 1840 2044 1880 re-
2147 1822 2296 1890 pacis
2327 1829 2431 1874 est.
2457 1820 2687 1879 Octava.
2728 1820 2878 1876 Beati
2903 1823 2991 1889 qui
3032 1822 3436 1892 persecutionem
3480 1820 3751 1890 patiuntur

441 1915 642 1968 scravit
668 1931 680 1965 :
715 1929 842 1992 ergo
870 1926 922 1970 ct
953 1925 1006 1970 tu
1031 1917 1178 1986 aperi
1215 1932 1276 1970 os
1306 1927 1480 1982 tuum,
1515 1919 1609 1973 sed
1643 1918 1793 1987 prius
1824 1928 1881 1973 ut
1908 1934 2039 1989 ape-
2070 1915 2114 1976 Β
2142 1926 2351 1988 propter
2377 1915 2634 1979 iustitiam
2665 1915 2885 1986 (Matth.
2915 1933 2968 1984 ν,
3001 1918 3114 1986 l0).

439 2008 611 2063 riatur
633 2009 883 2078 implora.
918 2010 975 2064 Si
1013 2011 1158 2064 enim
1190 2011 1386 2065 Paulus
1416 2010 1470 2065 in
1497 2012 1783 2082 apertione
1816 2014 1926 2066 oris
1954 2013 2038 2068 sui
2215 2009 2308 2064 52.
2353 2009 2508 2073 Veni,
2542 2009 2769 2066 Domine
2796 2011 2948 2085 .lcsn,
2983 2009 3120 2068 doce
3161 2025 3260 2068 nos
3293 2009 3540 2066 ordinem
3576 2007 3752 2064 beati-

441 2099 699 2168 implorat
727 2102 1010 2169 auxilium,
1042 2103 1410 2174 multomagis
1441 2105 1733 2174 implorare
1763 2117 1814 2162 te
1844 2121 2042 2162 couve-
2145 2101 2393 2156 tudiuum
2449 2113 2690 2170 tuarum;
2733 2121 2909 2175 neque
2947 2107 3091 2161 enim
3139 2107 3259 2161 sine
3309 2105 3501 2159 ordine
3547 2101 3752 2170 dixisti,

442 2195 523 2248 nit
557 2193 776 2268 (Ephes.
803 2212 877 2262 vr,
913 2198 1024 2269 l9).
1053 2197 1306 2254 Ostendit
1329 2198 1491 2255 etiam
1518 2200 1609 2254 tibi
1635 2201 1839 2255 clavem
1864 2203 2042 2257 scien~
2143 2197 2322 2264 primo
2349 2195 2536 2251 beatos
2561 2213 2826 2268 pauperes
2848 2198 3066 2265 Spiritu,
3096 2197 3335 2254 secundo
3359 2197 3549 2252 beatos
3572 2182 3756 2262 utiles,

442 2289 553 2351 tiae.
581 2305 684 2360 qua
717 2307 777 2345 os
810 2292 1026 2360 aperire
1068 2301 1218 2348 tuum
1259 2294 1484 2360 debeas,
1515 2294 1703 2351 dicens
1723 2295 2040 2366 Propheta:
2145 2297 2201 2345 et
2248 2289 2413 2345 tertio
2455 2293 2544 2361 qui
2611 2293 2813 2362 lugent.
2873 2292 3007 2348 Nam
3059 2294 3161 2347 etsi
3210 2306 3484 2361 cognosco
3528 2288 3759 2358 aliquid,

395 2408 404 2422 -
442 2381 600 2454 Aperi
640 2400 698 2438 os
744 2395 886 2438 tuum
933 2387 1083 2441 verba
1125 2386 1226 2441 Dei
1271 2386 1460 2458 (Prov.
1497 2404 1643 2452 χχιι,
1690 2389 1769 2460 9).
1800 2389 2042 2446 Verbum

2206 2399 2326 2440 men
2360 2400 2424 2439 ex
2460 2396 2617 2455 parte
2640 2402 2929 2458 cognosco.
2977 2387 3034 2444 Si
3064 2389 3206 2441 enim
3260 2387 3458 2442 Paulus
3503 2401 3571 2440 ex
3607 2391 3761 2456 parte

447 2477 540 2532 Dei
572 2479 742 2534 clavis
773 2481 846 2534 tui
879 2481 992 2537 oris
1015 2491 1100 2536 est
1129 2501 1140 2535 :
1172 2482 1339 2537 clavis
1369 2482 1609 2538 scientim
1631 2484 1744 2538 oris
1775 2487 1848 2538 tui
1879 2485 2047 2539 clavis
2147 2478 2399 2547 cognovit
2432 2477 2470 2546 (1
2504 2476 2623 2532 Cor.
2660 2496 2774 2546 χιιι,
2814 2480 2895 2548 9),
2941 2490 3198 2552 quantum
3245 2495 3345 2550 ego
3393 2491 3612 2549 ροςειιιη
3665 2492 3762 2532 co-

445 2580 548 2638 est,
589 2588 696 2643 qua
738 2573 935 2629 laxatis
962 2574 1164 2631 silentii
1205 2579 1432 2643 catenis,
1483 2577 1771 2647 imperitia:
1807 2577 2048 2632 claustra
2148 2568 2450 2637 ignoscere?
2489 2568 2958 2640 Paulo‘quantum
3003 2571 3133 2632 vita,
3171 2580 3377 2625 tantum
3432 2570 3595 2638 etiam
3639 2582 3763 2622 ver-

445 2681 785 2725 reserautur.
2011 2726 2014 2730 _
2152 2660 2221 2715 ho
2278 2660 2506 2717 inferior
2570 2678 2728 2729 sum;
2789 2665 2893 2718 vita
2967 2664 3112 2720 enim
3187 2662 3412 2718 verbum
3483 2659 3650 2730 exigit
3710 2669 3766 2714 et

519 2762 700 2832 (Vet's.
744 2762 838 2831 20,
883 2765 975 2829 21,
1021 2764 1139 2828 22.)
1168 2765 1340 2829 Beati,
1397 2783 1647 2835 pauperes
1679 2767 1898 2836 spiritu,
1929 2769 2052 2837 quia
2151 2756 2383 2825 acquirit
2434 2772 2448 2809 :
2506 2771 2688 2811 sermo
2731 2767 2911 2812 autem
2962 2757 3079 2812 sine
3129 2758 3235 2811 vita
3280 2771 3386 2810 non
3457 2763 3541 2809 est
3583 2768 3765 2808 sermo

449 2865 670 2910 uestrum
696 2866 769 2909 est
795 2871 1011 2927 regnum
1033 2855 1150 2910 Dei.
1196 2857 1347 2910 Beati
1375 2858 1459 2926 qui
1489 2874 1626 2911 nunc
1656 2860 1885 2912 esuriant
1909 2870 1956 2912 et
1977 2861 2050 2913 si-
2156 2848 2272 2903 Dt‘i-
2321 2849 2534 2914 Quanto
2601 2865 2688 2905 me
2752 2851 3046 2920 sapientior
3095 2849 3344 2903 Paulus!
3402 2847 3500 2902 Ille
3556 2845 3758 2918 gloria-

453 2950 613 3012 tiunt,
644 2950 768 3020 quia
793 2951 1182 3004 saturabuntur.
1225 2949 1394 3015 Beati,
1419 2952 1506 3022 qui
1538 2968 1675 3005 nunc
1710 2952 1882 3022 ﬂetis;
1933 2954 2056 3025 quia

2204 2956 2243 2994 Il'
2273 2941 2324 2995 in
2359 2941 2616 3006 periculis
2647 2939 2716 3010 (ll
2743 2941 2865 2996 Cor.
2895 2957 2969 2996 xu
2998 2984 3013 3005 ,
3047 2940 3082 2996 5
3111 2953 3156 2995 et
3187 2939 3267 3012 7),
3290 2955 3391 3012 ego
3415 2940 3468 2994 iu
3491 2938 3764 2995 successi-

454 3043 707 3097 ridebitis.
737 3043 883 3098 Beati
907 3045 1070 3109 eritis,
1096 3061 1212 3098 cum
1240 3060 1328 3099 vos
1354 3045 1554 3100 oderint
1587 3047 1837 3102 homines.

2204 3049 2257 3086 us
2289 3051 2302 3088 :
2332 3034 2424 3088 ille
2468 3035 2756 3104 gloriatur,
2790 3037 2916 3106 quia
2951 3035 3384 3090 revelatiouibus
3418 3049 3524 3088 non
3555 3031 3770 3087 extolli-

524 3137 616 3193 49,
658 3137 902 3205 Quatuor
926 3148 1132 3194 tantum
1156 3139 1474 3195 beatudines
1500 3149 1720 3196 5mm”,-
1749 3141 1923 3196 Lucas
1951 3142 2058 3198 Do-
2160 3136 2278 3181 tur:
2303 3141 2404 3195 ego
2437 3127 2483 3181 si
2517 3144 2638 3197 quze
2668 3129 3037 3184 revelationes
3069 3128 3199 3184 mihi
3222 3128 3631 3198 contingerent,
3656 3126 3772 3196 glo-

458 3232 687 3286 miuicas
711 3232 910 3301 posuit,
950 3244 1074 3289 octo
1101 3250 1231 3290 vero
1261 3243 1481 3291 sanctus
1508 3236 1797 3292 Mattbreus
1836 3236 2057 3304 (Μαιιιι,
2161 3219 2353 3274 riarer.
2390 3219 2496 3276 Sed
2526 3231 2705 3275 tamen
2739 3229 2920 3292 potest
2943 3222 3085 3276 Deus
3129 3220 3197 3275 de
3226 3220 3494 3292 lapidibus
3523 3218 3773 3274 homines

457 3342 511 3393 v,
544 3326 600 3391 5,
639 3337 686 3380 et
718 3326 853 3400 seq.)
887 3346 899 3381 :
931 3327 1026 3383 sed
1068 3329 1119 3382 in
1153 3329 1236 3383 his
1269 3340 1393 3384 octo
1430 3330 1534 3384 illa:
1562 3337 1794 3400 quatuor
1823 3341 1971 3397 sunt,
2006 3322 2097 3386 et‘

2204 3312 2456 3376 uscitare,
2489 3326 2541 3367 et
2565 3315 2785 3369 verbum
2818 3315 3069 3385 proferre
3106 3314 3175 3371 de
3203 3314 3424 3379 clausis,
3458 3329 3646 3368 vocem
3677 3310 3780 3367 cli-

461 3420 514 3473 in
545 3420 664 3474 istis
707 3428 942 3489 quatuor
992 3421 1099 3475 illa:
1134 3430 1280 3476 octo.
1316 3421 1410 3476 Hic
1437 3423 1582 3476 enim
1631 3432 1867 3492 quatuor
1910 3424 2060 3478 velut

461 3514 692 3568 virtutes
722 3513 1013 3582 amplexus
1047 3521 1132 3568 est
1172 3514 1477 3570 cardinales
1512 3532 1524 3567 :
1571 3514 1660 3569 ille
1697 3517 1748 3569 in
1790 3515 1898 3570 illis
1927 3527 2058 3572 octo

465 3607 753 3678 mysticum
799 3622 1081 3660 numerum
1117 3617 1140 3646 ε
1183 3608 1509 3662 reservavit.
1550 3608 1656 3662 Pro
1689 3619 1884 3663 octava
1915 3611 2060 3664 enim

469 3700 625 3756 multi
671 3701 987 3756 scribuntur
1020 3703 1210 3772 psalmi
1261 3702 1436 3775 (Psal.
1468 3719 1545 3770 vt,
1585 3705 1636 3767 1.
1676 3715 1725 3759 et
1770 3721 1846 3770 χι,
1891 3703 1968 3776 1),
2013 3713 2069 3760 et

470 3794 783 3850 mandatum
797 3795 998 3866 accipis
1009 3807 1137 3853 octo
1165 3797 1273 3851 illis
1297 3809 1504 3866 partem
1521 3798 1652 3854 dare
1669 3798 1899 3855 fortasse
1916 3801 2079 3856 bene-

471 3885 803 3943 dictionibus
851 3888 1077 3961 (Eccles.
1107 3889 1302 3955 x1,2);
1342 3890 1484 3944 sicut
1529 3895 1675 3945 enim
1729 3892 1843 3958 spei
1878 3902 2080 3946 nostra:

473 3991 660 4036 octava
687 3981 944 4050 perfectio
975 3992 1058 4037 est
1083 3999 1097 4035 :
1124 3984 1194 4037 ita
1226 3994 1415 4038 octava
1445 3999 1656 4038 summa
1691 3986 1948 4038 virtutum
1974 3995 2079 4039 est.

546 4074 637 4130 50.
680 4075 790 4131 Sed
819 4077 970 4146 prius
991 4091 1114 4147 qua:
1137 4085 1263 4130 sunt
1291 4077 1556 4146 ampliora
1581 4075 1884 4130 videamus.
1907 4075 2080 4142 Beati,

555 4247 580 4275 α
621 4237 816 4293 Ultima
841 4237 968 4291 edit.
996 4237 1194 4301 Paris.,
1219 4236 1680 4306 Eeangelizaturus
1700 4237 1854 4302 enim;
1869 4247 1916 4290 et
1939 4235 2088 4290 bene-

487 4309 758 4363 dictionem
788 4310 850 4361 de
886 4312 1126 4363 thesauro
1168 4309 1454 4363 divinitatis
1480 4318 1832 4374 prompturus,
1875 4312 2086 4363 oraculo

486 4383 663 4450 inetpit
687 4421 700 4444 ,
731 4388 837 4434 etc.
885 4382 1012 4436 Mss.
1044 4381 1276 4433 illarum.
1299 4421 1314 4444 ,
1349 4379 1805 4451 Evangettzaturus
1839 4379 2088 4436 Dominus

490 4453 908 4516 benedictionem,
959 4460 1005 4504 et
1054 4463 1390 4520 prompturus
1441 4457 1676 4510 oracula.
1729 4451 2083 4521 incipit,etc.,

491 4523 687 4579 Caeteri
712 4525 833 4578 cod.
865 4525 1047 4592 διτιὶιιιι
1081 4534 1243 4594 atque
1269 4525 1401 4577 edit.
1437 4524 1719 4579 uobi~cum
1753 4521 1972 4577 faciunt.

563 4595 589 4634 ι)
634 4596 757 4650 Mss.
796 4612 960 4663 pr0pe
983 4611 1196 4653 omnes.
1223 4613 1328 4649 non
1360 4610 1517 4650 secus
1547 4611 1608 4650 ac
1630 4595 1762 4648 edit.
1796 4602 1908 4648 aut.
1942 4597 2086 4649 hunc

495 4672 670 4724 locum
706 4669 893 4721 listiclll
934 4668 1134 4736 quibus
1168 4683 1296 4731 uos,
1346 4667 1526 4722 verbis
1563 4667 1838 4741 exhibent.
1888 4666 2086 4741 Yernm

493 4759 615 4796 cum
659 4741 710 4795 iu
754 4741 836 4795 his
874 4741 1126 4810 periodus
1153 4751 1355 4794 tantum
1397 4747 1519 4809 post
1541 4739 1785 4801 Verbum,
1825 4739 2090 4803 reserauit,

500 4825 684 4867 notato
713 4824 932 4877 puneto,
977 4812 1377 4870 terminaretur.
1413 4812 1592 4864 nullus
1621 4811 1744 4864 hinc
1785 4814 1898 4864 etui
1947 4823 2097 4876 pote-

500 4894 584 4941 rat
613 4886 884 4954 legitimus
916 4899 1134 4938 sensus.
1169 4883 1348 4952 Quare
1377 4895 1438 4938 ut
1476 4882 1600 4937 huic
1639 4882 1778 4936 malo
1811 4882 2098 4954 allerretur

502 4952 700 5028 aliquid
734 4955 977 5014 remedii.
1009 4955 1242 5022 scriptor
1272 4958 1430 5009 unius
1456 4973 1486 5008 e
1517 4969 1647 5008 mss.
1679 4954 1834 5028 Cplb.
1861 4952 2103 5019 repoSuit

505 5025 611 5095 0ft".
644 5045 742 5100 IN‘O
760 5045 871 5089 ora.
902 5041 1021 5100 quae
1050 5041 1210 5100 voci-5
1232 5028 1455 5100 omnino
1482 5029 1532 5079 in
1557 5041 1660 5079 ms.
1692 5025 1930 5100 Claram.
1963 5037 2104 5091 pra:-

509 5093 770 5158 termissa:
793 5093 936 5153 sunt.
964 5097 1020 5152 In
1053 5099 1155 5152 hoc
1177 5097 1332 5152 Rom.
1364 5098 1498 5152 edit.
1526 5100 1689 5153 etiam
1715 5111 1838 5149 eum
1864 5093 2102 5148 Clarum.

508 5175 783 5228 οοιινθιιιι.
832 5171 928 5225 sed
977 5177 1237 5231 praeterea
1271 5168 1480 5223 addidit
1519 5184 1708 5222 vorem
1747 5168 1950 5230 veteris,
1981 5177 2109 5220 ante

512 5262 700 5301 vocem
731 5243 928 5311 templi.
963 5240 1071 5294 Nos
1093 5257 1222 5296 vero
1245 5257 1352 5309 quo
1377 5253 1430 5293 et
1462 5242 1647 5295 sensui
1675 5239 2105 5304 consuleremus,

511 5330 563 5370 et
590 5331 932 5370 communem
969 5313 1260 5366 lectionem
1295 5315 1684 5374 retineremus,
1711 5311 2110 5377 interpunctio-

516 5403 638 5442 nem
664 5384 1096 5442 existimavimus
1124 5384 1533 5445 reSIitueudam,
1570 5393 1627 5437 ut
1655 5398 1776 5436 eam
1805 5381 2006 5436 cernis.

589 5466 611 5495 θ
653 5462 854 5514 Omnes
875 5460 1034 5517 etlit.,
1067 5457 1331 5508 reserauit.
1367 5455 1408 5509 E
1453 5455 1735 5526 Contraria
1766 5467 1959 5526 omnes
1996 5462 2120 5526 pro-

520 5532 810 5601 pemodum
835 5545 991 5593 mss.,
1022 5528 1337 5601 reservavit;
1371 5526 1422 5601 id
1448 5535 1556 5586 est,
1577 5522 1822 5601 servavit,
1851 5522 2121 5601 composi-

526 5592 636 5659 iuun
689 5620 783 5672 pro
829 5592 1082 5669 simplici.
1135 5597 1305 5672 Porro
1332 5608 1387 5672 ut
1411 5597 1793 5672 illlllc‘lttt‘llm-
1818 5595 1904 5650 cui
1934 5592 2123 5648 olluste

527 5668 769 5730 tenebrat
815 5668 1102 5745 plusquam
1135 5670 1434 5745 Cimmerias:
1476 5668 1659 5745 multis
1709 5669 1983 5728 videntur,
2015 5678 2127 5745 ιντο

533 5758 714 5800 nostra
745 5735 883 5800 virili
909 5735 1268 5798 illustrenms.
1302 5739 1474 5792 lector
1503 5740 1750 5793 advertat
1783 5735 2126 5792 octonarium

536 5826 820 5886 numerum
853 5815 1056 5886 duplici
1081 5815 1151 5886 de
1173 5825 1337 5886 causa
1369 5821 1656 5886 mysticum
1673 5811 1808 5886 dici.
1843 5809 2019 5864 Prima
2050 5815 2133 5861 est

533 5884 660 5959 quia
690 5887 754 5941 de
782 5883 959 5941 octava
986 5884 1135 5939 multi
1173 5883 1735 5959 scribuntur‘psaintif
1766 5891 2132 5959 perpetavaui

541 5950 722 6014 autem
752 5959 959 6013 beatam
989 5955 1448 6011 resurrectionem
1475 5951 1705 6022 intelligi
1729 5963 1841 6009 tum
1867 5950 2132 6020 frequenti

2165 3419 2294 3459 cere
2317 3403 2385 3457 de
2417 3407 2601 3460 mutis.
2633 3407 2790 3474 Quod
2829 3409 2874 3462 si
2917 3409 3084 3463 asinae
3111 3409 3300 3463 oculos
3332 3408 3565 3478 aperuit,
3608 3415 3666 3460 ut
3697 3403 3779 3459 vi-

2169 3497 2322 3553 deret
2348 3500 2600 3568 angelum
2638 3501 2829 3572 (Num.
2867 3517 3005 3569 χχιι,
3038 3502 3164 3572 27);
3198 3512 3394 3571 potens
3424 3510 3506 3556 est
3536 3508 3593 3555 et
3620 3498 3778 3554 nobis

2171 3589 2395 3660 quoque
2416 3594 2632 3661 aperire
2669 3595 2884 3660 oculos,
2915 3601 2974 3648 ut
3013 3595 3283 3665 possimus
3325 3593 3419 3650 Dei
3449 3592 3636 3648 videre
3661 3607 3783 3663 my-

2178 3683 2434 3738 sterinm.

2251 3776 2340 3833 55.
2383 3778 2555 3846 Beati,
2582 3781 2777 3852 inquit;
2808 3798 3086 3851 pauperes.
3119 3780 3236 3837 Non
3268 3796 3461 3836 omnes
3485 3781 3624 3836 beati
3651 3795 3786 3851 pau-

2184 3885 2375 3940 peres;
2410 3883 2699 3941 paupertas
2741 3876 2885 3930 enim
2933 3861 3109 3930 media
3147 3885 3230 3930 est
3265 3893 3277 3928 :
3310 3884 3540 3944 possunt
3571 3882 3628 3927 et
3663 3871 3797 3926 boni

2183 3974 2239 4017 et
2281 3966 2405 4017 mali
2436 3980 2559 4020 esse
2593 3982 2881 4039 pauperes.
2935 3969 3046 4024 Nisi
3095 3971 3232 4023 forte
3273 3969 3365 4022 ille
3411 3965 3794 4035 intelligendus

2187 4069 2397 4127 pauper
2434 4056 2648 4124 beatus,
2696 4075 2860 4130 quem
2909 4060 3183 4132 Propheta
3223 4058 3516 4129 descripsit
3557 4057 3747 4112 dicens
3779 4074 3792 4111 :

2198 4241 2300 4296 PP.
2351 4243 2668 4300 Grzrcorum
2711 4247 3134 4318 Latinorumque
3175 4247 3489 4318 testimonio
3517 4246 3800 4315 cognosci-

2199 4325 2428 4391 tnus,_nt
2449 4329 2578 4391 puta
2596 4319 2825 4391 Gregor.
2859 4317 3060 4391 Nyss..’
3085 4317 3300 4391 Dydim.
3335 4321 3388 4374 in
3425 4321 3560 4389 psal.
3591 4332 3666 4377 v1.
3701 4318 3797 4373 lli-

2197 4385 2300 4440 lar.
2337 4387 2550 4453 Prolog.
2592 4390 2643 4443 in
2679 4385 2812 4458 psal.
2856 4385 2919 4446 ei
2944 4393 2994 4445 iu
3028 4385 3656 4460 psal..cxvm,l'lierou.,
3693 4395 3798 4442 Au-

2194 4469 2365 4526 gust.,
2391 4461 2639 4515 Cassiod.
2669 4463 2719 4516 iu
2751 4463 2886 4532 pSaI.
2918 4480 2993 4528 vn,
3025 4476 3158 4526 etc.;
3195 4473 3304 4516 tum
3337 4478 3401 4516 ex
3428 4463 3604 4516 verbis
3633 4461 3804 4528 ipsius

2197 4532 2465 4585 Ambrosii
2499 4547 2620 4601 Sun.
2645 4534 2739 4588 Iilt.
2772 4551 2805 4588 ιι
2837 4537 2888 4589 in
2920 4550 3041 4600 cap.
3074 4551 3150 4591 Ill.
3178 4543 3233 4587 et
3256 4533 3351 4588 iul.
3387 4534 3478 4587 lib.
3503 4549 3574 4588 vl.
3602 4532 3653 4588 in
3677 4547 3799 4600 cap.

2194 4615 2270 4666 ix,
2305 4615 2483 4676 octara
2510 4607 2643 4660 enim
2673 4605 2756 4659 die
2777 4607 2913 4676 facta
2944 4617 3031 4659 est
3049 4608 3389 4666 resurrertio;
3419 4606 3554 4658 unde
3583 4614 3630 4658 et
3651 4603 3810 4676 pieri-

2195 4690 2290 4747 qtte
2314 4674 2498 4746 psalmi
2532 4695 2627 4747 pro
2658 4674 2835 4731 octava
2857 4679 3177 4739 scribuntur,
3209 4677 3510 4745 intelligo-re
3523 4686 3626 4728 est.
3654 4675 3810 4747 Unde

2199 4745 2339 4798 idem
2362 4745 2541 4801 subdit
2562 4759 2805 4803 Octavam
2825 4767 2944 4802 esse
2966 4751 3082 4816 Spei
3099 4760 3294 4802 nostra»
3319 4747 3731 4820 perfectionem,
3757 4745 3813 4799 id

2201 4828 2305 4879 est,
2334 4822 2688 4875 tertninumet
2713 4823 3050 4876 Coronidem.
3075 4821 3379 4877 Secundam
3436 4836 3563 4874 vero
3590 4832 3809 4871 causam

2205 4889 2404 4964 reddit,
2430 4892 2572 4956 quod
2601 4893 2754 4946 nobis
2777 4896 3088 4964 pra-cipitur
3119 4892 3324 4947 liccles.
3354 4890 3516 4964 λινε,
3547 4903 3660 4943 octo
3692 4904 3816 4964 ραις-
3873 4891 3879 4897 ’

2205 4973 2303 5016 tem
2325 4961 2644 5033 dare:atqui
2688 4981 2784 5023 per
2806 4961 2992 5018 Voceiu
3025 4978 3158 5027 orto,
3185 4963 3640 5016 universalttatem
3672 4961 3819 5015 desi-

2207 5038 2358 5105 gnari
2379 5034 2599 5089 lleton.
2619 5037 2669 5089 in
2695 5037 2854 5091 Miclt.
2885 5049 2979 5087 vet
3004 5035 3153 5102 alibi,
3187 5034 3397 5094 Vatab.,
3424 5033 3607 5087 E~tius
3621 5033 3819 5105 aliique

2209 5103 2593 5163 observarunt.
2617 5109 2961 5176 Quapropter
2985 5106 3069 5160 hic
3097 5106 3234 5159 idem
3255 5115 3359 5169 εει,
3384 5118 3495 5158 octo
3512 5103 3822 5158 benedictio-

2213 5179 2362 5235 nibus
2387 5189 2584 5250 partem
2622 5183 2769 5241 dare,
2814 5191 2976 5249 atque
3005 5179 3252 5231 universis
3285 5176 3558 5229 virtutibus
3606 5189 3819 5244 operam

2215 5252 2363 5307 dare.
2391 5251 2458 5306 Et
2491 5252 2616 5306 hinc
2656 5261 2743 5307 est
2771 5254 2914 5320 quod
2955 5250 3196 5313 additur,
3220 5250 3291 5301 ita
3332 5259 3378 5301 et
3406 5263 3584 5320 oetara
3622 5259 3827 5320 summa

2217 5325 2466 5378 virtutum
2495 5333 2569 5378 est
2595 5340 2613 5389 ;
2645 5315 2856 5376 summa
2881 5324 3025 5376 enim
3057 5323 3256 5374 dicitur
3286 5336 3380 5388 per
3408 5318 3722 5389 allegoriam
3753 5315 3827 5389 ad

2222 5387 2732 5464 lllllltPl'OS,'QIltbllS
2762 5394 3005 5449 collectis
3027 5406 3251 5464 summa
3279 5387 3742 5464 coniicitu’r.‘Nt-c_
3757 5387 3830 5441 ob

2223 5466 2371 5521 aliud
2405 5459 2623 5534 ponitur
2648 5467 2988 5522 adVerluum.
3009 5463 3248 5532 fortasse.
3282 5463 3386 5517 nisi
3411 5473 3467 5515 ιιι
3499 5459 3703 5534 iudicet
3731 5459 3832 5534 illl-

2221 5537 2309 5607 jns
2334 5529 2435 5592 loci
2459 5553 2548 5602 qm
2573 5537 2636 5591 ad
2668 5539 2904 5592 litteram
2933 5529 3356 5607 deeleemosyna
3381 5531 3672 5607 accipitur,
3693 5529 3833 5607 nuti-

2229 5599 2347 5664 vam
2381 5599 2487 5663 non
2510 5624 2631 5663 esse
2657 5607 3187 5678 interpretationem,
3213 5599 3296 5659 vel
3324 5599 3834 5678 etiauruiysticede

2230 5683 2404 5737 veteri
2449 5696 2703 5750 noVoque
2737 5667 3094 5734 Testamento
3135 5667 3294 5746 posse
3332 5667 3587 5744 intelligi,
3615 5681 3672 5723 ut
3705 5667 3836 5723 alibi

2232 5756 2434 5824 sa-pius
2472 5752 2588 5822 ipse
2626 5756 3015 5821 interpretatus
3049 5759 3153 5824 est.
3186 5750 3391 5802 Sensus
3429 5759 3562 5824 ergo
3582 5751 3694 5824 est,
3739 5754 3837 5824 per

2233 5809 2556 5881 oet-avam'et
2581 5809 3038 5878 resurrectionem
3065 5820 3324 5884 futuram,
3351 5826 3408 5873 et
3427 5809 3686 5872 virtutum
3715 5809 3841 5866 unla'

2238 5899 2549 5954 versitatem
2581 5911 2646 5950 ex
2674 5910 2831 5963 aequo
2861 5893 3086 5960 signari.
