4014 6462
363 308 498 399 test
602 375 614 381 -

1684 326 1934 393 SANCTI
1970 325 2300 395 M18805"

3520 323 3666 385 1681

361 448 497 523 Quia
522 450 708 513 melior
729 466 925 523 pauper
935 453 1113 527 justus
1166 463 1323 521 quam
1348 445 1490 507 dives
1520 444 1742 507 mendam
1767 442 1954 516 (Prov.
1984 446 2036 515 Α
2062 443 2261 515 quibus
2284 442 2492 498 dictum
2524 450 2606 498 est
2632 458 2646 497 :
2676 439 2895 499 Iuvenis
2918 441 2995 511 fui
3017 483 3030 507 ,
3061 449 3107 497 et
3145 441 3318 508 uniti,
3352 450 3403 496 et
3429 456 3532 496 non
3559 443 3665 498 vidi

360 560 479 613 χιχ,
518 545 599 619 1).
659 544 856 602 Beatus
902 556 1110 621 pauper
1138 544 1228 614 qui
1278 541 1555 608 clamavit,
1595 548 1652 599 st
1695 539 1957 602 Dominus

358 638 638 701 exaudivit
670 654 796 697 cum
827 657 840 694 :
873 652 1079 711 pauper
1111 653 1139 690 a
1180 635 1433 703 crimine,
1467 649 1672 708 pauper
1717 648 1748 693 a
1786 634 1953 705 vitiis,

356 746 565 805 pauper
610 731 662 790 in
694 747 801 807 quo
838 730 1026 789 mundi
1069 730 1322 801 princeps
1362 728 1496 785 nihil
1525 728 1742 789 invenit
1772 745 1786 785 :
1822 743 1957 799 pau-

357 841 455 895 per
500 825 643 885 illius
678 825 907 884 aemulus
958 824 1240 894 pauperis,
1272 823 1363 895 qui
1409 837 1533 879 cum
1576 821 1731 879 dives
1779 829 1955 890 esset,

356 922 577 983 propter
607 926 707 968 nos
745 925 952 987 pauper
973 910 1146 967 lactus
1174 920 1276 967 est.
1314 908 1467 967 Unde
1489 908 1653 981 plene
1672 907 1956 969 Mattheus

353 1005 584 1076 aperuit,
609 1002 836 1063 dicens:
864 1001 1014 1061 Beati
1034 1019 1289 1083 pauperes
1322 1003 1511 1074 spiritu
1538 999 1755 1073 (Matlh-
1786 1016 1842 1067 νο
1862 997 1953 1074 δ)ἰ

353 1111 559 1168 pauper
599 1098 744 1152 enim
805 1099 1000 1169 spiritu
1058 1114 1168 1155 non
1214 1097 1463 1163 inﬂatur,
1520 1112 1629 1153 non
1672 1095 1955 1159 extollitur

355 1198 539 1251 mente
572 1191 752 1251 carnis
777 1204 911 1247 sum.

422 1282 514 1341 54.
555 1280 734 1340 Prima
778 1300 911 1357 ergo
954 1285 1058 1342 ista
1105 1284 1421 1347 benedictio
1459 1293 1546 1343 est
1577 1302 1591 1343 :
1622 1298 1747 1345 cum
1786 1283 1958 1355 depo-

350 1391 512 1434 suero
540 1391 705 1437 omne
732 1389 1038 1453 peccatum,
1067 1388 1122 1439 et
1159 1393 1364 1443 exuero
1412 1393 1632 1436 onlnem
1663 1376 1953 1445 malitiam,

348 1479 404 1526 et
431 1469 783 1544 simplicitate
806 1480 1097 1531 contentus
1130 1470 1309 1541 fuero,
1342 1472 1501 1544 inops
1530 1470 1825 1539 malorum,
1862 1484 1956 1527 suc-

349 1576 531 1637 perest
560 1576 618 1629 ut
644 1576 700 1624 et
730 1582 910 1623 mores
953 1581 1106 1623 meos
1138 1575 1456 1638 temperem.
1477 1563 1618 1634 Quid
1644 1564 1792 1621 enim
1820 1563 1955 1621 mihi

348 1656 574 1729 prodest
617 1673 810 1716 carere
855 1658 1230 1727 saecularibus,
1276 1657 1377 1717 nisi
1416 1656 1570 1714 luero
1600 1654 1749 1715 mitis
1786 1666 1956 1727 atque

350 1753 701 1810 mansuetus?
731 1752 863 1809 Nam
887 1751 979 1826 qui
999 1752 1247 1823 sequitur
1276 1752 1420 1809 viam
1444 1758 1673 1818 rectam,
1703 1750 1954 1821 sequitur

2049 540 2259 610 justum
2303 534 2629 599 derelictum,
2682 549 2773 587 nec
2818 550 2986 587 semen
3038 536 3150 607 ejus
3199 549 3435 599 quaerens
3479 551 3666 605 puum

2061 627 2236 699 (Psal.
2271 643 2457 696 xxxvi,
2492 626 2611 698 i5).
2641 628 2743 695 Qui
2774 627 2968 691 esurit.
3002 627 3192 698 utique
3232 628 3434 687 virium
3470 630 3669 701 querit

2058 727 2431 793 augmentum.
2473 718 2631 788 Quod
2676 727 2857 777 autem
2905 718 3078 790 majus
3103 720 3322 779 virtutis
3358 720 3669 779 incremen-

2058 826 2193 883 tum,
2217 832 2378 889 quam
2402 831 2593 873 norma
2620 816 2882 887 justitiael

2132 910 2223 967 57.
2250 910 2373 966 Post
2400 911 2499 966 bos
2521 928 2534 966 :
2556 907 2727 978 Beati,
2752 910 2949 976 inquit,
2973 909 3336 966 misericordes
3363 909 3583 983 (Matth.
3607 927 3663 981 ν,

2060 1002 2115 1072 7)
2136 1018 2151 1067 ;
2171 1002 2441 1073 justitiam
2471 1003 2619 1059 enim
2648 1003 2903 1074 sequitur
2934 1001 3332 1063 misericordia.
3371 1003 3524 1060 Unde
3550 1005 3668 1063 dic-

2061 1106 2174 1155 tum
2222 1106 2345 1155 est:
2391 1095 2673 1169 Dispersit,
2724 1097 2867 1153 dedit
2915 1096 3273 1171 pauperibus,
3313 1098 3514 1166 iustitio
3552 1103 3709 1173 ejus.

2060 1202 2233 1251 manet
2280 1192 2337 1248 in
2376 1200 2626 1248 (sternam
2654 1190 2831 1266 (Psal.
2864 1208 2974 1260 CXI,
3005 1194 3083 1265 9).
3123 1192 3230 1250 Sed
3255 1194 3421 1250 etiam
3447 1196 3538 1266 qui
3565 1197 3669 1253 mi-

2058 1284 2419 1343 sericordiam
2459 1284 2656 1355 defert,
2702 1286 3013 1345 mercedem
3057 1287 3298 1355 amittit,
3326 1288 3435 1344 nisi
3464 1291 3671 1349 mundo

2056 1378 2227 1437 corde
2253 1379 2615 1445 misereatur;
2645 1394 2771 1437 nam
2802 1381 2847 1436 si
2871 1380 3188 1451 iactantiam
3217 1392 3450 1452 quaerat,
3480 1384 3669 1442 nullus

2056 1479 2146 1529 est
2173 1470 2402 1529 fructus.
2428 1468 2679 1529 Emunda
2709 1471 2876 1543 igitur
2916 1472 3179 1531 interiora
3218 1474 3419 1531 mentis
3444 1483 3579 1543 ture;
3613 1485 3671 1534 et

2046 1562 2105 1619 .si
2129 1562 2415 1634 diligenter
2445 1564 2685 1634 pectoris
2713 1564 2791 1620 tui
2814 1574 3029 1621 secreta
3053 1566 3422 1636 mundaveris,
3444 1582 3669 1639 conma-

2062 1666 2175 1712 tere
2205 1655 2271 1710 iis
2297 1654 2389 1727 qui
2428 1654 2850 1725 impugnantur;
2882 1664 2939 1715 et
2982 1657 3231 1728 intelligo
3263 1659 3456 1729 quanti
3487 1662 3666 1716 bomi-

2061 1764 2214 1818 num,
2244 1748 2434 1819 quanti
2473 1748 2706 1809 fratrum
2747 1758 2966 1810 tuorum
3009 1750 3275 1808 auxilium
3325 1762 3473 1810 tuum
3514 1770 3667 1827 quae-

349 1850 539 1921 utique
570 1850 721 1905 illum
760 1850 854 1921 qui
885 1851 1002 1905 ait:
1032 1848 1232 1907 Discite
1259 1868 1293 1905 ιι
1344 1867 1425 1905 nte
1466 1851 1594 1922 quia
1631 1850 1775 1906 mitis
1808 1866 1949 1919 sum,
1982 1839 2031 1911 Β
2058 1852 2202 1898 ram-

230 1912 235 1917 λ
326 1912 627 2005 ‘ethitmilis
653 1912 810 2007 corde
836 1943 1052 2017 (Matth.
1078 1960 1156 2012 ιι,
1190 1944 1304 2019 19).
1359 1912 1581 2017 Depone
1618 1943 1783 2014 igitur
1827 1912 1951 2013 quae

341 2038 595 2110 improba
633 2046 783 2107 sunt,
818 2048 843 2077 α
880 2047 1040 2111 egeto
1070 2037 1221 2097 vitiis
1245 2037 1546 2096 secundum
1577 2038 1775 2095 bonam
1812 2052 1949 2108 pau-

348 2139 639 2202 pertatem,
686 2132 871 2207 mitiga
898 2131 1151 2189 aﬂectum
1185 2140 1369 2200 tuum;
1420 2140 1479 2188 ut
1527 2146 1638 2189 non
1669 2130 1948 2201 irascaris,

347 2231 443 2285 aut,
484 2232 640 2282 certe
661 2222 832 2280 iratus
862 2239 931 2280 ne
959 2224 1299 2299 peccaveris,
1326 2222 1476 2299 juxta
1506 2221 1653 2293 quod
1683 2222 1951 2293 scriptum

348 2324 433 2369 est
468 2332 482 2370 :
515 2311 841 2391 Irascimini,
891 2325 942 2379 et
980 2317 1139 2371 nolite
1193 2332 1407 2389 peccare
1456 2313 1654 2389 (Psal.
1707 2330 1799 2382 tv,
1849 2311 1949 2388 ὅ).

348 2408 679 2466 Praeclarum
745 2421 829 2466 est
895 2411 1041 2469 enim
1116 2419 1326 2471 motum
1396 2419 1708 2483 temperare
1766 2407 1951 2467 consi-

348 2500 425 2557 lio
453 2520 467 2558 :
500 2516 600 2558 nec
629 2498 854 2559 minoris
897 2503 1116 2561 virtutis
1144 2503 1364 2563 ducitur
1392 2542 1410 2569 ,
1440 2502 1705 2560 cohibere
1734 2502 1949 2559 iracun-

343 2594 511 2661 diam,
546 2594 1087 2667 indignationemque
1115 2610 1494 2670 compescere,
1518 2611 1682 2667 quam
1718 2595 1949 2655 omnino

345 2701 453 2742 non
479 2688 672 2756 irasci;
707 2704 830 2755 cum
861 2689 1181 2764 plerumque
1206 2689 1340 2753 illud
1367 2690 1593 2759 lentius,
1618 2690 1722 2747 hoc
1754 2688 1950 2747 fortius

350 2780 667 2839 aestimetur.

418 2870 632 2953 1369
666 2866 755 2943 55.
788 2873 923 2935 Cum
951 2875 1056 2939 hoe
1082 2874 1301 2943 feceris,
1348 2881 1624 2933 memento
1662 2874 1791 2948 quia
1824 2890 1950 2947 pec-

340 2976 495 3023 cator
521 2984 621 3035 es;
652 2969 836 3041 lugeto
858 2980 1078 3042 peccata
1109 2960 1218 3036 tua,
1243 2969 1428 3045 lugeto
1458 2969 1678 3026 delicta.
1704 2968 1775 3025 Et
1806 2968 1947 3027 bene

343 3063 501 3116 tertia
530 3061 843 3119 benedictio
872 3071 958 3127 est
987 3072 1207 3139 peccata
1250 3061 1533 3131 deﬂentis;
1562 3061 1687 3134 quia
1708 3060 1947 3119 Trinitas

344 3163 429 3208 est
456 3168 578 3224 qua:
605 3165 827 3223 peccata
856 3154 1152 3215 condonat.
1198 3154 1375 3219 Ablue
1410 3154 1573 3227 igitur
1605 3165 1658 3211 te
1690 3154 1948 3227 lacrytnis

2127 1936 2219 1995 58.
2248 1935 2356 1993 Sed
2385 1934 2493 1996 nisi
2522 1946 2576 1993 tu
2602 1938 2758 2008 prius
2785 1937 3050 1995 interiora
3075 1947 3167 1995 tua
3197 1940 3570 1997 vacuefeceris
3597 1942 3666 1999 ab

2057 2030 2207 2086 omni
2234 2029 2354 2087 labe
2397 2030 2633 2101 peccati,
2676 2045 2747 2086 ne
2776 2029 3152 2089 dissensiones
3176 2035 3664 2107 contentionesque

2056 2140 2122 2179 ex
2151 2122 2349 2183 aﬂectu
2378 2132 2472 2183 tuo
2520 2124 2813 2196 prodeant,
2845 2140 2955 2183 non
2984 2134 3140 2197 potes
3166 2112 3291 2185 aliis
3320 2126 3466 2185 ferre
3494 2128 3661 2185 medi-

2055 2216 2258 2277 cinam.
2290 2216 2338 2275 Δ
2368 2226 2422 2279 te
2451 2216 2619 2290 igitur
2649 2232 2836 2288 pacem
2863 2218 3073 2289 incipe;
3097 2228 3158 2277 ut
3186 2233 3312 2277 cum
3340 2218 3512 2277 fueris
3539 2220 3659 2291 ipse

2056 2312 2344 2387 paciﬁcus,
2384 2308 2575 2384 pacem
2620 2311 2747 2368 aliis
2791 2313 2955 2369 feras.
2986 2312 3274 2381 Quomodo
3314 2314 3455 2370 enim
3499 2323 3647 2385 potes

2054 2408 2285 2466 aliorum
2314 2407 2478 2467 corda
2508 2406 2796 2477 mundare,
2841 2408 2947 2467 nisi
2992 2418 3145 2466 tuum
3189 2418 3319 2466 ante
3363 2408 3643 2467 mundare.

2055 2498 2168 2563 ris?

2128 2592 2219 2649 59.
2246 2592 2506 2650 Proluisti
2529 2595 2694 2666 igitur
2718 2595 2864 2663 aliis,
2894 2594 3062 2651 tulisti
3086 2595 3349 2653 auxilium
3373 2594 3656 2666 pluribus;

2053 2684 2272 2754 festina,
2301 2688 2576 2747 contende
2604 2687 2673 2745 ad
2706 2688 2892 2747 linem.
2923 2688 3076 2744 Multi
3117 2703 3241 2747 cum
3275 2700 3463 2749 essem
3484 2690 3655 2745 exitus

2050 2780 2200 2852 vitae,
2246 2796 2387 2838 unus
2425 2780 2657 2838 Domino
2694 2783 3072 2853 competebat;
3113 2798 3238 2840 nam
3279 2783 3427 2855 quod
3474 2793 3656 2839 natum

2053 2884 2170 2935 erat
2195 2874 2494 2931 secundum
2525 2890 2768 2942 carnem,
2794 2876 3084 2945 oportebat
3106 2877 3409 2936 secundum
3432 2891 3655 2935 carnem

2052 2967 2212 3021 mori.
2248 2966 2423 3039 Elegit
2462 2969 2771 3039 passionem
2816 2974 2875 3029 ut
2902 2975 3209 3027 moreretur
3238 2984 3340 3040 pro
3370 2969 3567 3033 nobis;
3602 2978 3657 3026 et

2055 3072 2107 3119 tu
2130 3061 2220 3119 dic
2243 3061 2311 3117 de
2332 3061 2587 3117 omnibus
2614 3076 2735 3132 quae
2766 3060 3025 3119 retribuit
3048 3061 3147 3121 tibi
3179 3061 3478 3120 Dominus:
3511 3060 3653 3117 Cali-

2052 3171 2161 3210 cem
2197 3154 2452 3211 salutaris
2490 3154 2743 3224 accipiam
2771 3194 2785 3221 ,
2836 3163 2884 3209 et
2923 3168 3109 3208 nomen
3149 3150 3361 3208 Domini
3410 3153 3654 3210 invocabo

346 3246 474 3312 tuis,
504 3258 559 3301 et
599 3246 817 3307 ﬂetibus
846 3248 983 3309 lava.
1014 3247 1071 3304 Si
1115 3256 1172 3311 tu
1212 3248 1330 3318 ipse
1358 3256 1411 3304 te
1449 3246 1701 3317 ﬂeveris,
1726 3248 1864 3309 alius
1897 3257 1950 3305 to
1976 3238 2025 3313 C
2055 3248 2225 3323 (Psal.
2253 3265 2377 3313 cxv,
2413 3248 2526 3322 l5),
2560 3248 2662 3305 hoc
2688 3256 2795 3315 est,
2828 3250 3155 3319 passionem.
3182 3246 3340 3304 Unde
3361 3246 3526 3305 etiam
3552 3247 3657 3303 illis

346 3354 455 3395 non
488 3340 670 3407 ﬂebit;
709 3348 835 3396 nam
856 3343 901 3397 si
928 3340 1059 3403 Saul
1086 3340 1398 3405 deﬂeviswt
1438 3352 1661 3414 peccata
1692 3358 1822 3409 sua,
1844 3342 1947 3401 Stt-

344 3434 491 3490 muel
518 3449 640 3490 eum
665 3448 771 3493 non
793 3433 1103 3491 deﬂevisset
1126 3434 1169 3513 (l
1194 3433 1325 3511 Reg.
1354 3450 1443 3502 xv,
1469 3434 1763 3507 55).Habet
1785 3451 1951 3497 unus-

343 3530 576 3601 quisque
626 3544 767 3605 quos
820 3526 947 3585 ﬂeat
988 3538 1240 3593 mortuos
1290 3543 1439 3591 suos.
1491 3528 1690 3587 Mortui
1735 3544 1945 3598 senius,

344 3623 561 3693 quando
603 3636 926 3694 peccamus,
958 3622 1178 3693 quando
1224 3622 1517 3692 implemur
1557 3621 1772 3681 ossibus
1802 3639 1951 3683 tuor-

345 3724 584 3777 tuorum,
609 3714 855 3772 Mortuus
890 3722 977 3779 est
1002 3730 1187 3775 sermo
1227 3716 1403 3777 malus
1421 3758 1436 3783 ,
1457 3717 1549 3788 qui
1576 3718 1689 3781 exit
1715 3718 1784 3777 de
1808 3732 1908 3783 ore
1930 3738 1946 3787 ;

343 3809 457 3865 exit
483 3813 626 3865 enim
648 3808 718 3866 de
743 3810 992 3879 sepulcro
1015 3810 1193 3871 malo:
1224 3809 1535 3884 Sepulcrum
1562 3824 1743 3870 autem
1769 3824 1949 3886 patens

343 3914 419 3960 est
447 3914 627 3977 guttur
647 3920 821 3969 eorum
852 3903 1024 3977 (Psal.
1054 3921 1111 3973 v,
1146 3905 1256 3978 ll).
1290 3906 1419 3963 Ideo
1444 3906 1577 3964 dicit
1601 3907 1897 3977 Apostolus
1929 3930 1946 3968 :

348 3998 643 4055 Imitatum
681 3999 784 4058 mei
823 4009 981 4057 estote
1010 3996 1055 4070 (l
1085 3996 1208 4063 Cor,
1239 3978 1456 4070 wild).
1499 4000 1621 4063 Vult
1652 4017 1754 4059 nos
1781 4003 1950 4061 delic-

344 4103 522 4149 torum
573 4093 887 4149 meminisse
932 4102 1267 4149 nostrorum.
1316 4092 1518 4149 Paulus
1566 4110 1673 4150 non
1717 4096 1951 4154 habebat

343 4186 489 4256 quod
520 4186 753 4261 lugeret,
784 4202 851 4243 ex
876 4202 985 4259 quo
1012 4186 1067 4243 in
1099 4183 1376 4243 Christum
1403 4186 1658 4256 credidit,
1686 4196 1743 4250 et
1766 4199 1949 4249 tamen

344 4280 531 4352 priora
574 4280 810 4337 deﬂebat
835 4280 1057 4338 dicens:
1091 4280 1229 4348 Quia
1255 4297 1360 4336 non
1389 4296 1507 4335 sunt
1548 4282 1737 4353 dignus
1778 4286 1959 4341 vorari

343 4373 646 4445 apostolus;
682 4374 809 4443 quia
844 4383 1139 4445 persecutus
1167 4389 1281 4430 sum
1309 4372 1597 4431 Ecclesium
1624 4370 1723 4432 Dei
1748 4376 1793 4449 (l
1824 4377 1947 4435 Cor.

344 4476 438 4531 xv,
463 4458 546 4537 9).
582 4464 676 4522 ille
706 4463 871 4538 igitur
898 4474 1150 4538 peccator
1178 4470 1310 4522 ante
1342 4464 1529 4534 ﬂdem,
1559 4483 1661 4525 nos
1690 4484 1822 4525 vero
1845 4470 1948 4527 ad-

346 4554 453 4612 huc
491 4573 779 4627 peccamus
820 4566 941 4629 post
969 4558 1154 4615 tidem.
1182 4559 1286 4627 Qui
1325 4572 1582 4632 peccator
1602 4569 1718 4631 est,
1750 4562 1950 4619 deﬂeat

2050 3343 2142 3416 qui
2178 3344 2245 3399 ad
2274 3343 2554 3399 dexteram
2586 3343 2673 3399 vel
2708 3343 2775 3401 ad
2806 3341 3083 3409 sinistram
3117 3342 3311 3401 sedere
3342 3341 3656 3413 cupiebant,

2051 3440 2158 3494 ait:
2208 3437 2432 3495 Potestis
2475 3438 2643 3494 bibere
2685 3436 2899 3499 calicem
2941 3454 3093 3509 quem
3127 3455 3219 3509 ego
3249 3438 3508 3495 bibiturus
3544 3454 3657 3495 sum

2053 3530 2270 3607 (Matth.
2304 3548 2398 3600 xx,
2428 3531 2545 3602 22).
2578 3531 2763 3602 Usque
2788 3532 2858 3591 ad
2891 3532 3057 3587 linem
3091 3541 3147 3591 te
3178 3531 3354 3596 ducit,
3388 3546 3561 3600 usque
3589 3530 3655 3586 ad

2052 3609 2371 3701 martyrium
2420 3625 2791 3698 prosequitur,
2836 3635 2893 3684 et
2934 3626 3217 3687 constituit
3262 3624 3655 3687 beatitudinum

2055 3721 2314 3793 palmam.

2129 3815 2343 3891 1370
2376 3815 2466 3873 60.
2500 3816 2634 3875 Vide
2679 3818 2842 3889 igitur
2874 3816 3141 3879 ordinem.
3176 3817 3409 3887 Oportet
3442 3827 3493 3873 te
3534 3818 3651 3873 ﬁeri

2054 3924 2346 3980 pauperem
2392 3909 2618 3979 spiritu;
2667 3908 2945 3969 humilitas
2985 3910 3131 3969 enim
3176 3910 3403 3980 spiritus
3452 3910 3651 3965 divitia

2054 4004 2313 4059 virtutum
2350 4014 2499 4060 sunt.
2539 4003 2653 4060 Nisi
2692 4020 2899 4075 pauper
2946 4003 3137 4072 lueris.
3181 4004 3329 4063 mitis
3367 4017 3486 4062 esse
3535 4016 3642 4058 non

2054 4094 2281 4166 poteris.
2311 4095 2413 4162 Qui
2438 4095 2585 4151 mitis
2614 4104 2719 4163 est,
2750 4104 2927 4166 potest
2960 4094 3145 4165 lugere
3177 4096 3505 4165 praesentia;
3554 4094 3646 4164 qui

2054 4187 2311 4245 inferiora
2346 4188 2516 4259 luget,
2538 4197 2717 4259 potest
2745 4186 3064 4244 desiderare
3086 4186 3347 4255 meliora;
3379 4187 3469 4259 qui
3494 4203 3655 4259 ευμε-

2052 4282 2196 4337 riora
2215 4284 2426 4352 quierit,
2449 4278 2477 4320 δ
2502 4282 2758 4338 inferiora
2788 4280 3021 4348 devitat;
3047 4288 3104 4335 ut
3131 4289 3183 4335 ct
3214 4280 3332 4351 ipse
3359 4294 3389 4334 a
3410 4282 3657 4351 superio-

2052 4370 2203 4429 ribus
2243 4372 2566 4444 adjuvetur;
2595 4373 2687 4445 qui
2732 4374 3038 4443 miseretur,
3081 4387 3178 4428 cor
3216 4388 3375 4428 suum
3410 4374 3651 4428 mundat.

2051 4466 2191 4536 Quid
2217 4476 2302 4524 est
2321 4468 2469 4545 enim
2502 4468 2767 4524 mundare
2792 4469 3058 4537 animum,
3084 4470 3189 4525 nisi
3220 4469 3443 4524 sordem
3464 4470 3656 4522 mortis

2051 4564 2309 4619 abolere?
2338 4564 2685 4635 Eleemosyna
2713 4565 2858 4620 enim
2891 4582 2923 4618 a
2958 4574 3124 4619 marte
3164 4564 3346 4619 liberat
3386 4561 3538 4637 (Tob.
3579 4579 3653 4632 tv,

344 4659 429 4713 se,
460 4656 516 4702 et
535 4659 727 4718 arguat
747 4660 806 4705 se
824 4690 838 4717 ,
866 4658 925 4705 ut
950 4650 1043 4706 ﬂat
1082 4650 1297 4720 justus:
1329 4650 1513 4708 Justus
1553 4653 1701 4711 enim
1730 4669 1945 4712 nccusa-
1972 4636 2024 4700 D
2052 4653 2140 4729 li)
2164 4673 2182 4712 :
2206 4656 2461 4729 patientia
2484 4674 2612 4716 vero
2635 4658 2897 4729 perfectio
2917 4668 3000 4714 est
3021 4656 3325 4714 charitatis.
3349 4658 3449 4726 Qui
3474 4666 3655 4714 autem

349 4744 429 4792 tor
452 4745 525 4791 est
550 4738 633 4793 sui
666 4736 849 4812 (Prov.
881 4754 1039 4815 xvm,
1072 4742 1186 4816 17).

418 4824 507 4889 56.
540 4830 800 4897 Ordinem
845 4833 1010 4906 igitur
1046 4852 1475 4909 persequamur,
1506 4841 1634 4911 quia
1674 4841 1941 4913 scriptum

345 4931 461 4979 est:
493 4922 741 4979 Ordinati:
772 4926 826 4980 in
844 4942 925 4980 me
948 4927 1251 4985 charitatem
1278 4930 1454 5003 (Cant.
1484 4946 1521 4988 tt
1546 4972 1560 4999 ,
1590 4932 1669 5004 4).
1705 4935 1943 5003 Deposui

288 5088 289 5091 η
344 5022 653 5083 peccatum,
687 5014 983 5089 temperavi
1008 5032 1210 5088 mores,
1239 5020 1442 5077 delicta
1468 5020 1696 5087 deﬂevi:
1736 5026 1946 5082 esurire

344 5105 548 5178 incipio
578 5113 635 5163 et
658 5102 811 5171 sitire
854 5106 1143 5179 justitiam.
1188 5111 1355 5186 Eger
1379 5113 1527 5173 enirn
1553 5132 1674 5173 cum
1705 5120 1759 5175 in
1795 5120 1948 5190 gravi

345 5201 537 5257 morbo
556 5209 665 5268 est,
691 5217 799 5259 non
821 5203 1026 5271 esurit;
1051 5205 1179 5275 quia
1200 5209 1537 5279 (egritudinis
1563 5211 1722 5268 dolor
1746 5213 1945 5270 famem

340 5292 605 5349 excludit.
626 5294 734 5350 Sed
764 5308 884 5367 quin
912 5305 999 5352 est
1032 5297 1137 5353 ista
1172 5298 1346 5359 fames
1377 5302 1644 5373 iustitia?
1685 5304 1789 5376 Qui
1819 5316 1951 5365 sunt

342 5386 433 5442 isti
469 5400 641 5459 panes
678 5404 816 5462 quos
842 5386 1014 5451 esurit
1034 5390 1256 5469 justus?
1282 5393 1360 5459 Ne
1386 5394 1528 5456 forte
1566 5415 1736 5474 panes
1766 5403 1847 5467 illi
1875 5406 1945 5465 de

398 5562 819 5654 item:
847 5580 973 5654 eum
1004 5571 1166 5654 unico
1196 5588 1299 5631 ms.
1330 5573 1493 5649 Reg.,
1522 5577 1688 5654 Egeto
1716 5585 1935 5645 divitiis.

342 5634 520 5708 Minus
550 5640 801 5708 apposite
830 5638 897 5695 ad
920 5651 1259 5700 ootitextum.

412 5702 444 5742 δ
479 5702 763 5793 Reg—cod.
792 5709 964 5793 solbs,
994 5716 1262 5793 interiores
1294 5718 1541 5793 (adjuvet;
1585 5725 1837 5784 nimirum
1882 5740 1941 5789 ut

340 5792 465 5835 eum
495 5785 745 5861 sequenti
773 5785 1018 5861 membro
1050 5785 1149 5843 ﬂat
1190 5785 1644 5861 autitlt'esis;'sed
1682 5812 1786 5854 non
1817 5785 1939 5859 ideo

340 5858 641 5925 communis
686 5858 848 5933 lectio
888 5861 1207 5925 deserenda.
1255 5868 1319 5925 Et
1358 5858 1520 5952 paulo
1560 5879 1701 5950 post,
1750 5858 1939 5937 omnes

2050 4751 2251 4822 patitur
2282 4751 2738 4821 persecutionem,
2768 4752 2822 4806 in
2851 4742 3044 4807 ultimo
3064 4750 3362 4805 certamine
3390 4752 3657 4806 constitu-

2048 4856 2135 4901 tus
2178 4846 2441 4916 probatur
2469 4845 2745 4911 adversis;
2792 4851 2851 4899 ut
2884 4858 3007 4899 cum
3051 4843 3292 4914 legitime
3334 4843 3649 4911 certaverit,

2050 4946 2367 4997 coronetur.
2418 4937 2528 4995 Hos
2574 4936 2792 5010 quidam
2839 4939 3040 5010 gradus
3086 4936 3275 4993 volunt
3319 4951 3441 4992 esse
3488 4937 3655 4993 virtu-

2048 5045 2181 5100 tum,
2210 5047 2307 5103 per
2330 5046 2469 5103 quos
2494 5032 2564 5088 ab
2590 5032 2798 5091 ultimis
2827 5031 2895 5087 ad
2930 5032 3214 5102 superiora
3250 5030 3521 5101 possimus
3563 5044 3653 5085 as-

2045 5128 2302 5185 cendere.

2121 5222 2211 5281 6i.
2242 5222 2486 5295 Denique
2514 5224 2656 5279 sicut
2688 5222 3019 5281 incrementa
3049 5222 3308 5279 virtutum
3330 5263 3345 5290 ,
3379 5219 3452 5276 ita
3487 5220 3653 5277 etiam

2046 5328 2175 5374 sunt
2198 5318 2534 5375 incrementa
2564 5318 2945 5387 praemiorum;
2979 5316 3101 5387 plus
3127 5327 3211 5373 est
3240 5315 3381 5373 enim
3404 5314 3497 5371 Dei
3529 5328 3654 5370 esse

2046 5411 2264 5479 Filium,
2302 5423 2464 5481 quam
2514 5409 2799 5480 possidere
2846 5419 3081 5478 terram,
3126 5417 3185 5466 et
3218 5406 3652 5464 consolationem

2045 5589 2205 5657 edit.,
2237 5588 2338 5645 nisi
2366 5588 2569 5645 sordem
2597 5590 2782 5645 mentis
2816 5590 3046 5657 abluere,
3084 5590 3163 5648 sic
3196 5590 3359 5647 etiam
3389 5606 3519 5647 mss.
3551 5591 3653 5647 ali-

2046 5670 2198 5735 quot,
2229 5671 2457 5730 excepto
2486 5658 2629 5731 quod
2657 5677 2782 5735 cum
2812 5662 2935 5735 aliis
2967 5663 3173 5733 legunt,
3203 5660 3426 5721 abolere.
3450 5661 3651 5735 Cgeteri

2045 5732 2234 5804 plures
2257 5736 2640 5815 (potioresque,
2672 5734 2772 5787 nisi
2801 5733 3007 5815 sordem
3028 5732 3247 5815 mortis,
3285 5742 3417 5796 etc..
3542 5744 3650 5803 est,

2046 5804 2474 5943 aggru‘péitanem.
2508 5804 2573 5864 Et
2602 5804 2705 5863 hoc
2736 5804 2932 5864 melius
2960 5804 3191 5881 quadrat
3210 5820 3334 5869 cum
3358 5805 3534 5874 verbis
3563 5821 3651 5871 se-

2159 5893 2189 5937 u
2344 5912 2359 5937 ο

2047 5891 2359 5957 quentibus.
