4156 6346
328 335 474 394 16.33

1325 335 1690 394 EXPOSITIO
1724 329 1988 395 EVANG.
2029 335 2380 414 δεοηιυῦ.
2421 338 2552 396 LlB.
2595 338 2660 395 Υ.

3492 340 3636 399 ιθδι

328 451 550 513 mereri.
590 453 700 512 Sed
730 453 854 526 quia
884 463 940 510 et
970 453 1206 525 primum
1232 453 1520 524 praemium
1561 465 1790 523 regnum
1816 467 1927 509 etes
1952 457 2004 517 Α
2102 453 2193 510 6s.
2227 452 2378 509 Beati
2407 453 2573 524 igitur
2605 467 2859 525 pauperes
2883 453 3091 526 spiritu.
3119 451 3302 511 Habes
3327 460 3639 524 temperan-

337 551 514 606 lorum
536 559 641 618 est,
657 559 712 606 et
727 551 972 605 ultimum
989 549 1269 619 prmium
1285 563 1510 618 regnum
1523 548 1784 602 ctelorum
1807 556 1890 602 est
1911 565 1924 601 :

324 643 588 715 numquid
631 644 838 715 aquale
875 641 1158 712 praemium
1198 640 1587 711 incipientibus
1612 645 1778 711 atque
1805 654 1930 710 per-

321 733 485 792 fectis
505 736 624 790 est?
644 733 723 791 Ne
743 734 884 790 forte
901 732 1132 806 mystice
1147 731 1407 788 docemur
1425 733 1550 802 quia
1578 742 1662 786 est
1693 732 1925 803 primum

320 843 554 901 regnum
579 828 845 885 calorum
873 827 1006 882 illud
1045 826 1448 898 apostolicum:
1477 823 1703 880 Dissolvi
1740 835 1787 880 et
1821 842 1930 880 esss

317 939 439 976 cum
462 921 670 976 Christo
702 918 928 993 (Philip.
961 935 1001 988 ι,
1030 918 1149 991 25).
1197 918 1379 974 Habes
1407 919 1640 988 primum
1672 932 1922 988 regnum,

317 1014 540 1085 quando
576 1012 752 1068 sancti
779 1012 1069 1082 rapiuntur
1098 1012 1150 1066 in
1185 1010 1421 1067 nubibus
1449 1009 1662 1068 obviam
1707 1009 1926 1066 Christo

317 1109 376 1165 in
408 1125 565 1177 aera;
591 1109 748 1164 multi
779 1108 924 1163 enim
952 1105 1338 1162 dormientium
1361 1114 1620 1184 purgent;
1644 1105 1731 1162 isti
1761 1105 1814 1160 in
1844 1105 1927 1161 vio

319 1120 376 1165 tu
408 1125 565 1177 aera;
591 1120 748 1164 mum
779 1123 924 1163 enim
952 1120 1338 1162 uormtenttum
1379 1120 1620 1184 purgent;
1644 1120 1731 1162 tstt
1761 1121 1814 1160 tn
1844 1121 1927 1161 vto

319 1213 430 1260 tam
455 1214 741 1269 internum,
774 1201 853 1257 illi
895 1203 947 1256 in
989 1120 1387 1288 opprobrium;
1396 1198 1636 1256 Primum
1679 1214 1809 1271 ergo
1840 1215 1927 1256 re-

315 1311 484 1367 gnum
515 1296 780 1354 ctulorum
812 1293 1012 1350 sanctis
1033 1293 1372 1364 propositum
1401 1291 1562 1348 estin
1583 1290 1926 1348 absolutione

316 1389 606 1461 corporis;
629 1388 928 1444 secundum
952 1400 1177 1457 regnum
1203 1383 1466 1442 caelorum
1488 1392 1571 1439 est
1593 1392 1716 1453 post
1743 1399 1925 1440 resuro

316 1484 620 1540 rectionem
646 1497 772 1539 esse
807 1495 933 1538 cum
968 1480 1209 1538 Christo.
1255 1479 1393 1536 Cum
1441 1479 1608 1534 lueris
1653 1480 1707 1534 in
1757 1493 1924 1550 regno

315 1579 609 1646 calorum,
642 1587 770 1634 tunc
796 1588 1086 1648 processus
1114 1581 1199 1632 est
1226 1573 1566 1630 mansionum
1589 1571 1725 1640 ;etsi
1757 1587 1924 1630 unum

315 1688 570 1744 regnum,
600 1671 816 1728 diversa
844 1680 1028 1726 tamen
1060 1669 1252 1725 merita
1293 1675 1423 1724 sunt
1465 1667 1517 1722 in
1559 1681 1729 1738 regno
1750 1666 1924 1731 cmic-

315 1689 450 1744 regn
555 1713 570 1737 ,
600 1688 816 1728 diversa
844 1688 1028 1726 tamen
1060 1688 1252 1725 menta
1293 1688 1423 1724 sunt
1465 1688 1517 1722 tn
1560 1688 1729 1738 regno
1750 1688 1923 1731 pustu-

315 1688 648 1914 rum.Fost
707 1764 1163 1822 resurrectionem
1219 1773 1418 1819 terram
1486 1770 1630 1816 tuam
1693 1760 1923 1830 incipies

316 1861 464 1914 nossi
505 1874 623 1914 ere.
653 1858 938 1914 absolutus
967 1872 996 1911 a
1024 1864 1222 1912 morte.
1254 1855 1352 1911 1116
1377 1855 1521 1911 enim
1549 1855 1635 1910 cui
1674 1853 1874 1910 dicitur
1905 1869 1920 1911 :

316 1853 623 1931 possidere,
653 1858 938 1915 absolutus
967 1872 996 1911 a
1024 1864 1222 1912 morte.
1254 1855 1352 1911 1116
1377 1855 1521 1911 enim
1549 1855 1635 1910 cui
1674 1853 1874 1910 dicitur
1905 1869 1920 1911 :
1951 1870 2000 1930 Β

315 1954 485 2010 Terra
512 1970 588 2020 es,
619 1963 668 2009 et
692 1954 748 2008 in
772 1960 966 2007 terram
991 1949 1088 2006 ibis
1115 1947 1269 2030 (Gen.
1296 1963 1375 2014 ιιι,
1407 1947 1523 2018 i9),
1544 1961 1652 2002 non
1679 1944 1922 2017 possidet

316 2059 523 2106 terram
569 2063 758 2115 suam;
803 2062 914 2104 non
944 2047 1090 2102 enim
1120 2052 1301 2116 potest
1324 2058 1448 2100 esse
1476 2056 1760 2114 possessor
1786 2084 1801 2108 ,
1829 2040 1920 2112 qui

314 2163 426 2203 non
477 2147 624 2217 capit
672 2147 932 2202 fructum.
980 2143 1294 2201 Absolutus.
1321 2141 1484 2213 igitur
1535 2153 1631 2211 per
1680 2139 1922 2196 Domini-

313 2255 436 2296 cam
463 2255 680 2297 crucem
709 2239 784 2313 (si
812 2247 996 2294 tamen
1027 2238 1166 2294 intra
1184 2235 1371 2307 jngum
1401 2234 1618 2292 Domini
1645 2232 1809 2289 lueris
1841 2232 1922 2290 in-

315 2335 536 2406 ventus)
579 2334 1008 2393 consolationem
1046 2333 1100 2388 in
1129 2333 1246 2402 ipsa
1277 2329 1621 2402 possessione
1645 2327 1918 2398 reperies:

313 2430 748 2486 consolationem
778 2429 1023 2500 sequitur
1043 2425 1358 2490 delectatio,
1387 2422 1802 2480 delectationem
1833 2419 1922 2476 di-

310 2523 441 2579 vina
486 2523 784 2579 miseratio.
813 2522 985 2590 Quem
1013 2531 1193 2578 autem
1226 2519 1490 2578 Dominus
1516 2516 1835 2582 miseratur,
1869 2524 1923 2572 et

310 2626 476 2676 vocat
497 2635 512 2685 ;
537 2618 631 2688 qui
659 2624 906 2684 vocatur,
932 2615 1086 2672 videt
1110 2622 1393 2672 vocantem
1415 2629 1430 2679 ;
1452 2614 1543 2683 qui
1576 2611 1745 2668 Deum
1771 2609 1924 2666 vide-

312 2714 409 2779 rit,
459 2713 516 2768 in
559 2712 650 2783 jus
697 2711 897 2767 divina:
923 2709 1293 2781 generationis
1318 2707 1654 2763 assumitur:
1685 2713 1922 2775 tuncque

308 2805 538 2861 demum
567 2801 725 2874 quasi
755 2801 850 2858 Dei
881 2802 1072 2870 Filius,
1096 2801 1336 2856 omlestis
1367 2797 1522 2870 regni
1548 2796 1750 2854 divitiis
1775 2796 1924 2854 dele-

309 2907 516 2952 ctatur.
551 2896 647 2952 ille
667 2895 832 2966 igitur
863 2895 1073 2965 incipit,
1108 2894 1195 2950 hic
1230 2893 1490 2962 repletur.
1522 2891 1656 2946 Nam
1696 2899 1753 2946 et
1777 2889 1922 2947 intra

310 2992 422 3049 hoc
454 2993 712 3047 saaculum
737 2991 890 3048 multi
913 2990 968 3047 in
994 2989 1224 3060 imperio
1247 2987 1495 3044 Romano
1517 2995 1670 3052 sunt;
1694 2985 1788 3042 sed
1810 3001 1926 3040 ma~

301 3088 493 3159 joretn
523 3086 740 3157 imperii
759 3087 990 3156 gratiam
1011 3084 1101 3156 qui
1127 3083 1409 3155 propiores
1431 3079 1746 3153 imperatori
1774 3087 1921 3147 sunt,

310 3188 753 3251 consequuntur.

397 3275 492 3332 62.
527 3273 678 3330 Nune
715 3273 962 3330 dicamus
988 3271 1444 3344 quemadmodum
1477 3272 1529 3326 in
1569 3278 1802 3342 quatuor
1830 3269 1924 3326 be—
1949 3267 1996 3331 C

321 3368 732 3426 nedictionibus
768 3377 988 3423 sanctus
1031 3366 1206 3423 Lucas
1248 3365 1655 3422 benedictiones
1683 3365 1757 3419 sit
1803 3373 1927 3421 octo

179 3409 267 3498 Χ
305 3462 660 3533 complexus.
689 3459 759 3516 Et
786 3461 1006 3532 quidem
1035 3461 1238 3516 scimus
1281 3460 1509 3516 virtutes
1545 3473 1668 3516 esse
1695 3467 1926 3528 quatuor

305 3556 648 3621 cardinales.
707 3555 1144 3626 temperantiam,
1195 3552 1486 3624 justitiam,
1557 3551 1922 3622 prudentiam,

306 3651 716 3710 fortitudinem.
749 3650 850 3718 Qui
883 3665 1088 3720 pauper
1107 3657 1194 3706 est
1221 3648 1440 3721 spiritu,
1468 3661 1665 3703 avarus
1687 3659 1794 3702 non
1816 3652 1920 3701 est.

305 3743 420 3812 Qui
452 3742 568 3809 llet,
593 3759 698 3798 non
722 3743 1001 3814 superbit;
1033 3743 1127 3798 sed
1169 3742 1314 3798 mitis
1341 3750 1504 3798 estet
1544 3751 1787 3811 pacatus.
1820 3739 1926 3807 Qui

304 3838 488 3908 luget,
519 3836 850 3892 humiliatur.
891 3836 993 3906 Qui
1023 3838 1204 3906 justus
1244 3845 1353 3904 est,
1393 3851 1499 3890 non
1528 3843 1688 3906 negat
1713 3844 1740 3873 ι·
1779 3833 1924 3904 quod

308 3933 422 3988 scit
443 3930 702 3987 omnibus
736 3929 804 3986 ad
835 3945 990 3986 usum
1017 3929 1378 3986 communiter
1403 3928 1608 3984 datum.
1634 3927 1736 3996 Qui
1762 3927 1927 3984 mise-

310 4035 502 4093 retur,
531 4025 758 4095 largitur
790 4023 860 4080 de
893 4037 1014 4080 suo.
1045 4021 1146 4090 Qui
1181 4038 1340 4079 suum
1371 4021 1558 4092 donat,
1593 4036 1700 4077 non
1729 4021 1925 4092 quierit

307 4119 584 4187 alienum,
615 4133 717 4174 nec
736 4119 919 4173 dolum
948 4117 1198 4188 proximo
1219 4117 1399 4172 struit.

389 4214 484 4270 63.
517 4214 792 4270 Connexae
829 4213 993 4284 igitur
1021 4214 1124 4268 sibi
1155 4221 1284 4268 sunt
1307 4218 1790 4280 concatenattequc
1818 4210 1927 4267 vir-

307 4318 504 4372 tutes;
532 4317 594 4362 ut
619 4310 706 4378 qui
751 4322 912 4363 unam
945 4307 1130 4374 habet,
1161 4306 1344 4377 plures
1385 4305 1585 4362 habere
1623 4305 1876 4360 videatur
1907 4323 1922 4362 :

313 4403 538 4476 1371
568 4412 623 4458 et
654 4403 858 4458 sanctis
883 4417 986 4456 una
1014 4402 1270 4472 competit
1299 4400 1493 4466 virtus,
1533 4397 1628 4455 sed
1653 4399 1770 4470 ejus
1804 4414 1925 4470 qua:

306 4499 486 4553 fuerit
522 4497 764 4565 uberior,
797 4497 1020 4552 uberius
1045 4504 1130 4552 est
1159 4494 1461 4566 praemium.
1490 4492 1699 4562 Quanta
1743 4495 1926 4562 hospi-

307 4591 504 4646 talitas
533 4591 585 4645 in
613 4590 913 4647 Abraham!
941 4599 1138 4661 quanta
1169 4588 1447 4646 humilitas
1469 4588 1621 4663 (Gen.
1653 4605 1807 4656 xvm,
1831 4588 1920 4661 2)!

2033 546 2182 612 liam,
2213 560 2337 616 quae
2383 560 2414 600 a
2465 549 2690 616 peccato
2712 545 2977 613 abstinet,
3002 546 3264 606 saeculum
3292 545 3491 610 calcat.
3517 547 3640 603 ille-

2028 637 2252 694 oebrosu
2274 646 2382 693 non
2405 638 2620 709 quaerit.
3127 648 3133 661 ‘

2101 748 2191 806 65.
2227 749 2374 805 Beati
2398 752 2486 821 qui
2531 751 2768 807 esuriant
2807 761 2856 807 et
2894 753 3115 822 sitiunt;
3141 753 3238 825 qui
3267 752 3411 809 enim
3445 754 3638 823 esurit,

2029 843 2287 900 esurienti
2306 845 2653 915 competitor,
2672 847 3057 915 compatiendo
3081 847 3328 918 largitur,
3355 848 3637 918 largiendo

2030 937 2090 992 iit
2116 937 2326 1008 justus;
2352 938 2474 1008 quia
2495 935 2714 994 Justitia
2735 943 2858 1014 ejus
2891 949 3065 994 manet
3101 941 3155 995 in
3183 951 3433 997 internum
3458 940 3638 1015 (Psai.

2028 1044 2137 1096 cxt,
2165 1029 2245 1100 9).
2279 1029 2435 1086 Unde
2463 1032 2514 1086 in
2539 1029 2794 1087 Matthao
2816 1032 2962 1088 sitim
2987 1042 3042 1087 et
3063 1035 3258 1089 famem
3281 1035 3638 1106 intelligimus

2027 1124 2330 1193 spiritalem
2347 1167 2362 1192 ,
2387 1139 2491 1196 qua
2517 1136 2538 1165 ο
2565 1125 2960 1196 cibusjustitia:
2984 1126 3323 1182 desideratur
3344 1133 3638 1199 autpntus;

2029 1219 2150 1289 quia
2195 1219 2366 1274 virtus
2399 1220 2550 1290 quasi
2583 1221 2810 1276 materia
2849 1220 3096 1291 quaedam
3143 1220 3406 1276 virtutum
3437 1229 3552 1288 est,
3579 1230 3640 1276 ut

2025 1313 2201 1384 justus
2226 1313 2490 1384 aequalem
2514 1329 2574 1369 se
2597 1313 2946 1371 inferioribus
2974 1324 3215 1386 praestet,
3243 1313 3426 1371 dolum
3453 1315 3638 1370 exclu-

2027 1407 2140 1470 dat,
2173 1405 2459 1462 veritatem
2489 1407 2749 1479 requirat.

2099 1522 2190 1580 66.
2218 1511 2369 1578 Beati
2399 1524 2486 1595 qui
2515 1539 2651 1577 nunc
2676 1523 2834 1594 ﬂetis,
2866 1523 2988 1594 quia
3013 1519 3264 1576 ridebitis.
3295 1511 3474 1578 Habes
3511 1535 3638 1592 pru-

2027 1615 2289 1686 dentiam,
2337 1614 2490 1687 cujus
2516 1626 2598 1672 est
2628 1607 2761 1671 ﬂere
2799 1614 3049 1683 occidua,
3095 1622 3150 1670 et
3180 1623 3244 1669 ea
3275 1625 3396 1685 quas
3435 1624 3639 1669 aeterna

2027 1717 2154 1764 sunt
2180 1723 2466 1780 qumrere;
2499 1707 2687 1779 lugere
2715 1706 3023 1775 saecularia,
3053 1701 3079 1744 ἀ
3110 1721 3233 1778 qua:
3278 1705 3457 1776 seipsa
3492 1716 3644 1760 eom-

2029 1809 2307 1872 pugnent:
2352 1800 2524 1856 Deum
2575 1800 2728 1870 pacis
2771 1801 3068 1872 inquirere,
3116 1799 3207 1870 qui
3245 1791 3408 1854 stulta
3454 1797 3642 1854 mundi

2025 1897 2214 1970 elegit,
2263 1907 2322 1951 ut
2349 1895 2651 1953 confundat
2679 1893 2987 1968 sapientes;
3035 1903 3090 1952 et
3137 1893 3230 1962 qui
3276 1909 3338 1951 ea
3364 1907 3486 1966 qua:
3534 1906 3642 1949 non

2025 1998 2150 2046 sunt
2176 1989 2440 2054 destruat,
2473 1998 2529 2044 ut
2558 2001 2681 2060 quae
2708 1996 2853 2056 sunt,
2885 1986 3056 2058 possit
3084 1985 3332 2058 adipisci.

2096 2107 2202 2172 67.,
2224 2105 2404 2176 (Vers.
2432 2105 2552 2179 25.)
2573 2103 2722 2162 Beati
2741 2104 2886 2160 eritis
2907 2119 3025 2160 cum
3048 2118 3137 2161 vos
3159 2091 3364 2157 oderint
3386 2099 3638 2155 homines.

2024 2197 2205 2255 Habes
2234 2197 2635 2266 fortitudinem,
2659 2197 2755 2256 sed
2785 2211 2906 2254 eam
2932 2212 3053 2267 quae
3081 2209 3187 2252 non
3213 2193 3398 2250 odium
3428 2208 3641 2250 merca-

2026 2303 2113 2348 tur
2142 2307 2212 2348 ex
2242 2293 2510 2360 crimine;
2538 2292 2632 2348 sed
2666 2292 3102 2363 persecutionem
3132 2289 3367 2360 patiatur
3392 2303 3462 2343 ex
3491 2279 3595 2343 ﬁde
3620 2303 3635 2351 ;

2024 2385 2104 2441 sic
2129 2385 2275 2440 enim
2303 2385 2370 2440 ad
2396 2384 2669 2456 passionis
2693 2383 3005 2453 pervenitur
3026 2396 3309 2448 coronam,
3338 2381 3383 2436 si
3410 2380 3636 2452 gratiam

2024 2475 2304 2532 hominum
2353 2477 2618 2548 negligas,
2668 2476 2908 2532 divinam
2959 2475 3223 2548 sequaris.
3277 2474 3524 2545 Denique
3575 2484 3635 2528 ut

2025 2570 2170 2627 scias
2199 2569 2724 2645 consummationem
2755 2584 2880 2626 esse
2910 2567 3246 2624 fortitudinis
3276 2568 3588 2640 passionem
3621 2585 3634 2621 :

2025 2663 2328 2720 Secundum
2364 2664 2499 2731 hwc,
2528 2663 2736 2740 inquit,
2766 2663 3024 2734 faciebant
3057 2661 3325 2732 prophetis
3352 2668 3522 2732 patres
3548 2676 3635 2715 eo-

2022 2773 2140 2811 rum
2158 2775 2178 2824 ;
2207 2757 2332 2828 quia
2360 2755 2656 2828 prophetas
2679 2753 2852 2812 Judaei
2881 2770 3052 2827 u5que
3074 2754 3142 2810 ad
3177 2763 3410 2812 mortem
3439 2770 3638 2824 corpo-

2024 2850 2102 2906 ris
2130 2847 2398 2921 persecuti
2425 2843 2700 2903 sunt.‘Est
2725 2849 2886 2904 etiam
2917 2843 3253 2903 fortitudinis
3288 2847 3420 2902 iram
3453 2845 3637 2902 vince—

2024 2958 2112 3010 re,
2143 2941 2688 3013 iudignationemque
2709 2938 3004 3008 cohibere;
3038 2956 3102 2995 ac
3124 2955 3220 3012 per
3245 2929 3350 2995 hoc
3377 2934 3635 2999 fortitudo

2025 3036 2265 3092 animum
2291 3035 2446 3107 juxta
2491 3047 2802 3108 corpusque
2830 3033 3140 3103 conﬁrmat,
3185 3048 3289 3089 nec
3329 3031 3634 3103 perturbari

2024 3130 2154 3186 sinit
2200 3127 2396 3186 timore
2434 3127 2618 3200 aliquo
2657 3128 2742 3184 vel
2794 3127 3019 3194 dolore;
3049 3127 3247 3198 quibus
3278 3125 3427 3182 velut
3452 3123 3634 3199 pravis

2027 3223 2412 3294 interpretibus
2436 3223 2752 3294 plerumque
2774 3219 3141 3292 percellimur.

2085 3332 2190 3400 '68.
2239 3339 2381 3411 Ergo
2433 3338 2792 3409 temperantia
2848 3346 2872 3374 °
2921 3336 3103 3394 cordis
3149 3335 3316 3392 habet
3359 3335 3632 3408 animique

2029 3431 2371 3501 munditiam,
2391 3432 2599 3503 justitia
2621 3429 3075 3497 misericordiam,
3106 3443 3293 3501 pacem
3317 3428 3627 3502 prudentia.

2027 3527 2495 3584 mansuetudinem
2513 3524 2798 3584 fortitudo.

2099 3641 2279 3714 (Vera.
2309 3639 2431 3714 24.)
2469 3639 2560 3698 Vat
2579 3641 2720 3697 vobis
2745 3640 3010 3708 diuitibus,
3043 3640 3131 3712 qui
3159 3639 3355 3696 habetis
3383 3639 3627 3700 consola-
3673 3710 3681 3716 _

2028 3739 2217 3794 tionem
2244 3747 2467 3818 uestram
2493 3737 2514 3790 !

2097 3853 2186 3909 69.
2214 3853 2368 3909 Licet
2389 3853 2442 3908 in
2472 3849 2802 3924 pecuniariis
2829 3849 3000 3923 copiis
3028 3850 3194 3907 multa
3223 3851 3334 3907 sint
3362 3850 3631 3906 lenocinia

2026 3946 2382 4011 delictorum;
2436 3940 2691 4016 pleraque
2739 3954 2918 3999 tamen
2979 3946 3106 3999 sunt
3152 3944 3316 3998 etiam
3361 3943 3632 3999 incentiva

2025 4039 2303 4093 virtutum.
2331 4035 2666 4106 Quamquam
2691 4035 2866 4091 virtus
2888 4035 3127 4091 subsidia
3156 4051 3266 4091 non
3293 4037 3556 4106 requirat,
3577 4045 3634 4092 et

2026 4132 2458 4190 commendatior
2487 4131 2556 4187 sit
2598 4131 2815 4187 collatio
2847 4130 3124 4202 pauperis,
3153 4139 3314 4202 quam
3345 4129 3527 4186 divitis
3570 4131 3634 4185 ll-

2026 4228 2315 4294 beralitas;
2349 4236 2530 4283 tamen
2576 4242 2683 4281 non
2725 4241 2820 4282 eos
2849 4225 2938 4298 qui
2980 4219 3220 4282 habeant
3257 4225 3495 4292 divitias,
3533 4225 3629 4280 sed

2026 4337 2123 4378 eos
2150 4320 2242 4396 qui
2284 4322 2357 4375 uti
2391 4319 2477 4375 his
2505 4321 2768 4386 nesciant,
2815 4319 3105 4375 sententiae
3133 4318 3371 4374 cmlestis
3397 4318 3634 4373 auctori-

2026 4421 2138 4474 tate
2181 4417 2525 4473 condemnat.
2574 4411 2707 4470 Nam
2733 4421 2793 4469 ut
2823 4415 2914 4470 ille
2940 4429 3144 4486 pauper
3172 4412 3515 4480 laudabilior,
3538 4413 3630 4485 qui

2028 4520 2277 4582 prompto
2291 4507 2520 4582 largitur
2531 4507 2746 4575 ailectu,
2758 4507 2967 4581 1372
2984 4521 3083 4563 uec
3095 4505 3464 4579 impendentis
3477 4519 3632 4576 eges-

2029 4606 2151 4664 tatis
2167 4605 2435 4676 repagulis
2453 4601 2745 4668 inbibetur,
2772 4605 3097 4673 inopemque
3124 4616 3185 4658 se
3215 4615 3319 4657 non
3338 4607 3511 4672 putat,
3540 4599 3633 4672 qui

303 4683 338 4723 ιι
368 4692 579 4756 quanta
602 4684 878 4749 sanctitas,
913 4693 970 4739 ut
996 4683 1175 4739 iratris
1205 4684 1371 4739 illium
1401 4683 1470 4739 ab
1495 4683 1654 4738 hoste
1683 4693 1926 4738 servaret

2032 4697 2346 4770 habetquod
2363 4705 2569 4752 naturze
2587 4696 2719 4751 satis
2731 4705 2843 4762 est;
2866 4695 2937 4750 ita
2967 4695 3054 4751 hic
3084 4695 3238 4752 dives
3263 4694 3629 4764 criminosior,

307 4775 476 4850 (Gen.
510 4776 784 4847 xrv,16)!
832 4784 888 4831 et
930 4785 1127 4854 quanta
1175 4776 1526 4853 abstinentia,
1573 4784 1632 4830 ut
1680 4774 1811 4831 nihil
1857 4774 1926 4831 de

308 4869 507 4941 praeda
537 4851 1019 4940 qutereret(!bid.,
1043 4868 1170 4942 25)!
1206 4849 1313 4925 Sed
1343 4868 1463 4939 quia
1505 4867 1611 4923 ilde
1648 4867 1920 4938 praestitit,
1948 4939 1954 4945 _

307 4964 447 5020 ﬁdei
491 4979 607 5035 prae
630 4963 844 5022 caeteris
883 4965 1081 5020 meruit
1117 4963 1476 5037 principatum
1519 4962 1676 5037 (Gen.
1719 4979 1807 5029 xv,
1843 4958 1920 5034 6).

310 5057 469 5126 Ergo
499 5056 790 5127 unicuique
827 5057 978 5127 plura
1013 5055 1256 5127 praemis,
1289 5059 1413 5128 quia
1455 5056 1610 5127 plura
1654 5056 1924 5112 incentiva

305 5152 613 5218 virtutum;
638 5150 734 5207 sed
761 5151 904 5219 quod
948 5152 1002 5207 in
1031 5152 1210 5221 aliquo
1253 5151 1450 5208 merito
1480 5151 1778 5224 copiosius,
1823 5150 1925 5208 hoc

305 5244 484 5301 etiam
513 5237 567 5298 in
600 5245 824 5315 praemio
854 5243 1263 5302 redundantius.

395 5397 431 5460 εξ,
451 5385 532 5442 Ita
553 5384 684 5443 edit.
714 5387 936 5460 Amerb.
957 5397 1012 5443 et
1043 5389 1170 5460 Era.
1196 5402 1318 5442 cum
1346 5387 1579 5446 maxima
1606 5398 1759 5460 parte
1788 5403 1921 5446 mss.

307 5458 448 5588 fill.
477 5470 657 5584 8:20!"
694 5475 758 5516 ac
785 5459 942 5516 Rom.
975 5475 1099 5516 cum
1127 5459 1246 5514 aliis
1278 5476 1409 5516 mss.
1435 5501 1454 5529 ,
1486 5458 1625 5532 quod
1647 5463 1711 5516 sit
1741 5463 1923 5516 omni-

347 5550 438 5588 us.
469 5547 500 5585 e
566 5572 578 5587 .

347 5550 438 5596 us,
469 5539 578 5587 etc.

397 5602 424 5641 ι’
456 5599 606 5657 Edit.
640 5601 824 5672 Rotu.,
850 5613 1040 5674 quanta
1075 5603 1302 5660 Charitas
1332 5622 1350 5659 :
1382 5603 1476 5661 sed
1509 5604 1680 5675 pietas
1711 5605 1764 5659 in
1801 5619 1931 5661 con-

307 5676 657 5745 sanguineos
676 5678 977 5731 sanctitatis
1001 5679 1220 5731 nomine
1248 5692 1354 5731 non
1383 5682 1492 5730 tam
1525 5675 1818 5747 improprie
1840 5677 1934 5731 de-

308 5749 593 5820 signatur,
620 5755 678 5820 ut
709 5757 990 5820 propterea
1022 5749 1268 5805 videatur
1295 5749 1363 5804 ab
1386 5749 1510 5804 aliis
1537 5747 1666 5804 edit.
1701 5748 1936 5804 cunctis-

308 5817 428 5895 qtie
455 5817 1047 5895 mssqdesciscendum.

412 5901 432 5932 ε
465 5890 553 5976 Sic
583 5905 714 5951 mss.
754 5907 942 5953 omnes
971 5909 1036 5954 ac
1064 5894 1195 5952 edit.
1240 5903 1355 5952 ant.
1389 5893 1492 5953 nisi
1515 5894 1659 5972 quod
1687 5893 1933 5956 nonnulli

2029 4795 2118 4862 qui
2142 4792 2227 4847 vel
2258 4792 2368 4846 Deo
2398 4790 2604 4847 referre
2633 4790 2861 4862 gratiam
2886 4790 2953 4845 de
2974 4805 3040 4845 eo
3067 4790 3256 4847 debuit
3293 4789 3437 4861 quod
3467 4805 3626 4846 acce-

2025 4885 2126 4956 pit,
2161 4899 2260 4938 nec
2276 4898 2498 4940 censum
2526 4882 2592 4937 ad
2611 4897 2953 4938 communem
2981 4898 3136 4939 usum
3156 4881 3339 4939 datum
3379 4883 3498 4938 sine
3529 4899 3630 4938 usu

2026 4976 2246 5043 abdere,
2291 4975 2632 5047 defossisque
2677 4985 2837 5030 terrae
2872 4975 3132 5032 incubare
3167 4975 3458 5032 thesauris.
3508 4974 3627 5031 Non

2027 5084 2225 5126 census
2260 5069 2443 5143 igitur,
2486 5068 2580 5126 sed
2608 5067 2830 5124 aifectus
2860 5070 2911 5124 in
2943 5070 3170 5125 crimine
3198 5078 3303 5126 est.
3345 5069 3413 5126 Et
3438 5073 3631 5140 quam-

2028 5181 2188 5236 quam
2224 5173 2332 5222 tota
2365 5175 2525 5220 aetate
2545 5157 2808 5221 custodiae
2832 5162 3163 5222 miserabilis
3184 5162 3446 5220 sollicitas
3467 5173 3626 5220 avara

2025 5405 2158 5447 mss.
2189 5399 2243 5448 et
2263 5390 2394 5447 edit.
2426 5391 2550 5446 Era.
2569 5399 2626 5447 et
2649 5390 2776 5448 Gill.
2801 5391 3000 5447 habent
3021 5406 3154 5461 qtae,
3182 5403 3283 5460 pro
3303 5387 3446 5461 quia.
3469 5379 3629 5443 Rom.

2027 5478 2160 5519 vero
2188 5463 2325 5534 elisa,
2348 5462 2585 5518 dictione
2611 5505 2626 5530 ,
2660 5463 2822 5518 uirtus
2843 5504 2858 5528 ,
2894 5459 3224 5534 transposuit
3253 5459 3482 5534 inhunc
3513 5473 3632 5514 mo-

2029 5535 2203 5619 door:
2258 5533 2404 5590 cibus
2458 5544 2549 5590 aut
2602 5544 2753 5607 potus
2810 5532 3136 5590 desideratur
3202 5532 3462 5600 iustitia,
3518 5545 3636 5601 qua!

2030 5616 2316 5804 “3183.13?
2323 5649 2550 5750 aliquot,
2580 5695 2694 5751 qua:
2736 5695 2789 5736 se
2816 5679 2930 5751 ipsa
2966 5682 3330 5746 compungent.
3368 5669 3521 5728 Haud
3562 5671 3636 5727 ita

2037 5765 2120 5804 ma
2145 5767 2196 5804 e.

2034 5765 2301 5956 :melelilss.
2326 5823 2741 5896 aliquammulti,
2767 5823 2940 5882 carnis
2971 5820 3124 5878 habet
3148 5817 3408 5890 animique
3430 5829 3642 5876 manat-

2057 5911 2178 5954 tam.
3423 5913 3427 5916 .

2057 5911 2156 5952 tam
2165 5934 2178 5954 ο
3423 5913 3427 5916 ’
