4186 6358
500 332 641 388 1655

1822 306 2068 377 s’ANtzrt
2110 316 2435 375 AMBROSII

3658 312 3796 370 1556

497 463 653 505 mens
685 446 869 503 tendat
897 446 1182 510 excubias,
1215 452 1241 481 α
1268 454 1377 514 quo
1398 439 1543 496 nulla
1565 452 1726 510 poena
1752 437 1968 509 gravior
1992 445 2095 503 est,
2126 443 2175 500 Α
2204 434 2440 491 dicitur:
2502 432 2713 506 Diligite
2774 433 3016 489 inimicos
3067 441 3295 495 vestras;
3342 444 3401 488 ut
3457 433 3801 505 compleatur

498 555 877 598 successorum
905 528 1189 611 profutura
1215 533 1554 605 compendiis
1574 533 1737 587 anxio
1768 532 1961 585 timore
1989 543 2105 585 ser-

496 650 661 701 vare;
711 643 890 689 tamen
936 631 1190 702 quoniam
1222 627 1461 684 avaritiae
1490 625 1699 691 studia‘,
1734 633 1790 679 et
1833 622 2103 679 desideria

501 726 1034 799 congerendi,-inani
1066 724 1297 795 quadam
1336 722 1611 791 voluptate
1644 726 1979 790 pascuntur:
2010 717 2103 787 qui

497 819 930 876 consolationem
950 819 1075 871 vitae
1116 815 1401 886 praesentis
1427 813 1749 877 habuerunt,
1790 821 2105 865 remunera-

502 914 704 970 tionem
735 921 1047 983 perpetuam
1080 909 1452 980 perdiderunt.

572 1007 662 1061 70.
706 1004 999 1060 Possumus
1026 1003 1115 1058 hic
1146 1013 1323 1057 tamen
1354 1000 1576 1055 divitem
1602 997 1905 1069 intelligere
1931 1009 2104 1066 popu~

500 1100 611 1155 lum
633 1097 969 1162 Judazorum,
995 1096 1082 1151 vel
1102 1095 1407 1159 Ita-reticos,
1431 1093 1518 1149 vel
1540 1102 1689 1147 certe
1714 1089 1899 1144 mundi
1932 1087 2106 1158 pliilo-

500 1193 721 1261 sophos,
743 1191 832 1259 qui
860 1190 1107 1244 ubertate
1130 1189 1444 1254 verborum,
1467 1194 1524 1241 et
1543 1183 1773 1257 quodam
1802 1181 2104 1237 ambitiosae

498 1284 767 1341 facundia:
812 1282 1137 1353 patrimonio
1182 1278 1469 1345 delectati,
1517 1276 1917 1348 simplicitatem
1960 1288 2104 1329 vera:

499 1377 626 1432 ttdei
684 1376 1054 1447 supergressi,
1111 1373 1393 1430 thesauros
1446 1373 1663 1428 inutiles
1716 1368 2101 1425 condiderunt.

498 1469 690 1525 Nonne
719 1468 813 1522 tibi
840 1469 1051 1523 videtur
1081 1466 1369 1522 haereticus
1400 1463 1618 1535 aliquis,
1648 1479 1769 1519 eum
1798 1461 1951 1516 audis
1981 1475 2102 1516 eum

499 1564 569 1620 de
597 1563 944 1635 generatione
974 1560 1181 1616 Domini
1207 1562 1363 1631 juxta
1404 1573 1559 1614 usum
1601 1556 1783 1612 sreculi
1826 1555 2106 1626 disputan-

500 1668 633 1725 tem,
661 1657 816 1712 dives
843 1656 894 1710 in
920 1654 1123 1721 verbis,
1151 1669 1354 1725 pauper
1377 1653 1427 1707 in
1458 1650 1697 1706 viribus?
1734 1649 1834 1717 Qui
1868 1658 2020 1721 putat
2046 1662 2107 1703 se

500 1754 558 1807 in
590 1752 692 1807 hoc
713 1761 957 1820 tempore
981 1749 1275 1820 locupletes
1306 1747 1510 1802 habere
1535 1744 1785 1800 divitias:
1810 1742 1906 1798 sed
1938 1742 1990 1796 in
2023 1740 2105 1796 fu-

2206 529 2336 585 illud
2368 527 2647 596 Ecclesiae,
2675 527 2820 599 quod
2849 536 2975 583 ante
3001 527 3110 597 jam
3150 526 3355 582 dictum
3394 534 3479 583 est
3506 544 3519 582 :
3552 526 3806 583 Ordinate

2206 625 2259 678 in
2283 640 2361 677 me
2386 624 2687 678 charitatem
2710 620 2884 695 (Cant.
2914 637 2974 687 ιι,
2998 621 3079 687 4);
3105 618 3403 676 Ordinatur
3446 621 3593 676 enim
3624 620 3806 675 chari-

2208 727 2312 784 tas,
2358 733 2479 773 cum
2508 717 2790 773 charitatis
2818 724 3087 787 praecepta
3114 714 3440 771 formantur.
3474 714 3611 772 Vide
3641 730 3803 787 quam

2208 811 2277 867 ab
2303 810 2589 866 altioribus
2619 811 2881 880 coeperit,
2911 820 2966 866 et
3008 808 3204 881 Legem
3238 819 3362 879 post
3408 808 3806 865 benedictionis

2208 906 2548 977 Evangelica:
2593 915 2743 976 terga
2773 903 3045 975 rejeccrit.
3090 904 3204 960 Lex
3239 902 3671 960 vicissitudinem
3704 904 3806 958 im-

2207 1012 2361 1072 perat
2389 1001 2613 1055 ultionis
2643 1000 2842 1074 (Exod.
2880 1016 2996 1066 xxi,
3024 998 3138 1073 24);
3175 999 3529 1070 Evangelium
3569 999 3805 1055 inimici-

2210 1096 2299 1151 tiis
2326 1096 2671 1163 eliaritatem,
2705 1095 3095 1165 benignitatem
3126 1094 3290 1160 odiis,
3320 1101 3449 1148 vota
3478 1092 3805 1159 maledictis,

2207 1190 2450 1245 subsidia
2492 1190 2983 1260 persequentibus,
3065 1190 3383 1261 patientiam
3436 1188 3809 1245 esurientibus

2207 1296 2263 1344 et
2306 1290 2532 1359 gratiam
2578 1289 3031 1344 remunerationis
3059 1290 3321 1359 impertit.
3364 1288 3579 1357 Quanto
3605 1288 3843 1345 athleta-

2209 1384 2523 1457 perfectior,
2556 1386 2647 1457 qui
2681 1400 2787 1441 non
2808 1387 2973 1442 sentit
3003 1386 3289 1455 iniuriam!
3756 1440 3759 1443 ,

2281 1479 2372 1534 74.
2415 1479 2598 1554 (Vers.
2634 1480 2766 1550 51.)
2798 1481 2866 1536 Et
2918 1497 2985 1536 ne
3032 1481 3281 1538 videatur
3306 1481 3571 1538 Dominus
3607 1482 3807 1554 Legem

2209 1573 2531 1639 dissolvere,
2566 1572 2620 1628 in
2650 1573 2929 1630 beneficiis
2952 1575 3127 1630 vicem
3155 1585 3358 1640 servat,
3392 1591 3554 1648 quam
3586 1576 3811 1647 negligit

2210 1668 2261 1723 in
2287 1666 2521 1737 injuriis.
2545 1666 2651 1721 Sed
2685 1676 2867 1724 tamen
2911 1667 3183 1724 dicendo:
3213 1668 3381 1724 Prout
3428 1670 3583 1724 vultis
3622 1678 3678 1723 ut
3700 1690 3705 1695 λ
3731 1672 3812 1741 fa-

2210 1761 2347 1814 ciant
2377 1760 2519 1814 vobis
2546 1759 2805 1827 homines,
2839 1760 2997 1832 facile
3024 1772 3072 1816 et
3099 1778 3186 1817 vos
3212 1763 3320 1817 illis
3346 1763 3614 1829 similiter,
3644 1764 3807 1818 vicis-

500 1858 624 1902 turo
675 1855 973 1918 egestatem
1025 1859 1137 1899 sua:
1184 1842 1309 1899 fidei
1363 1846 1757 1913 recognoscet;
1810 1836 2099 1907 cibumque

2208 1852 2387 1908 situdo
2415 1852 2529 1924 ipsa
2557 1854 2885 1908 cumulatior
2906 1864 3009 1918 est,
3033 1855 3252 1926 quando
3281 1857 3424 1911 votis
3444 1865 3597 1912 actus
3625 1871 3811 1927 aequa-

500 1940 758 2011 perlidiae,
787 1937 815 1977 h
855 1953 1017 2010 quem
1050 1937 1314 2008 praesenti
1346 1944 1507 1991 aetate
1552 1932 1869 1996 ructaverit,
1899 1940 2106 1986 aeterno

501 2037 623 2092 fidei
651 2043 1086 2092 commaceratus
1120 2032 1330 2104 jejunio
1352 2073 1365 2098 ,
1397 2036 1623 2085 causam
1659 2027 1792 2083 tanti
1822 2028 1956 2082 sciet
1984 2040 2106 2081 esse

498 2129 773 2201 supplicii.
820 2127 1046 2198 Eritque
1096 2137 1307 2195 tempus
1336 2166 1350 2191 ,
1398 2133 1455 2178 ut
1499 2124 1642 2177 risus
1692 2134 1822 2175 suos
1862 2120 2102 2190 lugeant,

502 2234 523 2260 ε
558 2223 647 2293 qui
674 2221 814 2276 dicta
845 2230 1028 2275 nostra
1059 2217 1415 2277 nuncrident.
1440 2214 1648 2284 Quibus
1678 2215 1815 2270 bene
1845 2213 2055 2268 dicetur
2089 2230 2101 2267 :

571 2314 754 2387 (Vcrs.
795 2312 915 2385 Q6.)
953 2311 1046 2368 Vae
1091 2328 1205 2366 cum
1235 2310 1360 2366 bene
1383 2310 1524 2364 vobis
1553 2308 1776 2362 dixerint
1806 2322 1981 2361 omnes
2010 2306 2104 2360 Ito-

506 2413 668 2467 miues
688 2413 710 2465 !

572 2505 662 2558 71.
706 2503 897 2558 Nonne
931 2501 1025 2558 tibi
1056 2501 1271 2557 videtur
1302 2499 1386 2555 bis
1413 2499 1620 2563 dicere,
1654 2498 1746 2569 qui
1773 2496 1974 2552 dudum
2004 2495 2055 2548 in
2078 2491 2107 2532 (ι

498 2596 830 2653 Aritnineusi
862 2596 1094 2651 concilio
1138 2593 1358 2665 perfidae
1405 2592 1877 2664 praevaricationis
1920 2598 2107 2645 aucto-

498 2708 610 2759 res,
631 2693 756 2747 dum
781 2692 1125 2762 imperatoris
1146 2689 1373 2762 gratiam
1399 2697 1724 2759 sequuntur,
1754 2686 1848 2741 Dei
1881 2685 2105 2756 gratiam

497 2791 889 2862 perdiderunt?
911 2790 1152 2858 Quicum
1179 2787 1394 2856 placere
1412 2783 1732 2855 potentibus
1747 2790 2104 2853 aucupantur,

498 2885 790 2939 maledicto
815 2898 872 2937 se
895 2891 1157 2953 perpetuo
1180 2878 1495 2935 subdidere.

524 3000 531 3005 ·
572 2978 662 3035 72.
696 2978 839 3048 Ergo
868 2986 1088 3031 sanctus
1115 2973 1398 3029 Matthaeus
1424 2969 1741 3044 praemiisad
1773 2970 2028 3025 virtutem
2052 2977 2107 3022 et

498 3070 661 3125 fidem
694 3071 919 3140 p0pulos
964 3069 1286 3141 provocavit
1318 3084 1332 3124 :
1368 3067 1455 3122 hic
1493 3067 1658 3122 etiam
1702 3082 1732 3119 a
1782 3063 2106 3119 criminibus

416 3151 432 3164 ’
497 3176 659 3237 atque
687 3166 922 3236 peccatis
950 3164 1252 3219 futurorum
1281 3161 1669 3232 suppliciorum
1692 3155 2104 3213 denuntiatione

2211 1956 2318 2002 tur.
2344 1946 2524 2002 Nescit
2551 1946 2695 2003 enim
2744 1946 2917 2003 virtus
2938 1964 3246 2004 mensuram
3291 1949 3519 2022 gratiae:
3554 1964 3655 2006 nec
3680 1965 3814 2005 con-

2210 2048 2353 2094 tenta
2396 2038 2600 2095 referre
2649 2040 2793 2109 quod
2824 2041 3120 2109 acceperit,
3174 2041 3293 2097 vult
3336 2041 3621 2098 cumulare
3666 2043 3810 2114 quod

2207 2132 2474 2202 sumpsit:
2502 2148 2572 2189 ne
2601 2132 2826 2190 inferior
2850 2135 2920 2190 sit
2947 2134 3235 2200 beneficio,
3269 2135 3395 2191 licet
3421 2146 3667 2207 aequetur
3690 2135 3813 2192 offi-

2208 2227 2314 2284 cio.
2338 2227 2454 2283 Non
2475 2229 2620 2283 enim
2642 2230 2863 2285 cumulo
2879 2238 3113 2295 tantum,
3141 2230 3237 2286 sed
3260 2230 3452 2287 ordine
3479 2240 3534 2287 et
3564 2240 3812 2302 tempore

2211 2323 2475 2379 beneficia
2505 2326 2823 2395 pensantur;
2852 2340 2976 2381 cum
2996 2325 3050 2380 in
3082 2324 3349 2382 beneficio
3392 2328 3510 2397 pari
3539 2328 3693 2398 prior
3719 2328 3810 2394 sit,

2208 2416 2299 2486 qui
2324 2415 2474 2486 prior
2497 2416 2682 2485 cmpit;
2703 2416 2982 2474 beneficus
2998 2418 3141 2474 enim
3159 2428 3243 2474 est
3264 2418 3356 2489 qui
3380 2420 3607 2491 gratiam
3629 2435 3811 2490 ccepe-

2208 2512 2305 2577 rit,
2347 2510 2563 2567 debitor
2600 2512 2692 2583 qui
2741 2514 3012 2569 retulerit.
3054 2513 3213 2573 Aliud
3261 2513 3445 2584 itaque
3487 2514 3809 2571 beneficium

2210 2606 2347 2665 estt
2389 2608 2641 2665 beneficii
2689 2610 3059 2681 principatus;
3110 2627 3233 2665 nam
3283 2611 3327 2666 si
3376 2611 3467 2681 qui
3518 2613 3808 2681 pecuniam

2211 2701 2469 2769 reddidit,
2502 2717 2610 2757 non
2638 2701 2802 2757 solvit
2827 2704 3083 2774 gratiam,
3110 2716 3399 2773 manetque
3424 2704 3646 2761 debitor
3690 2719 3814 2773 gra-

2213 2794 2323 2862 tias,
2355 2796 2456 2848 etsi
2483 2795 2595 2864 jam
2633 2809 2737 2849 non
2772 2795 2843 2850 sit
2868 2796 3111 2863 pecunia:
3138 2813 3151 2850 :
3180 2811 3280 2850 cur
3309 2797 3537 2867 gratiam
3568 2796 3814 2852 referen-

2210 2889 2283 2946 do
2340 2897 2590 2959 putamus
2634 2903 2799 2959 posse
2841 2889 3085 2955 vacuari,
3117 2888 3274 2960 cujus
3327 2889 3522 2945 relatio
3572 2898 3812 2960 accepta:

2208 2983 2383 3053 magis
2413 2994 2498 3038 est
2526 2982 2921 3049 testimonium,
2951 2998 3111 3055 quam
3134 2984 3435 3040 absolutze?

2282 3075 2371 3130 75.
2413 3073 2608 3148 (Vers.
2651 3074 2768 3146 32.)
2810 3075 2963 3130 Bono
3006 3076 3186 3147 itaque
3245 3077 3507 3147 exemplo
3554 3076 3812 3133 imbuitur

2207 3168 2566 3235 cltristianus;
2598 3177 2659 3223 ut
2699 3184 2805 3223 non
2857 3178 3146 3225 contentus
3167 3170 3290 3242 jure
3321 3182 3549 3237 naturae,
3577 3172 3805 3241 gratiam

496 3258 795 3327 deterruit,
827 3258 918 3329 qui
950 3273 1057 3313 non
1103 3257 1278 3311 otiose
1302 3256 1654 3325 plurimorum
1683 3253 1941 3307 factorum
1976 3258 2104 3307 ςαξ-
2131 3251 2178 3315 C
2208 3262 2326 3332 ejus
2352 3263 2611 3330 requirat.
2640 3261 2695 3318 Si
2730 3261 2873 3317 enim
2895 3277 3185 3319 commune
3229 3272 3313 3318 est
3339 3264 3615 3329 omnibus,
3643 3263 3804 3319 etiam

498 3354 715 3409 lestium
741 3354 1152 3408 enumeratione
1181 3364 1534 3423 progressus,
1562 3347 1629 3402 ad
1667 3347 2103 3403 benedictionum

496 3439 675 3502 locum
726 3446 902 3503 serius
933 3446 1110 3511 venit;
1136 3455 1193 3499 ut
1218 3444 1446 3515 populos
1471 3441 1779 3497 divinorum
1826 3440 2104 3496 miraculis

498 3540 822 3603 roboratos,
860 3539 1002 3593 ultra
1044 3538 1206 3608 Legis
1243 3538 1513 3591 tramitem
1538 3537 1803 3591 virtutum
1853 3533 2103 3606 progredi

496 3635 740 3705 vestigiis
770 3633 1046 3688 edoceret.
1075 3642 1099 3670 ε
1125 3630 1308 3686 Fuerit
1327 3630 1628 3686 cavendum
1658 3630 1787 3695 illic,
1814 3629 1901 3683 ubi
1927 3627 2103 3683 adhuc

496 3731 728 3785 infirmae
757 3728 930 3798 plebis
959 3725 1123 3783 corda
1169 3723 1476 3779 nutabant:
1525 3723 1613 3778 hic
1659 3723 1800 3778 tuba:
1845 3722 2102 3792 clangore

498 3822 785 3879 excitanda
826 3823 998 3877 virtus
1029 3818 1147 3875 fuit.
1185 3818 1352 3874 Docet
1387 3817 1491 3873 hoc
1526 3816 1649 3872 libri
1680 3815 1861 3887 hujus,
1895 3830 2015 3885 qua:
2048 3815 2100 3868 in

496 3917 799 3987 prooemiis,
828 3922 884 3969 et
910 3929 1031 3985 qua:
1059 3913 1112 3967 in
1139 3927 1396 3983 processu
1419 3911 1688 3966 sermonis
1712 3909 1952 3977 aperitur
1980 3921 2102 3960 ora-

498 4010 595 4065 tio.
645 4008 761 4063 Illic
810 4008 901 4076 qui
943 4006 1143 4061 infirmi
1204 4014 1353 4070 sunt,
1418 4002 1598 4059 adhuc
1646 4003 1878 4072 quodam
1940 4000 2099 4073 Legis

494 4104 637 4159 lacte
666 4111 954 4172 potautur,
988 4108 1043 4154 et
1070 4099 1192 4154 ideo
1225 4112 1321 4169 per
1342 4097 1502 4168 Legis
1525 4097 1796 4152 tramitem
1828 4095 2100 4150 ducuntur

497 4196 562 4250 ad
589 4194 818 4265 gratiam
843 4210 855 4246 :
882 4192 1110 4246 audiunt
1131 4207 1252 4260 qua:
1284 4189 1441 4260 Legis
1463 4199 1607 4253 sunt,
1632 4202 1689 4245 ut
1714 4191 1852 4244 ultra
1874 4189 2096 4259 Legem,

494 4290 693 4361 Legem
735 4286 1015 4358 sequendo
1053 4284 1381 4356 procedant:
1412 4282 1500 4338 hic
1534 4284 1772 4338 Ecclesia
1823 4282 2100 4337 fundatior

497 4402 603 4441 non
632 4386 769 4440 lacte
806 4382 1085 4447 imbuitur,
1116 4379 1211 4434 sed
1238 4378 1360 4433 cibo
1394 4377 1603 4449 1373
1638 4378 1913 4443 vescitur;
1944 4375 2099 4431 cibus

450 4467 459 4476 ’
494 4479 640 4533 enim
673 4474 907 4531 validior
932 4482 1016 4531 est
1054 4471 1313 4528 charitas.
1345 4471 1586 4538 Denique
1618 4470 1759 4524 inter
1800 4470 1897 4524 tria
1928 4469 2099 4525 maxi-

494 4584 602 4634 ma,
633 4569 811 4633 tidem,
846 4582 1020 4636 spem,
1046 4564 1389 4631 cltaritatem,
1419 4561 1593 4633 major
1625 4570 1711 4618 est
1730 4561 1986 4616 charitas.

2206 3355 2625 3425 peccatoribus,
2677 3355 3012 3412 redamare:
3073 3357 3161 3413 cui
3220 3373 3394 3429 genus
3452 3358 3808 3428 professionis

2206 3449 2507 3517 excelsius,
2534 3450 2775 3506 studium
2805 3466 3022 3523 quoque
3064 3452 3231 3508 debet
3260 3468 3381 3509 esse
3423 3454 3638 3509 virtutis
3675 3453 3807 3510 ube-

2202 3543 2337 3613 rius,
2362 3554 2420 3599 ut
2450 3543 2643 3616 diligat
2683 3544 2846 3601 etiam
2890 3560 2996 3601 non
3022 3556 3294 3602 amantes.
3322 3546 3458 3603 Nam
3506 3548 3609 3605 etsi
3658 3548 3804 3604 nulla

2205 3635 2395 3690 merita
2429 3634 2687 3707 diligendi
2719 3652 2876 3693 usum
2903 3638 3109 3694 amoris
3132 3639 3450 3709 excludant,
3482 3655 3589 3696 non
3624 3650 3803 3697 tamen

2202 3726 2419 3782 virtutis
2459 3729 2813 3785 excluserim.
2843 3730 2995 3787 Sicut
3028 3731 3174 3786 enim
3203 3732 3256 3787 in
3306 3746 3372 3788 eo
3402 3734 3490 3802 qui
3526 3743 3579 3790 te
3608 3732 3803 3804 diligit,

2202 3819 2368 3890 pudet
2394 3822 2623 3892 gratiam
2657 3839 2762 3878 non
2790 3824 3016 3891 referre;
3044 3834 3100 3880 et
3119 3824 3309 3895 gratim
3347 3842 3534 3882 amore
3562 3827 3802 3883 referen-

2203 3904 2287 3967 da:
2308 3927 2463 3968 amor
2483 3914 2579 3970 tibi
2605 3917 2724 3985 ejus
2754 3915 3003 3971 inolescit
3033 3932 3193 3987 quem
3222 3926 3382 3973 antea
3409 3933 3516 3973 non
3544 3919 3799 3975 amabas:

2201 4005 2275 4061 ita
2304 4006 2467 4087 etiam
2498 4007 2552 4062 in
2580 4023 2647 4063 eo
2671 4009 2762 4080 qui
2794 4025 2899 4065 non
2929 4019 3098 4077 amat,
3115 4010 3282 4067 debes
3309 4026 3495 4067 amare
3522 4014 3798 4079 virtutem;

2203 4109 2260 4153 ut
2290 4098 2417 4154 dum
2463 4099 2718 4157 virtutem
2765 4117 2939 4169 amas,
2989 4104 3216 4174 incipias
3262 4120 3385 4160 eum
3430 4120 3614 4162 amare
3638 4123 3799 4178 quem

2204 4209 2310 4248 non
2361 4209 2555 4249 amas:
2610 4210 2734 4251 cum
2791 4211 2914 4251 rara
2971 4206 3027 4253 et
3075 4197 3276 4254 caduca
3327 4202 3695 4257 remuneratio
3730 4201 3799 4256 sit

2200 4287 2453 4353 amantis,
2498 4290 2833 4359 sempiterna
2864 4291 3097 4346 virtutis.

2275 4382 2362 4438 76.
2404 4382 2543 4451 Quid
2599 4394 2779 4440 autem
2831 4393 2965 4440 tam
2994 4386 3224 4453 mirum,
3257 4403 3418 4458 quam
3472 4389 3795 4459 percutienti

2200 4475 2475 4531 maxillam
2503 4474 2750 4545 praebere
2770 4476 3022 4532 alteram?
3044 4476 3235 4534 Nonne
3257 4479 3437 4535 omnis
3466 4479 3798 4551 indignantis

2202 4567 2468 4638 frangitur
2496 4569 2753 4638 impetus,
2787 4570 2866 4625 ira
2889 4570 3138 4626 sedatur?
3165 4570 3355 4629 Nonne
3384 4573 3443 4628 fit
3472 4589 3571 4645 per
3591 4575 3801 4646 patien-

563 4664 652 4719 75.
694 4660 879 4735 (Vers.
912 4658 1029 4731 27.)
1084 4656 1383 4714 Ordinatur
1430 4656 1594 4727 igitur
1631 4654 1875 4711 cbaritas
1898 4697 1912 4720 ,
1969 4669 2091 4711 cum
2123 4651 2172 4711 D
2200 4660 2350 4729 tiam,
2381 4671 2405 4709 ε
2434 4669 2492 4715 ut
2512 4674 2609 4716 sua
2636 4662 2871 4733 amplius
2898 4664 3224 4735 ptenitentia
3255 4668 3580 4725 reverberes
3608 4669 3796 4727 verbe-

564 4837 591 4865 ⁴ι
623 4826 780 4882 Rom.
814 4824 972 4887 etlit.,
996 4833 1043 4878 et
1069 4839 1169 4893 quo
1192 4820 1339 4876 nullo
1374 4836 1524 4893 poma
1551 4859 1565 4875 .
1600 4858 1617 4893 ._
1652 4859 1666 4873 .
1704 4860 1716 4873 .
1749 4822 1908 4875 anxio
1935 4822 2083 4875 timo-

488 4917 547 4954 re
571 4908 806 4953 reservet.
839 4897 1039 4965 Aperta
1068 4891 1284 4964 quidem
1315 4892 1499 4955 lectio,
1525 4891 1620 4947 sed
1645 4893 1791 4965 omni
1815 4908 1936 4947 cutn
1966 4895 2090 4947 alia-

488 4986 611 5026 rum
643 4972 775 5024 edit.
807 4964 917 5022 tum
949 4981 1081 5021 mss.
1115 4965 1416 5033 patrocinio
1451 4964 1725 5018 destituta.
1757 4964 1958 5018 Remur
1987 4966 2089 5019 ila-

490 5057 597 5112 que
625 5041 726 5095 hoc
750 5042 865 5095 loeti
890 5039 1068 5093 inesse
1097 5036 1500 5112 liellenistnum,
1530 5049 1591 5089 ac
1620 5034 1839 5112 verbum
1860 5053 2085 5112 servare,

490 5106 631 5167 sumi
656 5113 873 5174 debere,
892 5126 1013 5178 pro,
1039 5109 1107 5162 ad
1134 5108 1676 5173 conservandumnofi
1700 5106 2087 5178 φυλάττειν,ιιι›ἰ

489 5183 808 5254 praepositio
830 5182 1201 5254 supprimitur.

565 5253 591 5293 δ
609 5250 756 5309 Cod.
780 5250 935 5310 Geni.
957 5266 1011 5307 et
1038 5252 1209 5315 Prat.,
1238 5264 1389 5320 quem
1408 5264 1514 5317 pra:
1534 5250 2087 5320 satietateruclaverit.

568 5338 589 5365 ο
620 5326 747 5380 Mss.
785 5341 889 5379 non
916 5325 1091 5394 pauci,
1122 5337 1223 5378 nec
1247 5319 1410 5375 infer.
1442 5330 1605 5385 notm,
1632 5321 1722 5388 qui
1747 5319 1886 5373 dicta
1916 5332 2091 5376 nostra

491 5414 595 5451 non
622 5395 858 5451 credunt.

565 5465 593 5505 εἰ
638 5470 868 5523 Celebre
916 5464 1043 5520 illud
1092 5473 1175 5520 est
1216 5462 1562 5518 Ariminense
1612 5466 1903 5522 concilium
1947 5482 2091 5524 anno

492 5538 694 5596 Christi
721 5538 827 5596 359
861 5538 1215 5601 celebratum,
1237 5535 1325 5590 cui
1352 5536 1646 5590 interfuere
1670 5549 1736 5591 ex
1758 5539 1975 5595 Arianis
1996 5555 2087 5596 oc-

494 5615 725 5681 toginta,
749 5627 813 5665 ex
835 5608 1130 5681 Catholicis
1156 5606 1393 5681 trecenti
1411 5605 1796 5681 quinquaginta
1822 5611 2084 5681 episcopi.

498 5676 579 5737 Hi“
618 5698 741 5737 cum
815 5683 968 5735 initio
1035 5679 1304 5753 Nictenam
1368 5676 1527 5753 fidem
1596 5686 1821 5753 strenue
1858 5676 2090 5753 'prop'u.

494 5765 768 5824 guassent,
798 5753 866 5807 ab
892 5750 1199 5824 captandam
1218 5764 1327 5824 seu
1353 5747 1429 5812 vi,
1460 5761 1554 5800 seu
1575 5747 1765 5824 minis,
1800 5747 1904 5808 seu
1925 5747 2090 5823 dolis,

493 5821 583 5881 aut
628 5825 922 5895 majoribus
950 5822 1249 5895 Constantii
1276 5821 1616 5895 imperatoris
1648 5824 1927 5895 promissis
1956 5821 2090 5881 alie;

484 5900 583 5969 nti,
622 5896 687 5952 ad
712 5890 941 5953 {Arianas
972 5904 1151 5966 partes
1181 5894 1377 5948 misere
1407 5890 1739 5948 deiecerunt.
1794 5894 1990 5951 Verum
2021 5898 2089 5954 de

2192 4824 2488 4953 Sisilgttssius
2512 4828 2673 4897 epist.
2716 4829 2784 4885 ad
2809 4829 3049 4889 Marcell.
3090 4845 3144 4890 et
3172 4833 3243 4891 de
3272 4834 3513 4893 Basilicis
3552 4854 3660 4895 non
3686 4846 3795 4895 tra—

2343 4916 2351 4950 Ι
2392 4939 2404 4953 .

2230 4912 2404 4953 8111118.

2271 4979 2294 5006 εδ
2326 4968 2405 5024 lta
2434 4985 2565 5027 mss.
2595 4982 2649 5049 et
2678 4973 2809 5049 edit.
2844 4976 3064 5049 Anterb.
3103 4978 3206 5033 nisi
3256 4980 3398 5049 quod
3436 4980 3485 5035 in
3513 4980 3616 5036 hac
3658 4980 3795 5036 dno-

2195 5040 2597 5127 busqugqpssa
2635 5045 2833 5127 [figitur
2878 5044 3026 5127 fuit,
3077 5065 3174 5119 pro
3211 5040 3433 5127 Faerit.
3472 5052 3614 5127 Ed_it.
3664 5068 3794 5109 vero

2195 5111 2349 5175 Era.,
2381 5114 2507 5168 Gill.
2552 5125 2605 5169 et
2636 5111 2821 5181 Βότω,
2871 5111 3311 5177 Ειιὶιέᾱηεηάιιηι
3356 5124 3485 5178 illic.
3534 5124 3697 5179 Forte
3736 5135 3794 5180 ut

2198 5196 2607 5264 Opponerentur
2633 5186 2775 5264 inter
2799 5203 2858 5241 se
2879 5201 3071 5264 cantus
3093 5209 3155 5247 ae
3175 5195 3314 5250 tubm
3335 5195 3575 5264 clangor.
3604 5196 3675 5250 At
3700 5212 3789 5250 ca-

2200 5256 2420 5338 pendup}
2450 5272 2519 5338 eo
2543 5257 2778 5326 ponitur,
2802 5260 2942 5338 quod
2965 5265 3230 5338 superius
3268 5256 3479 5338 dictum
3484 5256 3490 5259 ’
3504 5277 3585 5321 est
3618 5282 3788 5338 popu-

2200 5324 2296 5398 los
2316 5324 2624 5398 a_Mattltaeo
2646 5324 2883 5398 prremiis
2910 5333 2974 5385 ad
3002 5324 3158 5388 fidem
3189 5350 3311 5391 esse
3337 5337 3613 5393 invitatos.

2225 5468 2237 5479 .
2279 5395 2297 5435 τ
2342 5395 2691 5479 Principattts,
2725 5403 3177 5479 ponitttr‘bicpro
3205 5407 3490 5479 principio,
3545 5409 3659 5465 sive
3690 5410 3791 5465 ini-

2203 5471 2297 5547 tio,
2332 5471 2784 5551 quemadmodum
2829 5475 2956 5529 alibi
3002 5471 3323 5551 princip—inm
3357 5471 3455 5548 pro
3478 5471 3789 5551 principatu

2200 5544 2317 5623 sive
2337 5543 2573 5623 imperio
2602 5544 2833 5623 positum
2867 5543 3191 5623 reperimus.
3228 5543 3540 5623 νυΙιξίεἰιίιι·
3575 5553 3633 5608 8.
3663 5543 3791 5608 ληι-

2198 5612 2417 5737 1lirosius
2442 5628 2572 5697 euut
2597 5616 2683 5685 qui
2716 5615 2864 5685 prior
2883 5612 3201 5675 beneficium
3235 5612 3444 5679 confert
3461 5667 3474 5691 ,
3502 5624 3790 5694 dupliciter

2237 5698 2336 5737 ene
2374 5698 2595 5737 mereri.

2237 5698 2336 5737 ene
2374 5698 2595 5740 mereri.

2238 5766 2243 5771 '
2270 5764 2293 5801 8
2325 5752 2579 5835 Nonnulli
2613 5772 2771 5835 mss.,
2794 5769 2849 5812 ut
2876 5762 3099 5833 (intplius
3124 5765 3419 5833 pmnitentia
3442 5777 3531 5821 tua
3559 5768 3787 5823 reverbco

2191 5842 2273 5882 res
2302 5828 2665 5883 verberantem.
2962 5828 2971 5833 ⁷
3124 5828 3131 5833 ⁷
3368 5838 3375 5845 ‘
