4186 6358
432 320 577 375 1657

1411 298 1779 371 exeost'no
1820 311 2074 371 nunc.
2117 313 2267 370 sec.
2311 311 2465 370 LUC.
2506 311 2636 368 Lm.
2709 312 2773 369 v.

3496 366 3497 369 η
3594 311 3736 370 1688

400 429 668 489 'rantem?
690 429 766 486 Ita
794 430 895 485 erit
929 437 989 484 ut
1031 439 1083 485 et
1105 426 1360 498 injuriam
1398 427 1651 499 repellas,
1694 439 1749 484 et
1795 427 2025 499 gratiam
2054 436 2106 496 Α
2131 427 2232 495 vit,
2263 437 2318 484 et
2345 427 2475 485 solis
2514 427 2706 484 :eterni
2736 426 2950 484 refulsit
2975 426 3165 497 radiis,
3192 428 3356 485 etiam
3388 442 3496 485 non
3521 444 3739 486 meren-

427 539 661 597 quaeras.
715 524 795 579 Ac
833 538 976 593 same
1006 522 1255 577 maximae
1299 536 1480 577 causa:
1518 522 1721 577 amoris
1759 522 2022 589 existunt,

426 633 550 674 cum
594 616 853 686 patientia
895 615 1203 670 insolentia:
1230 656 1243 679 ,
1284 615 1459 685 gratia
1506 612 1741 669 refertur
1786 612 2019 684 injuriae.

425 711 714 783 Equidem,
759 721 815 765 ut
853 710 1043 765 audire
1070 724 1156 765 me
1183 708 1435 771 memini,
1468 706 1556 763 vel
1587 708 1688 762 hoc
1727 707 1846 762 solo
1873 720 2024 777 pres-

423 822 544 862 sum
593 806 946 876 philosophiae
991 804 1085 877 (ι).
1120 803 1295 859 Laert.
1326 805 1381 859 in
1417 803 1535 858 Vita
1578 802 1749 873 Plat.)
1783 802 2024 873 superci-

423 900 557 957 lium
591 910 872 971 putamus;
902 899 1045 971 quod
1076 900 1127 954 in
1165 908 1275 955 tres
1320 907 1501 969 partes
1551 897 1643 952 illa
1672 896 1774 952 sibi
1807 895 2023 951 videtur

421 994 673 1050 divisisse
694 994 958 1065 justitiam
988 1010 1001 1047 :
1036 1008 1197 1048 unam
1245 993 1299 1049 in
1333 993 1526 1058 Deum,
1560 1006 1681 1061 qua:
1732 991 1902 1061 pietas
1930 1005 2022 1044 vo-

420 1096 576 1143 catur
610 1105 623 1140 :
656 1087 881 1142 alteram
924 1086 975 1141 in
1008 1094 1286 1157 parentes,
1313 1085 1397 1140 vel
1426 1085 1690 1156 reliquum
1720 1083 2053 1172 humanum‘

420 1194 593 1249 genus
632 1198 645 1233 :
692 1180 904 1234 tertiam
963 1179 1016 1234 in
1067 1189 1347 1247 mortuos,
1399 1188 1457 1234 ut
1499 1178 1583 1234 his
1628 1178 2017 1249 exsequiarum

426 1272 644 1346 1374
684 1273 829 1349 justa
876 1272 1181 1328 solvantur.
1228 1273 1298 1328 At
1350 1287 1482 1328 vero
1551 1272 1809 1328 Dominus
1858 1271 2019 1327 Jesus

416 1363 579 1435 Legis
616 1366 933 1432 oraculum,
984 1381 1049 1420 ac
1097 1365 1453 1437 philosophia:
1492 1365 1763 1437 fastigium
1821 1381 2016 1436 super-

414 1472 634 1529 gressus
660 1499 677 1525 ,
720 1458 776 1513 in
821 1473 919 1514 eos
956 1473 1173 1529 quoque
1220 1460 1309 1530 qui
1354 1459 1615 1524 laeserint,
1644 1458 1861 1528 pietatis
1893 1474 2015 1528 por-

412 1551 557 1606 rexit
604 1550 861 1606 nflicium.
919 1550 1135 1607 Etenim
1183 1552 1229 1605 si
1283 1550 1453 1606 hostis
1499 1552 1588 1621 qui
1642 1558 1821 1605 tecum
1869 1551 2015 1606 bello

413 1645 694 1716 armisque
726 1644 1036 1710 certaverit,
1071 1645 1338 1715 depositis
1358 1646 1545 1711 armis,
1580 1644 2012 1701 misericordiam

411 1753 525 1794 sua:
556 1739 747 1793 salutis
771 1739 1111 1810 adipiscitur,
1134 1740 1294 1808 idque
1324 1739 1638 1811 plerumque
1663 1739 1746 1794 vel
1770 1749 2015 1795 eontem-

2131 523 2293 579 tibus;
2330 523 2438 603 Sed
2492 523 2750 593 quoniam
2798 522 2877 578 illi
2919 522 3197 578 mun‘dano
3228 538 3355 579 rore
3387 523 3735 593 maduerunt,

2128 618 2370 675 Ecclesia
2386 620 2480 675 Dei
2511 619 2578 674 ad
2609 619 2837 675 caeleste
2856 619 3036 675 lumen
3064 617 3423 685 adsciscitur;
3448 619 3520 675 ita
3554 629 3733 675 tamen

2125 723 2181 767 ut
2218 712 2328 767 illis
2356 728 2574 785 quoque
2604 712 2996 769 misericordiae
3023 713 3069 767 si
3100 712 3345 780 credant,
3382 713 3733 784 praerogativa

2122 818 2395 864 εθινειιιν.

2196 900 2285 958 80.
2329 899 2582 968 Addidit,
2619 915 2726 955 non
2758 909 2963 957 temere
2988 899 3380 971 judicandum,
3412 914 3481 955 ne
3507 914 3627 955 cum
3657 898 3733 954 sis

2124 996 2200 1051 tui
2228 997 2480 1051 conscius
2520 992 2686 1064 ipseb
2716 994 2935 1061 delicti,
2962 995 3015 1051 in
3056 993 3288 1050 alterum
3342 994 3558 1065 cogaris
3589 995 3733 1050 ferre

2120 1093 2473 1145 sententiam.

2192 1184 2281 1238 8t.
2324 1182 2505 1255 (Vers.
2532 1182 2649 1255 44.)
2699 1183 2884 1255 Magna
2908 1182 3072 1239 etiam
3105 1182 3411 1253 disciplina,
3440 1190 3496 1237 ut
3524 1182 3594 1238 de
3646 1182 3729 1238 in-

2119 1277 2417 1333 fructuosis
2462 1280 2739 1333 fructuosa
2795 1294 2901 1333 nou
2950 1292 3186 1349 qua‘ras,
3246 1292 3348 1333 nec
3386 1276 3456 1333 de
3509 1276 3728 1333 incultis

2119 1381 2445 1443 proventum
2498 1369 2850 1427 fecunditatis
2900 1381 3211 1441 exspectes.
3240 1368 3549 1439 Unicuique
3577 1369 3721 1426 enim

2119 1480 2214 1521 sua
2256 1465 2470 1520 cultura
2496 1464 2589 1520 dat
2617 1463 2846 1519 fructus.
2887 1464 2944 1519 lu
2978 1464 3153 1533 spinis
3181 1464 3338 1518 istius
3369 1462 3553 1518 mundi
3589 1462 3723 1516 licus

2118 1558 2208 1614 illa
2240 1574 2347 1614 non
2371 1567 2547 1628 potest
2578 1557 2827 1628 reperiri,
2864 1573 2986 1628 quae
3028 1557 3155 1629 quia
3187 1555 3435 1611 fecundis
3456 1555 3725 1610 fructibus

2119 1653 2316 1709 melior
2348 1661 2457 1719 est,
2493 1652 2633 1707 bene
2666 1652 2879 1722 species
2907 1650 2960 1706 ei
3011 1649 3435 1706 resurrectionis
3464 1657 3719 1718 aptatur:

2118 1748 2201 1803 vel
2229 1747 2351 1813 quia
2377 1756 2433 1800 ut
2458 1744 2635 1815 legisti
2665 1762 2677 1799 :
2707 1743 2867 1800 Ficus
2888 1744 3137 1799 dederunt
3158 1760 3365 1818 grossos
3392 1760 3515 1799 suos
3542 1740 3717 1819 (Cant.

410 1831 656 1902 plalione
680 1842 910 1897 naturae,
958 1832 1042 1887 vel
1074 1833 1241 1901 ipsius
1294 1832 1422 1887 belli
1472 1832 1595 1902 iure
1638 1832 1905 1897 defertur.
1954 1841 2011 1887 ut
2042 1836 2091 1897 B
2119 1855 2177 1905 ιι,
2212 1838 2323 1910 15);
2357 1839 2498 1909 quod
2545 1836 2892 1903 humaturus,
2934 1846 2989 1892 et
3024 1837 3250 1902 inutilis,
3282 1846 3335 1893 et
3384 1836 3623 1891 caducus
3667 1836 3722 1891 in

408 1923 671 1994 subjectis
730 1925 836 1979 vita
893 1924 1200 1981 tribuatur:
1251 1935 1453 1995 quanto
1492 1925 1728 1996 amplius
1779 1926 2007 1993 meliore

408 2021 689 2092 religionis
718 2021 918 2077 intuitu
945 2022 1301 2078 deferendum
1324 2026 1437 2079 est!
1470 2022 1605 2079 Nam
1637 2039 1759 2079 cum
1788 2026 2007 2097 praelia-

410 2124 583 2172 torem
610 2118 864 2189 appetita:
886 2120 1084 2175 salutis
1113 2134 1275 2175 causa
1301 2135 1408 2175 non
1439 2132 1679 2188 moveat,
1718 2122 1849 2193 quid
1891 2136 2007 2178 mo-

406 2222 535 2265 vere
563 2208 726 2267 debet
754 2221 779 2249 α
813 2212 1040 2269 militem
1066 2213 1249 2282 pacis?

479 2303 569 2357 77.
610 2300 797 2372 Itaque
837 2305 969 2360 illud
1015 2306 1422 2375 Apostolicum,
1463 2309 1587 2380 quia
1635 2307 1874 2365 Charitas
1911 2328 2005 2381 pa-

406 2397 536 2453 tiens
560 2408 664 2466 est,
691 2397 910 2471 benigna
937 2409 1034 2465 est,
1069 2419 1170 2456 non
1200 2406 1594 2459 wmulatur.....
1642 2422 1745 2459 non
1788 2407 2006 2477 inﬂatur

403 2490 470 2559 (l
535 2489 656 2545 Cor.
715 2507 833 2558 ιιιι,
876 2491 954 2563 4),
1003 2494 1055 2548 in
1112 2494 1196 2549 his
1227 2497 1512 2566 praiceptis
1563 2508 2000 2555 consummatum

404 2585 674 2642 videmus.
723 2587 780 2643 Si
837 2589 1053 2658 patiens
1090 2600 1196 2655 est,
1237 2590 1399 2648 debet
1457 2594 1770 2663 patientiam
1807 2596 2004 2651 verbe-

406 2679 581 2734 ranti:
631 2681 675 2734 si
698 2680 927 2752 benigna
958 2692 1061 2745 est,
1087 2668 1217 2738 non.
1247 2684 1409 2740 debet
1453 2687 1786 2756 respondere
1832 2690 2002 2745 male-

401 2770 601 2827 dictis:
658 2774 702 2829 si
754 2790 861 2829 non
927 2776 1122 2845 quaerit
1166 2791 1288 2847 qua:
1340 2792 1433 2832 sua
1466 2790 1619 2842 sunt,
1675 2796 1782 2835 non
1837 2780 2000 2837 debet

401 2867 657 2923 resistere
692 2868 1013 2939 diripienti:
1054 2870 1099 2924 si
1156 2885 1263 2926 non
1318 2872 1625 2938 tumulatur,
1659 2874 1843 2931 odisse
1889 2892 1995 2931 non

401 2961 559 3018 debet
592 2962 893 3018 inimicum.
927 2964 992 3019 Et
1015 2974 1194 3021 tamen
1220 2966 1551 3036 Apostolicis
1578 2968 1775 3025 divina:
1811 2987 1998 3041 super-

399 3056 575 3113 fluunt
634 3067 903 3129 przecepta
943 3060 1196 3130 pietatis;
1252 3061 1376 3130 plus
1424 3072 1508 3117 est
1551 3065 1695 3118 enim
1751 3063 1991 3131 donare,

396 3167 558 3223 quam
610 3152 844 3208 cedere:
872 3154 990 3223 plus
1043 3164 1127 3209 est
1163 3169 1349 3211 amare
1376 3156 1646 3225 inimicos,
1691 3174 1849 3229 quam
1884 3174 1991 3215 non

2114 1916 2397 2006 Sjnagoga
2424 1932 2630 1989 fruetus
2653 1940 2782 1987 ante
2812 1930 3099 2002 prmcessit
3128 1947 3141 1984 :
3170 1929 3255 1985 vel
3278 1931 3402 2001 quia
3431 1931 3719 1985 immatura

2113 2030 2221 2083 vita
2252 2026 2465 2101 1375
2496 2035 2678 2081 nostra
2709 2036 2796 2081 est
2846 2026 2898 2079 in
2928 2038 3182 2096 corpore,
3214 2032 3423 2078 matura
3452 2022 3504 2077 in
3530 2036 3719 2077 resur-

2110 2121 2371 2178 rectione.
2407 2120 2472 2174 Et
2507 2120 2631 2176 ideo
2659 2118 2843 2189 procul
2877 2133 2906 2173 a
2931 2119 3086 2173 nobis
3113 2116 3380 2173 debemus
3410 2116 3709 2172 saeculares

2108 2215 2505 2272 sollicitudines
2564 2214 2862 2281 abdicare,
2914 2228 3036 2284 quae
3083 2212 3374 2267 mordeant
3425 2211 3667 2266 animum
3698 2254 3713 2276 ,

2109 2320 2459 2380 mentemque
2488 2307 2743 2372 adurant;
2775 2316 2832 2360 ut
2853 2316 3093 2361 maturos
3112 2304 3322 2360 fructus
3343 2304 3572 2359 cultura:
3591 2303 3717 2360 dili-

2106 2405 2281 2475 gentis
2301 2403 2569 2473 possimus
2583 2401 2809 2472 adipisci
2832 2419 2844 2455 :
2861 2399 3002 2470 quod
3018 2400 3070 2454 in
3097 2399 3318 2455 incultis
3349 2398 3507 2454 istius
3521 2396 3710 2453 mundi

2105 2498 2351 2568 reperire
2367 2512 2474 2552 non
2495 2510 2811 2566 possumus:
2840 2493 2975 2560 Quia
2989 2510 3091 2546 non
3104 2494 3277 2564 legunt
3300 2492 3364 2546 de
3376 2492 3542 2565 spinis
3556 2491 3707 2561 ﬁcus,

2104 2608 2267 2662 neque
2297 2592 2359 2646 de
2381 2590 2585 2645 tributis
2616 2587 2934 2643 vindemiant
2966 2602 3137 2641 uvam.
3168 2588 3415 2643 Alterum
3457 2586 3524 2642 ad
3553 2602 3712 2642 mun-

2103 2686 2229 2741 dum
2285 2694 2342 2740 et
2396 2682 2899 2749 resurrectionem,
2961 2681 3191 2736 alterum
3242 2678 3309 2734 ad
3363 2680 3600 2734 animam
3657 2688 3715 2734 et

2102 2794 2301 2849 corpus
2345 2777 2623 2833 refertur:
2665 2776 2747 2830 vel
2801 2775 2924 2846 quia
2965 2788 3128 2829 nemo
3179 2772 3418 2844 peccatis
3473 2773 3705 2827 fructum

2102 2872 2335 2943 acquirit
2362 2872 2556 2927 anima:
2610 2885 2744 2935 suae,
2775 2883 2897 2939 quae
2927 2867 3065 2922 sicut
3096 2882 3198 2922 uva
3249 2866 3493 2936 proxima
3544 2864 3710 2922 terris

2100 2967 2487 3038 corrumpitur,
2541 2965 2593 3019 iu
2644 2963 3019 3033 superioribus
3063 2967 3394 3015 maturatur:
3445 2959 3531 3015 vel
3581 2958 3708 3030 quia

2101 3078 2261 3119 nemo
2280 3070 2460 3134 potest
2484 3058 2889 3114 damnationem
2918 3056 3098 3111 carnis
3118 3054 3383 3119 evadere;
3416 3052 3519 3106 nisi
3542 3067 3702 3121 quem

2097 3154 2345 3211 Christus
2390 3151 2714 3214 redemerit,
2746 3150 2835 3216 qui
2868 3149 3008 3203 sicut
3034 3162 3136 3202 uva
3169 3146 3425 3216 pependit
3447 3145 3499 3200 in
3531 3146 3704 3216 ligno.

396 3245 666 3300 aemulari.
703 3246 835 3315 Quae
858 3249 1037 3302 omnia
1083 3248 1343 3304 Dominus
1370 3250 1603 3316 etdixit,
1634 3262 1689 3307 et
1710 3251 1861 3307 fecit.
1892 3252 1992 3321 Qui
2021 3245 2067 3307 C
2101 3246 2298 3303 Procul
2353 3246 2516 3317 igitur
2567 3244 2636 3300 ab
2686 3243 2775 3299 illa
2804 3257 2988 3309 carne,
3021 3257 3141 3312 quae
3196 3240 3452 3300 damnato
3495 3238 3702 3294 homini

397 3354 519 3394 cum
549 3341 999 3404 malediceretur,
1031 3357 1138 3397 non
1180 3343 1524 3399 remaledixit
1547 3362 1560 3398 :
1584 3359 1707 3400 cum
1740 3356 1993 3415 percute-

395 3442 569 3499 retur,
610 3450 717 3489 non
775 3437 1157 3505 repercussit:
1214 3452 1336 3493 cum
1390 3438 1827 3509 despoliaretur,
1882 3455 1990 3497 non

391 3527 629 3582 restitit:
679 3542 801 3582 cum
870 3531 1309 3599 crucifigeretur,
1368 3532 1499 3602 ipsis
1548 3534 1990 3604 persecutoribus

390 3618 609 3673 veniam
633 3620 944 3689 postulavit,
975 3621 1164 3677 dicens
1194 3641 1207 3676 :
1247 3621 1405 3677 Pater
1424 3666 1437 3688 ,
1468 3625 1673 3680 dimitte
1717 3624 1826 3681 illis
1871 3642 1991 3699 pec-

388 3723 586 3777 catum,
627 3714 748 3780 quia
792 3715 1026 3769 nesciunt
1076 3717 1204 3785 quid
1248 3719 1446 3787 faciunt
1500 3718 1655 3789 (Luc.
1711 3736 1864 3785 χχιιι,
1898 3721 1977 3793 5).

386 3804 783 3863 Crimiuatores
828 3822 954 3863 suos
987 3808 1281 3863 excusabat
1313 3824 1341 3863 a
1385 3810 1633 3865 crimine.
1659 3812 1739 3867 Illi
1767 3828 1987 3869 crucem

385 3900 674 3969 parabant,
708 3900 794 3955 hic
820 3901 1050 3956 salutem
1077 3914 1131 3956 et
1156 3902 1383 3973 gratiam
1416 3903 1770 3972 rependebat.

459 3996 553 4051 78.
597 3995 777 4067 (Vers.
822 3995 940 4068 35.)
973 3996 1040 4051 Et
1089 4007 1268 4052 tamen
1321 3999 1578 4069 quoniam
1637 3999 1815 4054 studia
1871 4002 1983 4068 ipsa

382 4090 644 4145 virtutum
697 4091 817 4146 sine
843 4092 1287 4146 remuneratione
1342 4102 1682 4163 torpescunt,
1711 4102 1766 4148 et
1800 4108 1985 4149 exem-

383 4182 536 4253 plum
570 4183 728 4240 nobis
779 4184 985 4248 attulit,
1014 4192 1069 4239 et
1098 4184 1406 4241 mercedem
1440 4186 1735 4255 Spopondit
1760 4201 1791 4241 e
1821 4186 1981 4251 caelo,

383 4276 527 4331 filios
560 4277 653 4331 Dei
694 4276 903 4331 futuros
950 4278 1235 4347 pollicens,
1285 4280 1375 4349 qui
1429 4277 1632 4333 fuerint
1681 4279 1984 4333 imitatores

380 4368 524 4438 ejus.
567 4370 667 4436 Qui
713 4370 858 4424 enim
886 4370 1107 4425 festinat
1154 4370 1220 4424 ad
1253 4371 1569 4441 praemiumr
1600 4369 1843 4425 fastidire
1875 4385 1979 4424 non

379 4464 543 4520 debet
597 4464 941 4535 exemplum;
988 4466 1111 4535 quia
1153 4474 1359 4535 quanto
1392 4465 1794 4535 prmeellentius
1843 4480 1984 4533 prte-

379 4557 592 4622 mium,
654 4565 801 4611 tanto
855 4557 1153 4626 impensius
1215 4557 1475 4613 officium.
1535 4556 1745 4626 Quanta
1794 4567 1977 4613 autem

2100 3341 2332 3396 tribulos
2361 3355 2628 3410 generare
2677 3344 2946 3408 praecepta
2987 3346 3069 3390 est
3105 3332 3258 3405 (Gen.
3288 3349 3368 3398 ιιι.
3403 3336 3514 3405 18),
3549 3333 3699 3389 leve-

2096 3448 2217 3489 mus
2238 3432 2425 3488 oculos
2452 3431 2747 3499 spiritales,
2772 3428 3058 3484 tendamus
3078 3442 3299 3492 manus;
3333 3437 3390 3481 ut
3420 3424 3695 3482 Christum

2094 3527 2429 3583 vindemiare
2452 3527 2744 3596 possimus.

2164 3622 2255 3677 82.
2299 3619 2477 3690 (Vers.
2510 3620 2628 3694 46.)
2660 3619 2908 3677 Omnium
2939 3629 3117 3676 autem
3152 3617 3563 3674 fundamentum
3600 3616 3699 3671 dn-

2092 3725 2181 3773 cet
2207 3731 2330 3772 esse
2362 3716 2620 3771 virtutum
2651 3715 3018 3771 obedientiam
3060 3715 3364 3770 caelestium
3399 3700 3699 3785 praecl-pto-

2091 3826 2235 3876 rum,
2284 3825 2565 3880 perquam
2624 3809 2817 3863 domus
2867 3807 2984 3863 ha-e
3033 3818 3218 3861 nostra
3272 3822 3378 3861 non
3429 3803 3696 3876 profluvio

2092 3902 2469 3972 voluptatum,
2507 3916 2612 3956 non
2666 3901 2924 3971 nequitia:
2965 3898 3227 3969 spiritalis
3287 3898 3529 3965 incursu,
3591 3912 3696 3951 non

2092 3995 2268 4050 imbre
2322 3993 2630 4060 mundano,
2662 4009 2783 4053 non,
2817 3995 3194 4047 harreticornm
3229 3991 3399 4061 possit
3425 3990 3703 4047 nebulosis

2089 4089 2546 4157 disputationibus
2572 4086 2901 4153 permoveri.

2161 4181 2253 4237 85.
2299 4180 2472 4255 (Cap.
2508 4180 2621 4236 Vll.
2649 4209 2723 4222 —-
2754 4180 2910 4236 Vers.
2949 4180 3046 4251 l.)
3082 4179 3314 4237 Pulchre
3360 4191 3541 4235 autem
3605 4180 3695 4238 ubi

2091 4284 2359 4345 praecepta
2390 4274 2723 4344 complevit,
2761 4288 2983 4329 suorum
3043 4286 3436 4344 praceptorum
3465 4272 3692 4329 formam
3732 4272 3735 4277 ’

2087 4369 2311 4438 exsequi
2355 4368 2548 4433 docet;
2585 4383 2709 4427 nam
2741 4367 2925 4424 statim
2958 4369 3178 4436 gentilis
3215 4365 3552 4422 centurionis
3578 4381 3694 4421 ser-

2088 4478 2188 4515 vus
2215 4461 2446 4516 Domino
2476 4460 2752 4516 curandus
2778 4459 3025 4527 offertur,
3055 4461 3106 4515 in
3134 4476 3243 4529 quo
3264 4461 3494 4531 populus
3518 4459 3695 4514 natio-

2088 4572 2257 4620 num,
2295 4556 2389 4625 qui
2442 4555 2729 4610 mundanae
2788 4555 3064 4610 servitutis
3114 4554 3349 4610 vinculis
3407 4553 3695 4610 tenebatur

379 4649 771 4705 misericordiae
801 4664 1031 4717 merces,
1061 4666 1184 4721 qua:
1232 4651 1283 4706 in
1308 4651 1397 4722 jus
1424 4651 1620 4707 divinte
1668 4652 1976 4721 adoptionis
2006 4668 2059 4728 Β
2083 4665 2227 4717 aeger
2269 4649 2565 4705 lethalibus
2611 4648 2987 4719 passionibus,
3022 4647 3292 4703 beneficio
3338 4646 3551 4703 Domini
3600 4662 3692 4704 sa-

378 4742 707 4798 adsciseilur
725 4746 736 4799 l
755 4742 999 4815 Sequere
1021 4744 1185 4815 igitur
1208 4744 1665 4811 misericordiam,
1691 4755 1942 4801 utmcrea
1960 4776 1974 4786 -

376 4835 454 4889 ris
480 4836 729 4905 gratiam.

450 4926 537 4983 79.
578 4928 761 4999 (νει-ε.
797 4927 917 4999 36.)
949 4928 1080 4984 Late
1114 4934 1263 4999 patet
1296 4929 1607 5000 benignitas
1635 4930 1731 4986 Dei
1763 4950 1777 4984 :
1810 4946 1978 4998 super

374 5019 615 5090 ingratos
662 5021 828 5087 pluit,
877 5021 1033 5075 malis
1067 5019 1294 5076 fecunda
1337 5036 1443 5076 non
1485 5032 1648 5091 negat
1677 5030 1819 5077 terra
1852 5037 1979 5092 pro-

372 5120 589 5166 ventus.
622 5112 767 5168 ldem
792 5113 977 5168 mundi
1024 5114 1106 5169 sol
1135 5115 1431 5184 sacrilegos
1460 5114 1852 5186 religiososque
1886 5132 1977 5186 pa-

371 5206 507 5262 riter
533 5207 820 5262 illuminat.
849 5209 959 5265 Aut
1004 5216 1061 5262 ut
1086 5209 1312 5280 mystice
1339 5209 1439 5263 ista
1479 5209 1777 5278 pendamus
1805 5251 1820 5274 ,
1856 5224 1979 5279 pro-

372 5298 607 5370 pheticis
637 5300 894 5370 populum
925 5299 1237 5356 Iudaeorum
1268 5301 1533 5358 Dominus
1558 5302 1756 5373 pluviis
1784 5302 1979 5375 irriga-

444 5519 471 5545 α
512 5507 618 5581 Per
646 5508 860 5563 militem
888 5510 1053 5578 pacis,
1098 5510 1339 5581 intellige
1381 5510 1657 5567 hominem
1711 5510 1966 5567 christia-

370 5596 522 5635 num.
559 5578 691 5634 Nam
722 5581 809 5636 hic
849 5581 949 5635 loci
1001 5585 1167 5637 totius
1216 5578 1410 5638 sensus
1441 5594 1523 5638 est
1569 5601 1582 5637 :
1613 5584 1656 5637 si
1692 5584 1966 5652 pra-tiatur

368 5652 435 5706 ad
471 5652 672 5707 victum
704 5653 913 5707 hostem
939 5652 1371 5709 interficiendum
1403 5669 1507 5708 non
1542 5669 1610 5709 eo
1641 5655 1957 5723 impellitur,

368 5724 514 5793 quod
546 5737 649 5796 sua
684 5724 853 5793 ipsius
883 5725 988 5779 vita
1010 5726 1079 5779 ab
1105 5728 1296 5781 eodem
1343 5738 1649 5796 Oppugnata
1701 5726 1793 5791 sit,
1829 5728 1964 5782 nihil

368 5810 494 5859 esse
532 5794 733 5852 debere
763 5796 906 5865 quod
953 5796 1310 5853 christianum
1341 5794 1683 5854 commoveat
1707 5797 1775 5853 ad
1807 5797 1967 5854 ultioa

372 5870 513 5921 hem.

2088 4743 2300 4799 nandus
2341 4743 2685 4813 exprimitur.
2701 4742 2855 4810 Quod
2876 4752 3056 4797 autem
3091 4743 3415 4799 moriturum
3443 4741 3599 4808 dixit,
3635 4741 3688 4796 in

2085 4853 2152 4893 eo
2176 4837 2517 4907 Evangelista
2541 4852 2648 4890 non
2680 4834 2907 4900 fefellit;
2932 4838 3227 4891 moriturus
3250 4836 3389 4890 enim
3414 4842 3554 4902 erat,
3586 4836 3689 4890 nisi

2087 4931 2278 4986 fuisset
2318 4940 2539 4985 sanatus
2570 4929 2857 4985 aChristo.
2888 4929 3137 4999 Implevit
3164 4930 3323 5000 igitur
3358 4938 3683 4999 praeceptum
3758 4986 3761 4989 _

2082 5023 2351 5079 charitate
2381 5023 2617 5089 callesti,
2644 5025 2737 5090 qui
2780 5024 2858 5077 sic
2903 5022 3099 5078 dilexit
3128 5023 3407 5088 inimicos;
3443 5033 3498 5075 nt
3527 5023 3690 5078 morti

2082 5119 2342 5189 eriperet.
2369 5126 2531 5189 atque
2550 5116 2616 5171 ad
2649 5127 2925 5187 perpetua:
2950 5133 3103 5185 spem
3133 5116 3326 5172 salutis
3339 5116 3687 5173 adscisceret.

2152 5214 2241 5267 84.
2285 5211 2470 5283 (Vers.
2496 5211 2577 5279 6.)
2609 5210 2877 5277 Quantum
2906 5221 3088 5266 autem
3119 5210 3319 5265 divinae
3363 5208 3687 5264 humilitatis

2078 5304 2325 5378 insigne,
2368 5314 2425 5362 ut
2461 5306 2583 5363 caeli
2620 5305 2880 5361 Dominus
2922 5320 3258 5376 nequaquam
3304 5304 3688 5375 dedignaretur

2147 5515 2176 5556 b
2218 5512 2375 5569 Rom.
2410 5512 2540 5568 edit.
2562 5555 2575 5573 ,
2624 5512 2830 5577 delicti,
2884 5512 3009 5566 dum
3044 5513 3261 5566 alterum
3285 5514 3518 5579 iudicas,
3554 5515 3607 5568 in
3637 5524 3684 5567 te

2071 5586 2242 5655 ipsum
2291 5587 2493 5656 cogaris
2532 5589 2669 5656 ferre
2696 5586 3023 5640 sententiam.
3073 5585 3310 5655 Optime,
3361 5586 3405 5639 si
3457 5600 3678 5640 sensum

2069 5668 2304 5728 spectes.
2363 5664 2431 5711 At
2501 5673 2633 5712 vero
2658 5657 2990 5713 dissentiunt
3063 5672 3254 5712 onmes
3285 5672 3417 5711 mss.
3477 5671 3540 5711 ac
3567 5667 3675 5713 vet.

2075 5729 2207 5784 edit.
2248 5728 2540 5785 Nobiscum
2586 5741 2767 5785 autem
2817 5729 3203 5792 consentiunt,
3251 5738 3481 5798 excepto
3531 5728 3677 5799 quod

2074 5815 2196 5883 pro,
2230 5802 2454 5883 cogaris,
2486 5813 2545 5858 ut
2575 5800 2806 5859 habetur
2827 5802 2881 5857 in
2915 5814 3044 5858 mss.
3081 5801 3373 5871 prmferuut
3402 5799 3562 5867 edit.,
3589 5816 3679 5855 co-

2072 5874 2335 5940 gitarerit.
