4156 6346
431 270 575 330 ίϐὃθ
1161 303 1182 333 σ

1786 267 2039 328 BANCTI
2074 266 2400 328 AHBROS"

3592 275 3731 331 1660

426 358 762 450 centurionis
792 392 1069 449 servulum
1113 388 1366 448 visitaret
1408 390 1604 446 Elucet
1635 390 1770 446 ﬁdes
1797 390 1851 445 in
1895 401 2028 460 ope-
2052 389 2101 452 Α
2128 404 2245 445 cum
2287 392 2402 446 ille.
2437 391 2607 460 Quem
2641 404 2759 450 cunt
2800 396 3003 451 videret
3036 392 3289 451 Dominus
3313 434 3328 462 ,
3373 395 3728 451 misericordia

427 487 617 552 ribus,
666 486 763 542 sed
815 487 936 556 plus
985 495 1243 555 operatur
1276 486 1584 541 immanitas
1628 484 1685 540 in
1722 483 2028 540 affectibus.

430 579 584 649 Quod
632 580 819 650 utique
863 592 970 635 non
1000 577 1125 634 ideo
1155 578 1562 650 laciebat,'qula
1608 580 1813 635 absens
1839 591 2035 634 curare

433 686 539 729 non
593 682 844 744 poterat:
888 673 983 730 sed
1024 681 1085 730 ut
1125 671 1355 729 formam
1405 674 1502 729 tibi
1554 673 1711 730 daret
1759 673 2035 729 imitanda

433 767 779 836 humilitatis,
804 784 906 838 qua
931 768 1087 839 juxta
1113 768 1499 843 humilioribus
1519 768 1745 825 doceret
1781 781 1848 823 ac
1875 781 2036 838 supe-

430 862 667 919 rioribus
717 863 1094 920 deferendum.
1145 864 1391 935 Denique
1443 863 1571 918 alibi
1620 863 1808 934 regulo
1849 861 2032 918 dicit:

443 952 603 1020 Vade,
636 954 781 1025 ﬁlius
808 964 928 1010 tuus
970 957 1089 1012 trivit
1136 954 1321 1025 (Joan.
1354 970 1428 1022 tv,
1454 955 1570 1026 60);
1603 942 1829 1011 utscias
1855 963 1910 1011 et
1940 969 2037 1025 po—

430 1048 654 1102 tentiam
685 1047 1005 1117 divinitatis,
1038 1059 1092 1104 et
1123 1048 1445 1104 humilitatis
1472 1046 1725 1117 gratiam.
1753 1046 1830 1102 lbi
1860 1047 2043 1103 noluit-

432 1154 692 1210 pergere,
731 1154 802 1197 ne
850 1141 903 1196 itt
937 1141 1106 1213 reguli
1155 1141 1267 1198 ﬁlio
1292 1140 1569 1197 videretur
1616 1143 1789 1211 magis
1830 1138 2035 1196 divitiis

432 1230 838 1289 detulisse:hic
859 1234 977 1304 ipse
1004 1234 1270 1304 perrexit,
1303 1248 1373 1289 ne
1426 1232 1709 1288 videretur
1738 1232 1789 1287 in
1845 1241 2038 1287 centuo

433 1324 605 1380 rionis
660 1324 863 1382 famulo
923 1327 1289 1382 conditionem
1346 1327 1663 1397 despexisse
1734 1324 2033 1393 servilem;

435 1432 626 1474 omnes
650 1420 818 1484 enim,
840 1435 1029 1476 servus
1054 1431 1109 1476 et
1132 1421 1289 1486 liber,
1311 1421 1363 1475 in
1391 1419 1614 1477 Christo
1643 1435 1810 1476 unum
1825 1432 2035 1476 sumus.

507 1512 596 1567 85.
639 1512 746 1569 Sed
776 1513 899 1569 vide
923 1512 1081 1571 ﬁdem
1104 1513 1524 1586 praarogativam
1570 1530 1697 1571 esse
1726 1514 2035 1571 medicina}.

436 1603 675 1661 Adverte
701 1606 862 1661 etiam
894 1607 948 1662 in
1003 1609 1120 1678 ipso
1150 1608 1350 1678 pepttlo
1403 1607 1591 1678 gentili
1640 1607 2037 1703 perspicaciam

328 1704 335 1709 ‘
436 1714 562 1755 esse
615 1701 878 1772 mysterii.
913 1700 1174 1761 Dominus
1218 1700 1429 1773 pergit:
1484 1700 1725 1757 excusat
1768 1701 2036 1768 centurio,

2137 495 2335 551 motus,
2371 486 2506 542 dixit
2531 487 2652 543 illi:
2681 488 2807 544 Noli
2830 490 2979 561 ﬂere.
3017 488 3081 545 Et
3117 490 3346 554 accessit,
3384 500 3432 544 et
3463 489 3625 563 tetigit
3652 489 3730 543 lo-

2135 578 2333 633 culum.

2207 670 2299 727 89.
2343 670 2408 727 Et
2449 672 2709 730 hielocus
2739 676 2807 729 ad
2852 683 3138 747 utramque
3166 675 3434 731 redundat
3473 676 3724 746 gratiam,

2137 767 2387 821 utetcito
2410 766 2550 824 ﬂecti
2580 768 2818 824 divinam
2848 768 3279 826 misericordiam
3328 770 3519 825 matris
3555 770 3730 826 vidua:

2137 858 2524 916 lamentatione
2574 861 2861 918 credamus
2886 906 2902 931 ,
2957 863 3079 933 ejus
3125 862 3397 933 pratcipue
3432 878 3554 933 qua;
3583 863 3728 919 unici

2139 950 2232 1005 ﬁlii
2255 953 2338 1007 vel
2371 952 2575 1017 labore,
2595 954 2681 1009 vel
2708 963 2884 1010 morte
2918 953 3215 1026 frangatur;
3242 956 3330 1012 cui
3352 964 3530 1015 tamen
3556 955 3730 1011 videte

2136 1046 2417 1115 gravitatis
2444 1048 2695 1105 meritum
2729 1049 3110 1121 exsequiarum
3140 1050 3297 1106 turba
3348 1050 3643 1106 conciliat:
3675 1060 3732 1105 et

2134 1139 2279 1205 hanc
2328 1141 2545 1197 viduam
2594 1143 2917 1214 populorum
2960 1143 3115 1199 turba
3149 1154 3378 1215 septem,
3413 1146 3532 1216 plus
3562 1145 3731 1202 videri

2138 1248 2263 1290 esse
2290 1249 2450 1304 quam
2475 1233 2754 1303 feminam,
2780 1250 2901 1307 quat
2922 1237 3381 1293 resurrectionem
3420 1234 3568 1295 unici
3606 1238 3736 1295 ado-

2142 1328 2395 1384 lesceutis
2442 1327 2538 1385 ﬁlii
2580 1331 2661 1386 sui
2708 1330 2963 1403 Iacrymis
3006 1331 3265 1387 meruerit
3321 1332 3637 1402 impetrare;
3669 1346 3737 1387 eo

2140 1419 2281 1494 quod
2331 1431 2516 1476 saneta
2572 1421 2814 1477 Ecclesia
2866 1422 3123 1493 populum
3163 1423 3436 1494 juniorem
3487 1437 3735 1494 apontpa

2142 1515 2369 1581 itineris,
2407 1524 2570 1587 atque
2620 1532 2652 1573 a
2694 1518 2967 1588 supremis
3002 1516 3239 1588 sepulcri
3269 1530 3490 1573 suarum
3520 1526 3739 1573 revocet

2143 1612 2209 1667 ad
2252 1612 2416 1667 vitam
2447 1612 2910 1684 contemplatione
2934 1614 3298 1685 laerymarum
3324 1630 3343 1678 ;
3399 1626 3522 1683 qua!
3554 1612 3683 1668 ﬁere
3710 1612 3737 1653 ιι

2147 1709 2482 1780 prohibetur,
2515 1724 2639 1765 cum
2666 1711 2716 1790 ei
2746 1711 3077 1767 resurrectio
3096 1710 3380 1767 debeatur.

440 1792 772 1865 militarique
795 1795 1044 1867 deposito
1068 1804 1300 1864 tumore,
1327 1797 1689 1852 reverentiam
1738 1798 1927 1863 sumit,
1986 1803 2043 1852 et
2071 1793 2120 1855 Β
2217 1803 2307 1859 90.
2347 1803 2447 1872 Qui
2486 1804 2707 1875 quidem
2736 1804 2996 1859 'mortuus
3042 1803 3096 1859 in
3127 1804 3327 1867 loculo,
3369 1801 3741 1858 materialibus
3809 1810 3817 1814 “

439 1888 507 1944 ad
554 1888 714 1944 ﬁdem
764 1888 975 1956 facilis,
1021 1899 1077 1946 et
1106 1891 1171 1946 ed
1222 1891 1694 1948 honoriﬁcentiam
1726 1901 2035 1962 promptus.

443 1981 509 2036 Et
532 1981 668 2038 bene
698 1980 873 2039 Lucas
890 1984 1055 2040 etiam
1085 1985 1140 2041 in
1162 2000 1450 2041 occursum
1478 1986 1682 2041 amicos
1709 1984 1843 2045 dicit
1873 1998 2040 2043 essea

440 2078 760 2134 centurione
803 2080 1182 2146 transmissos;
1229 2068 1301 2138 ne
1341 2081 1628 2151 praesentia
1672 2092 1767 2137 sua
1812 2094 2042 2151 gravare

445 2170 655 2251 Domini
705 2172 1083 2229 verecundiam
1138 2174 1537 2241 videretur,“
1565 2174 1806 2231 ofﬁcium
1859 2174 2042 2231 olﬁcio

446 2277 793 2331 provocasse.
827 2264 954 2321 iizec
984 2268 1282 2325 moraliter.

514 2360 603 2415 86.
662 2360 890 2432 Mystice
945 2372 1168 2430 autem,
1228 2378 1390 2436 quem
1444 2362 1758 2421 Judaeorum
1810 2363 2044 2434 populus

442 2453 734 2519 crucifixit,
758 2454 1071 2511 inviolatum
1104 2458 1172 2512 ab
1199 2457 1397 2529 injuria
1446 2472 1667 2513 manere
1705 2456 2046 2514 desideraret

450 2546 661 2619 1376
690 2549 922 2617 populus
949 2550 1229 2605 nationum
1257 2568 1271 2606 :
1295 2558 1349 2605 et
1376 2550 1520 2622 quod
1558 2549 1626 2605 ad
1678 2548 1839 2606 ﬁdem
1872 2550 2044 2621 perti-

445 2644 557 2711 net,
602 2646 838 2700 sermoni
866 2646 1120 2711 credidit,
1176 2647 1276 2703 hoc
1308 2654 1415 2713 est,
1479 2662 1585 2702 non
1636 2646 1898 2712 hominis,
1944 2644 2045 2702 sed

447 2736 537 2791 Dei
594 2745 861 2808 potestte
900 2738 1201 2810 conjiciens
1229 2739 1349 2794 dari
1379 2754 1408 2793 a
1462 2737 1683 2795 Christo
1731 2739 2045 2796 hominibus

444 2829 731 2886 sanitatem
763 2831 944 2901 :quod
965 2846 1099 2887 vero
1122 2832 1187 2886 ad
1217 2832 1537 2904 mysterium
1565 2839 1796 2903 spectat,
1826 2832 1965 2887 vidit
1992 2833 2045 2887 in

447 2932 666 2994 pectora
705 2925 884 2980 adhuc
939 2925 1222 2995 gentilium
1284 2940 1391 2980 non
1464 2939 1592 2981 esse
1651 2924 2044 2995 penetrabilem

445 3017 743 3074 Christum.
770 3020 841 3075 Et
867 3020 1138 3094 ideojquia
1163 3020 1391 3075 necdum
1420 3020 1769 3094 cogitationis
1799 3020 2049 3091 prmeri-

449 3122 518 3165 ιω
548 3112 786 3167 maculas
838 3114 1121 3183 ablttisset,
1151 3113 1364 3186 gravari
1404 3129 1466 3171 se
1496 3116 1668 3185 magis
1719 3115 1934 3170 Domini
1960 3116 2049 3170 di-

2144 1907 2378 1966 qttatuor
2428 1896 2494 1951 ad
2557 1898 2866 1967 sepulcrum
2927 1898 3203 1954 ferebatur
3259 1897 3596 1954 elementis:
3647 1896 3742 1952 sed

2144 2003 2296 2059 Spem
2356 1989 2673 2061 resurgendi
2714 1990 2980 2057 habebat;
3008 1991 3134 2061 quia
3164 1990 3434 2046 ferebatur
3483 1992 3534 2044 in
3572 1990 3738 2061 ligno.

2144 2082 2298 2147 Quod
2338 2083 2438 2139 etsi
2495 2083 2653 2138 nobis
2698 2090 2826 2139 ante
2850 2098 2959 2139 non
3008 2080 3282 2153 proderat;
3313 2091 3491 2139 tamen
3524 2091 3740 2153 postea-

2145 2187 2306 2242 quam
2338 2171 2496 2228 Jesus
2526 2172 2577 2227 id
2608 2172 2811 2243 tetigit,
2844 2172 3110 2244 proiicere
3134 2174 3303 2243 capit
3351 2173 3417 2228 ad
3449 2175 3641 2239 vitam;
3686 2183 3745 2229 ut

2145 2276 2297 2325 esset
2324 2266 2524 2322 indicio
2577 2267 2806 2323 salutem
2858 2266 3061 2338 popqu
3105 2283 3201 2337 per
3238 2267 3418 2323 crucis
3447 2266 3742 2338 patibulum

2147 2359 2565 2415 relttndeudam.
2617 2358 2820 2415 Audito
2877 2361 3040 2432 igitur
3082 2361 3175 2417 Dei
3231 2361 3437 2427 verbo,
3478 2371 3747 2417 steterunt
3830 2398 3835 2401 »

2147 2454 2327 2510 acerbi
2362 2454 2505 2510 illius
2535 2453 2742 2509 l‘uneris
2771 2454 3084 2524 portitores,
3108 2455 3196 2526 qui
3219 2469 3419 2525 corpus
3450 2455 3742 2509 humanum

2148 2546 2331 2604 lethali
2382 2546 2527 2602 ﬁuxu
2558 2560 2766 2603 naturze
2795 2549 3093 2627 materialis
3128 2549 3411 2619 urgebant.
3432 2549 3573 2617 Quid
3600 2550 3741 2605 enim

2148 2642 2317 2710 aliud,
2340 2642 2442 2697 nisi
2470 2643 2626 2714 quasi
2656 2643 2708 2697 in
2740 2644 2974 2714 quodam
3001 2642 3237 2711 feretro,
3280 2643 3383 2699 hoc
3411 2654 3513 2708 est,
3555 2658 3746 2713 supre-

2149 2738 2222 2792 mi
2246 2737 2452 2793 funeris
2480 2738 2842 2794 instrumento
2865 2738 3110 2807 jacemtts
3136 2738 3448 2807 exanimes,
3483 2753 3606 2796 cum
3656 2738 3743 2795 vel

2150 2833 2288 2904 ignis
2337 2833 2644 2891 immodica:
2691 2833 3003 2904 cupiditatis
3051 2844 3337 2902 exzesutat,
3378 2833 3463 2890 vel
3520 2833 3742 2905 frigidus

2152 2930 2347 2984 humor
2373 2928 2635 2993 exundat,
2677 2929 2765 2984 vel
2800 2932 2947 2999 pigra
2976 2927 3209 2998 quadam
3255 2929 3501 2999 corporis
3529 2928 3741 2983 habitu-

2148 3022 2277 3078 dine
2303 3024 2454 3093 vigor
2475 3023 2761 3078 hebetatur
2788 3022 3089 3077 animorum
3110 3063 3125 3089 ,
3148 3023 3231 3078 vel
3278 3031 3533 3077 concreta
3563 3031 3747 3078 noster

2152 3118 2372 3188 spiritus
2415 3117 2561 3181 labe,
2606 3130 2757 3186 puras
2809 3115 2947 3170 lucis
2976 3129 3179 3171 vacuus
3227 3124 3466 3170 mentem
3514 3114 3655 3169 alit?
3685 3114 3747 3168 Ili

447 3207 704 3278 gnationc
726 3210 956 3279 putavit,
987 3225 1149 3281 quam
1184 3210 1384 3281 juvari.
1418 3210 1510 3267 Sic
1538 3208 1631 3266 ille
1674 3209 1836 3265 vidua
1882 3209 2047 3266 Bare-
2073 3199 2118 3263 C
2151 3220 2278 3265 sunt
2305 3209 2475 3265 nostri
2505 3208 2711 3263 funeris
2740 3209 3052 3279 portitores.

450 3312 611 3371 ptana
653 3300 927 3373 indignam
991 3318 1052 3359 se
1110 3303 1434 3374 prophetico
1487 3303 1755 3374 judicavit
1809 3303 2048 3375 hospitio

448 3393 468 3466 (
497 3393 582 3449 lii.
631 3393 760 3469 Reg.
794 3410 931 3463 xvu,
967 3397 1085 3469 18).
1140 3396 1375 3469 ideoque
1407 3398 1667 3453 Dominus
1711 3398 1765 3453 in
1805 3412 1914 3453 uno
1946 3399 2050 3454 isto

452 3488 612 3544 ﬁdem
638 3492 879 3560 gentium
898 3490 1240 3562 prarferebat.

523 3584 613 3639 87.
655 3582 839 3657 (Vers.
879 3584 959 3656 9.)
1010 3584 1076 3641 Et
1100 3586 1318 3657 quidem
1360 3586 1407 3642 si
1439 3586 1520 3643 sic
1548 3586 1696 3659 legas
1729 3602 1746 3646 ε
1778 3588 1846 3644 In
1902 3590 2050 3645 nullo

453 3685 649 3730 tantam
678 3676 833 3746 ﬁdem
884 3678 1056 3733 inveni
1092 3678 1146 3733 in
1179 3677 1386 3744 Israel,
1413 3680 1641 3749 simplex
1665 3681 1974 3739 intellectus
1996 3692 2053 3740 et

453 3766 626 3821 facilis
654 3777 756 3823 est.
781 3770 872 3824 Sln
900 3784 1032 3824 vero
1058 3770 1211 3841 juxta
1240 3770 1489 3827 Graecos:
1525 3771 1638 3828 Nec
1662 3774 1715 3827 in
1747 3771 1916 3830 Israel
1938 3786 2051 3831 tona

454 3869 558 3913 tam
590 3861 742 3928 ﬁdem
795 3863 986 3930 inveni,
1034 3865 1170 3920 lides
1196 3865 1356 3937 hujus
1395 3868 1558 3923 etiam
1590 3869 1962 3940 electiorlbus,
1998 3881 2053 3928 et

457 3953 625 4009 Deum
658 3956 965 4013 videntibus
982 3959 1306 4015 antefertur.
1424 4028 1431 4035 ἱ

526 4047 616 4103 88.
659 4049 679 4122 (
710 4049 861 4106 Vers.
895 4051 1011 4124 10.)
1039 4052 1232 4110 Videte
1262 4060 1443 4111 autem
1481 4058 1878 4114 teconomiam:
1929 4072 2057 4128 pro-

455 4142 616 4197 batur
658 4143 793 4199 ﬁdes
835 4145 1065 4214 domini,
1095 4155 1151 4203 et
1177 4149 1320 4205 servi
1362 4150 1567 4205 sanitas
1608 4152 1918 4208 roboratur.
1953 4152 2055 4207 Po-

458 4244 563 4289 test
599 4250 733 4307 ergo
772 4239 1025 4293 meritum
1079 4240 1285 4296 domini
1318 4242 1480 4297 etiam
1512 4240 1728 4297 famulis
1770 4243 2055 4314 suiirgari

457 4342 563 4382 non
594 4327 771 4385 solum
803 4330 927 4386 lidei
950 4333 1168 4401 merito,
1199 4333 1294 4389 sed
1322 4334 1485 4389 etiam
1514 4336 1694 4390 studio
1728 4337 2053 4407 disciplina).

455 4421 709 4491 Spectato
768 4427 931 4481 etiam
987 4428 1211 4483 alteram
1269 4436 1296 4466 ι
1339 4431 1701 4486 teconomiam
1754 4432 2055 4490 Dominica:

458 4514 808 4573 humilitatis:
867 4522 989 4590 qua:
1040 4535 1147 4575 non
1191 4521 1443 4591 spondet,
1491 4530 1788 4593 operatur;
1823 4538 2057 4596 namque

2222 3303 2312 3359 9i.
2356 3302 2462 3359 Sed
2499 3302 2744 3371 quamvis
2775 3314 3031 3371 suprema
3060 3299 3251 3355 mortis
3280 3313 3434 3369 spem
3476 3299 3601 3355 vit:e
3632 3313 3750 3352 om-

2154 3395 2237 3451 nis
2264 3394 2594 3462 eboiuerint,
2638 3404 2695 3450 et
2739 3394 2949 3448 tumulo
2978 3394 3222 3463 proxima
3258 3406 3485 3461 corpora
3532 3392 3753 3463 jaceant

2153 3488 2574 3553 defunctorum;
2632 3489 2798 3543 verbo
2846 3494 3026 3542 tamen
3082 3486 3177 3541 Dei
3226 3492 3253 3526 lc
3303 3486 3415 3558 jam
3475 3487 3738 3541 moritura

2159 3583 2368 3657 1377
2400 3588 2687 3653 resurgunt
2707 3581 2994 3647 cadavera,
3024 3596 3128 3635 vox
3149 3580 3313 3647 redit,
3340 3578 3587 3635 redditur
3611 3579 3752 3634 ﬁlius

2154 3677 2336 3743 matri,
2368 3683 2649 3730 revocatur
2676 3688 2705 3727 a
2730 3672 2959 3740 tumulo,
2986 3672 3217 3743 eripitur
3263 3687 3293 3726 a
3317 3672 3591 3741 sepulcro.
3620 3672 3753 3739 Quis

2155 3770 2258 3826 iste
2306 3777 2394 3824 est
2420 3769 2658 3824 tumulus
2688 3776 2834 3833 tuus,
2888 3767 2989 3822 nisi
3042 3766 3172 3821 mali
3228 3767 3450 3822 mores?
3492 3767 3757 3822 Tumulus

2156 3872 2280 3918 tuus
2301 3860 2525 3933 perﬁdia
2573 3870 2677 3926 est,
2707 3859 3018 3930 sepulcrum
3066 3850 3216 3913 tuum
3263 3867 3448 3929 guttur
3497 3870 3620 3916 est:
3653 3860 3755 3915 Se.-
3822 3908 3827 3912 .

2155 3957 2395 4029 pulcrum
2428 3955 2563 4011 enim
2590 3962 2769 4026 patens
2794 3963 2871 4009 est
2914 3962 3090 4024 guttur
3118 3964 3298 4009 eorum
3322 3951 3509 4023 (Prol.
3539 3969 3595 4019 v,
3629 3954 3689 4009 Η
3710 3951 3753 4023 ),

2159 4050 2302 4105 unde
2348 4050 2512 4105 verba
2544 4059 2753 4104 mortua
2778 4046 3151 4118 proferuntur.
3181 4047 3263 4103 Ab
3294 4046 3398 4101 hoc
3421 4047 3676 4117 sepulcro
3701 4054 3755 4101 te

2158 4144 2351 4200 liberat
2381 4142 2661 4210 Christus,
2700 4144 2767 4198 ab
2789 4143 2893 4198 hoc
2931 4142 3138 4197 tumulo
3159 4155 3438 4213 resurges,
3471 4143 3518 4197 si
3565 4140 3757 4196 audias

2158 4240 2381 4293 verbum
2412 4237 2531 4292 Dei.

2231 4332 2321 4388 0%.
2365 4332 2503 4387 Etsi
2536 4344 2704 4401 grave
2736 4338 3021 4400 peccatum
3063 4336 3147 4385 est
3172 4327 3200 4367 ει
3229 4327 3377 4400 quod
3423 4328 3760 4399 pmnitentia

2160 4432 2267 4480 tua:
2296 4423 2550 4495 Iacrymis
2569 4422 2688 4492 ipse
2713 4420 2894 4476 lavare
2921 4435 3029 4476 non
3062 4421 3259 4490 possis,
3292 4419 3419 4476 ﬂeat
3449 4428 3545 4490 pro
3568 4429 3622 4475 te
3643 4432 3764 4474 ma-

2162 4527 2244 4575 ter
2276 4516 2539 4583 Ecclesia,
2580 4526 2702 4588 qua:
2733 4530 2832 4585 pro
2866 4515 3095 4586 singulis
3122 4527 3396 4587 tamquam
3436 4531 3535 4587 pro
3585 4516 3761 4570 unicis

458 4606 574 4662 etsi'
592 4610 830 4664 nondum
860 4612 1224 4681 imperaverat
1246 4615 1556 4683 sanitatem,
1588 4625 1769 4673 tamen
1793 4620 1936 4675 seni
1963 4620 2055 4692 qui
2081 4604 2135 4665 D
2163 4610 2289 4667 ﬁliis
2307 4609 2467 4665 vidua
2488 4608 2969 4664 materiutervenit
2988 4624 3003 4673 ;
3022 4608 3509 4678 compatiturenitu
3525 4608 3760 4679 quodam

460 4698 611 4755 missi
639 4699 870 4769 merant,
896 4720 1087 4761 sanum
1112 4708 1388 4763 servulum
1404 4719 1745 4779 repererunt.

531 4793 714 4865 (Vers.
746 4797 963 4869 tQ—il.)
1014 4800 1144 4855 Cum
1183 4811 1355 4857 autem
1386 4806 1832 4876 appropinquaret
1888 4816 2059 4879 parua

461 4888 702 4955 civitatis,
731 4906 845 4945 ecce
869 4890 1176 4955 efferebatur
1216 4894 1497 4966 defunctus
1533 4897 1678 4966 ﬁlius
1714 4899 1911 4953 unicus
1946 4911 2059 4954 ma-

465 4985 558 5038 tris
609 5000 752 5042 suar:
784 4996 832 5043 et
867 4986 980 5043 hac
1016 5000 1125 5043 erat
1167 4989 1325 5045 vidua
1346 5005 1365 5044 :
1394 4999 1441 5044 et
1470 4991 1619 5045 turba
1646 4992 1811 5047 multa
1836 4993 2059 5048 civitatis

463 5118 469 5130 '
539 5112 564 5140 α
606 5104 762 5160 Rom.
796 5104 928 5163 edit.
954 5104 1089 5173 sola,
1115 5108 1449 5165 teconomiam
1476 5123 1494 5163 :
1524 5106 1779 5162 Dominus
1820 5122 1936 5177 qua:
1957 5124 2061 5163 non

465 5177 705 5251 spondet,
732 5189 990 5251 aperartttr,
1026 5191 1133 5235 etc.

537 5248 565 5288 ι’
606 5248 806 5306 Omnes
834 5250 966 5307 edit.
998 5267 1061 5306 ac
1096 5266 1226 5307 mss.
1254 5267 1361 5306 non
1401 5250 1595 5321 pauci,
1628 5250 1926 5319 prohibetur
1945 5268 2061 5309 eum

465 5321 548 5374 cui
575 5324 878 5377 resurrectio
917 5323 1215 5378 debebatur.
1244 5324 1343 5377 Alii
1378 5331 1555 5376 tamen
1588 5324 1770 5390 plures
1799 5338 1862 5377 ac
1888 5323 2063 5390 potio-

468 5408 557 5448 res
607 5394 885 5449 nohiscum
924 5393 1147 5465 faciunt.
1182 5394 1294 5449 illic
1316 5410 1445 5465 ergo
1466 5392 1795 5463 signiﬁcatur
1826 5395 1924 5463 ipsi
1962 5397 2061 5450 lic-

468 5465 648 5519 clesitc
679 5467 906 5520 ﬁliorum
928 5462 1146 5520 suorum
1178 5466 1362 5537 deberi
1386 5462 1884 5521 resurrectionem:
1914 5470 2059 5537 quod

468 5537 788 5591 conciunius
812 5538 1105 5605 respondet
1126 5536 1595 5591 antecedentibus.

2162 4703 2392 4775 spiritali
2419 4702 2612 4758 dolore
2637 4710 2871 4767 naturae,
2917 4716 3043 4756 cum
3066 4714 3198 4757 suos
3229 4701 3434 4757 liberos
3469 4701 3761 4756 lethalibus

2164 4799 2310 4854 vitiis
2339 4798 2406 4852 ad
2430 4805 2661 4852 mortem
2694 4796 2871 4852 cernit
2896 4796 3075 4866 urgeri
3104 4803 3151 4848 ,ε
3191 4794 3417 4850 Viscera
3459 4809 3648 4849 sumus
3693 4794 3764 4850 de

2162 4892 2465 4950 visceribus
2490 4890 2610 4960 ejus
2636 4906 2652 4956 ',
2683 4896 2813 4947 sunt
2836 4889 2983 4945 enim
3014 4897 3070 4943 et
3096 4888 3362 4959 spiritalia
3387 4888 3617 4953 viscera,
3639 4901 3763 4958 qua:

2163 4990 2324 5046 habet
2351 4987 2553 5044 Paulus
2576 4987 2768 5043 dicens
2794 5002 2809 5040 :
2839 4983 2949 5051 Ita,
2981 4984 3166 5053 frater,
3199 4999 3292 5055 ego
3320 4994 3368 5039 te
3395 4988 3541 5055 fruor
3564 4985 3618 5038 in
3650 4983 3763 5038 Do-

2170 5118 2226 5161 ut
2272 5118 2501 5173 corpora
2529 5102 2646 5158 sive
2680 5107 2913 5164 mortua,
2965 5098 3084 5173 sive
3138 5097 3248 5167 jam
3281 5096 3541 5173 moritura
3596 5097 3765 5173 verbo

2171 5179 2265 5234 Dei
2286 5170 2539 5233 dicantur
2577 5187 2893 5245 resurgere:
2924 5171 3025 5225 nisi
3059 5173 3316 5245 malueris
3344 5171 3605 5245 cadavera
3646 5170 3761 5240 jam

2169 5251 2426 5307 moritura
2450 5247 2630 5301 vocari
2665 5242 3001 5315 peccatores,
3026 5258 3091 5297 eo
3109 5242 3251 5312 quod
3279 5242 3517 5315 nondum
3549 5257 3760 5297 revera.

2239 5319 2266 5359 ά
2299 5321 2428 5375 Haec
2454 5313 2678 5381 confer,
2699 5319 2742 5371 si
2776 5315 2943 5379 lubet,
2974 5330 3094 5368 cum
3127 5315 3190 5368 iis
3215 5329 3336 5383 qua:
3372 5313 3641 5368 habentur
3669 5315 3759 5368 lih.

2168 5410 2229 5450 tt.
2262 5393 2329 5448 de
2354 5392 2554 5446 Ptenit.
2584 5404 2703 5458 cap.
2736 5388 2795 5452 2,
2828 5387 2916 5442 ubi
2943 5386 3111 5458 multa
3141 5400 3272 5458 qua:
3291 5385 3458 5440 variis
3480 5385 3547 5439 ab
3572 5393 3755 5439 aucto-

2168 5467 2323 5521 ribus
2348 5465 2414 5519 de
2436 5457 2673 5533 peccatis
2694 5459 2991 5533 canonicis,
3011 5457 3346 5533 publicaque
3376 5472 3564 5533 eorum
3591 5460 3766 5528 ponti-

2177 5538 2343 5592 tentia
2394 5528 2573 5591 solent
2619 5532 2904 5604 explicari,
2938 5529 3056 5585 istis
3100 5528 3260 5598 plane
3296 5528 3493 5584 similia
3532 5542 3596 5583 ac
3627 5544 3765 5597 pene

547 5618 570 5646 ε
618 5612 772 5664 Itoni.
812 5610 971 5674 edit.,
1002 5611 1119 5680 jam
1151 5621 1355 5663 mortua
1408 5619 1684 5681 resurgunt
1708 5626 1726 5664 :
1754 5611 1889 5664 satis
1920 5625 2070 5666 com—
2175 5608 2366 5664 eadem
2393 5606 2654 5677 reperies.

479 5682 658 5736 mode.
691 5682 821 5737 Cum
872 5690 1057 5736 tamen
1100 5684 1221 5740 alite
1272 5696 1325 5741 et
1370 5683 1549 5739 cunt-ti
1593 5697 1723 5738 utss.
1777 5682 2068 5748 prmft'ran‘t

470 5754 585 5830 jam
609 5755 874 5830 morituro.
900 5763 955 5811 et
982 5756 1148 5830 priori
1171 5759 1420 5817 membro
1435 5771 1666 5828 corpore
1690 5753 2067 5830 defunctorum

480 5825 762 5903 nominata
810 5826 941 5901 sint,
972 5825 1186 5891 videtur
1213 5834 1406 5895 tertius
1440 5825 1547 5894 loci
1573 5843 1767 5891 sensus
1811 5828 1899 5890 hic
1926 5844 2067 5895 esse.

2252 5691 2276 5719 θ
2310 5682 2380 5735 Ita
2402 5668 2536 5736 edit.
2561 5692 2625 5733 ac
2648 5676 2800 5749 pauci
2826 5690 2958 5749 mss.
2984 5670 3089 5729 Alii
3113 5682 3293 5749 autem
3316 5671 3530 5749 partim,
3560 5668 3768 5725 Viscera

2182 5753 2280 5815 Dei
2302 5770 2500 5821 sumus,
2528 5742 2721 5811 viscera
2754 5748 3000 5809 Ecclesia
3029 5759 3049 5804 :
3088 5742 3325 5817 partim,
3357 5742 3567 5803 Viscera
3591 5759 3769 5802 sumus

2176 5831 2290 5904 ejus
2318 5825 2586 5909 Ecclesia.
