4186 6358
560 302 703 360 1665

1917 315 2164 373 SANCTI
2204 316 2537 378 AMBROSII

3730 334 3863 393 1661

561 416 762 476 Christi
792 436 892 479 nec
911 421 1130 481 Christo
1173 425 1427 483 credidit.
1471 426 1696 486 Pietatis
1741 429 1992 499 affectus,
2050 447 2156 489 non
2184 436 2238 497 Α
2264 450 2371 489 ηοη
2403 434 2616 491 duobus
2656 437 2762 493 illis
2786 438 2917 495 viris
2962 438 3189 496 Joannis
3228 442 3550 512 discipulis,
3585 446 3679 502 sed
3709 449 3868 506 nobis

561 513 927 575 indevotiouis
948 528 1035 574 est
1066 520 1269 590 lapsus.
1304 522 1546 593 Denique
1577 523 1707 581 alibi
1740 525 1909 583 lavari
1931 527 2035 583 sibi
2060 542 2146 599 pe-

555 608 655 668 des
680 622 914 678 reeusat,
946 614 1031 670 ubi
1060 616 1376 686 mysterium
1400 634 1506 673 non
1535 621 1811 687 agnoscit,
1868 622 1997 678 dum
2047 624 2155 677 Du-

558 704 759 760 miuico
789 717 1051 775 gravatur
1078 709 1340 779 obsequio
1363 708 1545 783 (Joan.
1573 728 1688 776 aut,
1715 714 1794 787 8).
1827 715 1969 787 Ergo
1992 719 2158 772 mori-

557 805 740 853 turum
769 795 1049 854 Christum
1078 814 1180 855 nec
1206 802 1377 855 sancti
1400 804 1749 861 crediderunt
1778 826 1791 862 :
1825 807 1977 875 Quod
2010 809 2156 864 enim

555 891 737 946 oculus
768 908 870 947 non
892 892 1037 957 vidit,
1064 911 1157 949 nec
1187 896 1329 951 auris
1359 898 1578 964 audiuit,
1602 917 1698 955 nec
1729 902 1781 956 in
1819 919 1908 957 cor
1936 904 2158 959 hominis

554 985 808 1048 ascendit,
839 986 950 1041 lucc
966 990 1279 1059 praeparavit
1306 988 1449 1046 Deus
1476 992 1807 1064 diligentibus
1830 1012 1940 1050 eum
1970 995 2012 1067 (ι
2034 996 2155 1053 Cor.

552 1092 615 1142 tt,
638 1074 719 1150 9).
751 1086 778 1115 ι
809 1078 1100 1151 Religiosis
1126 1080 1309 1152 itaque
1351 1083 1536 1155 lapsus
1582 1086 1789 1143 amoris
1838 1087 2001 1145 fidem
2050 1106 2157 1146 non

555 1170 806 1238 impedit.

628 1266 719 1322 99.
764 1267 1009 1338 Denique
1039 1270 1300 1327 Dominus
1331 1275 1511 1330 sciens
1535 1276 1807 1333 neminem
1831 1278 1949 1335 sine
1978 1278 2159 1336 Evan-

551 1357 698 1428 gelio
728 1360 887 1431 plene
913 1362 1138 1419 credere
1180 1379 1377 1435 posse;
1411 1370 1533 1437 quia
1575 1370 1717 1426 sicut
1757 1371 1891 1427 ﬁdes
1920 1388 1949 1427 a
1984 1375 2154 1429 veteri

552 1453 743 1523 incipit
759 1455 1132 1523 Testamento,
1147 1460 1221 1515 ita
1239 1461 1495 1532 impletur
1516 1463 1569 1518 in
1594 1479 1767 1519 novo:
1791 1466 2158 1537 interrogatus

554 1548 624 1606 de
652 1565 733 1617 se,
768 1566 872 1605 non
902 1553 1071 1609 verbo
1106 1555 1310 1627 aliquo,
1335 1558 1432 1613 sed
1466 1558 1626 1614 factis
1653 1575 1714 1615 se
1744 1577 1868 1617 esse
1899 1563 2152 1634 signavit.

628 1640 811 1714 (Vers.
836 1643 957 1713 22.)
1000 1646 1101 1712 Ite,
1150 1647 1343 1720 inquit,
1386 1652 1620 1707 nuntiate
1660 1653 1859 1708 Joanni
1904 1672 2020 1724 quin
2055 1674 2154 1711 au-

555 1733 730 1803 distis,
762 1745 809 1790 et
836 1738 1056 1794 vidistis.
1090 1738 1228 1796 Caci
1257 1743 1449 1810 vident,
1480 1746 1659 1800 claudi
1685 1748 1982 1815 ambulant,
2006 1751 2155 1804 surdi

2258 529 2512 584 omnibus
2543 533 2946 601 respondetur;
2978 542 3037 589 ut
3066 536 3139 589 ita
3165 537 3451 592 credamus
3477 539 3529 593 in
3562 537 3865 612 Christum,

2258 620 2305 676 si
2336 621 2471 676 facta
2497 627 2851 680 conveniunt.
2884 626 3075 682 Veniet
3101 628 3245 682 enim
3271 630 3361 699 qui
3396 632 3611 705 1380
3636 634 3742 690 hoc
3762 636 3865 691 sibi

2258 729 2461 771 nomen
2489 730 2734 786 usurpet,
2768 736 2928 790 quem
2958 721 3089 776 licet
3116 722 3354 778 hominis
3375 728 3868 799 uunqueasappel-

2259 810 2462 866 latione
2503 827 2831 881 secernere;
2877 816 3141 872 factorum
3188 826 3374 875 tamen
3423 821 3865 879 consideratione

2260 905 2557 961 discernas.

2333 996 2514 1067 (Vers.
2544 999 2660 1069 24.)
2694 1001 2833 1069 Quid
2859 1006 3038 1060 existis
3060 1006 3113 1059 in
3141 1005 3403 1062 desertum
3447 1009 3657 1066 videre?
3696 1011 3866 1067 Arun-

2261 1091 2433 1145 dinem
2460 1105 2609 1149 vento
2641 1098 2832 1151 moveri
2859 1098 2884 1151 Ρ

2334 1184 2459 1239 105.
2505 1184 2608 1241 Ubi
2643 1190 2967 1256 praemonuit
2988 1190 3289 1262 discipulos
3314 1192 3540 1249 Joannis
3568 1196 3622 1250 in
3647 1210 3864 1251 crucem

2264 1277 2594 1333 Dominicam
2624 1296 2746 1338 esse
2778 1284 3134 1349 credendum,
3162 1287 3518 1345 redeuntibus
3558 1290 3697 1354 illis,
3735 1307 3868 1347 con-

2263 1384 2456 1427 versus
2482 1372 2545 1427 ad
2581 1374 2767 1429 turbas
2792 1417 2807 1442 ,
2840 1379 3007 1447 cwpit
3032 1378 3097 1433 ad
3126 1380 3382 1435 virtutem
3429 1397 3698 1452 pauperes
3743 1400 3868 1455 pro-

2242 1479 2456 1519 vocare
2482 1482 2496 1531 ;
2532 1482 2598 1521 ue
2629 1469 2853 1523 exaltati
2880 1469 3066 1537 corde,
3092 1481 3275 1527 mente
3305 1473 3605 1540 instabiles,
3629 1477 3865 1532 consilio

2261 1556 2481 1623 infirmi,
2508 1559 2755 1628 speciosa
2781 1561 3020 1629 utilibus,
3043 1565 3262 1618 aeternis
3284 1564 3487 1622 caduca
3507 1568 3861 1637 praeferrent:

2257 1650 2352 1705 sed
2382 1651 2568 1707 humili
2613 1654 2807 1723 spiritu
2863 1672 3081 1712 crucem
3144 1662 3325 1726 potius
3373 1660 3649 1727 tollerent,
3700 1678 3864 1734 quam

2259 1743 2511 1815 phaleras
2549 1748 2735 1802 tuundi
2779 1748 2939 1820 hujus
2978 1752 3356 1808 extollerent:
3410 1764 3466 1810 et
3514 1757 3669 1827 quasi
3722 1759 3863 1814 beati

555 1827 799 1893 audiunt,
828 1829 1019 1900 leprosi
1043 1836 1380 1901 mandantur,
1409 1840 1602 1893 mortui
1630 1853 1927 1914 resurgunt,
1955 1861 2153 1915 ρααρε-
2186 1834 2233 1896 Β
2263 1850 2549 1910 pauperes,
2577 1843 2667 1912 qui
2697 1843 2829 1898 nihil
2860 1844 3121 1901 haberent
3148 1849 3328 1902 smculi
3353 1850 3494 1916 quod
3521 1851 3860 1919 amitterent,

552 1935 636 1976 res
665 1923 1101 1994 evangelisantur.

629 2014 755 2071 100.
801 2017 1027 2074 Plenum
1088 2036 1221 2078 sane
1276 2025 1647 2083 testimonium
1702 2044 1810 2101 quo
1870 2032 2156 2090 Dominum

554 2107 828 2181 Pr0pheta
858 2127 1255 2187 cognosceret;
1305 2122 1374 2178 de
1426 2124 1547 2195 ipso
1587 2128 1756 2193 enim,
1813 2146 1920 2185 non
1950 2131 2020 2187 de
2046 2133 2159 2188 alio

556 2201 734 2259 fuerat
775 2209 1154 2277 prophetatum
1189 2229 1204 2266 :
1261 2215 1387 2284 quia
1442 2215 1696 2273 Dominus
1725 2218 1817 2275 dat
1844 2238 2014 2278 escam
2039 2241 2159 2279 esu-

555 2299 831 2368 rientibus,
862 2301 1119 2361 Dominus
1148 2310 1301 2379 erigit
1328 2303 1539 2380 allisos,
1560 2312 1816 2371 Dominus
1836 2320 1986 2373 solvit
2012 2336 2155 2375 com-

560 2392 790 2461 peditos,
841 2394 1099 2454 Dominus
1126 2401 1390 2459 illuminat
1441 2422 1643 2472 cwcos,
1696 2409 1947 2467 Dominus
1987 2414 2160 2485 diligit

546 2486 743 2557 justas,
766 2485 1022 2545 Dominus
1048 2494 1271 2550 custodit
1290 2497 1533 2563 advenas,
1563 2501 1857 2571 orphanum
1879 2516 1926 2559 et
1948 2507 2157 2561 viduam

560 2580 826 2648 suscipiet,
857 2594 903 2635 et
918 2584 1051 2638 uiam
1076 2597 1404 2656 peccatorum
1418 2595 1784 2649 exterminabit
1806 2596 2155 2670 (Psnl.cx1.v,

558 2671 593 2728 8
613 2684 658 2727 et
675 2673 753 2743 9).
776 2674 880 2744 Qui
911 2680 1033 2747 ista,
1066 2681 1260 2751 inquit,
1296 2683 1459 2742 faciet
1490 2703 1505 2741 :
1540 2688 1793 2757 Regnaln't
1824 2690 2080 2748 Dominus
2095 2687 2156 2750 in

556 2768 804 2824 ieternum
853 2769 1043 2843 (Ibid.,
1078 2776 1192 2844 10).
1228 2778 1373 2849 Ergo
1414 2796 1523 2836 non
1573 2783 1822 2841 humanae
1871 2787 2009 2854 ista,
2060 2789 2155 2844 sed

554 2860 755 2918 divina:
785 2866 999 2924 virtutis
1029 2870 1257 2939 insignia
1288 2885 1435 2941 sunt,
1469 2879 1631 2935 caecis
1673 2893 1949 2950 perpetua!
1982 2889 2159 2941 noctis

558 2956 811 3013 tenebras
835 2963 1081 3031 aperire,
1109 2965 1562 3041 defossorumque
1604 2976 1887 3031 oculorum
1928 2980 2155 3035 vulnera

556 3047 736 3105 infusa
768 3051 888 3109 luce
917 3071 1133 3125 sanare,
1180 3060 1423 3117 auditum
1453 3064 1503 3119 in
1534 3082 1694 3121 aures
1726 3069 2005 3127 insinuare
2031 3089 2155 3129 sur-

2258 1936 2490 1993 libenter
2511 1941 2757 2008 corporis
2796 1942 2961 1996 vitam
2992 1958 3113 1999 cum
3160 1946 3453 2001 immortali
3501 1948 3672 2016 gloria
3714 1965 3865 2005 com-

2258 2038 2549 2087 mutarent.
2584 2031 2700 2088 Non
2733 2035 2909 2091 otiose
2933 2037 3094 2106 igitur
3124 2039 3296 2093 sancti
3331 2038 3560 2095 Joannis
3602 2041 3689 2097 hic
3735 2058 3861 2112 per-

2257 2141 2391 2180 sona
2435 2127 2716 2193 laudatur,
2746 2131 2837 2199 qui
2870 2130 2995 2185 vita:
3026 2146 3215 2187 amore
3259 2132 3613 2203 posthabito,
3640 2134 3864 2206 justitize

2259 2219 2486 2276 formam
2518 2238 2618 2278 nec
2647 2217 3076 2280 mortis‘terrore
3108 2226 3355 2280 mutavit.

2332 2311 2459 2367 tos.
2507 2314 2666 2381 Quid,
2698 2315 2898 2385 inquit,
2935 2318 3114 2373 existis
3142 2318 3195 2371 in
3227 2319 3486 2374 desertum
3512 2306 3684 2376 uidere
3708 2321 3735 2375 .9
3765 2321 3867 2377 De-

2260 2418 2409 2463 serto
2436 2412 2669 2464 mundus
2694 2409 2783 2465 hic
2803 2412 3107 2481 comparari
3131 2412 3365 2477 videtur,
3394 2413 3573 2469 adhuc
3605 2415 3862 2483 incultus,

2260 2500 2437 2555 adhuc
2462 2502 2685 2562 sterilis,
2718 2502 2899 2561 adhuc
2927 2504 3275 2567 infecundus,
3310 2506 3363 2560 in
3392 2522 3555 2576 quem
3584 2518 3743 2578 negat
3767 2525 3867 2565 no-

2262 2592 2344 2646 bis
2385 2594 2457 2648 ita
2494 2593 2757 2650 Dominus
2790 2597 3167 2665 prodeundum
3195 2640 3211 2665 ,
3255 2608 3315 2654 ut
3352 2609 3537 2657 mente
3574 2604 3753 2657 carnis
3780 2605 3867 2657 in-

2260 2685 2419 2741 ﬂatos
2442 2702 2754 2758 vacuosque
2783 2691 3011 2747 virtutis,
3032 2691 3263 2747 interna:
3302 2694 3470 2759 viros,
3502 2704 3553 2749 et
3582 2694 3755 2766 fragili
3801 2710 3867 2752 se

2260 2780 2449 2851 gloria:
2485 2782 2768 2838 smcularis
2813 2783 3149 2840 sublimitate
3195 2776 3492 2853 iactantes,
3537 2804 3635 2860 pro
3682 2805 3871 2844 exem-

2264 2876 2396 2945 plari
2422 2877 2654 2946 quodam
2688 2891 2743 2935 et
2783 2879 3017 2950 imagine
3044 2880 3203 2935 nobis
3237 2891 3489 2950 putemus
3532 2885 3864 2941 imitandos:

2261 2987 2401 3042 quos
2428 2975 2680 3043 procellis
2708 2976 2894 3029 nmndi
2926 2976 3085 3044 hujus
3112 2976 3382 3034 obnoxios
3409 2980 3517 3033 vita
3544 2980 3760 3034 mobilis
3784 2981 3869 3035 itt-

2260 3066 2487 3135 quietat,
2509 3067 2631 3136 jure
2650 3067 2901 3123 arundini
2925 3071 3324 3140 comparandos
3352 3090 3364 3126 :
3389 3072 3441 3126 in
3461 3072 3656 3141 quibus
3676 3072 3867 3127 solida:

557 3142 774 3209 dorum,
812 3147 1005 3203 laxatis
1035 3151 1210 3207 soluta
1247 3156 1487 3211 membra
1539 3159 1834 3217 reformare
1878 3167 2159 3237 compagi-
2191 3227 2228 3237 Α
2256 3159 2486 3229 iustitiae
2529 3162 2707 3217 nullus
2754 3172 2837 3218 est
2882 3163 3090 3219 fructus
3125 3183 3138 3219 :
3193 3166 3281 3235 qui
3338 3164 3645 3222 forensibus
3686 3166 3866 3223 criuiti

556 3235 676 3304 bus,
714 3238 764 3294 in
798 3239 972 3297 lucem
997 3258 1211 3316 quoque
1238 3246 1420 3304 refuso
1443 3251 1628 3323 vigore
1658 3254 1872 3310 vivendi
1898 3227 2157 3315 revocare
2183 3227 2229 3292 Ο
2264 3254 2524 3325 phaleris,
2568 3257 2728 3313 nodis
2772 3258 2957 3327 obsiti,
2990 3274 3163 3315 vacuo
3214 3260 3326 3316 oris
3372 3263 3603 3327 strepitu
3654 3264 3862 3327 sonori.

556 3328 866 3388 defunctos.

629 3423 756 3479 101.
799 3426 928 3483 ﬂa'c
966 3436 1092 3483 ante
1137 3430 1488 3506 Evangelium
1537 3440 1623 3496 vel
1673 3456 1815 3510 rara,
1859 3444 1945 3498 vel
1982 3447 2153 3501 nulla.

556 3514 846 3587 Receperit
868 3518 1065 3577 Tobias
1087 3526 1275 3581 oculos
1308 3528 1462 3601 (Tob.
1513 3548 1589 3599 XI,
1624 3534 1740 3605 12),
1784 3552 1928 3593 unus
1974 3550 2059 3595 est
2103 3542 2156 3595 in

553 3612 807 3681 exemplo
831 3630 845 3679 ;
871 3626 924 3670 et
957 3628 1136 3673 tamen
1160 3620 1336 3692 angeli
1362 3621 1464 3677 fuit
1493 3625 1582 3680 illa
1612 3629 1906 3696 medicina,
1933 3648 2039 3687 non
2060 3633 2159 3688 bo-

558 3703 737 3758 minis.
782 3705 929 3763 Elias
976 3720 1247 3766 mortuum
1290 3715 1635 3774 suscitaverit
1661 3737 1676 3776 :
1706 3721 1801 3777 ille
1831 3731 2012 3781 tamen
2063 3742 2156 3780 ro-

555 3795 699 3866 gavit
724 3797 1030 3866 etﬂevitllll
1050 3801 1181 3874 Reg.
1206 3821 1339 3874 xvtt,
1362 3809 1455 3877 20)
1476 3828 1488 3863 :
1512 3812 1599 3867 hic
1618 3812 1803 3883 jussit.
1821 3816 2051 3872 Elisaeus
2082 3820 2158 3875 le-

556 3905 775 3959 prosum
806 3894 1054 3951 muudari
1085 3896 1276 3955 fecerit
1300 3900 1392 3973 (IV
1421 3902 1553 3981 Reg.
1591 3922 1645 3972 v,
1678 3907 1806 3981 14);
1839 3926 1943 3965 non
1972 3918 2154 3967 tamen

551 3983 663 4038 illic
693 3986 857 4040 valuit
879 3991 1136 4059 praecepti
1165 3995 1461 4053 auctoritas
1482 4039 1497 4064 ,
1546 3999 1640 4056 sed
1682 4001 1855 4072 figura
1886 4007 2151 4076 mysterii.

552 4076 670 4133 Non
698 4079 960 4138 defecerit
984 4084 1049 4138 ad
1078 4101 1260 4142 escam
1289 4090 1466 4147 viduae
1488 4095 1805 4164 esurientis,
1822 4099 2156 4169 prepheticis

553 4187 613 4228 se
637 4175 1003 4247 multiplicans
1034 4180 1205 4237 farina
1239 4189 1528 4258 przeceptis
1551 4187 1641 4261 (ΙΙΙ
1671 4189 1804 4265 Reg.
1850 4209 1989 4261 xvu,
2025 4195 2152 4267 16);

555 4283 715 4323 unam
747 4278 928 4327 tamen
956 4274 1172 4330 viduam
1223 4276 1397 4332 farina
1432 4280 1544 4347 illa,
1576 4283 1661 4338 vel
1694 4285 1876 4353 potius
1903 4288 2152 4345 eamdem

554 4376 767 4431 quoque
792 4367 1118 4421 sacramenti
1141 4374 1353 4438 species
1389 4374 1730 4444 praefigurata
1754 4380 2011 4433 servavit.
2046 4381 2153 4438 Sed

556 4463 734 4511 tamen
789 4474 949 4527 parva
1006 4462 1182 4517 adhuc
1242 4463 1340 4518 ista
1404 4466 1698 4544 Dominicze
1757 4472 2155 4533 testificationis

555 4552 800 4621 exempla
832 4565 955 4609 sunt
984 4574 997 4609 :
1029 4557 1309 4626 plenitudo
1348 4560 1493 4626 fidei,
1519 4578 1658 4618 crux
1682 4563 1922 4635 Domini,
1966 4568 1994 4608 ι)
2036 4571 2154 4626 obi-

560 4651 665 4709 tus,
698 4647 978 4714 sepultura
999 4660 1102 4705 est.
1136 4649 1206 4705 Et
1236 4651 1358 4709 ideo
1385 4669 1507 4710 eum
1544 4655 1635 4711 illa
1657 4660 1943 4731 superiora
1983 4663 2153 4720 dixis-

556 4746 659 4800 set,
686 4737 929 4795 addidit:

631 4830 809 4901 (Vers.
838 4834 955 4906 25.)
998 4835 1214 4905 Beatus,
1258 4830 1464 4914 inquit,
1503 4846 1591 4917 qui
1627 4850 1685 4902 in
1728 4866 1808 4905 me
1851 4866 1952 4906 non
1994 4853 2152 4923 fuerit

555 4924 956 4982 scandalizatus.

628 5015 754 5071 102.
796 5016 939 5075 Crux
979 5021 1125 5076 enim
1156 5024 1317 5080 etiam
1367 5027 1556 5083 electis
1607 5032 1926 5087 scandalum
1970 5046 2155 5104 posset

558 5110 753 5166 afferre
784 5129 799 5166 :
828 5114 920 5169 sed
961 5116 1167 5171 nullum
1194 5118 1295 5175 hoc
1325 5122 1499 5191 majus
1534 5124 1732 5179 divina:
1779 5142 2029 5194 personm
2075 5139 2158 5184 est

559 5203 933 5261 testimonium
968 5227 981 5262 :
1016 5208 1269 5267 nihil‘est
1303 5214 1660 5285 quod’magis
1699 5232 1823 5272 esse
1873 5218 2013 5275 ultra
2054 5220 2155 5276 hu-

560 5314 719 5356 mana
750 5302 1021 5371 videatur,
1067 5321 1227 5377 quam
1287 5318 1399 5363 toto
1446 5326 1609 5365 unum
1660 5326 1720 5367 se
1760 5313 2024 5371 obtulisse
2055 5332 2155 5388 pro

560 5393 762 5449 mundo
788 5413 803 5462 ;
835 5396 937 5453 hoc
964 5399 1044 5454 vel
1077 5401 1195 5457 solo
1226 5402 1387 5472 plene
1418 5403 1674 5461 Dominus
1696 5405 2027 5466 declaratur.
2056 5411 2156 5469 De-

454 5514 469 5527 »
562 5491 724 5561 nique
752 5492 829 5547 sic
850 5492 1163 5565 designatus
1211 5506 1295 5551 est
1320 5513 1350 5552 a
1378 5496 1587 5555 Joanne
1616 5518 1629 5554 :
1663 5500 1794 5557 Ecce
1815 5520 1982 5575 agnus
2005 5503 2103 5559 Dei
2137 5523 2155 5563 :

556 5599 671 5638 ecce
690 5585 778 5656 qui
810 5586 944 5641 tollit
971 5596 1181 5657 peccata
1203 5589 1384 5644 mundi
1406 5588 1587 5663 (Joan.
1621 5608 1659 5662 ι,
1684 5592 1805 5669 29.)
1830 5594 2027 5653 Verum
2053 5597 2157 5654 hoc
2188 5642 2203 5653 η

622 5806 658 5894 ᾗ.
684 5810 829 5894 ﬁdit.
860 5824 1053 5894 omnes
1080 5826 1305 5894 agnas.
1339 5817 1610 5894 nonnulli,
1638 5819 1926 5894 Religiosus
1948 5825 2142 5894 itaque.

558 5881 659 5940 Alii
692 5881 863 5939 multo
883 5882 1087 5951 plures,
1113 5880 1387 5953 Religionis
1411 5880 1607 5960 itaque.
1638 5880 1777 5958 Duo:
1820 5894 1914 5948 sed
1955 5880 2147 5951 recen-

2261 3347 2405 3402 nulla
2435 3350 2516 3403 sui
2546 3350 2802 3423 utilitate,
2835 3350 3106 3422 frequenti
3140 3353 3305 3407 etiam
3356 3352 3684 3419 offensione,
3720 3357 3865 3410 intus

2261 3439 2466 3505 inania,
2501 3439 2633 3495 foris
2661 3443 2907 3510 speciosa
2944 3453 3243 3499 seetantur.
3306 3444 3621 3500 Arundines
3652 3460 3862 3511 sumus,

2262 3534 2405 3588 nulla
2439 3534 2717 3588 validioris
2774 3544 2981 3591 natura:
3017 3537 3203 3592 radice
3254 3536 3481 3592 fundati.
3534 3539 3598 3593 Et
3651 3539 3696 3593 si
3728 3538 3865 3594 levis

2260 3628 2589 3696 aspiraverit
2622 3630 2987 3701 prosperioris
3013 3645 3145 3685 aura
3177 3646 3489 3693 successus.
3545 3647 3684 3703 vago
3717 3640 3864 3688 motu

2260 3722 2540 3790 proximos
2572 3723 2926 3779 verberamus
2963 3741 2975 3777 :
3009 3725 3199 3795 inopes
3222 3726 3289 3781 ad
3318 3726 3751 3798 suffragandum,
3784 3729 3864 3782 la-

2258 3815 2392 3868 ciles
2416 3815 2482 3869 ad
2512 3816 2841 3871 nocendum.
2867 3817 3183 3873 Arundines
3205 3818 3400 3875 fluvios
3422 3830 3627 3890 amant,
3669 3831 3724 3877 et
3764 3836 3863 3877 nos

2260 3906 2496 3962 labentia
2528 3909 2716 3964 mundi
2741 3910 3054 3980 cadueaque
3082 3911 3381 3968 delectant.
3618 3928 3623 3933 ·

2336 4000 2459 4056 105.
2501 4001 2705 4057 Tamen
2754 4002 2894 4058 hanc
2951 4004 3274 4061 arundinem
3329 4006 3377 4060 si
3426 4006 3548 4077 quis
3588 4007 3654 4062 de
3701 4017 3863 4064 terra!

2259 4093 2463 4148 evellat
2487 4094 2788 4160 plantariis,
2820 4106 2875 4151 et
2906 4096 3201 4166 superfluis
3232 4108 3419 4163 exuat,
3456 4102 3774 4171 exspoliaus
3802 4105 3863 4157 se

2258 4197 2501 4243 veterem
2529 4190 2803 4244 hominem
2831 4205 2955 4245 cum
2981 4191 3191 4247 actibus
3216 4192 3360 4261 ejus,
3400 4202 3455 4247 et
3490 4195 3685 4250 scribae
3715 4196 3864 4251 velo-

2258 4279 2394 4335 citer
2415 4281 2707 4336 scribentis
2733 4298 2895 4337 manu
2926 4292 3214 4352 temperet,
3266 4285 3454 4356 incipit
3498 4303 3604 4342 non
3652 4289 3863 4345 arundo

2259 4389 2402 4439 esse,
2438 4376 2530 4430 sed
2558 4376 2819 4441 calamus,
2852 4378 2945 4447 qui
2978 4388 3251 4448 praecepta
3275 4380 3580 4436 caelestium
3613 4381 3863 4453 Scriptu-

2259 4482 2440 4522 rarum
2476 4470 2845 4538 penetralibus
2873 4470 3145 4541 imprimat
3177 4474 3397 4541 mentis,
3441 4475 3637 4530 tabulis
3675 4476 3861 4533 cordis

2262 4560 2544 4617 inseribat.
2574 4562 2650 4616 De
2676 4579 2783 4633 quo
2809 4566 3019 4619 calamo
3042 4564 3209 4621 babes
3240 4566 3441 4621 dictum
3471 4585 3485 4621 :
3518 4566 3723 4639 Lingua
3746 4586 3861 4623 mea

2258 4657 2493 4712 calamus
2522 4658 2704 4713 scriba:
2747 4660 2986 4714 velociter
3029 4661 3305 4715 scribentis
3350 4659 3523 4733 (Psnl.
3581 4678 3725 4729 xuv,
3754 4664 3858 4736 2):

2178 4728 2235 4788 Ῑ)
2258 4751 2403 4821 quod
2433 4751 2498 4806 ad
2530 4751 2802 4809 Christum
2830 4754 2922 4808 alii
2951 4755 3154 4810 referre
3172 4728 3381 4810 volunt.
3406 4755 3522 4813 Uno
3549 4758 3713 4827 igitur
3740 4728 3861 4813 loco

2259 4853 2314 4899 et
2338 4845 2593 4909 verbum,
2633 4856 2689 4901 et
2728 4848 2969 4903 calamus
3002 4846 3228 4917 legitur,
3266 4860 3323 4905 et
3353 4851 3552 4905 scriba.
3598 4850 3857 4915 Verbum,

2257 4940 2384 5011 quia
2416 4941 2485 4997 de
2508 4941 2731 5010 genitali
2764 4943 2939 4997 Patris
2979 4943 3245 5011 processit
3295 4958 3497 4999 arcano
3527 4962 3540 4998 :
3591 4942 3862 4998 Eructavit

2258 5051 2348 5089 cor
2378 5051 2548 5089 meum
2578 5036 2782 5089 verbum
2806 5036 2996 5091 bonum
3026 5035 3241 5109 (Ιὺὶάι).
3272 5038 3552 5107 Calamus,
3579 5040 3701 5109 quia
3731 5054 3862 5095 caro

2258 5128 2458 5184 Christi
2483 5138 2724 5199 paternae
2750 5131 2947 5185 seriem
2968 5131 3265 5186 voluntatis
3281 5135 3568 5202 expressit,
3592 5142 3647 5188 et
3665 5134 3863 5203 lingua:

2261 5224 2511 5279 mandata
2554 5224 2754 5279 divinae
2806 5224 2945 5278 sacri
3004 5224 3272 5281 effusione
3326 5226 3538 5282 cruoris
3596 5228 3863 5298 implevit.

2260 5316 2475 5382 Scriba,
2501 5317 2623 5387 quia
2655 5317 2870 5372 cal-imo
2908 5332 3008 5371 suo
3056 5317 3330 5372 individua
3377 5319 3610 5385 quadam
3670 5320 3866 5376 distin—

2256 5411 2458 5477 ctione,
2485 5410 2607 5463 novi
2632 5421 2679 5463 et
2712 5409 2915 5465 veteris
2953 5409 3316 5474 Testamenti,
3349 5412 3434 5465 vel
3462 5412 3771 5468 divinitatis
3809 5424 3866 5470 et

2259 5505 2462 5569 carnis,
2480 5511 2715 5573 paternm
2734 5504 2889 5557 nobis
2902 5502 3278 5573 dispositionis
3302 5507 3560 5575 mysteria
3581 5508 3862 5564 revelavit.

2336 5598 2458 5654 106.
2501 5596 2655 5653 Hunc
2682 5592 2951 5654 calamum
2979 5597 3191 5654 imitare
3236 5608 3341 5653 ιιιω
3388 5602 3867 5674 carnistempera-

2254 5828 2433 5907 ῑῖοῖθὲ
2458 5826 2683 5907 ἢδάωιῖν
2717 5826 2863 5907 Ρίτίὲ·
3050 5898 3061 5907 _
3342 5898 3381 5907 ..
3432 5892 3487 5907 _,
3711 5870 3759 5907 ,ι

2329 5893 2355 5935 ‘5
2390 5894 2511 5951 Meti.
2546 5900 2650 5951 ttmi
2672 5890 2863 5967 iptlut'l,
2895 5890 3063 5952 o'bllni:
3086 5890 3382 5965 Acutiliano,
3428 5892 3492 5953 Et
3518 5896 3646 5965 ideo,
3673 5890 3781 5955 eici
