4186 6358
325 331 472 391 1665

1291 327 1656 387 EXPOSITIO
1697 328 1954 388 EVANG.
1993 322 2146 386 SEC.
2188 329 2345 388 LUC.
2387 330 2518 388 LIB.
2562 331 2628 387 γ.

3486 333 3628 395 1666

324 459 532 504 mento.
565 447 631 502 Et
659 447 926 502 calamum
956 455 1132 512 tuum,
1179 444 1288 502 hoc
1331 456 1440 511 est,
1499 461 1718 502 carnem
1773 456 1918 500 luant
1948 451 1996 508 Α
2028 445 2168 499 intra
2222 445 2412 501 mundi
2467 445 2630 518 hujus
2675 444 2982 502 habitacula
3033 457 3455 515 consenescunt,
3498 467 3635 522 quos

322 543 471 611 tinge
499 555 608 596 non
638 549 970 606 atramento,
1025 539 1122 596 sed
1152 539 1346 610 spiritu
1397 539 1493 596 Dei
1523 540 1667 606 vivi;
1695 548 1752 594 ut
1777 537 1922 608 quod

320 637 538 702 scribis,
571 645 837 690 aeternum
867 635 957 690 sit.
985 633 1103 690 Tali
1127 635 1338 689 calamo
1378 633 1582 690 Paulus
1611 634 1760 690 illam
1808 634 1926 704 epi-

320 727 518 783 stolam
544 729 802 796 scripsit,
848 727 916 784 de
965 742 1071 798 qua
1125 727 1295 782 dicit:
1341 725 1583 797 Epistola
1630 735 1808 782 nostra
1836 742 1924 781 vos

318 823 566 880 estis.....
596 825 789 895 scripta
814 839 918 877 non
945 833 1233 877 atramento
1258 863 1272 888 ,
1323 822 1412 877 sed
1441 822 1631 892 spiritu
1680 821 1778 876 Dei
1824 821 1926 876 vitii

323 916 414 990 (Ill
440 917 562 972 Cor.
599 933 680 982 ut,
703 918 739 970 2
761 928 809 972 et
839 917 923 987 5).
954 916 1127 988 Tinge
1163 931 1381 971 carnem
1432 925 1576 970 tuam
1625 917 1681 973 in
1721 913 1927 973 Christi

321 1013 586 1083 sanguine
611 1013 750 1068 sicut
801 1012 1067 1081 scriptum
1107 1019 1238 1081 est:
1276 1010 1344 1066 Ut
1391 1012 1623 1082 tingatur
1666 1027 1756 1083 pes
1798 1018 1921 1066 tuus

319 1112 371 1166 in
403 1113 655 1184 sanguine
680 1111 856 1186 (Psal.
889 1127 1054 1178 uvu,
1086 1111 1206 1181 24).
1239 1112 1450 1185 1381
1485 1111 1550 1167 Et
1581 1122 1637 1167 tu
1660 1127 1792 1183 ergo
1834 1127 1928 1167 ve-

319 1209 539 1280 Stigium
568 1209 733 1263 animi
763 1208 860 1275 tui,
879 1219 932 1262 et
958 1209 1154 1264 mentis
1177 1208 1447 1263 incessum
1472 1207 1774 1263 indubitata
1796 1221 1928 1262 con-

323 1304 559 1359 fessione
583 1303 763 1360 crucis
798 1302 1098 1359 Dominicae
1120 1304 1286 1374 tinge.
1319 1303 1508 1374 Tingis
1530 1318 1750 1358 carnem
1779 1311 1924 1358 luam

320 1403 377 1453 iu
406 1397 612 1453 Christi
644 1397 931 1470 sanguine,
961 1398 1004 1453 si
1028 1399 1156 1452 vitia
1181 1399 1378 1464 dituas,
1406 1409 1625 1466 peccata
1651 1398 1924 1470 detergas,

320 1501 556 1547 mortem
607 1489 810 1547 Christi
869 1493 920 1546 in
974 1501 1061 1546 tua
1118 1499 1282 1547 carne
1331 1491 1734 1559 circumferas,
1787 1491 1928 1547 sicut

322 1586 620 1654 Apostolus
646 1585 756 1639 ait:
794 1584 1249 1655 Morti/irationem
1268 1583 1396 1639 Jesu
1417 1583 1607 1638 Christi
1632 1586 1686 1638 in
1713 1599 1930 1656 corpore

321 1692 500 1734 nostra
519 1680 934 1750 circumferentes
958 1679 1024 1751 (ll
1053 1677 1176 1733 Cor.
1207 1693 1287 1744 tv,
1315 1678 1425 1747 10).
1455 1676 1574 1732 Noli
1614 1677 1679 1732 ad
1711 1685 1928 1733 terrena

325 1771 554 1840 inflecti,
607 1787 675 1827 ne
720 1780 864 1826 tuam
911 1771 1232 1826 arundinem
1281 1770 1519 1841 frangas.
1583 1771 1651 1826 Et
1692 1769 1820 1826 ideo
1858 1770 1929 1826 de

2028 549 2272 595 rectores
2327 539 2486 611 hujus
2526 539 2714 595 mundi
2757 538 2785 580 δ
2828 552 2992 611 atque
3038 543 3386 599 tenebrarum
3427 544 3636 601 incolas

2027 648 2151 688 esse
2178 649 2285 689 non
2317 634 2542 690 dubium
2590 642 2695 690 est.
2731 634 2795 690 lli
2832 646 2982 707 (sunt
3018 636 3163 692 enim
3209 653 3362 710 reges
3408 637 3636 710 (Epltes.

2031 727 2278 797 “1.21),
2298 727 2424 799 quia
2448 729 2694 785 saacnlari
2717 733 2952 800 quadam
2975 740 3245 802 potestate
3262 731 3636 804 dominantur)

2028 837 2258 878 suorum
2289 823 2521 878 aemulos
2547 838 2776 895 operum
2805 834 3152 896 receperunt.

2101 917 2280 989 (Vcrs.
2327 915 2448 989 26.)
2491 918 2599 976 Sed
2645 920 2770 990 quid
2809 921 2988 975 existis
3026 921 3238 976 uidere?
3276 919 3638 994 Pmphetam?

2032 1011 2222 1084 Utique
2251 1014 2367 1068 dico
2394 1015 2556 1078 vobis,
2589 1023 2638 1070 et
2668 1017 2787 1086 plus
2813 1033 2965 1088 quam
2997 1019 3249 1087 praplteta
3276 1017 3362 1073 hic
3393 1029 3489 1075 est.

2103 1106 2228 1163 109.
2263 1120 2285 1146 ε
2316 1107 2605 1176 Quomodo
2637 1109 2799 1180 igitur
2829 1110 2884 1165 in
2907 1109 3131 1167 deserto
3157 1110 3424 1167 Joannem
3452 1111 3639 1170 videre

2028 1202 2339 1270 cupiebant.
2371 1203 2461 1274 qui
2493 1211 2611 1259 erat
2641 1204 2858 1261 clausus
2885 1204 2937 1259 in
2983 1206 3242 1262 carcere?
3267 1205 3436 1275 Quem
3479 1205 3639 1264 nobis

2031 1293 2293 1350 Dominus
2318 1296 2647 1354 imitandum
2678 1299 2955 1368 praponit,
2986 1299 3077 1370 qui
3106 1301 3248 1354 viam
3276 1299 3506 1357 Domino
3529 1315 3638 1359 non

2029 1387 2206 1442 solum
2251 1388 2513 1444 nascendi
2552 1389 2853 1446 secundum
2899 1407 3118 1447 carnem
3163 1391 3359 1450 ordine
3405 1394 3641 1466 fideique

2030 1480 2244 1545 nuntio,
2274 1481 2368 1536 sed
2406 1482 2570 1538 etiam
2618 1498 2898 1554 praecursu
2931 1484 3166 1555 quodam
3190 1485 3441 1558 gloriosa:
3481 1501 3641 1558 para-

2029 1574 2170 1628 verit
2199 1573 2490 1642 passionis.
2520 1575 2692 1647 Major
2727 1576 2938 1650 1382
2973 1591 3108 1634 eane
3135 1578 3422 1648 propheta,
3452 1579 3504 1634 in
3531 1594 3642 1650 quo

2033 1665 2156 1722 linis
2184 1677 2269 1723 est
2300 1669 2711 1739 prophetarum.
2755 1671 2929 1740 Major
2974 1672 3264 1744 prapheta,
3312 1674 3438 1746 quia
3485 1674 3641 1730 multi

2031 1761 2322 1830 cupierunt
2350 1762 2538 1818 videre
2579 1779 2743 1834 quem
2793 1763 2896 1820 iste
2929 1765 3298 1836 prophetavit,
3338 1781 3498 1838 quem
3540 1768 3645 1824 iste
3721 1746 3730 1755 ⁸

318 1862 564 1929 Christo,
589 1865 714 1935 quia
733 1879 846 1919 non
877 1872 995 1918 erat
1012 1863 1079 1919 ad
1104 1876 1320 1920 terrena
1339 1864 1667 1929 curvandus,
1695 1862 1930 1934 prophe-

2034 1853 2340 1923 conspexit,
2369 1869 2530 1924 quem
2559 1854 2664 1912 istc
2695 1856 3008 1926 baptizavit.

319 1969 489 2012 Latum
544 1966 630 2012 est
667 1975 680 2010 :
723 1957 1050 2012 Arundinem
1111 1954 1410 2026 quassatam
1473 1973 1576 2012 non
1640 1959 1930 2029 confringet

318 2053 494 2125 (Esai.
521 2068 658 2119 xui,
682 2051 738 2126 3)
763 2070 780 2122 ;
809 2053 1068 2123 quoniam
1092 2068 1312 2110 carnem
1331 2069 1495 2125 quam
1515 2066 1736 2124 peccata
1765 2069 1930 2124 quas-

316 2155 622 2213 saverant,
679 2148 1098 2206 resurrectionis
1172 2147 1375 2203 virtute
1439 2148 1714 2203 solidavit.
1780 2147 1926 2203 Bona

316 2240 528 2294 arundo
570 2256 700 2296 caro
717 2241 942 2307 Christi,
965 2257 1087 2312 qua:
1117 2241 1390 2311 serpentis
1411 2241 1614 2298 diaboli
1662 2252 1847 2312 caput,
1871 2253 1927 2297 et

315 2335 608 2390 mundana:
623 2335 938 2406 cupiditatis
963 2335 1250 2391 illecebras
1265 2336 1503 2405 patibulo
1533 2336 1711 2392 crucis
1730 2335 1924 2393 afﬁxit.

392 2427 575 2499 (Vers.
595 2427 689 2493 24,
717 2427 840 2496 ‘25.)
873 2427 977 2484 Sed
992 2428 1117 2497 quid
1143 2428 1320 2482 existis
1349 2428 1404 2482 in
1434 2429 1693 2483 desertum
1721 2429 1930 2484 videre?

317 2520 639 2574 Arundinem
667 2529 810 2574 uento
854 2520 1080 2574 moveri?
1111 2521 1250 2588 Quid
1274 2522 1453 2576 existis
1486 2521 1702 2576 videre?
1739 2521 1930 2577 Homi-

319 2629 436 2667 nem
466 2612 708 2667 mollibus
737 2611 1049 2667 vestimentis
1079 2612 1358 2667 indutum?

396 2706 524 2762 107.
565 2705 680 2761 Non
713 2705 800 2762 hic
837 2705 1053 2761 Domini
1083 2721 1266 2762 sermo
1308 2706 1377 2764 de
1416 2707 1692 2774 vestibus;
1738 2723 1930 2779 quam-

319 2817 484 2871 quam
522 2801 810 2871 plerosque
841 2800 1110 2856 mollioris
1145 2816 1273 2855 cura
1304 2801 1470 2855 vestis
1505 2801 1806 2868 ell'eminet,
1837 2803 1927 2872 qui

320 2893 476 2966 qna~i
495 2894 633 2949 lana:
646 2909 784 2948 onus
812 2892 958 2950 ferre
980 2909 1088 2948 non
1119 2893 1354 2964 possint,
1383 2894 1589 2950 sericas
1611 2905 1792 2950 vestes
1812 2904 1928 2950 tec-

322 2988 395 3044 tis
437 3004 533 3059 per
579 2998 776 3044 terram
808 2999 1030 3044 verrunt
1059 2987 1323 3059 vestigiis,
1370 3005 1578 3058 usuque
1627 2989 1830 3043 faciunt
1873 2996 1931 3042 ut

320 3083 557 3136 amictus
586 3084 741 3136 oneri
788 3082 879 3135 sit.
919 3080 1024 3138 Sed
1056 3092 1236 3136 tamen
1278 3083 1385 3138 alia
1416 3083 1628 3138 videtur
1653 3083 1741 3138 hic
1775 3083 1932 3138 indu-

321 3189 505 3230 menta
538 3175 781 3247 signare,
812 3186 866 3231 et
895 3176 1000 3231 nisi
1036 3174 1217 3241 fallor,
1259 3179 1492 3231 humana
1530 3191 1762 3247 corpora
1801 3179 1930 3248 qui-

2108 1946 2232 2002 HO.
2259 1945 2367 2003 Sed
2417 1957 2598 2004 tamen
2645 1949 2908 2021 numquid
2952 1960 3007 2007 et
3044 1950 3139 2007 illo
3181 1952 3376 2024 major,
3425 1953 3494 2010 de
3531 1970 3642 2026 quo

2032 2039 2248 2114 Moyses
2276 2041 2436 2110 dixit,
2465 2043 2591 2114 quia
2619 2042 3031 2116 Propltelam....
3063 2047 3208 2101 vobis
3233 2049 3502 2104 suscitabit
3535 2049 3643 2105 Do—

2029 2137 2203 2190 minus
2231 2149 2405 2192 noster
2430 2136 2611 2210 (Deut.
2641 2155 2793 2206 xvm,
2827 2137 2957 2213 13)?
2987 2141 3054 2196 Et
3080 2141 3149 2198 de
3187 2158 3296 2212 quo
3321 2143 3497 2200 dixit:
3523 2143 3642 2201 Erit

2031 2239 2203 2285 autem
2230 2231 2396 2284 omnis
2421 2231 2598 2286 anima
2617 2232 2735 2303 qua:
2759 2249 2860 2288 non
2889 2233 3118 2288 audierit
3155 2234 3457 2307 prophetam
3487 2236 3639 2292 illum

2031 2325 2369 2379 exterminata
2398 2327 2464 2379 de
2501 2326 2647 2398 plebe
2693 2325 2882 2397 (lbid.,
2917 2326 3048 2400 ηυγ
3094 2327 3151 2386 Si
3199 2330 3365 2401 igitur
3390 2328 3643 2389 Christus

2031 2418 2322 2490 prOpheta,
2367 2420 2647 2491 quomodo
2686 2423 2862 2492 major
2904 2421 2993 2479 hic
3034 2425 3325 2481 omnibus?
3366 2425 3640 2499 Numquid

2030 2510 2310 2568 Christum
2343 2513 2666 2584 prophetam
2697 2515 2998 2586 negamus?
3018 2513 3044 2554 ἀ
3072 2517 3246 2574 lmmo
3270 2529 3324 2574 et
3352 2520 3639 2578 Dominum

2031 2609 2419 2677 prophetarum
2440 2607 2768 2664 confitemur
2793 2626 2806 2663 :
2826 2608 3091 2666 Joannem
3115 2620 3297 2668 autem
3320 2615 3642 2686 prophetam

2030 2701 2242 2767 assero,
2275 2711 2332 2758 et
2360 2701 2507 2758 hunc
2535 2703 2791 2761 omnibus
2817 2705 2942 2762 dico
2965 2721 3090 2763 esse
3121 2708 3412 2779 majorem,
3437 2709 3532 2767 sed
3555 2709 3640 2766 in-

2033 2801 2116 2848 ter
2147 2794 2414 2860 mulieris,
2441 2812 2549 2853 non
2574 2797 2802 2869 virginis
2846 2808 3025 2855 natos.
3056 2799 3228 2872 Major
3257 2803 3402 2858 enim
3440 2802 3544 2860 fuit
3577 2803 3644 2860 iis

2031 2883 2228 2956 quibus
2253 2888 2478 2958 a-qualis
2503 2904 2624 2945 esse
2646 2899 2866 2962 poterat
2891 2902 3041 2949 sorte
3072 2894 3329 2952 nascendi
3354 2894 3512 2969 (Luc.
3544 2911 3646 2966 vn,

2030 2976 2148 3049 28).
2183 2981 2306 3035 Alia
2334 2982 2446 3036 ista-
2462 2992 2654 3038 natura
2685 2995 2792 3052 est,
2840 3001 2941 3042 nec
2971 3001 3095 3043 cum
3135 2987 3389 3045 humanis
3411 3005 3642 3062 genera-

2033 3069 2273 3128 tionibus
2306 3077 2694 3145 comparanda.
2741 3077 2859 3134 Non
2916 3089 3096 3149 potest
3139 3083 3346 3140 homini
3377 3099 3502 3141 cum
3532 3086 3647 3144 Deo

2035 3181 2161 3224 esse
2198 3170 2308 3224 ulla
2339 3171 2590 3242 collatio;
2621 3175 2738 3230 suis
2763 3175 2911 3232 enim
2938 3178 3173 3250 quisque
3198 3180 3506 3252 pra-fertur.
3541 3183 3648 3240 De-

322 3269 426 3325 bus
453 3271 630 3325 anima
661 3282 843 3325 nostra
875 3270 1124 3326 vestitur.
1157 3270 1402 3342 Denique
1431 3281 1486 3326 et
1513 3270 1718 3341 Joseph
1747 3274 1932 3327 tunica
1960 3259 2007 3324 C
2039 3261 2200 3332 nique
2229 3281 2472 3338 eousque
2521 3283 2644 3324 cum
2683 3271 2774 3326 Dei
2820 3271 2962 3328 Filio
3002 3290 3109 3331 non
3162 3288 3374 3348 poterat
3418 3278 3649 3341 Joannis

323 3367 391 3419 ad
443 3365 680 3436 speciem
727 3365 993 3420 Dominici
1037 3366 1285 3436 corporis
1314 3373 1596 3422 cruentata
1637 3375 1724 3421 est
1773 3366 1928 3437 (Gen.

325 3473 541 3524 xxxv",
571 3457 691 3527 51).
727 3459 793 3514 Et
822 3457 1118 3528 Apostolus
1146 3459 1262 3513 ait:
1305 3468 1333 3497 ιι
1364 3459 1574 3514 Exuens
1609 3475 1664 3514 se
1703 3476 1931 3527 carnem,
1995 3471 2000 3476 ‘

325 3553 654 3624 principatus
674 3563 718 3607 et
737 3561 1008 3624 potestates
1032 3569 1206 3610 omnes
1229 3553 1458 3609 traduxit
1477 3552 1697 3625 (Coloss.
1722 3569 1782 3621 tt,
1815 3553 1930 3627 15).

323 3647 467 3715 Quid
522 3647 671 3703 aliud
719 3649 978 3717 ostendit,
1039 3648 1145 3704 nisi
1202 3648 1320 3704 vice
1384 3648 1684 3704 indumenti
1735 3664 1936 3721 corpus

323 3739 521 3806 fuisse,
553 3757 661 3808 quo
693 3755 752 3796 se
779 3741 882 3797 ista
912 3743 1235 3813 esspoliavit
1267 3742 1526 3798 Dominus
1558 3745 1610 3798 in
1646 3745 1932 3814 passione,

326 3843 387 3888 ut
415 3833 675 3890 divinitas
702 3835 870 3892 libera
895 3837 1263 3908 immunisque
1283 3848 1528 3894 maneret
1551 3840 1805 3909 injuriae?
1833 3840 1938 3896 'I‘o-

325 3940 416 3986 tus
446 3930 609 4001 igitur
637 3929 724 3986 hic
763 3931 919 3988 locus
948 3933 1200 4004 exemplo
1228 3947 1331 3989 nos
1369 3934 1690 4005 prophetico
1728 3935 1794 3991 ad
1823 3935 1938 3991 vir-

324 4032 500 4079 tatem
547 4023 842 4082 subeundze
890 4026 1162 4097 passionis
1214 4026 1485 4083 hortatur.
1533 4028 1775 4102 Denique
1836 4029 1934 4085 ad-

325 4117 464 4174 didit
495 4135 513 4173 :

401 4214 585 4288 (Vers.
614 4215 731 4286 9.5.)
760 4214 893 4271 Ecce
921 4215 1010 4286 qui
1037 4215 1091 4270 in
1118 4223 1252 4271 veste
1283 4217 1510 4284 pretiosa
1538 4226 1658 4271 sunt
1688 4217 1740 4272 in
1771 4218 1937 4274 donti-

325 4310 422 4365 bus
450 4325 631 4380 regum
658 4319 799 4364 sunt.

401 4406 526 4462 108.
561 4404 699 4461 Sunt
726 4406 892 4462 etiam
928 4403 1112 4461 mollia
1146 4403 1461 4462 indumenta
1492 4403 1738 4460 deliciosi
1782 4415 1936 4462 actus

325 4510 384 4558 et
442 4515 623 4554 mores
671 4515 685 4553 :
741 4487 964 4570 propter
1005 4497 1150 4568 quod
1200 4513 1300 4552 nos
1347 4497 1598 4553 hortatur
1638 4498 1936 4568 Apostolus

329 4592 556 4667 (Coloss.
605 4607 683 4658 ut,
717 4591 750 4647 9
780 4601 826 4646 et
855 4591 967 4662 10),
999 4600 1060 4646 ut
1088 4590 1456 4662 exspoliantes
1477 4599 1716 4646 veterem
1761 4589 1936 4645 homi-

328 4702 456 4743 nem
489 4701 612 4740 eum
636 4685 848 4740 actibus
879 4684 998 4755 ejus
1023 4683 1312 4738 induamus
1342 4699 1566 4750 novum,
1597 4685 1648 4738 iu
1683 4700 1792 4756 quo
1825 4701 1933 4740 non

327 4781 507 4836 dulcis
537 4778 794 4835 illccebra
837 4778 927 4845 sit,
958 4778 1228 4849 ludusque
1270 4778 1528 4844 lasciviae,
1564 4778 1660 4834 sed
1690 4793 1822 4834 usus
1855 4779 1936 4834 la-

323 4872 480 4928 boris
508 4881 564 4928 et
591 4871 820 4938 fructus;
853 4886 921 4928 eo
937 4869 1082 4940 quod
1105 4881 1288 4926 tenera
1315 4870 1562 4940 corporis
1587 4885 1741 4936 cura,
1772 4871 1936 4927 luxu-

327 4981 462 5037 que,
488 4974 544 5020 et
587 4966 930 5020 lasciviarum
959 4964 1256 5036 cupiditate
1309 4964 1551 5020 mollitus
1587 4980 1933 5037 nequaquam

327 5058 572 5116 etelcstis
620 5058 744 5113 aula
791 5058 1074 5129 suscipiat,
1123 5057 1192 5112 ad
1244 5073 1406 5126 quam
1456 5057 1607 5113 duris
1649 5057 1937 5114 laboriosae

326 5150 588 5223 gradibus
631 5150 846 5207 virtutis
887 5150 1221 5207 ascenditur.
1251 5150 1314 5206 lli
1359 5164 1491 5206 vero
1537 5151 1732 5222 quibus
1774 5149 1937 5208 fluida

325 5243 543 5300 deliciis
584 5243 830 5300 membra
858 5243 1166 5310 solvuntur,
1216 5243 1368 5316 regni
1397 5243 1638 5300 caelestis
1665 5252 1937 5315 extorres,

403 5406 430 5433 ει
480 5395 640 5451 Rom.
671 5396 805 5452 edit.
836 5397 974 5465 sola,
1022 5395 1233 5453 Exuens
1265 5398 1608 5470 principatus.
1647 5397 1703 5454 In
1750 5414 1861 5469 quo
1887 5400 1936 5457 ei

327 5473 706 5539 patrocinatur
728 5478 906 5524 textus
929 5471 1196 5541 Apostnli,
1231 5479 1392 5540 atque
1419 5485 1612 5527 nnuies
1628 5471 1935 5541 versiones,

330 5543 556 5613 Syriaca
586 5553 840 5612 excepta,
871 5557 990 5612 qua:
1024 5541 1307 5597 nobiscum
1337 5541 1486 5596 facit.

403 5613 432 5652 1³
481 5613 557 5667 Ita
607 5629 737 5668 tnss.
768 5622 979 5682 septem
1013 5615 1258 5668 melioris
1306 5622 1468 5669 uotae.
1520 5613 1628 5669 Alii
1669 5615 1944 5679 nonnulli,

325 5695 487 5751 atque
517 5689 842 5757 latebrarum
871 5697 1150 5757 coeperunt.
1183 5683 1255 5738 Hi
1282 5697 1425 5750 sunt,
1460 5696 1568 5740 etc.
1602 5685 1817 5757 Reliqui
1848 5687 1947 5742 de-

1962 4653 2015 4713 l)

2035 3358 2142 3413 ulla
2173 3374 2296 3415 esse
2326 3362 2578 3429 collatio;
2614 3374 2672 3420 ut
2701 3374 2757 3420 et
2786 3365 2924 3422 infra
2952 3370 3191 3441 Angelos
3213 3373 3536 3430 :estimetur.

2107 3452 2287 3523 (Vers.
2315 3455 2435 3529 28.)
2466 3457 2606 3530 Nam
2634 3459 2722 3531 qui
2744 3460 2914 3517 mittar
2934 3471 3030 3531 est,
3057 3463 3255 3536 inquit,
3284 3466 3338 3521 in
3359 3484 3518 3540 regno
3544 3485 3648 3526 cat-

2036 3545 2227 3614 lorum,
2263 3553 2432 3623 major
2457 3561 2530 3606 est
2557 3568 2636 3609 eo.

2110 3641 2235 3696 111.
2268 3643 2478 3700 Etenim
2509 3646 2765 3716 quoniam
2790 3648 3042 3721 angelum
3071 3650 3306 3721 dixerat,
3331 3653 3645 3713 hominibus

2031 3735 2156 3806 jure
2185 3739 2442 3809 praelatus
2471 3749 2594 3806 est;
2626 3750 2683 3798 et
2709 3743 2834 3813 quia
2870 3745 3015 3800 inter
3042 3755 3201 3804 natos
3232 3750 3523 3807 mulierum
3551 3749 3653 3820 de:

2035 3832 2338 3889 claraverat
2385 3836 2653 3905 potiorem
2687 3836 2869 3908 (νινε.
2896 3839 3013 3911 27),
3047 3840 3170 3897 ideo
3208 3843 3459 3901 addidit:
3502 3846 3648 3903 Nam

2036 3927 2125 3998 qui
2156 3928 2327 3982 minor
2346 3939 2419 3983 est
2445 3931 2498 3983 in
2529 3947 2687 4002 regno
2712 3933 2975 4004 citatorum,
3008 3937 3177 4008 major
3204 3948 3277 3992 est
3300 3953 3396 4005 eo;
3445 3947 3504 3994 tit
3551 3955 3652 3996 an-

2034 4021 2173 4092 gelis
2202 4022 2374 4078 scires
2414 4038 2538 4079 esse
2567 4024 2895 4081 cedendum.
2943 4026 3140 4084 Merito
3181 4039 3364 4086 autem
3405 4031 3648 4090 Joannes

2036 4113 2154 4170 s'uis
2203 4115 2493 4186 prielertnr
2536 4117 2859 4188 :eqnalihus,
2908 4134 2938 4174 a
2980 4120 3138 4192 cujus
3163 4123 3358 4180 diebus
3405 4123 3648 4200 Regnum

2037 4209 2282 4264 caelorum
2299 4211 2502 4282 cogitur
2534 4211 2748 4282 (Matth.
2783 4214 2998 4284 ιι,12).
3024 4214 3158 4284 Qua:
3195 4218 3532 4275 subobscura
3565 4221 3646 4277 vi-

2037 4303 2200 4359 detur
2229 4319 2351 4360 esse
2384 4305 2610 4373 locutio,
2643 4315 2698 4363 et
2724 4307 2848 4364 ideo
2874 4323 2995 4364 eam
3026 4310 3096 4366 de
3142 4311 3250 4367 alio
3280 4311 3424 4368 libro
3465 4313 3649 4370 Evan-

2037 4399 2166 4470 gelii
2198 4400 2507 4471 putavimus
2530 4401 2910 4459 derivandam.
2942 4403 3078 4460 Nam
3121 4406 3166 4461 si
3194 4407 3431 4463 litteram
3455 4423 3651 4482 sequa-

2039 4508 2180 4560 mur,
2214 4494 2400 4564 utique
2426 4492 2656 4552 inferior
2686 4511 2718 4550 a
2745 4497 2956 4568 potiore
2985 4498 3198 4570 cogitur
3235 4517 3249 4554 :
3288 4516 3517 4572 regnum
3548 4519 3650 4560 au-

2042 4593 2148 4640 tem
2176 4586 2294 4642 caeli
2324 4595 2548 4657 praestat
2577 4589 2857 4646 humanis.
2889 4591 2996 4648 Sed
3023 4607 3148 4648 cum
3184 4594 3294 4650 sint
3322 4596 3501 4668 aliqua
3524 4613 3652 4670 qua:

2044 4681 2286 4752 cogendo
2315 4681 2533 4738 densari
2564 4681 2840 4752 feruntur,
2894 4701 3004 4742 non
3048 4697 3134 4743 est
3181 4688 3479 4746 absurdum
3525 4692 3654 4764 quia

2045 4777 2256 4848 cogitur
2277 4792 2525 4849 regnum,
2553 4778 2773 4849 quando
2800 4795 2832 4838 a
2864 4779 3112 4851 pluribus
3141 4782 3540 4855 frequentatur.

2114 4870 2238 4926 112.
2271 4869 2624 4945 Cogentesque
2653 4873 2910 4945 diripiunt
2933 4875 3069 4932 illud
3090 4875 3310 4953 (Ibid)
3341 4878 3401 4936 Si
3437 4891 3655 4953 repeta-

2043 4980 2165 5021 mus
2190 4965 2528 5022 Dominicum
2552 4967 2685 5022 illud
2717 4969 2862 5040 quod
2893 4970 3156 5044 scriptum
3182 4983 3288 5041 est,
3317 4958 3535 5045 dicente
3559 4977 3656 5034 Fi-

2044 5061 2118 5118 lio
2150 5061 2245 5118 Dei
2281 5079 2296 5116 :
2338 5059 2579 5134 Regnum
2612 5060 2713 5118 Dei
2751 5065 2890 5120 intra
2916 5083 3002 5122 vos
3028 5078 3105 5122 est
3135 5066 3287 5141 (Luc.
3337 5086 3470 5140 xvtt,
3519 5071 3654 5145 21);

2044 5155 2382 5212 advertimus
2423 5155 2478 5210 in
2505 5156 2662 5213 nobis
2692 5171 2918 5231 regnum
2957 5160 3184 5218 caeleste
3229 5162 3483 5234 solidari,
3527 5181 3654 5224 cum

2045 5247 2296 5305 Christus
2319 5248 2546 5319 exploso
2567 5250 2827 5308 mundani
2848 5253 3110 5327 principis
3131 5271 3323 5329 regno,
3347 5257 3654 5334 fugatisque

2046 5421 2135 5482 sus
2165 5406 2218 5460 in
2247 5408 2490 5461 carcere?
2518 5407 2650 5476 Quae
2678 5409 2897 5480 quidem
2923 5413 3087 5469 verba
3121 5432 3229 5472 non
3258 5432 3383 5476 esse
3405 5419 3509 5477 hoc
3532 5423 3658 5482 loco

2047 5480 2208 5548 plane
2248 5494 2655 5563 supervacanea
2687 5498 2848 5563 estnec
2874 5483 3219 5558 intelligitur,
3244 5494 3388 5563 quod
3421 5493 3562 5550 infra
3590 5480 3662 5553 de

2047 5565 2326 5625 przecnrsu
2353 5551 2624 5625 passionis
2652 5553 2958 5625 subjicitur.

2123 5619 2150 5658 ἀ
2179 5624 2401 5701 Amerli.
2429 5638 2492 5677 ac
2510 5625 2636 5701 tera.
2663 5619 2799 5701 cum
2817 5642 2949 5684 mss.
2978 5631 3592 5701 probatiorihustmo
3607 5648 3660 5694 et

2052 5693 2317 5778 dominum
2347 5769 2354 5777 '
2365 5696 2740 5778 prophetarum
2781 5693 3335 5778 (inss_.,_'propltetani)
3378 5725 3578 5775 assero,
3609 5693 3658 5765 et

325 5773 483 5848 suum
513 5769 572 5840 ot
595 5756 756 5822 edit.,
789 5766 944 5848 algite
988 5758 1318 5848 tenebrarum
1347 5769 1491 5848 vocat
1526 5756 1828 5840 Apostolus.
1874 5757 1949 5813 Hi
2053 5765 2189 5820 hunc
2217 5756 2478 5848 omnibus,
2518 5776 2628 5848 etc.
2661 5756 2817 5840 Quod
2855 5756 3658 5848 ntiiiit'uedisplicetféillrta;

329 5829 626 5902 suntenim
654 5845 820 5902 reges.
850 5830 1308 5902 ROIIILCXDUIIXH
1339 5839 1467 5902 sunt
1487 5829 1644 5883 enim.

417 5913 438 5940 τ
464 5900 834 5958 Besecaverat
857 5901 992 5956 edit.
1018 5901 1202 5970 Rom.,
1230 5900 1501 5970 Quomodo
1513 5902 1778 5973 -igitur....
1806 5901 1946 5958 etau-

2055 5854 2202 5906 lttt'll,
2233 5853 2295 5894 ac
2327 5838 2480 5895 Rom.
2513 5842 2645 5898 edit.
2680 5838 2802 5900 cum
2835 5845 2960 5903 aliis
2985 5862 3121 5905 mss.
3147 5838 3331 5906 ut'uos
3361 5850 3416 5908 in
3447 5861 3621 5913 textu.
