4014 6512
414 372 557 443 «σω

1742 370 1991 437 ΒΑΝοτι
2027 364 2357 435 AMBROSII

3569 354 3711 421 1668

408 496 623 554 deliciis
647 495 1025 564 smcularibus,
1059 496 1201 551 intra
1234 503 1547 552 nostrorum
1573 504 1782 553 secreta
1819 502 2009 565 regnat
2035 501 2082 562 Α
2111 506 2204 547 mo
2228 491 2372 547 enim
2404 490 2508 547 nisi
2540 490 2805 548 festinans
2831 486 3031 562 pascha
3060 490 3354 549 mandueat
3382 492 3582 567 (Exod.
3610 509 3706 568 xu,

406 590 738 646 animorum.
773 589 866 645 Vis
911 588 1077 660 igitur
1120 588 1290 645 menti
1334 587 1561 644 ail‘ertur
1588 588 1859 653 humanae,
1887 603 2010 658 quae
2113 582 2229 657 11).
2258 584 2366 641 Sed
2389 599 2511 657 quas
2540 592 2625 641 est
2648 585 2750 641 ista
2771 600 2893 657 qua:
2918 586 3057 657 rapit
3081 588 3347 659 regnum?
3371 589 3487 645 Non
3512 590 3714 663 impru-

404 682 648 740 diversis
668 684 945 740 illecebris
971 680 1200 738 delinita
1222 681 1463 737 laborem
1495 681 1655 753 fugit,
1674 668 2009 753 voluptatem
2090 682 2273 749 bitas,
2305 696 2414 736 non
2438 680 2679 747 lascivia,
2714 695 2821 736 non
2850 681 3139 752 voluptas:
3168 682 3261 739 sed
3289 682 3379 739 illa
3404 682 3473 741 de
3494 699 3596 756 qua
3626 684 3712 742 di-

410 777 639 845 espctit;
665 790 789 831 cum
819 775 902 830 vel
926 784 1075 831 metu
1101 774 1350 846 supplicii
1374 776 1641 843 coercita,
1674 776 1760 832 vel
1787 776 2013 847 praemio
2113 778 2298 832 citur:
2344 776 2539 848 Magna
2566 784 2639 831 est
2665 777 2795 846 ﬁdes
2820 787 2952 832 tua:
2985 777 3078 846 ﬁat
3105 776 3194 833 tibi
3218 778 3349 835 sicut
3389 779 3465 834 vis
3497 779 3712 853 (Matth.

416 878 728 938 provocato,
780 868 1003 925 vincere
1046 867 1164 936 ipsa
1211 883 1273 924 se
1336 868 1528 924 nititttr
1573 886 1587 923 :
1630 879 1685 926 et
1738 877 2012 938 tamquam

410 959 1021 1027 exstitistisiaboribus,
1057 959 1291 1030 palmam
1304 975 1426 1031 quae
1448 960 1553 1018 sibi
1572 960 1820 1032 plurimis
1831 960 2018 1017 adver-

415 1053 685 1118 santibus,
711 1042 1157 1120 subtrahebatur,
1190 1054 1471 1111 contendit
1491 1055 1732 1126 eripere.
1756 1055 2021 1126 Rapimus

412 1147 557 1201 enim
580 1161 647 1201 ex
677 1146 779 1203 hoc
806 1146 1012 1202 mundo
1052 1146 1289 1217 palmam
1319 1146 1537 1214 salutis,
1584 1156 1640 1203 et
1667 1147 1824 1218 quasi
1853 1162 2019 1203 excu-

415 1238 671 1295 bantibus
699 1238 958 1295 obsessos
988 1242 1338 1311 serpentibus
1360 1239 1572 1299 fructus
1593 1242 1841 1317 pervigili
1871 1241 2023 1297 labo-

417 1349 477 1389 rc
513 1333 890 1407 decerpimus;
920 1333 998 1392 ita
1030 1343 1217 1391 tamen
1271 1345 1329 1392 ut
1372 1351 1482 1397 non
1519 1335 1716 1391 furtiva
1762 1335 2020 1403 sublatio,

419 1428 515 1487 sed
559 1428 790 1500 direptio
833 1431 906 1486 sit
938 1430 1505 1502 triumphalis.Estct
1532 1430 1679 1487 aliud
1700 1430 2025 1501 direptionis

417 1537 616 1595 genus,
649 1522 868 1593 quando
904 1523 1030 1580 aliis
1071 1524 1285 1581 sublata
1319 1525 1626 1597 diripimus.
1653 1524 1756 1592 Qui
1786 1526 1897 1580 sint
1926 1523 2027 1595 igi-

422 1626 511 1673 tur
544 1626 793 1687 raptores
816 1618 921 1687 illi,
954 1635 1062 1675 non
1104 1620 1414 1679 laboramus
1450 1622 1780 1693 intelligere,
1803 1636 1928 1677 cum
1957 1621 2028 1677 de

422 1713 705 1785 Beniamin
728 1715 838 1786 lupi
866 1714 1081 1787 rapacis
1098 1731 1301 1787 genere
1322 1730 1424 1773 nos
1446 1732 1671 1775 manare
1713 1718 2029 1774 noverimus

427 1804 584 1879 (Gen.
621 1823 769 1875 χιιι,
800 1808 918 1880 27).
944 1808 1302 1866 Prmcesserat
1323 1809 1587 1879 Joannes,
1611 1818 1671 1865 ut
1706 1809 2030 1880 justilicaret

2118 885 2210 938 xv,
2247 870 2365 943 28).
2402 871 2541 927 Ecce
2569 872 2767 941 rapuit,
2800 886 2921 942 quae
2955 870 3099 942 quod
3124 872 3312 941 voluit,
3357 874 3668 943 impetravit
3699 893 3713 930 :

2119 965 2262 1036 quod
2303 966 2531 1037 rogavit,
2582 966 2831 1022 extorsit.
2872 946 3074 1038 Rapuit
3114 977 3170 1024 et
3226 967 3322 1042 illa
3368 966 3553 1037 vidua,
3598 983 3719 1039 quae

2120 1059 2436 1130 frequenter
2463 1058 2693 1125 orando,
2723 1058 2769 1114 si
2798 1075 2906 1114 non
2933 1069 3156 1130 propter
3195 1060 3587 1127 innocentiam,
3612 1062 3719 1118 sai-

2122 1158 2230 1207 tem
2278 1160 2504 1223 propter
2548 1152 3016 1223 importunitatem
3061 1160 3119 1209 ut
3163 1152 3510 1221 exaudiatur,
3538 1162 3722 1211 extor-

2123 1254 2253 1318 quet
2283 1244 2442 1318 (Luc.
2477 1260 2631 1310 ινιιι,
2663 1243 2746 1319 s).

2202 1336 2568 1411 1³84115.
2597 1338 2798 1409 Rapuit
2832 1338 2995 1410 igitur
3025 1336 3266 1395 Ecclesia
3294 1340 3599 1413 Synagoga:
3637 1357 3727 1396 rc-

2124 1446 2313 1503 gnunt.
2341 1430 2592 1502 Regnum
2619 1447 2800 1489 meum
2828 1430 3079 1488 Christus
3105 1441 3190 1488 est
3223 1448 3236 1488 ε
3271 1434 3425 1503 rapio
3452 1432 3603 1489 illum
3634 1433 3726 1489 Ju-

2126 1522 2263 1578 dtris
2305 1523 2528 1579 missum
2569 1526 2671 1580 sub
2715 1524 2878 1596 Lege,
2928 1536 3111 1581 natum
3143 1526 3196 1581 in
3246 1525 3411 1597 Lege,
3465 1527 3727 1582 nutritum

2124 1617 2280 1689 juxta
2310 1618 2507 1687 Legem
2545 1635 2559 1671 :
2593 1628 2651 1675 ut
2699 1634 2788 1677 me
2815 1619 2908 1691 qui
2940 1634 3088 1676 eram
3116 1623 3236 1675 sine
3263 1620 3427 1692 Lege,
3461 1629 3724 1677 servaret.

2131 1712 2360 1783 Rapitur
2388 1712 2665 1781 Christus,
2694 1729 2819 1771 eum
2863 1716 2985 1772 aliis
3022 1717 3376 1787 promittitur,
3433 1716 3558 1773 aliis
3603 1732 3733 1787 prte-

2131 1806 2433 1863 destinatur
2462 1810 2705 1876 :rapitur
2729 1808 3003 1878 Christus,
3035 1825 3159 1865 cum
3187 1810 3307 1865 aliis
3328 1811 3593 1874 nascitur,
3613 1811 3735 1866 aliis

426 1900 684 1970 populum
706 1884 1032 1957 'Judteorum
1074 1921 1087 1957 2
1118 1903 1233 1975 ipse
1257 1903 1521 1959 Dominus
1544 1909 1772 1960 venerat
1804 1902 1872 1959 ad
1897 1916 2031 1959 oves
2062 1912 2110 1975 Β
2134 1900 2460 1971 suli'ragatur
2484 1917 2498 1955 :
2522 1902 2733 1973 rapitur
2755 1900 3028 1970 Christus,
3059 1917 3183 1959 cum
3204 1903 3272 1958 ab
3298 1901 3423 1959 aliis
3445 1904 3732 1971 occiditur,

427 1993 670 2066 perditas
710 1992 906 2051 domus
950 1994 1119 2052 lsraol
1168 2013 1183 2050 :
1230 1996 1508 2067 apostolos
1551 1996 1941 2063 destinaverat,
1977 2008 2034 2052 ut

429 2087 591 2143 iidem
623 2088 838 2161 1383
866 2088 1056 2160 populi
1077 2088 1395 2147 Iudaeorum
1416 2090 1505 2146 vel
1523 2089 1916 2161 disputatione,
1946 2088 2033 2147 vel

429 2181 625 2253 signis,
676 2182 1060 2254 miraculisque
1093 2181 1385 2241 funderent
1436 2200 1449 2238 :
1499 2184 1596 2240 sed
1640 2199 1765 2240 cum
1797 2183 1875 2239 illi
1917 2199 2037 2239 mtr-

432 2290 566 2335 uera
610 2274 714 2333 sibi
741 2276 923 2333 oblata
960 2275 1306 2349 defugerem,
1339 2278 1612 2349 publicani
1640 2289 1695 2333 et
1721 2288 2038 2349 peccatores

432 2373 490 2433 in
526 2372 692 2429 Deum
735 2372 983 2441 credere,
1022 2374 1076 2430 in
1109 2372 1270 2430 ﬁdem
1311 2374 1460 2431 coire
1506 2382 1812 2445 creperum.
1855 2373 1912 2429 in
1955 2372 2039 2427 his

435 2464 602 2537 igitur
629 2466 931 2536 apostolica
973 2464 1359 2537 praedicatione
1385 2482 1609 2539 regnum
1650 2467 1915 2524 celerum
1941 2479 2037 2523 co-

436 2559 607 2632 gitur,
635 2568 692 2614 et
730 2558 911 2615 lidelis
948 2559 1133 2631 populi
1169 2559 1505 2632 aspiratione
1537 2560 1825 2616 solidatur.

512 2652 639 2711 115.
674 2652 869 2724 Diripit
895 2668 1128 2725 regnum
1155 2653 1248 2713 illa
1269 2670 1390 2725 quat
1417 2653 1565 2710 iluxu
1589 2652 1867 2726 sanguinis
1892 2650 2041 2708 labo-

2138 1995 2405 2065 sepelitur
2459 2013 2487 2049 a
2542 1995 2699 2050 nobis
2741 2011 2754 2049 ε
2798 1995 3007 2066 rapitur
3054 1995 3474 2065 insidiantibus,
3524 1996 3739 2067 rapitur

2134 2086 2553 2145 dormientibus.
2612 2087 2792 2144 Habes
2818 2088 2909 2144 ubi
2936 2088 3039 2159 ipsi
3067 2088 3311 2144 confessi
3351 2096 3479 2145 sunt
3508 2103 3611 2143 nos
3654 2105 3740 2144 ra-

2134 2182 2343 2252 puisse,
2376 2196 2436 2237 se
2464 2180 2757 2249 dormisse,
2794 2180 3043 2239 dicentes
3084 2198 3098 2237 ε
3135 2181 3305 2239 Dicite
3332 2182 3459 2255 quia
3490 2182 3739 2254 discipuli

2137 2276 2250 2347 ejus
2278 2282 2425 2328 nocte
2440 2282 2707 2342 uenerunt,
2724 2274 2946 2341 etiarnsi
2976 2282 3095 2331 sunt
3122 2290 3265 2341 sum,
3289 2276 3438 2330 nobis
3464 2276 3736 2331 dormieno

2140 2368 2275 2425 tibus
2294 2366 2512 2437 (Matth.
2541 2381 2739 2432 xxvnt,
2766 2368 2883 2440 15).
2906 2367 3081 2439 Surge
3104 2367 3269 2439 igitur
3283 2368 3375 2441 qui
3397 2368 3638 2435 dormis;
3673 2383 3739 2423 ne

2139 2471 2197 2519 et
2227 2469 2284 2516 tu
2312 2461 2444 2516 dum
2482 2460 2708 2526 dormis,
2733 2460 3008 2517 Christum
3037 2462 3276 2518 amittas.
3319 2460 3489 2535 Surge
3506 2464 3596 2533 qui
3614 2463 3738 2516 dor-

2142 2556 2261 2621 mis,
2284 2565 2333 2610 et
2348 2568 2567 2625 exsurge
2588 2572 2622 2609 a
2639 2555 2854 2610 mortuis
2873 2553 3093 2628 (Eph'ea.
3114 2567 3168 2623 ν,
3186 2555 3301 2626 14).
3323 2555 3486 2612 Vides
3500 2565 3631 2611 mort
3641 2571 3738 2611 nos

2143 2663 2268 2706 esse
2304 2649 2394 2721 qui
2431 2649 2734 2706 dormiunt?
2756 2649 2824 2705 Et
2847 2649 2973 2707 ideo
3000 2665 3109 2706 non
3133 2649 3434 2706 invidemus
3467 2648 3613 2717 aliis,
3633 2648 3732 2705 sed

437 2742 771 2815 rabat(Luc.
809 2760 928 2814 vni,
955 2744 1087 2813 id);
1141 2761 1265 2803 nam
1304 2761 1430 2805 cum
1477 2746 1740 2803 Dominus
1768 2745 1836 2802 ad
1881 2745 2045 2800 ﬁliam
2147 2744 2495 2814 providemus
2541 2745 2730 2813 nobis;
2782 2759 2892 2801 non
2917 2745 3065 2801 enim
3104 2744 3301 2802 mortui
3333 2754 3577 2817 poterant
3611 2760 3724 2802 scr-

440 2841 725 2913 principis-
757 2848 1046 2913 synagoga:
1087 2841 1361 2909 tenderet,
1392 2842 1594 2899 furtivo
1628 2842 1866 2914 quodam
1897 2849 2047 2897 tactu
2149 2849 2275 2892 vare
2299 2835 2595 2893 viventem.

437 2933 692 2991 sanitatis
719 2933 1023 2993 remedium
1050 2944 1077 2971 ιι
1106 2935 1433 3006 pratlibavit.
1462 2935 1661 3007 Diripit
1698 2949 1927 3007 regnum
1953 2934 2045 2989 illa
2231 2928 2354 2985 116.
2388 2929 2697 3002 Exsurgant
2728 2930 2813 2987 vel
2859 2944 2986 2987 sero
3038 2932 3132 3002 qui
3170 2930 3531 3011 dormitarent,
3580 2933 3742 2988 etiam

442 3025 774 3092 Chanantea,
802 3042 925 3100 quae
972 3044 1000 3083 a
1036 3029 1156 3085 suis
1190 3028 1391 3085 ﬁnibus
1417 3044 1634 3100 egressa
1661 3029 1931 3085 clamabat
1959 3026 2046 3084 di-
2147 3022 2240 3094 qui
2270 3022 2547 3079 Christum
2592 3024 2968 3096 perdiderunt.
3018 3026 3139 3081 Non
3177 3027 3259 3082 sic
3293 3027 3564 3082 amittitur
3587 3026 3744 3081 Chri-

446 3133 579 3175 cens
609 3137 624 3174 :
656 3118 908 3177 Miserere
938 3122 1066 3188 mei,
1108 3119 1354 3190 Domine,
1388 3121 1494 3179 Fili
1522 3121 1691 3178 David
1717 3138 1737 3179 :
1781 3124 1897 3193 ﬁlia
1937 3138 2051 3177 mea
2149 3129 2291 3185 stus,
2320 3114 2353 3156 δ
2381 3128 2440 3174 ιιι
2477 3134 2587 3174 non
2617 3127 2943 3188 revertatur,
2974 3120 3021 3176 si
3054 3129 3233 3175 tamen
3267 3120 3583 3192 requiratur
3612 3137 3625 3173 :
3656 3120 3747 3175 sed

448 3213 582 3271 ntale
613 3231 645 3269 a
689 3214 945 3272 (immania
975 3226 1182 3273 uexatur
1228 3217 1449 3291 (Matth,
1482 3235 1576 3289 ιν,
1610 3219 1726 3291 22),
1758 3220 1904 3277 γει-ο
1934 3220 2051 3276 hac
2153 3210 2501 3283 vigilantibus
2526 3211 2854 3284 regreditur,
2883 3212 3377 3285 etexsurgentibus
3404 3221 3607 3285 praete
3630 3221 3748 3269 est:

449 3322 676 3378 regnum
705 3311 905 3381 coegit,
939 3310 1190 3381 pertinax
1217 3311 1270 3366 in
1308 3310 1582 3381 precibus,
1623 3312 1843 3383 sapiens
1868 3312 1923 3368 in
1950 3327 2051 3368 re-
2156 3305 2322 3360 ὶηιιηο
2347 3304 2602 3361 omnibus
2647 3304 2827 3374 adeat,
2860 3307 2952 3376 qui
2999 3304 3200 3377 ubique
3228 3320 3449 3377 semper
3488 3314 3596 3373 est,
3631 3306 3751 3377 quia

450 3400 689 3470 sponsis,
720 3400 894 3459 ﬁdelis
919 3402 975 3457 iu
1011 3402 1211 3459 verbis.
1248 3403 1675 3461 Praetereuntem
1699 3414 1937 3472 revocat,
1970 3414 2051 3460 ta-
2072 3397 2120 3463 C
2151 3398 2601 3469 completomuia.
2622 3398 3138 3466 Nullienimdeticit,
3158 3399 3750 3466 nosdeiicimusmulli,

450 3504 664 3549 centeni
717 3505 891 3565 rogat,
919 3504 1273 3555 excusantem
1313 3498 1527 3564 adorat,
1570 3510 1857 3570 negantem
1898 3501 2050 3556 iucli-
2151 3493 2621 3564 ἱιιίιυωιινόθῦοίι,
2662 3494 3069 3565 superabundat
3095 3495 3385 3560 omnibus:
3420 3494 3751 3565 sumini"-

454 3596 566 3642 nat.
599 3586 791 3644 Nonne
825 3588 922 3643 tibi
948 3589 1166 3647 videtur
1192 3592 1428 3663 eripere,
1469 3608 1593 3649 cum
1615 3593 1765 3650 elicit
1786 3593 1933 3665 quod
1957 3606 2055 3649 ne.
2152 3584 2301 3641 daVil
2335 3586 2478 3640 enim
2498 3585 3754 3658 ρθεοεωππ,υιιυρεηδυηὰυοιεηιῑει.ΰηιια

452 3689 637 3752 gatur,
684 3682 981 3755 praeripere
1015 3683 1159 3753 quod
1198 3684 1320 3739 aliis
1367 3687 1708 3741 reservatur?
1750 3686 2056 3758 Negaverat

452 3771 596 3827 enim
634 3771 896 3830 Dominus
918 3789 1113 3845 panem
1136 3773 1370 3833 ﬁliorum
1398 3776 1514 3833 dari
1534 3778 1760 3835 canibus
1773 3790 2051 3849 Oportere:

458 3877 515 3923 at
538 3867 629 3923 illa
655 3858 953 3937 consensit,
979 3879 1035 3927 et
1059 3871 1447 3929 consentiendo
1471 3872 1889 3944 diripuitdiecns
1906 3874 2055 3930 :Uti-

457 3960 846 4037 que,Domine:;
876 3981 996 4019 nam
1023 3974 1071 4021 et
1094 3966 1271 4022 catelli
1290 3966 1448 4023 edunt
1465 3967 1530 4023 de
1558 3969 1705 4023 micis
1724 3984 1842 4039 quia
1867 3970 2059 4025 cadunt

458 4054 523 4109 de
552 4072 730 4113 mensa
759 4057 1088 4113 dominorum
1110 4074 1323 4114 suorum
1351 4058 1544 4133 Ubii,
1569 4059 1687 4133 27).

527 4146 648 4203 iit.
682 4150 928 4206 Didicisti
956 4151 1421 4222 quemadmodum
1446 4167 1677 4224 regnum
1698 4153 1927 4212 caeleste
1971 4167 2060 4208 ra-

459 4240 655 4311 piatur.
686 4238 954 4314 Cogamus
975 4238 1143 4314 igitur
1163 4252 1222 4300 et
1259 4258 1385 4327 nos,
1416 4243 1738 4315 diripiamus
1763 4246 1933 4313 illud;
1968 4261 2062 4302 nea

530 4388 555 4415 ει
587 4377 644 4454 |_n
674 4377 797 4454 cod.
826 4377 948 4454 Fui.
981 4386 1038 4434 et
1066 4379 1277 4435 duobus
1306 4377 1466 4436 Colb.
1501 4388 1624 4454 post
1645 4381 1896 4449 verbum,
1921 4398 2057 4454 pra:-

454 4450 652 4525 liltaoit,
705 4452 1102 4525 interpolantur
1144 4454 1425 4525 sequentia
1475 4450 1815 4517 :Darmones,
1863 4450 2055 4525 inquit,

455 4523 645 4595 sjicite,
672 4533 715 4575 et
738 4523 919 4578 discite
943 4525 1058 4595 quis
1087 4524 1141 4578 in
1161 4541 1223 4579 ea
1245 4524 1432 4595 dignus
1456 4525 1548 4589 sit,
1572 4537 1722 4593 atque
1744 4525 1814 4579 ibi
1836 4523 2056 4581 manete.

454 4542 645 4645 ?tcue,
672 4542 715 4575 et
738 4542 919 4578 atscue
943 4542 1058 4595 quts
1087 4542 1223 4579 mea
1245 4542 1432 4595 mgnus
1456 4542 1548 4589 su,
1572 4542 1722 4593 atque
1744 4542 1814 4579 tot
1836 4542 2056 4581 manete.

490 4604 639 4659 tuque
661 4609 755 4648 nec
780 4596 862 4648 hic
893 4596 1195 4650 mandatum
1218 4595 1419 4651 videtur
1451 4606 1505 4651 ut
1539 4595 1805 4657 Christum
1835 4598 1933 4654 Dei
1964 4597 2059 4652 Fi-

460 4665 589 4718 liam
629 4665 989 4735 prcdicarent.
1042 4667 1188 4723 Ordo
1227 4667 1391 4740 igitur
1437 4667 1806 4742 disputationis
1834 4680 1909 4725 est
1932 4670 2058 4725 ordo

2154 3678 2401 3736 Christus
2414 3678 2632 3746 est,vita
2653 3678 2899 3736 Christus
2910 3688 3013 3748 est,
3035 3678 3285 3736 Christus
3299 3687 3385 3735 est
3406 3680 3752 3735 resurrectio:

2156 3773 2247 3845 qui
2276 3772 2446 3845 surgit
2474 3774 2656 3845 igitur,
2690 3773 2898 3830 invenit
2922 3788 3047 3830 esse
3073 3783 3420 3845 praesentem.

2236 3866 2359 3923 H7.
2391 3865 2623 3937 Rapitur
2668 3880 2805 3938 ergo
2852 3880 3078 3938 regnum
3123 3866 3411 3932 caelorum,
3443 3879 3563 3922 cum
3601 3861 3756 3920 Chri-

2163 3966 2279 4014 stus
2308 3974 2337 4014 a
2362 3959 2681 4017 domesticis
2719 3958 3043 4031 denegatur,
3071 3973 3105 4015 a
3130 3958 3419 4031 gentilibus
3444 3957 3704 4012 adorator
3734 3972 3752 4011 :

2164 4052 2374 4123 rapitur
2401 4068 2525 4109 cum
2553 4054 2624 4109 ab
2653 4053 2762 4109 illis
2790 4053 3110 4125 repudiatur
3133 4092 3151 4121 ,
3182 4067 3214 4109 a
3238 4051 3391 4109 nobis
3409 4049 3638 4108 colitur:
3665 4065 3750 4104 ra-

2164 4149 2313 4219 pitur
2334 4162 2457 4203 cum
2482 4164 2581 4221 per
2610 4147 2983 4205 haereditatem
3015 4166 3122 4206 non
3144 4152 3477 4222 agnoscitur,
3507 4162 3600 4220 per
3621 4145 3755 4202 ado-

2169 4245 2409 4316 ptionem
2434 4243 2757 4315 acquiritur.

2157 4392 2496 4457 tractansset
2525 4382 2643 4457 ideo
2658 4384 2717 4457 Asi
2743 4381 2830 4438 hic
2872 4383 3051 4457 diripit
3094 4399 3330 4456 regnum,
3371 4396 3478 4439 etc.
3513 4381 3626 4457 sed
3650 4380 3761 4437 haec

2158 4456 2348 4510 nuntia
2376 4454 2600 4512 aliunde
2656 4454 2710 4511 in
2740 4462 2951 4511 textum
2976 4453 3238 4512 translata
3262 4466 3389 4511 esse
3414 4453 3760 4510 manifestum

2161 4537 2267 4584 6⁸1.
3492 4534 3504 4550 ⁸
3580 4548 3586 4554 ’

2232 4598 2260 4637 b
2289 4598 2381 4681 Sic
2407 4615 2601 4659 omnes
2630 4616 2767 4657 mss.
2795 4598 2839 4656 E
2866 4597 3152 4661 contrario
3169 4613 3369 4657 attines
3384 4597 3559 4667 edit.,
3584 4606 3645 4656 at
3668 4613 3767 4655 non

2161 4682 2471 4744 reperiatur.

478 4776 3758 4811 W—“W

1646 4848 2001 4945 LIBER
2074 4852 2571 4944 SEXTUS.

540 5087 753 5167 1383
774 5089 958 5165 (Vera.
980 5060 1076 5163 29,
1101 5095 1220 5169 50.)
1250 5095 1321 5153 Et
1346 5098 1518 5154 omnis
1560 5097 1785 5170 populus
1812 5098 2057 5166 audiens,
2081 5096 2140 5160 D
2164 5113 2196 5151 α
2224 5098 2352 5168 ﬁliis
2396 5100 2507 5156 satis
2548 5100 2768 5175 (Matth.
2810 5116 2895 5171 ιι,
2951 5102 3066 5175 19).
3111 5102 3355 5161 Primum
3393 5116 3515 5178 qua:
3544 5104 3619 5161 sit
3662 5102 3768 5160 illa

462 5192 512 5237 et
545 5180 823 5245 Publiceni
853 5187 1267 5259 iustiﬁcaoerunt
1291 5189 1479 5259 Deum,
1531 5189 1782 5262 baptismi
1807 5191 2067 5263 baptismo

2169 5196 2459 5266 sapientia,
2491 5195 2579 5253 hic
2600 5198 2845 5254 videmus
2864 5213 3222 5270 expressum;
3252 5200 3331 5255 ait
3350 5202 3501 5256 enim
3525 5218 3537 5254 ;
3560 5196 3594 5254 ,1
3603 5196 3774 5269 ηεαρ-

469 5274 691 5337 Ioannis
745 5298 765 5338 :
794 5280 1052 5345 Pharisaei
1077 5296 1252 5347 autem
1282 5296 1337 5343 et
1358 5286 1641 5359 legisperiti
1672 5287 1949 5343 consilium
1973 5286 2073 5345 Dei
2169 5300 2416 5346 caverunt
2437 5288 2624 5345 Deum.
2654 5290 2795 5347 Deus
2815 5306 2952 5364 ergo
2972 5292 3241 5365 sapientia
3260 5303 3373 5350 est:
3397 5294 3522 5365 quia
3552 5292 3768 5364 sapien-

474 5386 775 5443 spreoerunt
801 5378 855 5433 in
880 5395 954 5447 se,
985 5396 1088 5435 non
1121 5379 1389 5452 baptizati.

452 5549 456 5552 ~
544 5470 594 5525 1.
624 5469 850 5541 Aperuit
878 5483 1099 5531 sanctus
1122 5474 1297 5532 Lucas
1320 5474 1652 5546 specialibus
1672 5470 1892 5544 additis,
1922 5473 2067 5548 quod

469 5563 630 5633 quasi
674 5565 1018 5637 generalibus
1064 5577 1290 5629 sanctus
1331 5567 1618 5629 llatthaeus
1665 5570 2069 5629 subobscuram

472 5658 765 5731 reliquerat
789 5676 805 5727 ς
837 5660 927 5717 ille
954 5662 1103 5723 enim
1131 5664 1209 5720 ait
1238 5681 1253 5719 :
1286 5664 1353 5721 Et
1390 5665 1681 5735 iustiﬁcata
1708 5673 1783 5718 est
1807 5664 2063 5730 sapientia

542 5787 568 5816 ει
597 5778 919 5854 Rom._edit.
971 5780 1130 5854 sola,
1156 5782 1252 5837 illa
1287 5780 1464 5854 genita
1515 5784 1611 5838 est.
1654 5778 1768 5854 Sed.
1808 5796 2073 5854 quorsum

472 5848 837 5925 istamutatio,
860 5866 985 5907 cum
1004 5850 1254 5910 Christus
1276 5848 1479 5924 passim
1504 5854 1560 5911 in
1582 5848 1807 5925 scriptis
1824 5848 2071 5925 Patrum,

471 5923 742 5998 variisque
770 5924 1043 5998 Symbolis
1062 5936 1183 5998 qua:
1214 5923 1513 5999 et’reclpit,
1533 5935 1589 5984 et
1623 5923 1870 5999 quotidie
1892 5932 2078 5982 cantat

2169 5383 2243 5438 tia
2280 5384 2370 5439 Dei
2403 5382 2570 5439 Filius
2613 5394 2735 5439 est:
2772 5386 3036 5457 sapientia
3068 5402 3165 5458 per
3192 5398 3466 5452 naturam,
3513 5401 3634 5442 non
3674 5399 3771 5455 per

2170 5474 2492 5546 profectum.
2516 5474 2636 5533 Alia
2670 5486 2757 5533 est
2782 5479 3052 5548 sapientia
3085 5480 3179 5534 Dei
3204 5480 3405 5536 Patris
3436 5479 3631 5544 virtus,
3655 5476 3771 5532 alia

2165 5570 2433 5636 sapientia
2462 5572 2636 5628 virtus
2667 5572 2867 5628 animm
2897 5589 2913 5627 :
2946 5580 2974 5611 ι
3011 5572 3101 5628 illa
3132 5582 3257 5652 nata
3283 5582 3390 5642 est,
3418 5572 3537 5628 haec
3564 5577 3769 5626 creata.

2167 5662 2289 5718 Alia
2314 5662 2577 5735 sapientia
2600 5675 2790 5723 auctor
2816 5680 3068 5737 operum,
3123 5662 3227 5721 alia
3255 5680 3427 5738 Opus;
3475 5680 3614 5737 opus
3634 5664 3777 5721 enim

2122 5844 2129 5845 ,
2181 5779 2449 5859 Ecclesia,
2491 5800 2610 5842 nou
2654 5785 2817 5843 modo
2839 5785 3067 5859 genitus,
3091 5797 3286 5842 verum
3313 5783 3482 5842 etiam
3512 5799 3577 5839 ea:
3626 5781 3780 5837 Patre

2181 5862 2336 5910 natus
2365 5854 2609 5915 dicatur.
