4156 6346
356 302 496 363 1669

1326 299 1696 365 EXPOSITIO
1730 306 1989 366 EVANG.
2029 304 2182 366 8E0.
2225 308 2380 369 LUC.
2420 312 2551 371 LIB.
2597 308 2683 370 Vl.

3512 314 3650 374 1670

350 418 550 475 mentis
572 432 769 491 sapere
793 418 1105 491 prudenter,
1135 421 1343 483 sentire
1373 421 1801 478 vivaciterJiaic
1816 422 1957 477 dona
1988 426 2039 485 Α
2072 421 2139 492 (il
2167 423 2297 497 Reg.
2332 441 2409 491 vr,
2444 428 2558 495 ll).
2593 410 2753 496 Ergo'
2768 439 2877 482 non
2922 425 3259 485 histrionicis
3309 428 3546 485 motibus
3584 434 3655 487 si.

350 524 559 566 naturae
573 520 719 567 sunt:
734 522 989 584 operator
1001 522 1181 569 autem
1198 528 1305 570 non
1318 526 1568 571 creatura
1582 515 1788 584 est,sed
1802 530 1956 571 crea-

346 611 454 668 tor,
469 606 572 659 hoc
582 614 689 672 est,
709 620 816 661 non
831 614 1036 662 naturae
1045 620 1265 672 munus,
1278 606 1375 664 sed
1394 617 1710 663 munerator
1722 615 1950 665 naturai.

415 696 470 748 2.
514 695 853 752 Justilicatur
879 699 1067 768 itaque
1108 698 1257 755 Deus
1306 699 1427 769 ipse
1456 715 1552 769 per
1600 700 1950 770 baptismum,

351 789 567 863 1385
596 790 723 846 dum
756 808 817 848 se
846 792 1103 849 homines
1134 807 1359 875 peccata
1395 796 1614 866 propria
1640 796 1953 851 confitendo

346 881 663 949 instilicattl,
678 885 819 939 sicut
832 886 1094 956 scriptum
1110 896 1215 942 est:
1236 886 1335 941 Dic
1353 896 1411 941 tu
1434 888 1729 959 iniquitates
1750 898 1952 955 tuas,ut

343 976 649 1045 iustiﬁceris
676 974 849 1048 (Esai.
879 992 1027 1045 sunt,
1057 977 1177 1048 26).
1219 978 1558 1062 Justilicatur
1591 981 1643 1036 in
1688 996 1778 1047 eo,
1827 981 1951 1052 quia

345 1085 454 1122 non
483 1085 579 1138 per
606 1071 1005 1126 contumaciam
1028 1072 1319 1139 refutatur,
1339 1072 1438 1128 sed
1468 1089 1564 1143 per
1572 1074 1840 1144 justitiam
1856 1074 1951 1131 Dei

345 1176 545 1216 tnnnus
570 1164 929 1233 agnoscitur:
969 1164 1155 1221 Justus
1200 1166 1347 1221 enim
1390 1164 1668 1235 Dominus,
1708 1179 1757 1222 et
1788 1169 1954 1241 justi-

345 1252 475 1306 tiam
502 1251 688 1309 dilexit
727 1254 903 1328 (Psal.
937 1271 993 1324 χ,
1022 1255 1103 1329 8).
1136 1255 1194 1312 ln
1232 1272 1301 1314 eo
1340 1273 1475 1331 ergo
1507 1258 1827 1329 )ostiﬂcatio
1856 1261 1950 1317 Dei

342 1354 450 1411 est,
482 1346 528 1400 si
552 1362 661 1400 non
691 1346 762 1402 ad
789 1346 1044 1419 indignos
1065 1356 1125 1404 ct
1149 1352 1445 1417 obnoxios,
1473 1353 1570 1413 sed
1596 1352 1664 1407 ad
1693 1353 1954 1410 innocen-

342 1448 425 1493 tes
455 1456 552 1509 per
580 1442 912 1499 ablutionem
947 1444 1119 1500 factos
1151 1444 1405 1503 videatur
1429 1455 1485 1504 et
1502 1448 1683 1520 iustos
1705 1464 1801 1505 sua
1828 1467 1946 1507 mu:

338 1549 471 1589 nera
502 1538 870 1595 transtulisse.
915 1538 1290 1599 Justiﬂcemus
1322 1542 1492 1615 igitur
1534 1544 1842 1616 Dominum,
1891 1557 1951 1604 ut

334 1628 702 1700 justiﬂcemur
723 1648 754 1687 a
786 1633 1041 1691 Domino.

407 1728 464 1778 Et.
498 1724 637 1793 Quid
680 1729 753 1782 sit
785 1728 1077 1799 iustificari
1113 1728 1308 1801 Deum,
1359 1734 1666 1806 impensius
1704 1738 1950 1808 requira-

2061 509 2209 565 nuati
2238 510 2486 579 corporis
2512 510 2713 580 saltus,
2757 512 2855 567 sed
2887 512 3116 584 impigre
3144 516 3345 571 mentis
3374 557 3389 583 ,
3436 527 3488 572 ct
3531 518 3659 573 reli-

2055 605 2207 675 giosa
2228 606 2475 675 corporis
2501 606 2721 676 agilitas
2748 605 3084 677 designatur.
3112 608 3223 664 Sed
3248 625 3355 664 non
3380 611 3432 665 in
3466 611 3660 666 trium-

2057 696 2201 766 phis,
2229 712 2338 752 uon
2369 697 2423 754 in
2447 697 2679 753 excidiis
2699 697 3012 755 luds-orum
3036 710 3223 757 secuta
3250 703 3524 759 correctio
3551 714 3657 771 est,

2054 790 2148 859 qui
2176 789 2378 847 divina:
2402 790 2757 861 indulgentia)
2785 793 3104 849 muneribus
3140 796 3445 864 provocati,
3473 796 3656 852 levare

2053 889 2319 949 mentem,
2350 899 2546 954 corpus
2573 883 2830 941 attollere
2858 925 2875 952 ,
2906 894 3122 942 terrena
3146 888 3404 945 deserere
3422 926 3439 956 ,
3463 890 3659 947 coales-

2058 974 2130 1031 tia
2148 962 2403 1046 quaerere
2439 977 2769 1043 debuerunt,
2800 986 2854 1033 ct
2880 978 3099 1048 injuriis
3136 982 3473 1052 captivitatis
3497 988 3657 1040 attri-

2056 1069 2092 1127 ti
2107 1106 2124 1136 ,
2154 1067 2359 1125 deﬂere
2372 1079 2679 1139 peccatum,
2694 1071 2839 1144 quod
2855 1072 3012 1143 culpa
3028 1082 3179 1130 esset
3204 1087 3398 1133 auctor
3416 1076 3651 1148 injuriae.

2127 1161 2183 1215 6.
2215 1159 2399 1233 (Vera.
2428 1161 2547 1232 35.)
2576 1160 2877 1233 Justiﬁcato
2894 1176 2968 1220 est
2996 1180 3127 1236 ergo
3157 1167 3433 1237 Sapientia
3457 1170 3522 1225 ab
3545 1188 3655 1229 om-

2054 1250 2205 1308 nibus
2226 1254 2355 1323 ﬁliis
2382 1256 2512 1310 suis.
2544 1257 2691 1318 Bene
2728 1258 2799 1315 ab
2821 1258 3104 1329 omnibus,
3127 1263 3256 1331 quis
3283 1265 3431 1320 circa
3461 1280 3653 1323 omnes

2047 1347 2261 1419 justitia
2285 1360 2566 1419 servator,
2595 1359 2659 1409 ut
2677 1354 2955 1423 susceptio
2982 1356 3078 1411 tiat
3106 1355 3350 1442 fidelium
3376 1397 3393 1425 ,
3423 1358 3654 1430 rejectio

2052 1448 2404 1517 perfidorum.
2444 1449 2598 1507 Unde
2642 1450 2889 1521 plerique
2933 1452 3109 1508 (ir-mei
3153 1452 3233 1509 sic
3262 1452 3654 1513 habentzJus-

2053 1542 2254 1609 tiﬁcuta
2274 1552 2350 1597 est
2378 1542 2654 1614 Sapientia
2673 1544 2739 1598 ab
2771 1545 3009 1601 omnibus
3040 1545 3280 1617 operibus
3310 1550 3417 1603 suis
3442 1565 3462 1615 ;
3507 1550 3651 1620 quod

2051 1648 2191 1704 opus
2213 1634 2442 1705 iustitiae
2468 1636 2563 1704 sit,
2593 1636 2739 1693 circa
2783 1638 3211 1711 uniuscujusque
3251 1643 3506 1701 meritum
3537 1659 3654 1701 ser-

2053 1742 2182 1785 vare
2206 1743 2543 1789 mensuram.

334 1832 481 1873 mus.
514 1818 816 1890 Apostolus
844 1821 976 1878 dicit
1008 1840 1023 1877 :
1058 1824 1142 1879 Sit
1171 1834 1344 1881 autem
1390 1829 1527 1884 Deus
1557 1846 1735 1897 veras,
1780 1833 1939 1886 munia

2125 1822 2177 1879 7.
2210 1821 2359 1881 Bene
2376 1838 2508 1892 ergo
2536 1822 2669 1880 dicit
2695 1839 2709 1878 :
2733 1822 3073 1881 Cantauimus
3096 1826 3241 1885 vobis
3265 1866 3281 1895 ,
3307 1838 3358 1883 et
3401 1845 3505 1885 non
3543 1831 3649 1887 sale

329 1921 506 1967 autem
537 1914 691 1969 homo
716 1917 959 1982 mendas,
988 1918 1122 1973 sicut
1147 1921 1401 1992 scriptum
1435 1933 1511 1979 est
1548 1938 1567 1979 :
1604 1925 1672 1981 Ut
1690 1927 1951 1999 justi/iee-

331 2006 411 2059 ris
434 2005 489 2059 in
520 2006 843 2063 sermonibus
872 2009 999 2076 tuis,
1037 2018 1090 2066 et
1112 2012 1289 2068 uineas
1329 2030 1443 2070 cum
1460 2016 1724 2089 jndiceris
1767 2016 1946 2089 (llam.

330 2112 419 2165 ιιι,
449 2097 528 2169 4).
563 2099 734 2155 David
765 2115 983 2174 quoque
1006 2102 1138 2159 dicit
1169 2118 1183 2159 t
1219 2105 1334 2160 Tibi
1362 2108 1461 2163 soli
1490 2110 1718 2180 peccavi,
1748 2121 1797 2166 et
1833 2126 1947 2166 ms~

330 2194 442 2247 lum
469 2209 643 2247 coram
675 2206 723 2249 te
755 2197 884 2266 feci;
914 2207 971 2251 ut
988 2200 1299 2269 justiﬁceris
1330 2203 1383 2257 in
1405 2205 1724 2263 sermonibus
1749 2206 1870 2273 tuis,
1900 2216 1948 2261 st

329 2286 511 2340 uincas
538 2302 657 2340 eum
674 2287 944 2361 jndicaris
974 2288 1149 2362 (Paul.
1175 2309 1228 2359 ι.¹
1255 2292 1331 2365 6).
1358 2296 1504 2366 Ergo
1533 2297 1581 2352 is
1607 2298 1700 2368 qui
1732 2308 1945 2369 peccat,

329 2387 389 2434 et
414 2380 713 2436 conﬁtetur
752 2380 869 2437 Deo
911 2393 1215 2453 peccatum,
1243 2385 1509 2457 justilicst
1547 2390 1716 2445 Deum
1742 2390 1946 2447 cedens

328 2475 382 2527 ei
416 2474 685 2543 vincenti,
712 2484 768 2530 et
797 2475 868 2530 ab
892 2491 959 2531 eo
986 2478 1218 2548 gratiam
1259 2495 1508 2550 sperans.
1536 2481 1596 2536 in
1617 2484 1945 2553 baptismate

330 2565 502 2636 igitur
520 2566 857 2638 justilicatur
880 2567 1081 2637 Deus,n
1104 2571 1159 2627 in
1189 2586 1301 2643 quo
1323 2580 1409 2632 est
1433 2574 1737 2645 confessio,
1768 2587 1827 2634 et
1849 2594 1945 2637 ve-

329 2660 423 2714 nia
458 2672 834 2728 peccatorum.

410 2752 629 2828 1385
656 2754 714 2808 4.
745 2754 866 2811 Non
879 2764 1301 2815 contemnamus
1324 2760 1490 2831 igitur
1513 2762 1942 2821 sicutPirarlsaei

326 2846 626 2900 consilium
641 2847 1076 2906 Dei.Consilium
1095 2851 1192 2906 Dei
1224 2861 1311 2907 est
1342 2853 1398 2908 in
1428 2853 1938 2926 baptismateioan-

2018 1918 2200 1973 .tustis
2227 1916 2423 1991 (Exod.
2449 1935 2537 1985 xv,
2572 1921 2647 1989 l).
2695 1918 2948 1976 Cantavit
2995 1923 3144 1978 enim
3190 1924 3406 1994 Moyses
3431 1927 3651 1996 quando

2051 2012 2105 2068 in
2133 2014 2272 2070 mari
2296 2014 2482 2075 Rubro
2519 2016 2587 2071 ad
2618 2018 2909 2073 transitum
2938 2016 3253 2077 ludatur-out
3279 2020 3474 2076 ﬂuetus
3502 2021 3651 2079 obri-

2048 2107 2191 2176 guit,
2223 2107 2367 2165 unda
2395 2109 2792 2176 circumstetit,
2816 2110 3120 2183 cadentque
3146 2127 3321 2183 equos
3362 2113 3650 2186 Ευριίοο

2048 2214 2208 2267 rurn,
2258 2216 2696 2274 ascertsoresque
2759 2204 2945 2263 retusa
3010 2206 3291 2262 demersit.
3320 2218 3342 2247 ο
3397 2208 3652 2265 (laniavit

2044 2294 2234 2351 Esaias
2263 2296 2481 2353 dilectae
2508 2300 2681 2354 vinea:
2708 2314 2821 2356 suae
2847 2301 3123 2357 canticum
3170 2301 3345 2374 (Esai.
3384 2319 3438 2370 ν,
3468 2303 3547 2375 1),
3570 2305 3645 2361 si-

2044 2388 2310 2459 gnificaus
2335 2405 2586 2463 asperam
2624 2391 2847 2464 ﬂagitiis
2878 2393 2997 2450 fore
3024 2394 3237 2463 plebem
3259 2434 3276 2465 ,
3300 2411 3421 2466 quae
3449 2395 3645 2453 fecun-

2044 2482 2131 2537 dis
2188 2485 2339 2553 prius
2383 2495 2507 2543 erat
2571 2486 2856 2543 virtutibus
2921 2488 3226 2545 iructuosa.
3275 2490 3647 2548 Cantaverunt

2042 2573 2283 2641 llebrtei,
2307 2592 2431 2635 cum
2460 2578 2691 2648 vestigia
2717 2594 2911 2635 eorum
2959 2588 3106 2636 tactu
3148 2580 3382 2639 ﬂentium
3410 2584 3647 2641 rorantis

2046 2668 2455 2737 humescerent,
2480 2682 2537 2727 et
2559 2670 2709 2727 intus
2729 2683 2993 2744 extraque
3024 2674 3345 2734 ardentibus
3368 2676 3642 2744 erunibus;

2042 2762 2193 2817 Solos
2223 2774 2405 2818 tamen
2458 2764 2601 2835 ignis
2632 2765 2887 2820 innoxius
2918 2766 3185 2823 lamberet
3211 2809 3226 2836 ,
3258 2783 3360 2823 nec
3391 2770 3647 2827 adureret

2045 2852 2213 2925 (Dan.
2242 2870 2324 2923 ιιι,
2347 2856 2469 2928 24).
2497 2856 2751 2912 llabacuo
2768 2873 2989 2929 quoque
3015 2859 3229 2917 cantico
3250 2860 3523 2931 publicant
3547 2864 3646 2919 do-

330 2938 593 3009 nis:quis
614 2940 781 3011 igitur
800 2942 1010 3001 dubitet
1042 2945 1137 3000 Dei
1163 2961 1285 3003 esse
1315 2949 1607 3005 consilium
1648 2949 1708 3006 in
1729 2952 1938 3009 Christi
2037 2961 2160 3007 ctus
2182 2951 2424 3011 mulcere
2442 2952 2786 3019 malitiam,
2804 2953 3151 3024 prophetarit
3176 2954 3395 3015 dulcem
3423 2956 3642 3014 Domini

330 3032 723 3089 lavacro'Hloc
748 3038 1133 3093 estconsilium
1162 3040 1308 3110 quod
1332 3043 1940 3117 magniconsiliiAnge-
2039 3042 2159 3099 fore
2188 3043 2445 3102 fidelibus
2484 3046 2795 3117 passionem
2837 3046 3067 3120 (Hahae.
3100 3064 3200 3118 ιιι,
3251 3049 3333 3123 2).
3375 3050 3643 3110 Cantave—

328 3123 417 3178 lus
446 3125 672 3193 reperit,
696 3127 840 3197 quod
872 3143 1035 3185 nemo
1060 3138 1356 3202 cognovit:
1384 3135 1512 3201 Quis
1540 3137 1681 3190 enim
1701 3139 1939 3209 cognorit
2038 3145 2167 3191 runt
2196 3151 2333 3208 ergo
2357 3137 2643 3208 prophetae
2672 3139 3015 3210 spiritalibus
3038 3142 3275 3213 modulis
3296 3145 3528 3216 publica:
3558 3161 3645 3202 sa-

326 3235 542 3273 sensum
569 3219 775 3281 Domini
812 3222 990 3295 (Rom.
1050 3238 1129 3292 st,
1159 3222 1300 3296 34)?
1346 3227 1599 3284 Hominis
1643 3233 1935 3288 consilium
1964 3230 2013 3295 C
2043 3229 2172 3291 lotis
2199 3233 2422 3291 oracula
2449 3233 2802 3291 resultantes.
2843 3236 3139 3294 Flcverunt
3182 3240 3467 3310 prophetis
3496 3241 3645 3299 thre-

326 3327 497 3367 rtemo
526 3314 865 3382 contemnit,
917 3316 1013 3371 Dei
1039 3319 1330 3374 consilium
1354 3322 1478 3391 quis
1520 3322 1763 3379 refutet?
1792 3325 1936 3397 Ergo
2042 3326 2127 3381 nis
2148 3327 2427 3385 ﬂebilibus
2444 3328 2583 3385 dura
2607 3329 2921 3389 «iudicarunt
2940 3334 3109 3390 corda
3137 3337 3459 3394 mulcentes.

325 3404 489 3473 quasi
515 3404 609 3458 lilii
642 3417 873 3461 matrem
899 3407 1263 3478 justilicemus
1285 3452 1299 3481 ,
1352 3421 1584 3470 matrem
1615 3430 1934 3486 sequamur.
2113 3422 2167 3475 8.
2199 3416 2227 3457 εἰ
2255 3420 2452 3479 Docuit
2477 3438 2579 3481 nos
2603 3422 2888 3496 Scriptura
2919 3439 3147 3487 oarrtare
3183 3431 3424 3502 graviter
3450 3470 3467 3500 ,
3500 3436 3645 3505 psal-

326 3498 550 3554 Scimus
574 3501 698 3570 quia
727 3501 915 3557 'muter
961 3519 1061 3574 pro
1110 3505 1243 3560 [iliis
1288 3522 1351 3562 se
1397 3508 1559 3563 oﬂ'ert
1608 3510 1876 3580 periculo.
1908 3511 1935 3553 ι’
2040 3511 2157 3567 lere
2187 3512 2507 3584 spiritaliter
2534 3516 2707 3588 (Psal.
2735 3536 2880 3587 ssvt,
2912 3520 2992 3594 8).
3020 3498 3219 3579 Docuit
3247 3527 3414 3583 etiam
3440 3498 3645 3587 saltare

326 3590 518 3647 Matris
547 3591 1101 3665 sapientizeconsilio,
1130 3600 1933 3676 matrisobediamusimperio.
2037 3608 2335 3679 sapienter,
2386 3610 2609 3670 dicente
2658 3614 2894 3674 Domino
2950 3590 3024 3674 ad
3078 3620 3385 3679 Ezechiel:
3433 3623 3642 3681 Plaude

402 3685 720 3759 (νει-ὠς..)
741 3687 1073 3747 Camerinus
1092 3693 1307 3762 nobis,“
1324 3713 1427 3752 non
1447 3697 1680 3755 soltastis
1703 3700 1937 3759 :lamsno
2039 3719 2218 3770 manu,
2236 3716 2283 3758 et
2314 3718 2529 3776 peremo
2548 3710 2679 3778 pede
2708 3709 2931 3782 (Esses.
2975 3726 3029 3770 vr
3055 3756 3070 3782 ,
3106 3715 3227 3789 ll);
3274 3733 3454 3790 neque
3497 3723 3642 3777 enim

328 3779 575 3847 lauimus,
595 3791 642 3835 at
664 3799 767 3837 non
799 3782 1070 3854 plot-ostia.
2042 3806 2067 3838 ο
2090 3798 2448 3859 histrionicas
2472 3802 2602 3859 ﬂuxi
2632 3779 2882 3877 corporis
2909 3821 3093 3866 minus
3109 3811 3258 3869 Deus
3270 3828 3487 3871 morum
3513 3832 3646 3874 cen-

406 3873 460 3929 5.
490 3873 609 3929 Etsi
635 3891 743 3931 non
802 3879 1102 3951 incongrua
1150 3880 1269 3939 haec
1318 3899 1612 3954 puerorum
1645 3889 1935 3947 videantur

330 3982 457 4023 esse
487 3983 757 4039 personae,
786 3972 879 4042 qui
898 3973 1078 4028 levem
1104 3977 1354 4043 corporis
1386 3986 1595 4036 motum
1620 3982 1939 4053 impruden-

333 4060 412 4115 tia
432 4060 610 4115 adbuc
638 4065 951 4121 maturioris
972 4069 1257 4137 gravitatis
1302 4084 1600 4141 exercent;
1658 4086 1842 4133 tamen
1865 4079 1934 4135 ad

327 4151 583 4208 altiorem
605 4169 825 4211 sensum
878 4157 1072 4215 referri
1120 4176 1281 4231 posse
1336 4178 1651 4236 praesumo,
1690 4183 1759 4225 eo
1788 4173 1936 4242 quod

326 4246 618 4303 videantur
641 4248 837 4318 Judaei,
888 4268 987 4309 nec
1039 4256 1266 4326 psalmis
1318 4259 1529 4329 primo,
1572 4274 1675 4318 nec
1724 4264 1936 4322 threnis

327 4350 518 4413 postea
574 4345 908 4416 propheticis
949 4349 1255 4408 credidisse
1288 4370 1302 4407 :
1347 4355 1574 4425 psalmis
1612 4358 1683 4413 ad
1710 4362 1934 4430 praemia

329 4441 636 4509 provocati,
674 4441 882 4497 threais
910 4443 983 4499 ab
1016 4458 1207 4503 errore
1245 4450 1511 4505 revocati.
1544 4450 1799 4510 Cantavit
1826 4456 1935 4512 Da-

326 4534 525 4597 vid,ut
560 4535 614 4590 in
662 4537 921 4593 salicibus
970 4550 1156 4596 nostra
1201 4544 1673 4613 suspenderentur
1729 4565 1934 4621 organa

2037 3904 2132 3949 sor
2161 3894 2445 3965 exigeret,
2467 3906 2563 3952 aut
2607 3898 2863 3973 1386‘
2896 3903 3189 3962 indecorus
3206 3910 3447 3979 crepitus
3475 3913 3607 3967 viris
3629 3956 3643 3981 ,

2037 3988 2375 4059 plaususque
2402 3993 2667 4049 femineos
2722 3998 3043 4069 imperaret,
3086 4013 3143 4057 ut
3172 4011 3380 4059 tantum
3404 4005 3645 4077 propbc.

2039 4086 2148 4135 tam
2173 4080 2474 4140 deduceret
2500 4086 2569 4141 ad
2598 4087 2833 4145 ludibria
2853 4094 3219 4165 secuicorum,
3244 4108 3301 4154 et
3335 4101 3521 4156 mollia
3563 4103 3643 4160 fe-

2037 4172 2333 4229 minarum.
2387 4175 2505 4232 Non
2556 4191 2863 4251 congruunt
2923 4192 3345 4248 resurrectionis
3409 4194 3647 4265 revelata

2038 4271 2333 4341 mysteria,
2358 4283 2414 4331 et
2433 4276 2730 4347 opprobria
2750 4279 3061 4339 saltationis
3104 4295 3321 4342 exacta.
3373 4289 3521 4345 Sane
3561 4300 3647 4346 est

2039 4362 2262 4433 quidam
2287 4368 2546 4438 proprius
2564 4369 2833 4428 bonorum
2861 4385 3081 4431 actuum
3094 4376 3467 4452 laetorumque
3492 4382 3646 4452 plan-

2039 4471 2157 4526 sua,
2188 4459 2347 4530 cujus
2390 4476 2561 4519 sonus
2588 4463 2646 4519 in
2676 4466 2867 4522 orbem
2893 4478 3071 4534 exest,
3102 4479 3158 4525 et
3186 4470 3327 4528 bene
3363 4486 3647 4544 gestorum

2041 4551 2273 4609 resultet
2303 4556 2502 4626 gloria.
2545 4557 2613 4612 Et
2660 4557 2889 4616 honesta
2930 4562 3188 4630 saltatio,
3241 4580 3347 4636 qua
3389 4568 3649 4639 tripadist

329 4625 513 4698 (Psal.
537 4643 757 4694 cxxxvr,
783 4628 866 4703 2).
893 4628 1149 4689 Cantavit
1176 4635 1294 4703 ipse
1322 4677 1337 4702 ,
1367 4646 1423 4692 et
1449 4646 1579 4694 ante
1604 4655 1790 4697 arcam
1817 4643 1924 4699 Do-
1953 4625 2011 4689 Ι)
2034 4647 2269 4715 animus,
2290 4625 2345 4704 et
2368 4651 2528 4708 bonis
2556 4665 2760 4724 corpus
2804 4656 3063 4725 operibus
3110 4625 3360 4718 elevatur
3386 4698 3405 4730 ,
3428 4625 3650 4735 quando

328 4720 466 4775 mini
488 4736 604 4777 non
648 4735 747 4792 pro
787 4724 1007 4780 lascivia
1037 4766 1055 4794 ,
1104 4727 1205 4785 sed
1251 4743 1350 4799 pro
1396 4730 1662 4804 religione
1708 4736 1931 4794 saltavit

406 4871 431 4940 ξι
466 4862 613 4920 Hanc
648 4861 858 4940 primis“
886 4860 1139 4923 Ecclesia:
1172 4867 1508 4940 temporibus
1543 4878 1759 4929 constat
1790 4872 1933 4929 ohtl-

328 4935 518 4991 nuisse
542 4935 1015 5014 consuetudinem,
1047 4949 1105 4994 ut
1142 4935 1299 4997 sacro
1331 4943 1655 5014 baptismate
1673 4944 1930 5002 abluendi

327 5018 439 5060 non
484 5009 650 5064 modo
689 5007 914 5077 jejuniis
940 5020 1105 5081 atque
1131 5007 1467 5071 orationibus
1492 5031 1617 5073 sese
1656 5017 1724 5074 sd
1746 5032 1931 5073 sacra-

328 5089 571 5157 mentum
621 5081 1050 5150 regenerationis
1096 5096 1485 5157 pra-pararent,
1533 5104 1720 5157 verum
1758 5091 1924 5145 etiam

326 5149 677 5232 confessione
699 5149 1072 5232 peccatorum.
1096 5149 1266 5232 linjus
1293 5149 1643 5221 moris'testis
1664 5156 1922 5232 Cyrillus,

327 5219 545 5299 ilict-os.
579 5219 804 5299 Catgﬁteh.
831 5226 891 5290 l;
924 5221 1087 5299 ρης.
1114 5219 1298 5299 Nisa,
1328 5233 1477 5286 Orat.
1507 5231 1601 5297 4ο,
1624 5235 1677 5287 in
1703 5219 1923 5289 sacrum

327 5292 639 5372 lavacrum;
664 5294 889 5372 Chrys.,
921 5292 1080 5372 ιιοηῐ.
1106 5292 1196 5368 ισ,
1223 5292 1356 5358 ἱιιό.
1390 5319 1486 5360 xnt
1521 5292 1736 5372 uatth.,
1760 5314 1815 5361 et
1833 5305 1926 5360 So-

323 5375 532 5442 crates,
567 5368 706 5442 Hist.
731 5366 893 5442 ccci”
921 5368 1045 5442 |_._V,
1092 5386 1142 5426 c-
1184 5366 1291 5435 l7:
1327 5366 1565 5442 Tertul.,
1597 5372 1691 5437 lib.
1724 5366 1794 5432 de
1821 5376 1925 5431 Ba-

327 5436 480 5505 ptis.,
513 5454 563 5494 c.
592 5440 683 5505 l9,
704 5448 759 5494 et
783 5437 894 5495 alii.
927 5436 1131 5497 Verum
1162 5444 1301 5501 hanc
1320 5436 1717 5506 confessionem
1738 5463 1925 5507 sacra-

325 5520 573 5591 mentum
599 5528 706 5591 non
734 5510 920 5591 fuisse,
951 5513 1046 5591 sed
1088 5524 1294 5591 tantum
1336 5518 1404 5573 ad
1435 5518 1764 5591 baptismum
1798 5520 1925 5577 reli-

323 5581 535 5654 giosios
555 5582 961 5654 suscipiendum
990 5585 1403 5654 dispositionem
1423 5581 1719 5654 prudenter
1738 5591 1924 5651 admo-

324 5652 446 5708 nuit
482 5652 772 5736 Menard-os
814 5664 1001 5714 uoster
1028 5652 1099 5715 In
1146 5656 1385 5719 Sacram.
1413 5652 1596 5736 Gr¢g.,
1631 5679 1754 5735 pag.
1797 5663 1926 5729 158,

326 5740 490 5794 quem
523 5727 772 5783 consule.

398 5794 427 5834 δ
462 5796 593 5875 Mss.
623 5813 730 5875 non
754 5796 937 5875 pauci,
988 5799 1170 5875 Matris
1197 5805 1421 5875 sapienti
1459 5805 1697 5875 consilio.
1728 5803 1878 5862 Unus
1908 5848 1925 5875 ,

333 5864 525 5924 Hatris
549 5864 833 5941 sapientiai,
868 5873 1047 5927 matris
1087 5864 1323 5931 consilio.
1376 5872 1569 5935 Melius
1609 5877 1700 5933 alii
1722 5915 1741 5946 ,
1764 5864 1930 5951 atque

2034 4738 2092 4795 in
2115 4740 2379 4799 salicibus
2399 4758 2601 4816 organa
2624 4754 2812 4805 nostra
2832 4749 3239 4821 suspendium.

2038 4882 2202 4963 edit.,
2234 4880 2733 4963 MatrisSapientiw
2762 4891 2982 4949 consilio
3010 4913 3031 4962 ;
3063 4908 3119 4953 ut
3149 4911 3345 4963 nempe
3373 4898 3644 4959 referatur

2033 4957 2119 5083 ait!
2133 4961 2386 5029 superius
2423 4957 2561 5019 illud
2589 4981 2601 5019 :
2632 4963 2703 5020 Et
2731 4957 3024 5041 justi/irata
3051 4978 3131 5025 est
3158 4957 3481 5041 Sapientiae
3515 4957 3643 5045 ﬁliis

2117 5046 2165 5084 s.

2032 5044 2341 5183 .ltom.
2368 5106 2504 5169 edit.
2532 5107 2677 5179 sola,
2718 5109 2958 5169 Cantium
2995 5112 3190 5173 Esaias
3236 5115 3429 5174 dilecto
3464 5118 3642 5181 dilecti

2031 5187 2581 5335 υυῖξεαέῐὲιξὸι-ξιτεδ.3
2596 5250 2795 5335 docuit
2816 5256 2973 5335 etiarn
2996 5254 3220 5327 psallere
3247 5262 3527 5335 sapienter.
3702 5312 3705 5315 ι

2104 5329 2127 5356 θ
2169 5320 2291 5377 Vet.
2343 5323 2503 5390 cdit.,
2532 5324 2883 5405 _ltistrionicos
2933 5320 3083 5399 ﬂuxu
3134 5320 3369 5405 corpor'is
3442 5347 3630 5393 tholus.

2026 5387 2187 5473 Rom.
2212 5408 2347 5473 eum
2390 5387 2578 5464 paucis
2605 5414 2762 5468 mss,
2805 5387 2947 5473 ﬂexu
2991 5387 3282 5471 corporis:
3318 5387 3635 5473 infiniti

2027 5463 2190 5550 malle:
2210 5463 2403 5550 Plures
2435 5476 2615 5550 tamen
2638 5485 2707 5529 ac
2747 5463 2985 5543 potiores
3009 5512 3026 5542 ,
3053 5463 3188 5545 ﬂuxi
3209 5515 3225 5544 ,
3253 5463 3368 5537 etc.
3389 5463 3500 5541 hoc
3521 5463 3637 5550 est,

2028 5534 2214 5589 mollis
2243 5546 2299 5592 et
2317 5532 2641 5596 effeminati.

2108 5603 2126 5687 ξ
2172 5606 2314 5695 ῌάὶι.
2342 5626 2410 5695 ac
2432 5626 2564 5695 mss.
2594 5615 2864 5681 nonnulli,
2885 5618 3160 5695 indecoros
3174 5624 3435 5695 strepitus
3460 5627 3582 5682 siris
3607 5645 3629 5695 ;

2028 5675 2124 5763 alii
2151 5679 2335 5763 plores
2360 5684 2816 5763 et_potiores,...._
2832 5675 3061 5760 crepitus
3086 5675 3232 5751 siris.
3271 5675 3524 5763 institi}
3539 5675 3638 5755 so:-

2029 5746 2396 5884 33;.ng
2424 5746 2567 5814 inter
2603 5746 2939 5821 saltandum'
3184 5746 3244 5827 et
3280 5746 3637 5840 amitis.
