4186 6358
394 306 532 366 16ἳό

1360 309 1730 374 EXPOSITIO
1770 311 2033 373 EVANG.
2070 314 2219 378 SEC.
2260 321 2415 385 LUC.
2458 328 2590 388 LIB.
2635 335 2719 392 Vl.

388 434 496 495 tns,
524 423 614 483 ubi
645 426 844 486 ﬂetus?
876 426 1075 497 Venite,
1096 428 1392 498 adoremus,
1423 443 1471 490 et
1511 434 1844 504 prociduam:
1869 445 1985 489 ante
2009 432 2066 495 Α
2162 439 2254 495 21.
2281 441 2462 512 (Vers.
2489 446 2610 521 46.)
2653 450 2853 509 Beatus
2895 457 2987 526 qui
3037 467 3216 532 potest
3259 474 3312 524 et

3549 361 3687 422 1674

3341 469 3462 529 oleo
3492 491 3696 550 ungere

2590 519 2598 521 _
2913 519 2923 526 .
3038 519 3052 532 .
3203 519 3207 520 ν
3266 519 3310 524 --
3346 519 3460 529 νην
3495 519 3564 534 ι...
3604 519 3692 539 ..υ

384 519 555 578 Deum
579 565 594 589 ,
625 533 674 578 et
704 523 966 594 ploremus
990 534 1110 581 ante
1140 525 1420 582 Dominum
1444 538 1676 583 nostrum
1701 572 1716 595 ,
1747 531 1832 599 qui
1863 529 1986 600 fecit
2089 533 2256 604 pedes
2281 535 2482 596 Christi
2519 560 2532 595 :
2565 543 2799 612 denique
2843 551 3018 608 adhuc
3058 556 3245 616 Simon
3301 579 3407 621 non
3441 519 3692 630 unxgrat.

380 632 479 673 nos
509 615 686 688 (Psal.
720 634 868 687 xcxv,
895 620 990 692 6);
1023 628 1085 677 ut
1124 621 1317 677 saltem
1353 621 1420 678 ad
1451 623 1616 693 pedes
1637 622 1764 679 Jesu
1797 624 1984 680 venire
2088 625 2196 725 §ed
2246 630 2462 690 beatior
2486 653 2608 708 qum
2638 642 2793 699 unxit
2835 661 3146 720 unguenta;
3195 615 3492 719 multorum
3758 675 3768 680 “

377 713 672 782 possimus.
704 713 954 771 Nondum
982 716 1128 772 enim
1161 731 1451 788 possumus
1484 716 1551 774 ad
1578 719 1980 790 caputvenire,

374 807 503 878 quia
536 819 788 879 peccator
815 811 880 866 ad
907 811 1094 882 pedes,
1123 812 1350 883 ejustus
1369 812 1435 868 ad
1466 822 1649 884 caput.

450 902 540 957 17.
596 901 774 959 Habet
822 911 1002 961 tamen
1057 912 1113 961 et
1161 921 1282 976 quae
1331 907 1576 977 peccavit
1622 916 1976 979 unguentum.

378 994 596 1069 1388
626 996 784 1054 Deler
808 997 941 1054 mihi
977 1007 1033 1057 et
1078 1007 1132 1056 tu
1167 1008 1289 1069 post
1327 1011 1544 1087 peccata
1574 1002 1974 1073 paenitentiam.

369 1086 726 1161 Quocumque
751 1091 837 1146 vel
882 1089 910 1130 δ
957 1092 1012 1148 in
1038 1091 1258 1148 domum
1291 1086 1633 1165 indigni,vel
1673 1094 1728 1150 in
1753 1095 1976 1151 domum

367 1180 627 1253 pharisaei
653 1183 892 1242 audieris
910 1185 1114 1257 justum
1136 1188 1376 1255 venisse,
1403 1188 1672 1245 contende
1701 1207 1716 1246 :
1745 1189 1978 1260 praeripe

367 1275 573 1349 liOSpiti
597 1277 854 1348 gratiam,
889 1284 1123 1351 praerlpe
1143 1296 1369 1351 regnum
1400 1281 1662 1337 caelorum
1689 1297 1703 1334 :
1727 1281 1773 1335 A
1799 1280 1976 1337 diebus

366 1370 513 1426 enim
543 1369 768 1426 Joannis
787 1370 1163 1442 Baptistae"...
1191 1389 1409 1446 regnum
1457 1374 1701 1429 castorum
1747 1374 1970 1446 cogitur,

362 1474 415 1521 et
445 1475 680 1536 cogentes
709 1465 970 1538 diripiunt
993 1467 1128 1522 illud
1174 1467 1393 1542 (Matth.
1449 1483 1524 1535 ιιι,
1560 1466 1675 1540 12).
1715 1467 1972 1526 Ubicum-

363 1573 471 1630 que
495 1559 735 1615 audieris
759 1557 962 1615 Christi
991 1575 1188 1618 nomen
1225 1603 1240 1628 ,
1269 1577 1496 1618 accurre
1522 1581 1536 1616 :
1569 1562 1623 1617 in
1662 1562 1974 1634 cujuscum-

361 1667 469 1722 que
495 1652 812 1710 interiorem
835 1652 1057 1709 domum
1080 1653 1264 1710 Iesum
1288 1655 1522 1710 intrasse
1543 1655 1884 1726 cognoveris,
1916 1665 1972 1712 et

360 1745 480 1816 ipse
508 1747 725 1803 festina.
753 1745 889 1803 Cum
922 1748 1195 1814 repereris
1223 1746 1569 1818 sapientiam,
1600 1763 1722 1803 eum
1748 1763 1968 1818 repere-

358 1839 436 1896 ris
471 1839 741 1910 justitiam
790 1841 844 1896 in
875 1842 1104 1910 alicujus
1130 1839 1500 1913 penetralibus
1531 1827 1962 1909 recumbentem,
1996 1831 2045 1893 B

356 1947 586 1990 accurre
609 1935 676 1987 ad
707 1932 874 2005 pedes
899 1975 914 2000 ,
959 1932 1063 1989 hoc
1118 1941 1246 2001 est,
1299 1933 1384 1990 vel
1423 1943 1722 1990 extremam
1756 1943 1966 2005 partem

356 2044 542 2101 quaere
571 2030 875 2100 sapientiae.
900 2027 1022 2084 Noli
1046 2027 1294 2085 fastidire
1319 2028 1535 2100 pedeS':
1578 2029 1850 2084 ﬁmbriam
1875 2028 1965 2084 illa

358 2123 559 2194 tetigit,
589 2131 646 2179 et
669 2132 856 2179 sanata
889 2130 972 2179 est
995 2122 1146 2196 (Luc.
1180 2137 1294 2186 vnt,
1327 2122 1441 2191 41).
1471 2119 1752 2193 Lacrymis
1780 2119 1952 2176 canti-

355 2227 476 2277 tere
501 2219 727 2286 delicta,
760 2220 906 2277 dicat
925 2221 994 2278 de
1021 2229 1074 2278 te
1100 2237 1317 2293 quoque
1333 2221 1539 2293 justitia
1569 2220 1662 2277 illa
1685 2221 1962 2278 caelestis:

426 2313 612 2388 (Vers.
654 2316 774 2386 44.)
822 2315 1090 2389 Lacrymis
1143 2318 1252 2373 suis
1280 2317 1468 2389 rigavit
1514 2317 1671 2389 pedes
1713 2333 1888 2385 meos,
1918 2325 1968 2374 et

351 2413 563 2486 capillis
583 2415 693 2471 suis
723 2416 890 2471 tersit.

424 2507 516 2564 18.
551 2508 620 2564 Et
643 2508 876 2566 fortasse
901 2508 1029 2567 ideo
1052 2525 1158 2567 non
1187 2511 1321 2568 lavit
1340 2511 1506 2583 pedes
1534 2526 1664 2570 suos
1690 2512 1962 2583 Christus,

353 2611 412 2659 ut
434 2617 533 2660 eos
561 2604 816 2678 lacrymis
842 2619 946 2661 nos
996 2607 1259 2664 lavemus.
1313 2608 1482 2665 Bome
1524 2610 1802 2684 laerymae,
1842 2627 1965 2684 quae.

351 2711 466 2754 non
516 2697 694 2754 solum
741 2709 992 2756 nostrum
1043 2712 1272 2772 possunt
1325 2703 1510 2761 lavare
1540 2704 1835 2774 delictum,
1866 2707 1964 2764 sed

351 2797 519 2853 etiam
546 2796 711 2853 Verbi
753 2798 995 2855 caelestis
1033 2799 1214 2871 rigare
1261 2800 1591 2872 vestigium;
1636 2812 1695 2859 ut
1740 2819 1962 2875 gressus

350 2891 474 2964 ejus
503 2893 558 2948 in
583 2894 740 2950 nobis
786 2895 1105 2952 exuberent.
1136 2896 1303 2953 Bonae
1350 2899 1605 2971 Iacrymae
1636 2941 1652 2968 ,
1685 2901 1740 2956 in
1765 2901 1961 2973 quibus

349 3003 463 3044 non
492 2989 668 3045 solum
690 2989 996 3062 redemptio
1044 3002 1392 3063 peccatorum
1419 3036 1434 3061 ,
1465 2994 1561 3050 sed
1597 2996 1760 3051 etiam
1790 2995 1964 3053 refec-

350 3082 431 3139 tio
449 3092 534 3140 est
558 3083 850 3154 iustorum,
895 3084 1029 3154 justi
1069 3086 1218 3143 enim
1269 3103 1376 3144 vox
1404 3098 1531 3145 est:
1566 3087 1803 3146 Fuerunt
1832 3091 1962 3146 mihi

348 3177 600 3250 lacryma:
626 3194 754 3234 meae
784 3171 944 3249 panes
963 3179 1049 3236 die
1076 3196 1139 3236 ac
1156 3191 1305 3237 nocte
1325 3181 1501 3251 (Psat.
1526 3199 1637 3252 xu,
1662 3183 1744 3256 4).

425 3271 514 3327 19.
541 3271 610 3328 Et
632 3274 678 3328 si
699 3272 765 3328 ad
788 3281 951 3344 caput
976 3271 1178 3330 Christi
1200 3276 1463 3333 accedere
1489 3291 1596 3333 non
1627 3288 1810 3349 potes,
1842 3289 1960 3338 tan-

346 3373 440 3438 gat
477 3363 705 3436 pedibus
760 3366 876 3421 suis
913 3378 1076 3437 caput
1114 3377 1266 3424 tuum
1305 3367 1574 3426 Christus.
1633 3371 1700 3428 Et
1745 3373 1955 3432 ﬂmbria

345 3460 470 3532 ejus
490 3471 668 3529 curat,
698 3470 754 3519 et
775 3461 940 3534 pedes
963 3475 1171 3520 curant.
1206 3463 1471 3536 Expaude
1497 3467 1748 3536 capillos,
1771 3481 1957 3532 sterne

344 3565 477 3612 ante
502 3572 626 3612 eum
648 3573 840 3614 omnes
865 3561 942 3616 tui
965 3563 1215 3632 corporis
1243 3563 1550 3633 dignitates.
1584 3561 1701 3619 Non
1747 3567 1955 3627 medio-

344 3667 470 3710 cres
500 3653 683 3724 capilli
704 3663 852 3723 sunt,
893 3657 984 3727 qui
1028 3669 1259 3730 possunt
1287 3668 1502 3732 tergere
1538 3663 1703 3734 pedes
1728 3663 1954 3722 Christi.

343 3744 602 3804 Testatur
624 3747 728 3804 hoc
752 3747 863 3818 ille,
899 3751 989 3822 qui
1015 3753 1273 3822 quamdiu
1301 3756 1527 3826 capillos
1551 3756 1734 3814 habuit
1763 3800 1778 3824 ,
1812 3761 1954 3820 vinci

343 3838 591 3910 nequivit
611 3838 763 3908 (Iud.
793 3857 907 3908 xvr,
929 3842 964 3898 5
993 3854 1040 3898 et
1062 3861 1169 3915 seq.
1203 3843 1242 3918 ).
1295 3847 1534 3920 Denique
1575 3859 1630 3905 et
1668 3853 1952 3910 mulierem

343 3930 684 3988 decalvatam
735 3948 897 3991 orare
927 3951 1034 3991 non
1066 3936 1227 3994 decet
1265 3937 1309 4009 (1
1353 3936 1477 3994 Cor.
1506 3957 1584 4010 xi,
1637 3943 1714 4014 5).
1746 3943 1954 4002 Habeat

339 4025 508 4098 plane
536 4024 764 4096 capillos
793 4027 990 4098 quibus
1026 4027 1229 4085 Christi
1275 4032 1666 4093 circumvolvat
1702 4041 1951 4113 vestigia,

347 4129 372 4160 ο
405 4119 606 4188 quibus
627 4135 737 4176 suae
777 4122 1055 4180 criniculis
1098 4126 1512 4196 pulchritudinis
1542 4140 1598 4188 et
1622 4131 1838 4192 decoris
1866 4152 1955 4192 sa-

339 4211 564 4283 pientiae
591 4212 760 4285 pedes
782 4225 994 4287 tergat;
1023 4228 1080 4273 ut
1106 4229 1354 4278 extremo
1380 4223 1573 4280 saltem
1607 4242 1733 4284 rore
1754 4228 1950 4288 divina:

337 4309 560 4364 virtutis
592 4309 932 4375 humescant,
957 4312 1083 4384 ﬂgat
1117 4314 1342 4385 justitiaz
1367 4318 1594 4389 pedibus
1615 4323 1801 4381 oscula
1827 4340 1947 4382 sua.

340 4401 460 4459 Non
489 4402 782 4460 mediocris
804 4403 922 4462 haec
945 4407 1124 4463 meriti
1152 4419 1238 4466 est
1264 4453 1280 4478 ,
1304 4411 1372 4469 de
1402 4427 1508 4485 qua
1546 4424 1728 4488 potest
1766 4417 1948 4478 dicere

340 4496 624 4571 Sapientia
649 4517 664 4554 :

2084 716 2278 778 ﬂorum
2306 724 2359 781 in
2389 743 2553 786 unum
2582 733 2814 793 collecta
2836 744 3006 810 gratia
3033 750 3232 820 Spargit
3262 753 3488 813 odorum
3513 763 3691 820 varias

2083 817 2404 878 suavitates.
2438 825 2503 880 Et
2551 826 2783 888 fortasse
2837 833 2982 894 istud
3037 817 3371 915 unguentum
3402 868 3508 908 non
3548 856 3690 913 alius

2082 912 2256 1014 possit
2279 915 2381 970 nisi
2409 917 2651 978 Ecclesia
2672 927 2810 1011 'sola
2834 929 3055 991 deferre
3081 977 3097 1005 ,
3117 912 3251 1010 qua:
3282 943 3480 1002 diversi
3508 952 3687 1021 spira-

2081 1004 2247 1108 minis
2280 1004 2710 1074 innumerabiles
2741 1021 2904 1080 ﬂores
2931 1004 3092 1085 habet
3127 1004 3294 1106 {quae
3321 1004 3688 1115 meritolspe-

2079 1104 2218 1154 ciem
2247 1104 2448 1175 accipit
2480 1107 2820 1182 peccatrieis,
2863 1121 2988 1190 quia
3007 1104 3259 1186 Christus
3301 1147 3518 1206 quoque
3565 1104 3680 1196 for-

2079 1205 2220 1247 mam
2247 1202 2550 1266 peccatoris
2579 1209 2811 1280 accepit.

2148 1286 2239 1343 22.
2271 1291 2456 1365 (Vers.
2492 1298 2612 1393 47.)
2644 1301 2713 1358 Et
2743 1304 2869 1364 ideo
2899 1326 3062 1370 nemo
3113 1324 3320 1376 tantum
3351 1334 3528 1393 potest
3555 1328 3682 1384 diti-

2075 1394 2230 1485 gere,
2252 1397 2514 1485 quantum
2547 1392 2636 1448 illa
2662 1411 2786 1467 quae
2831 1401 2884 1456 in
2937 1406 3182 1475 pluribus
3213 1392 3409 1485 diligit.
3440 1418 3551 1474 Nec
3576 1421 3681 1478 Pc-

2075 1482 2194 1583 tcus
2217 1479 2330 1550 ipse
2359 1484 2452 1554 qui
2499 1485 2676 1544 dixit:
2718 1490 2943 1552 Domine
2968 1541 2982 1565 ,
3031 1508 3085 1555 tu
3117 1506 3255 1560 nosti
3281 1479 3402 1578 quia
3445 1511 3603 1583 diligo
3637 1526 3684 1570 te

2075 1565 2257 1640 (Joan.
2296 1589 2410 1642 xxt,
2466 1579 2577 1651 l7).
2612 1581 2722 1638 Nec
2756 1586 2947 1644 Petrus
2987 1595 3200 1668 1389
3243 1565 3362 1669 ipse
3387 1565 3684 1673 qui

2071 1667 2198 1737 quia
2221 1670 2585 1745 interrogatus
2615 1689 2700 1734 est
2729 1697 2743 1735 :
2770 1682 2928 1741 Amas
2958 1703 3036 1742 me
3071 1667 3307 1765 (ibid.)i?
3335 1667 3489 1765 Qtiod
3531 1703 3676 1758 enim

2071 1760 2417 1820 manifestum
2443 1780 2586 1836 erat,
2633 1773 2854 1831 nolebat
2909 1783 3063 1849 quasi
3120 1760 3452 1859 incognitum
3482 1797 3675 1864 quaeri.

2074 1851 2215 1948 Ergo
2246 1873 2346 1914 nec
2378 1860 2576 1920 Petrus
2640 1865 2778 1936 ipse,
2831 1868 2860 1908 ἀ
2915 1875 3039 1946 quia
3095 1851 3340 1938 Ecclesia
3390 1851 3581 1945 dilexit
3623 1892 3679 1948 in

2069 1945 2255 2004 Petro.
2288 1950 2402 2009 Nec
2430 1953 2632 2013 Paulus
2664 1959 2802 2031 ipse,
2834 1966 2958 2036 quia
2977 1967 3176 2027 Paulus
3206 1991 3424 2049 quoque
3448 1983 3566 2052 ejus
3593 1945 3680 2041 est

2067 2045 2270 2144 portio.
2297 2045 2366 2101 Et
2406 2059 2461 2144 tu
2490 2052 2783 2122 plurimum
2815 2058 3012 2133 dilige,
3046 2074 3106 2121 ut
3143 2076 3200 2124 et
3237 2045 3350 2127 tibi-
3376 2045 3670 2144 plurimum

2067 2137 2399 2197 remittatur.
2424 2143 2651 2202 Multum
2683 2154 2931 2220 peccavit
2961 2155 3164 2216 Paulus
3193 2203 3208 2229 ,
3239 2165 3327 2234 qui
3357 2137 3518 2224 etiam
3543 2185 3672 2243 per-

2064 2239 2287 2287 secutor
2327 2232 2428 2291 fttit
2471 2253 2486 2293 :
2528 2240 2625 2296 sed
2675 2244 2904 2302 multum
2974 2248 3210 2321 dilexit,
3251 2232 3339 2328 qui
3385 2232 3560 2333 usque
3605 2265 3673 2321 ad

2065 2326 2388 2398 martyrium
2435 2339 2830 2401 perseveravit.
2888 2342 3134 2403 Remissa
3175 2326 3304 2407 sunt
3351 2354 3400 2410 ei
3451 2370 3673 2428 peccata

2065 2421 2274 2491 multa;
2307 2427 2430 2497 quia
2479 2437 2535 2485 et
2574 2431 2689 2503 ipse
2729 2433 2925 2493 dilexit
2976 2442 3208 2500 multum
3237 2488 3251 2513 ,
3301 2449 3391 2518 qui
3423 2421 3675 2525 sanguini

2065 2517 2286 2588 proprio
2317 2535 2417 2590 pro
2457 2522 2552 2579 Dei
2583 2526 2806 2585 nomine
2827 2545 2932 2586 non
2964 2539 3227 2605 pepercit.

2135 2613 2226 2670 25.
2273 2614 2455 2687 (Vers.
2485 2619 2605 2691 39.)
2639 2620 2777 2680 Vide
2803 2632 3165 2687 oeconomiam
3193 2650 3206 2687 :
3247 2635 3301 2690 in
3337 2637 3500 2695 domo
3532 2639 3672 2699 Pha-

2064 2704 2211 2762 risaei
2242 2712 2518 2778 peccatrix
2547 2712 2884 2782 gloriﬁcatur
2912 2737 2924 2774 :
2958 2721 3010 2776 in
3058 2723 3222 2780 domo
3250 2727 3410 2800 Legis
3440 2740 3495 2787 et
3540 2749 3669 2804 pro-

2064 2795 2244 2868 phetae
2271 2815 2378 2856 non
2409 2803 2732 2877 pharisaeus,
2758 2811 2853 2866 sed
2879 2812 3120 2870 Ecclesia
3139 2795 3503 2890 jnstilicvatur;
3537 2795 3673 2898 pha-

2063 2893 2257 2951 risazus
2283 2898 2427 2953 enim
2464 2915 2572 2957 non
2621 2904 2874 2974 credidit,
2928 2909 3030 2965 ista
3087 2913 3364 2972 credebat.
3424 2893 3670 2992 Denique

2064 2988 2158 3046 ille
2181 2991 2434 3049 dicebat:
2463 2994 2526 3052 Si
2557 3007 2686 3053 esset
2716 3000 2799 3055 hic
2825 3005 3076 3074 propheta
3095 3049 3110 3073 ,
3143 3009 3296 3065 sciret
3335 3014 3510 3085 utique
3553 2988 3671 3088 qua:

2064 3091 2112 3137 et
2138 3085 2311 3155 qualis
2341 3096 2416 3142 est
2441 3090 2649 3158 mulier,
2673 3109 2788 3162 qua:
2815 3098 2982 3168 tangit
3026 3116 3164 3155 eum.
3201 3103 3404 3162 Domus
3433 3085 3614 3165 autem
3645 3121 3668 3150 ο

2064 3175 2222 3249 Legis
2251 3179 2460 3250 Judaea,
2493 3200 2614 3256 qua:
2641 3188 2828 3244 nonin
2859 3189 3132 3261 lapidibus
3158 3197 3434 3268 scribitur,
3482 3203 3578 3258 sed
3613 3205 3668 3258 in

2067 3270 2262 3326 tabulis
2294 3273 2498 3330 cordis.
2535 3275 2591 3332 In
2620 3277 2721 3335 hac
2742 3279 3070 3350 justiﬂcatur
3099 3285 3342 3345 Ecclesia
3361 3291 3474 3362 jam
3521 3293 3667 3366 Lege

2061 3366 2238 3436 major
2270 3385 2284 3434 ;
2319 3368 2432 3424 Lex
2467 3371 2610 3426 enim
2647 3385 2997 3443 peccatorum
3027 3382 3201 3437 nescit
3239 3386 3616 3444 remissionem
3651 3407 3664 3458 ;

2060 3455 2173 3515 Lex
2195 3462 2514 3532 mysterium
2546 3455 2655 3520 non
2685 3466 2850 3524 habet
2887 3486 2994 3541 quo
3026 3475 3240 3530 occulta
3285 3481 3617 3538 mandantur

2059 3561 2114 3607 et
2143 3551 2268 3608 ideo
2297 3555 2443 3626 quod
2479 3557 2534 3614 in
2575 3557 2718 3631 Lege
2752 3563 2934 3619 minus
2983 3573 3099 3634 est,
3155 3581 3570 3630 consummatur
3609 3576 3661 3631 in

2060 3643 2376 3717 Evangelia.

2133 3738 2315 3813 (Vers.
2346 3742 2466 3817 All.)
2498 3743 2646 3814 Duo,
2699 3747 2904 3821 inquit,
2959 3751 3214 3812 debitores
3262 3769 3408 3814 erant
3453 3765 3660 3821 cuidam

2057 3837 2338 3906 feneratori
2361 3853 2380 3892 :
2419 3855 2556 3895 unus
2579 3840 2792 3899 debebat
2827 3845 3069 3903 denarios
3097 3850 3425 3925 quingentos,
3448 3867 3496 3912 et
3523 3860 3658 3916 alius

2053 3929 2448 4002 quinquaginta.

2123 4020 2216 4075 24.
2259 4019 2362 4090 Qui
2385 4030 2514 4078 sunt
2538 4024 2625 4081 isti
2651 4025 2927 4086 debitores
2967 4030 3098 4099 duo,
3147 4033 3251 4090 nisi
3292 4039 3478 4108 populi
3505 4041 3656 4101 duo:

2052 4129 2192 4171 unus
2239 4132 2305 4173 ex
2348 4117 2585 4188 ,Judreis,
2641 4123 2780 4179 alter
2815 4139 2881 4179 ex
2936 4127 3188 4196 gentibus
3237 4131 3528 4189 feneratori
3581 4137 3656 4194 illi

2052 4209 2295 4269 thesauri
2316 4213 2559 4272 caelestis
2589 4217 2859 4274 obnoxii?
2895 4219 3065 4289 Unus,
3099 4224 3290 4294 inquit,
3318 4227 3532 4285 debebat
3558 4231 3654 4288 de-

2051 4305 2228 4360 narios
2251 4307 2578 4378 quingentos,
2605 4311 2742 4366 alius
2769 4313 3166 4386 quinquaginta.
3198 4316 3316 4374 Non
3361 4321 3653 4379 mediocris

2049 4406 2134 4455 est
2155 4399 2257 4456 iste
2283 4400 2561 4470 denarius,
2588 4403 2641 4459 in
2665 4419 2771 4475 quo
2796 4407 2941 4477 regis
2985 4408 3164 4481 imago
3220 4410 3509 4484 formatur,
3559 4416 3651 4488 qui

2049 4500 2314 4566 tropaeum
2345 4495 2511 4553 habet
2545 4498 2892 4569 imperatoris
2916 4517 3256 4573 expressum.
3307 4505 3425 4562 Non
3479 4520 3653 4565 mate-

415 4593 600 4664 (Vers.
627 4595 745 4669 45.)
776 4596 862 4653 Ea;
882 4613 983 4668 quo
1022 4597 1212 4656 intraui
1240 4638 1255 4670 ,
1306 4617 1409 4658 non
1451 4607 1669 4664 cessavit
1716 4613 1944 4671 osculari

2062 4583 2238 4642 rialem
2266 4587 2562 4646 feneratori
2590 4590 2717 4647 huic
2735 4592 2997 4652 debemus
3027 4597 3336 4667 pecuniam,
3363 4600 3458 4656 sed
3487 4605 3653 4660 meri-

339 4688 496 4761 pedes
528 4706 688 4746 meos.

410 4783 505 4841 20.
531 4783 601 4842 Ut
623 4783 767 4842 aliud
790 4786 895 4843 nisi
922 4789 1242 4860 sapientiam
1271 4791 1419 4865 loqui
1444 4797 1683 4866 nesciat,
1714 4809 1772 4857 ut
1797 4801 1943 4860 aliud

339 4875 730 4949 nisijustitiam
757 4878 985 4951 diligere
1029 4884 1255 4948 nesciat,
1300 4893 1359 4940 ut
1407 4887 1555 4944 aliud
1593 4891 1698 4946 nisi
1724 4896 1945 4951 castita-

339 4978 451 5027 tem
481 4971 655 5029 libare
686 4975 915 5045 nesciat,
954 4985 1012 5032 ut
1044 4978 1186 5033 aliud
1211 4979 1317 5035 nisi
1361 4981 1675 5053 pudicitiam
1705 4989 1942 5046 osculari

337 5066 567 5122 nesciat.
595 5065 851 5125 Osculum
896 5071 1038 5126 enim
1068 5071 1242 5129 mutui
1271 5075 1478 5133 amoris
1519 5077 1776 5138 indicium
1813 5092 1941 5140 est:

339 5159 587 5215 osculum
619 5161 812 5233 pignus
831 5174 916 5218 est
935 5163 1239 5225 charitatis.

410 5309 440 5338 ι
477 5299 605 5390 Mss.
639 5299 846 5390 aliquot
886 5304 1127 5390 melioris
1152 5309 1274 5390 aevi,
1309 5312 1493 5390 justus
1517 5315 1587 5390 ad
1616 5326 1769 5390 caput
1795 5317 1945 5373 habet

335 5384 678 5452 pugnantum.
705 5373 886 5444 Defer,
911 5384 1017 5452 etc.
1046 5377 1224 5434 Minus
1247 5373 1383 5439 bene
1407 5401 1422 5452 ;
1447 5387 1659 5444 videtur
1678 5373 1828 5444 'enim
1856 5390 1942 5445 hic

335 5439 533 5533 lac'nna
561 5460 702 5528 esse,
726 5439 894 5533 quam.
917 5447 1057 5504 forte
1088 5457 1370 5510 traxerunt
1407 5439 1479 5512 ab
1511 5439 1943 5533 'éiéinbiiiii,'é£

336 5530 447 5587 quo
485 5517 748 5587 descripti
773 5528 918 5575 sunt.

408 5584 438 5626 ι)
480 5586 644 5661 Rom.
665 5584 806 5661 edit.
823 5590 963 5658 sola,
988 5591 1262 5651 indomum
1282 5599 1552 5657 immundi.
1580 5604 1785 5661 Eadem
1805 5619 1940 5661 vero

334 5673 462 5716 cum
496 5659 918 5747 pliisomuibus,
969 5678 1036 5720 ac
1063 5670 1250 5747 paucis
1281 5686 1436 5735 mss.,
1467 5659 1723 5747 contende
1738 5659 1934 5747 pueri-V-

335 5748 472 5820 pere
489 5731 956 5820 hospitis-gratiam
972 5777 994 5820 Δ,
1014 5731 1314 5820 .p'raeripere
1333 5783 1348 5811 ,
1382 5731 1488 5801 etc.
1517 5746 1627 5804 Sed
1651 5731 1792 5806 mss.
1812 5731 1939 5820 plne

335 5817 430 5859 res
453 5818 518 5859 ac
545 5803 906 5874 probatiores,
929 5815 988 5862 ut
1011 5803 1066 5864 in
1091 5803 1266 5869 texiu.

413 5886 437 5914 ε
477 5875 608 5933 Mss.
638 5891 749 5933 non
777 5878 958 5950 pauci,
980 5896 1082 5940 nec
1107 5881 1383 5946 inferioris
1407 5896 1570 5962 notat,
1594 5892 1780 5964 quibus
1821 5893 1940 5968 put-

731 6026 733 6029 .
788 5978 1069 6043 Panos.
1114 5979 1256 6044 XV.

2048 4686 2226 4737 torum
2276 4684 2556 4752 examina,
2608 4701 2719 4742 aera
2761 4692 3068 4746 virtutum:
3113 4707 3341 4763 quarum
3395 4699 3651 4755 meritum

2045 4776 2324 4849 gravitatis
2355 4780 2618 4851 pondere,
2646 4780 2872 4852 iustitiae
2895 4786 3098 4853 specie,
3124 4802 3262 4845 sono
3288 4790 3652 4850 confessionis

2047 4872 2393 4942 expenditnr.
2431 4874 2524 4931 Vae
2547 4876 2678 4930 mihi
2706 4878 2754 4932 si
2799 4894 2906 4935 non
2937 4880 3176 4938 habuero
3221 4886 3368 4955 quod
3418 4889 3648 4958 accepi:

2045 4973 2138 5020 aut
2167 4967 2290 5037 quia
2322 4965 2545 5024 difﬂcile
2573 4969 2861 5041 quisquam
2904 4982 2991 5030 est
3043 4976 3133 5046 qui
3176 4975 3475 5035 feneratori
3522 4981 3651 5040 huic

2048 5055 2318 5129 integrum
2345 5059 2584 5116 debitum
2615 5063 2792 5133 possit
2819 5067 3131 5132 exsolvere,
3163 5083 3246 5124 vae
3284 5072 3413 5128 mihi
3465 5073 3509 5128 si
3542 5090 3650 5131 non

2050 5164 2268 5240 petiero
2297 5180 2311 5219 :
2339 5155 2600 5214 Concede
2638 5156 2774 5212 mihi
2820 5160 3061 5217 debitum
3108 5161 3340 5234 (Matth.
3390 5181 3468 5234 vt,
3497 5167 3650 5240 l2)!

2049 5307 2201 5362 chres
2226 5319 2286 5357 ac
2308 5300 2520 5355 decoros
2549 5294 2819 5369 sapientia:
2833 5294 2985 5369 pedes
2999 5303 3209 5369 tergeat.

2123 5376 2151 5416 σι
2191 5376 2392 5430 Omnes
2435 5370 2596 5428 edit.,
2626 5368 2750 5438 quia
2801 5368 3090 5421 Ecclesiam’
3133 5369 3316 5426 dilexit
3367 5371 3421 5426 in
3466 5369 3646 5430 Petra.

2046 5449 2252 5508 Contra
2280 5444 2467 5512 scripti
2500 5441 2622 5496 cod.
2649 5454 2816 5510 prope
2841 5440 2909 5494 ad
2942 5455 3129 5504 unum,
3163 5444 3282 5510 quia
3303 5440 3540 5499 Ecclesia
3564 5447 3649 5502 di-

2045 5523 2170 5578 lexit
2191 5521 2244 5573 in
2278 5515 2436 5570 Petro
2465 5528 2484 5568 :
2511 5528 2672 5582 quam
2717 5512 3004 5568 lectionem
3035 5514 3322 5572 manifeste
3344 5531 3541 5573 sensus
3582 5533 3648 5574 ac

2043 5590 2387 5671 ratiocinatio
2407 5587 2628 5671 exigit;
2707 5658 2719 5670 ο
2795 5657 2835 5671 ἢ
3052 5657 3090 5671 υ

2123 5676 2147 5704 e
2178 5665 2308 5721 Ροει
2354 5657 2565 5727 vocem,
2593 5657 2767 5730 Legis,
2795 5657 2954 5713 Rom.
3003 5657 3137 5715 edit.
3179 5674 3388 5728 vocem,
3431 5658 3648 5728 Judtea,

2047 5738 2331 5802 omiserat,
2363 5748 2522 5806 quam
2551 5739 2730 5790 tamen
2775 5731 2960 5789 sensui
2991 5732 3356 5789 necessariam
3386 5745 3509 5790 esse
3550 5734 3652 5790 ob—

2050 5825 2272 5870 scarum
2302 5821 2410 5865 non
2440 5814 2544 5863 εει.

3165 5987 3244 6050 16
