4014 6494
486 367 627 426 ίῡτις

1845 356 2097 418 SANC'I‘I
2134 356 2470 417 AMBROSII

3653 355 3818 416 ίῦτϐι

481 482 600 539 Νοη
625 482 775 540 enim
801 495 902 537 nos
927 480 998 536 ita
1029 478 1290 536 Dominus
1314 491 1472 534 orare
1495 476 1788 541 docuisset,
1841 485 1898 532 ut
1931 485 2081 546 pete-
2107 475 2161 541 Α
2185 477 2407 534 dill'erre
2435 491 2732 549 pauperem
2763 477 2972 543 debes;
3017 477 3140 547 quia
3193 489 3412 549 semper
3460 483 3644 535 tecum
3685 487 3792 544 est,

485 591 670 630 remus
693 574 892 631 dintitti
924 572 1082 628 nobis
1107 581 1292 626 nostra
1325 569 1528 635 debita,
1551 569 1652 624 nisi
1672 569 1837 624 sciret
1863 567 2084 624 difficile

482 668 692 737 aliquos
717 668 834 724 fore
864 667 1093 722 idoneos
1122 663 1424 719 debitores.

550 763 645 820 95.
669 763 774 832 Sed
788 762 907 832 quis
930 769 1014 817 est
1041 759 1274 830 populus
1299 758 1399 813 iste
1415 757 1502 828 qui
1518 757 1751 826 amplius
1764 755 1947 821 debet,
1979 752 2081 808 nisi

483 871 602 920 nos,
657 855 855 925 quibus
929 853 1162 925 amplius
1214 851 1482 908 creditum
1532 849 1667 906 est?
1715 848 1827 904 Illis
1875 846 2083 903 credita

478 958 605 1006 sunt
631 947 844 1018 eloquia
898 947 1016 1015 Dei,
1071 945 1231 1002 nobis
1288 945 1531 1001 creditur
1585 951 1774 1014 partus
1821 940 2078 1012 Virginis.

479 1045 654 1100 Habes
683 1043 944 1098 talentum
976 1041 1218 1112 Virginis
1243 1051 1459 1112 partum
1496 1058 1512 1096 :
1547 1041 1717 1095 habes
1739 1038 1864 1094 ﬁdei
1897 1045 2085 1094 cente-

473 1140 670 1196 simum
695 1138 949 1192 fructum.
992 1136 1247 1192 Creditus
1295 1145 1379 1192 est
1429 1134 1750 1190 Emmanuel
1793 1131 2080 1188 nobiscum

477 1231 640 1300 Deus,
666 1232 873 1310 credita
906 1229 1121 1286 Domini
1143 1243 1300 1292 crux,
1330 1242 1502 1295 mors,
1559 1226 1914 1282 resurrectio.
1942 1223 2011 1280 Et
2036 1223 2083 1278 si

472 1322 726 1379 Christus
751 1339 850 1394 pro
895 1322 1150 1378 omnibus
1193 1336 1384 1389 passus
1410 1329 1514 1384 est,
1562 1335 1664 1390 pro
1716 1318 1872 1374 nobis
1899 1326 2080 1372 tamen

473 1416 787 1485 specialiter
809 1429 1004 1486 passus
1033 1423 1157 1480 est;
1186 1414 1314 1485 quia
1344 1427 1443 1482 pro
1468 1411 1712 1468 Ecclesia
1757 1425 1950 1482 passus
1974 1417 2080 1465 est.

472 1505 660 1578 Itaque
687 1523 799 1566 non
825 1515 910 1563 est
935 1506 1160 1562 dubium
1206 1505 1349 1578 quod
1399 1505 1519 1576 plus
1571 1504 1770 1560 debeat
1814 1504 1903 1574 qui
1961 1503 2082 1573 plus

471 1601 706 1670 accepit.
737 1599 807 1655 Et
828 1599 1128 1656 secundum
1157 1598 1406 1654 homines
1430 1597 1552 1669 plus
1577 1596 1807 1652 fortasse
1828 1594 2082 1663 oll‘endit,

473 1697 564 1765 qui
596 1694 718 1764 plus
749 1693 1049 1753 debuerit:
1093 1693 1190 1748 sed
1239 1708 1337 1763 per
1381 1691 1814 1748 misericordiam
1864 1691 2082 1745 Domini

470 1802 635 1844 causa
662 1796 924 1852 mutatur,
955 1793 1014 1841 ut
1039 1784 1272 1856 amplius
1297 1785 1487 1856 diligat
1509 1783 1848 1855 quiamplius
1866 1781 2078 1839 debuit:

2193 590 2318 630 cum
2341 575 2436 630 tibi
2461 575 2730 643 Propheta
2760 573 2908 630 dicat
2935 591 2947 627 :
2981 573 3066 629 Ne
3095 573 3292 629 dixeris
3320 575 3633 646 pauperi...
3664 572 3794 629 Cras

2186 669 2319 723 dabo
2346 666 2528 739 (Prov.
2561 684 2643 731 III,
2678 667 2772 740 28)
2803 667 2828 720 't
2874 666 2982 725 Sed
3013 667 3103 724 ille
3131 667 3196 722 de
3247 667 3364 723 sola
3409 667 3793 723 misericordia

2185 761 2403 818 locutus
2429 769 2516 818 est
2542 779 2555 816 :
2590 761 2679 818 hic
2703 769 2885 817 autem
2913 760 3312 817 misericordiae
3338 759 3500 816 ﬁdem
3530 761 3792 831 prmtulit,

2186 872 2308 927 quae
2335 865 2464 912 tunc
2492 855 2661 912 habet
2690 857 2967 924 meritum,
2994 855 3040 910 si
3068 854 3177 910 ﬁde
3203 853 3575 924 praecedente,
3603 852 3796 909 conie-

2187 960 2359 1007 ratur.
2399 951 2612 1006 Mittens
2635 952 2769 1006 enim
2798 960 3115 1022 unguentum
3147 950 3246 1004 hoc
3282 949 3339 1003 in
3383 963 3573 1020 corpus
3602 963 3792 1014 meum,

2185 1046 2254 1101 ad
2283 1045 2636 1116 sepeliendum
2661 1061 2740 1099 me
2758 1045 2879 1116 fecit
2913 1042 3136 1114 (Matth.
3166 1058 3315 1109 xm,
3349 1041 3462 1115 12).
3514 1040 3635 1108 Non
3665 1054 3795 1111 ergo

2185 1148 2520 1209 unguentum
2551 1137 2832 1202 Dominus,
2879 1137 2974 1193 sed
3019 1135 3342 1191 charitatem
3388 1134 3600 1201 dilexit,
3633 1132 3794 1194 ﬁdem

2188 1234 2452 1305 suscepit,
2481 1233 2843 1288 humilitatem
2869 1231 3139 1302 probavit.

2256 1325 2348 1380 29.
2384 1325 2449 1380 Et
2478 1333 2534 1380 tu
2565 1325 2612 1380 si
2643 1325 2930 1381 desideras
2951 1324 3204 1395 gratiam,
3249 1321 3568 1380 charitatem
3616 1335 3790 1392 auge:

2187 1417 2344 1472 mitte
2370 1417 2423 1471 in
2453 1431 2656 1486 corpus
2699 1416 2830 1472 Jesu
2857 1415 3019 1473 ﬁdem
3075 1414 3520 1478 resurrectionis,
3566 1413 3794 1470 odorem

2186 1509 2472 1572 Ecclesiae,
2501 1509 2810 1566 communis
2855 1507 3144 1568 charitatis
3189 1512 3573 1578 unguentum;
3628 1516 3684 1562 et
3720 1504 3795 1562 ita

2186 1601 2542 1673 progrediens
2590 1601 2816 1671 pauperi
2860 1599 3039 1655 dabis.
3086 1599 3219 1655 Plus
3269 1599 3364 1654 tibi
3417 1599 3645 1671 pecunia
3703 1598 3794 1655 illa

2186 1695 2447 1765 proderit,
2481 1698 2662 1749 sinon
2717 1703 2990 1763 tamquam
3042 1692 3356 1748 afﬂuentem
3413 1691 3645 1756 tribuas,
3697 1689 3794 1747 sed

2187 1796 2464 1859 tamquam
2494 1786 2834 1858 profuturam
2880 1785 3082 1842 Christi
3136 1786 3359 1841 nomine
3395 1785 3648 1855 largiaris
3683 1801 3698 1837 :
3747 1780 3792 1838 si

469 1881 514 1938 si
545 1890 723 1937 tamen
753 1879 984 1950 gratiam
1013 1885 1400 1949 consequatur.
1429 1877 1670 1933 Gratiam
1714 1878 1858 1932 enim
1911 1884 1967 1931 et
1987 1873 2079 1946 qui
2111 1897 2159 1958 Β
2190 1883 2260 1935 ita
2289 1895 2409 1937 eam
2439 1879 2692 1936 conferas
2722 1879 2975 1951 pauperi,
3021 1887 3078 1933 ut
3124 1877 3340 1934 deferas
3394 1877 3636 1933 Christo.
3675 1875 3794 1934 Non

471 1974 672 2041 reddit,
708 1974 918 2028 habet:
950 1981 1005 2027 et
1032 1971 1384 2042 quibabetin
1410 1987 1477 2026 eo
1531 1972 1651 2039 ipso
1695 1970 1842 2041 quod
1893 1969 2078 2036 habet,

472 2069 637 2124 solvit
665 2085 678 2134 ;
715 2077 740 2105 ε
772 2083 897 2124 nam
922 2075 978 2122 et
1004 2066 1286 2122 reddendo
1314 2065 1568 2126 habetur.
1594 2073 1650 2120 et
1677 2064 1927 2120 habendo
1960 2063 2082 2120 red-

468 2164 614 2220 ditur
643 2161 663 2236 (
689 2161 772 2233 Cf.
827 2164 963 2235 Aug.
1016 2161 1108 2217 lib.
1159 2176 1179 2218 ι
1230 2160 1294 2216 de
1326 2159 1509 2216 Gratia
1533 2156 1760 2226 Christi,
1795 2156 2079 2230 cap..ﬂ).

539 2257 633 2312 26.
675 2257 741 2312 Et
767 2255 892 2312 ideo
940 2254 1200 2326 quoniam
1258 2252 1394 2310 nihil
1447 2261 1532 2309 est
1579 2251 1726 2323 quod
1781 2251 1945 2322 digne
1972 2251 2082 2307 Deo

468 2348 683 2406 referre
710 2349 1001 2418 possimus,
1030 2347 1180 2419 (quid
1208 2346 1353 2403 enim
1373 2345 1676 2402 referamus
1689 2360 1788 2416 pro
1809 2352 2081 2413 susceptas

475 2445 690 2518 1390
712 2444 894 2498 carnis
924 2443 1166 2513 injuria?
1220 2440 1350 2510 quid
1404 2453 1502 2509 pro
1542 2438 1906 2496 verberibus?
1949 2436 2082 2509 quid

466 2553 566 2607 pro
593 2553 773 2601 cruce,
805 2538 979 2603 obitu,
1008 2534 1358 2606 sepultura?)
1387 2551 1468 2590 va:
1494 2535 1626 2592 mihi
1649 2535 1693 2590 si
1720 2548 1826 2590 non
1878 2532 2084 2589 dilexec

466 2646 530 2688 ro
560 2631 574 2684 Ξ
604 2629 794 2686 Auden
823 2630 1044 2686 dicere:
1078 2645 1183 2684 non
1207 2628 1445 2685 reddidit
1472 2627 1689 2692 Petrus,
1719 2635 1778 2682 et
1807 2624 1932 2680 ideo
1963 2624 2085 2695 plus

466 2722 683 2778 dilexit.
714 2721 833 2777 Non
864 2722 1102 2778 reddidit
1127 2719 1369 2778 Paulus?
1396 2719 1656 2776 Reddidit
1682 2718 1903 2791 quidem
1935 2733 2085 2780 mor.-

465 2823 573 2872 tem
605 2832 702 2886 pro
730 2826 928 2882 morte,
961 2818 1057 2874 sed
1085 2817 1187 2871 alia
1238 2831 1346 2870 non
1396 2815 1634 2872 reddidit
1665 2831 1679 2880 ;
1729 2815 1855 2886 quia
1904 2814 2074 2872 multa

470 2909 722 2966 debebat.
757 2909 894 2962 Audi
922 2910 1095 2980 ipsum
1120 2909 1394 2964 dicentem
1447 2908 1572 2977 quia
1630 2922 1740 2962 non
1792 2905 2076 2964 reddidit:

469 3003 602 3068 Quis
626 3005 769 3072 prior
790 3003 934 3058 dedit
958 3003 1061 3070 illi,
1092 3012 1140 3058 et
1190 3003 1506 3058 retribuetur
1531 3003 1579 3055 ei
1620 3001 1799 3072 (Rom.
1831 3017 1908 3069 XI,
1943 2999 2084 3072 34)?

474 3095 787 3152 Reddamus
808 3095 934 3150 licet
962 3109 1184 3150 crucem
1218 3110 1315 3165 pro
1343 3109 1530 3160 cruce,
1549 3092 1710 3148 funus
1737 3108 1838 3163 pro
1863 3091 2080 3160 funere,

469 3185 733 3253 numquid
763 3185 1042 3242 reddimus
1068 3185 1216 3257 quod
1243 3201 1312 3242 ex
1349 3187 1490 3256 ipso,
1547 3195 1602 3240 et
1633 3201 1729 3255 per
1760 3187 1940 3257 ipsum
1962 3225 1979 3254 ,
2031 3194 2086 3241 et

2185 1989 2320 2046 ergo
2346 1975 2496 2044 juxta
2531 1975 2769 2030 litteram
2816 1973 3199 2028 tantummodo
3252 1971 3489 2041 accipias
3533 1967 3793 2040 superfu-

2185 2083 2308 2122 sum
2339 2067 2503 2138 capiti
2534 2074 2866 2138 unguentum
2901 2084 2914 2120 :
2966 2067 3143 2122 littera
3163 2065 3302 2121 enim
3355 2063 3548 2120 occidit
3569 2063 3646 2134 (ll
3671 2063 3790 2121 Cor.

2186 2175 2270 2227 ιη,
2303 2159 2370 2233 6)
2401 2177 2416 2226 ;
2466 2161 2561 2218 sed
2607 2160 2910 2218 secundum
2941 2161 3221 2232 spiritum,
3252 2160 3381 2232 quia
3433 2160 3658 2231 spiritus
3684 2159 3792 2215 vita

2187 2264 2292 2312 est.

2257 2348 2348 2405 50.
2389 2347 2547 2416 Quod
2595 2362 2727 2419 ergo
2776 2347 2934 2404 istius
2979 2345 3227 2403 mulieris
3280 2355 3619 2416 unguentum
3667 2343 3791 2401 est?

2184 2439 2318 2509 Quis
2351 2440 2456 2496 hoc
2479 2441 2672 2498 audire
2709 2440 2936 2511 potest?
2967 2441 3100 2510 Quis
3153 2439 3294 2496 tales
3309 2453 3475 2500 aures
3523 2424 3711 2504 habet,
3734 2446 3792 2500 ut

2187 2535 2403 2594 dicente
2426 2535 2558 2592 Jesu
2591 2535 2815 2592 verbum
2857 2535 3022 2606 quod
3062 2535 3276 2605 accepit
3317 2551 3346 2588 a
3386 2534 3573 2603 Patre,
3626 2535 3789 2594 immo

2185 2627 2278 2698 qui
2304 2629 2424 2698 ipse
2451 2628 2694 2686 Verbum
2723 2639 2829 2696 est,
2861 2629 3035 2698 possit
3063 2636 3268 2684 tantam
3301 2627 3550 2699 mysterii
3610 2627 3791 2684 altitu-

2185 2722 2369 2780 dinem
2397 2723 2637 2793 capere?
2669 2723 2736 2778 Et
2763 2721 3014 2792 discipuli
3043 2737 3110 2779 ex
3140 2730 3295 2791 parte
3324 2721 3657 2793 intelligunt,
3691 2720 3790 2778 etsi

2187 2832 2296 2872 non
2327 2826 2502 2878 totum
2520 2817 2849 2887 intelligant.
2879 2816 3035 2873 Unde
3055 2825 3110 2872 et
3129 2816 3350 2886 quidam
3378 2823 3568 2886 putant
3587 2814 3792 2874 dixisse

2186 2909 2485 2978 discipulos
2507 2912 2771 2981 unguenti
2799 2910 2975 2982 pretio
2992 2909 3206 2985 139],
3227 2908 3336 2968 emi
3361 2907 3521 2964 fidem
3549 2908 3791 2978 gentium

2186 3002 2467 3074 debuisse,
2495 3017 2618 3072 quae
2642 3001 2929 3074 sanguinis
2958 3001 3229 3062 Dominici
3264 3009 3468 3056 tantum
3499 3000 3677 3070 pretio
3699 3000 3792 3056 de-

2186 3095 2421 3153 bebatur
2446 3111 2462 3166 ;
2486 3095 2630 3166 quod
2663 3096 2878 3166 videtur
2904 3095 3225 3165 verisimile.
3265 3094 3512 3164 Denique
3553 3095 3791 3161 Joannes

2189 3188 2541 3260 Evangelista
2571 3188 2777 3246 inducit
2802 3203 3055 3258 sermone
3071 3187 3224 3250 Iuda:
3251 3185 3528 3244 Iscarimis
3557 3186 3791 3244 aestima-

477 3278 534 3333 in
565 3278 682 3351 ipso
710 3277 970 3334 habemus
1006 3277 1236 3334 omnia?
1291 3277 1603 3334 Reddamus
1652 3293 1786 3350 ergo
1841 3294 2082 3335 amorem
2113 3291 2160 3357 ρ
2193 3296 2305 3343 tum
2337 3285 2598 3341 trecentis
2621 3283 2862 3344 denariis
2883 3284 3017 3346 illud
3043 3293 3402 3360 unguentum,
3435 3282 3572 3344 sicut
3601 3281 3783 3338 babes:

477 3387 577 3444 pro
634 3371 861 3439 debito,
915 3372 1231 3430 charitatetn
1288 3388 1386 3442 pro
1436 3387 1707 3438 munere,
1761 3371 1788 3410 ι)
1852 3375 2080 3444 gratiam

475 3479 576 3535 pro
600 3465 881 3534 sanguinis
907 3465 1080 3536 pretio
1113 3480 1128 3530 ;
1175 3465 1292 3536 plus
1333 3465 1479 3524 enim
1511 3464 1689 3536 diligit
1716 3465 1806 3521 cui
1850 3465 2086 3534 donatur

479 3556 738 3627 amplius.

547 3650 641 3704 27.
688 3650 796 3705 Sed
840 3658 1182 3706 revertamur
1209 3651 1278 3706 ad
1326 3651 1474 3706 illam
1514 3651 1878 3722 superiorem,
1931 3653 2087 3724 cujus

478 3743 771 3801 consilium
795 3743 972 3798 adhuc
997 3759 1099 3799 nec
1129 3744 1362 3814 apostoli
1416 3744 1746 3816 intelligunt,
1796 3746 1942 3815 quod
1968 3755 2088 3802 erat

481 3837 866 3896 absconditum
899 3839 1166 3896 asteculis
1194 3839 1246 3893 iu
1296 3839 1453 3894 Deo:
1505 3838 1632 3906 Quis
1674 3841 1814 3896 enim
1856 3842 2091 3912 cognovit

480 3949 687 3988 sensum
719 3930 932 3985 Domini
965 3929 1159 4003 (lbid.)
1182 3932 1205 3985 ?
1229 3931 1712 4000 Conqtterebantttr
1761 3949 1890 4005 ergo
1919 3933 2086 3998 disci.-

481 4028 593 4098 puli
625 4027 753 4099 quia
779 4027 976 4082 mulier
1005 4041 1170 4096 super
1193 4035 1356 4096 caput
1398 4025 1588 4088 effudit
1618 4037 1981 4098 unguentum,
2035 4036 2092 4084 et

481 4122 870 4194 qumrebantur
897 4120 1187 4187 dicentes:
1243 4119 1418 4186 Quare
1456 4119 1552 4174 hoc
1600 4121 1676 4175 sic
1727 4121 1934 4189 periit?
1981 4119 2091 4176 Po-

486 4215 583 4268 tuit
605 4214 742 4270 enim
771 4213 1081 4270 venumdari
1105 4212 1292 4281 pretio.
1320 4222 1367 4266 et
1397 4211 1512 4267 dari
1535 4213 1846 4283 pauperibus
1868 4212 2087 4283 (Matth.

483 4325 634 4374 xxvi,
657 4307 736 4380 8).
766 4307 905 4376 Quid
930 4308 1115 4378 utique
1164 4306 1512 4378 displicuerit
1555 4306 1774 4366 Christo
1814 4309 1867 4366 in
1897 4323 2088 4381 eurum

478 4401 850 4466 sermonibus,
885 4415 992 4456 non
1025 4399 1232 4469 poteris
1264 4398 1704 4469 deprehendere,
1755 4399 1856 4458 nisi
1889 4411 2089 4472 myste-

487 4495 624 4552 rium
657 4495 934 4564 intelligas
965 4511 980 4563 ;
1011 4493 1274 4548 luxuriosi
1303 4492 1448 4550 enim
1480 4493 1738 4559 hominis,
1798 4495 1882 4550 vel
1913 4496 2092 4565 potius

488 4603 594 4642 nun
622 4587 861 4644 hominis
888 4595 972 4646 est
1011 4587 1158 4643 olere
1182 4595 1535 4657 unguentum.
1567 4586 1728 4642 Certe
1768 4596 1824 4642 et
1865 4587 1968 4659 ipsi
1999 4588 2090 4660 qui

2190 3379 2374 3438 Potuit
2395 3381 2534 3434 enim
2555 3378 2861 3434 venumdari
2885 3378 3127 3435 trecentis
3153 3376 3408 3441 denariis,
3433 3385 3480 3431 et
3518 3375 3630 3436 dari
3649 3391 3781 3443 pau-

2189 3474 2396 3546 peribus
2428 3472 2616 3546 (Joan.
2648 3487 2751 3538 xu,
2781 3470 2858 3543 5).
2911 3470 3180 3526 Trecenta
3232 3478 3417 3534 autem
3453 3481 3556 3522 tera
3601 3465 3778 3533 crucis

2191 3567 2409 3638 insigne
2435 3567 2718 3622 declarant
2749 3583 2762 3620 :
2798 3565 2893 3622 sed
2918 3565 3180 3626 Dominus
3212 3578 3318 3620 non
3367 3560 3784 3634 perfunctoriam

2189 3662 2438 3734 mysterii
2461 3662 2861 3732 prtescientiam
2889 3659 3106 3732 quzerit,
3135 3657 3232 3714 sed
3273 3655 3597 3730 consepeliri
3646 3654 3700 3709 in
3730 3667 3787 3728 se

2191 3755 2350 3812 ﬁdem
2375 3754 2712 3811 credentium
2739 3753 2964 3810 inaruit.

2264 3847 2353 3903 5-1.
2397 3846 2454 3902 Id
2486 3857 2662 3906 tamen
2693 3845 2760 3901 de
2805 3855 3128 3904 cacterorum
3159 3844 3536 3916 apostolorum
3566 3841 3789 3898 vocibus

2191 3939 2587 4010 intelligimus:
2646 3937 2813 3994 Judas
2858 3945 3038 3994 autem
3083 3936 3477 3992 condemnatur
3528 3932 3788 4000 avaritiae,

2193 4033 2285 4103 qui
2341 4032 2628 4108 pecuniam
2677 4030 2974 4086 Dominica:
3023 4030 3260 4102 pratulit
3316 4028 3653 4100 sepulturae,
3703 4027 3795 4099 qui

2192 4125 2409 4180 etiamsi
2430 4123 2498 4179 de
2520 4123 2772 4194 passione
2800 4123 2997 4192 sensit,
3018 4123 3222 4178 erravit
3244 4130 3349 4177 tam
3371 4136 3499 4176 cara
3519 4122 3792 4188 auctione:

2191 4217 2282 4271 vili
2305 4218 2420 4272 vult
2449 4215 2705 4271 aestimari
2729 4231 2786 4271 se
2811 4213 3086 4284 Christus,
3109 4225 3164 4270 ut
3188 4215 3256 4270 ab
3281 4213 3535 4286 omnibus
3556 4222 3794 4280 ematur,

2194 4325 2264 4364 ne
2291 4311 2410 4380 quis
2437 4325 2648 4382 pauper
2670 4309 3029 4364 deterreatur.
3062 4306 3257 4376 Gratis,
3287 4306 3479 4379 inquit,
3503 4305 3796 4379 accepistis,

2192 4403 2355 4472 gratis
2387 4401 2505 4455 date
2533 4400 2750 4476 (Matth.
2788 4416 2846 4466 χ,
2877 4400 2956 4473 8).
2989 4399 3279 4456 Pecuniam
3300 4414 3406 4456 non
3432 4399 3632 4471 quierit
3660 4397 3800 4455 divi-

2196 4495 2391 4548 tiarum
2418 4493 2671 4559 altitudo,
2701 4492 2796 4549 sed
2827 4494 3078 4564 gratiam.
3111 4493 3232 4564 Ipse
3261 4511 3360 4549 nos
3400 4494 3645 4563 pretioso
3671 4506 3801 4548 san-

2193 4587 2358 4658 guine
2391 4587 2640 4651 redemit,
2667 4603 2776 4641 non
2802 4586 3067 4642 vendidit.
3096 4587 3169 4642 De
3210 4601 3317 4656 quo
3345 4585 3554 4656 plenius
3585 4583 3801 4640 dicere-

487 4681 658 4747 olent,
685 4696 890 4751 ungere
917 4697 1000 4747 se,
1033 4697 1141 4736 non
1174 4679 1505 4751 perfundere
1539 4680 1739 4736 solent.
1767 4680 1907 4750 Quid
1956 4697 2089 4753 ergo
2114 4695 2169 4758 Ῑ)
2196 4696 2338 4747 mus,
2367 4681 2470 4735 nisi
2498 4695 2527 4734 a
2551 4679 2706 4735 nobis
2734 4681 2866 4750 ipsis
2895 4689 3179 4737 tractatum
3209 4679 3338 4735 alibi
3376 4678 3802 4736 recordaremur

488 4772 761 4844 displicuit
805 4773 928 4841 quia
979 4771 1181 4828 dictum
1234 4780 1321 4828 est
1362 4791 1375 4827 :
1411 4771 1593 4827 Potuit
1639 4773 1733 4828 hoc
1781 4774 2084 4832 venumdari

488 4867 678 4936 pretio,
699 4875 747 4918 et
777 4864 892 4918 dari
921 4864 1229 4935 pauperibus
1254 4864 1468 4936 (Matth.
1503 4882 1635 4934 xxv,
1663 4866 1801 4938 £0)?
1839 4865 2000 4925 Certe
2029 4875 2086 4926 et

486 4959 602 5030 ipse
633 4973 792 5027 supra
834 4956 1044 5012 dixerat
1071 4973 1083 5008 :
1117 4956 1382 5025 Quidquid
1405 4958 1494 5012 uni
1521 4959 1848 5016 minimarum
1897 4961 2084 5015 horum

492 5050 708 5122 fecistis,
731 5058 777 5102 et
807 5049 933 5102 mihi
963 5048 1179 5118 fecistis.
1205 5048 1312 5103 Sed
1359 5049 1475 5118 ipse
1505 5059 1735 5107 mortem
1783 5067 1937 5108 suam
1986 5068 2084 5124 pro

489 5138 821 5211 pauperibus
849 5138 1130 5194 offerebat.

557 5235 649 5287 28.
692 5232 807 5287 Non
832 5241 916 5287 est
946 5233 1104 5302 igitur
1131 5232 1364 5303 simplex
1393 5233 1594 5305 ﬁgura;
1624 5246 1680 5292 et
1712 5237 1832 5292 ideo
1861 5253 2083 5308 respon-

488 5328 566 5384 dit
592 5327 699 5383 illis
730 5324 826 5380 Dei
851 5325 1087 5380 Verhum
1121 5345 1132 5380 :
1180 5327 1322 5395 Quid
1349 5329 1550 5383 molesti
1589 5331 1711 5385 estis
1739 5331 1858 5385 huic
1899 5333 2084 5388 mulie-

486 5422 532 5476 ri
731 5417 944 5488 Semper
966 5435 1216 5490 pauperes
1245 5421 1440 5478 habetis
1466 5423 1744 5493 vobiscum,
1797 5443 1876 5482 me
1916 5439 2085 5484 autem

487 5530 592 5569 non
623 5527 822 5584 semper
851 5509 1068 5583 (Matth.
1104 5530 1252 5580 xxw,
1285 5515 1352 5572 10
1401 5525 1450 5570 et
1506 5518 1618 5589 il).
1668 5519 1896 5592 Semper
1955 5537 2086 5595 ergo

487 5618 665 5664 tecum
695 5618 985 5675 pauperem
1019 5605 1207 5673 ltahes,
1233 5616 1287 5662 et
1312 5607 1436 5664 ideo
1465 5609 1707 5668 bcnefac.
1741 5613 1880 5669 Num
1919 5616 2086 5687 igitur

555 5795 580 5823 α
608 5781 876 5858 Nonnulli
909 5795 1071 5847 mss.,
1101 5800 1219 5858 nam
1267 5795 1313 5838 et
1353 5784 1606 5858 credendo
1643 5787 1880 5858 habetur,
1913 5799 1958 5843 et
1987 5789 2080 5846 ha-

483 5857 646 5912 bendo
679 5855 998 5920 redhibetur;
1024 5855 1265 5924 quidam,
1295 5857 1585 5912 redimitur.

2192 4772 2330 4840 (Lib.
2363 4789 2422 4828 Ili
2452 4773 2516 4826 de
2536 4773 2735 4843 Spiritu
2755 4782 2956 4839 sancto,
2987 4790 3105 4844 cap.
3142 4773 3253 4843 18).

2259 4865 2348 4920 5‘2.
2381 4865 2522 4935 Ergo
2542 4865 2841 4921 secundum
2867 4865 3012 4921 dicta
3040 4865 3277 4933 Domini,
3311 4864 3378 4919 In
3395 4882 3495 4932 quo
3517 4875 3640 4920 sunt
3685 4865 3802 4920 tlte-

2192 4960 2332 5014 sauri
2358 4959 2625 5030 sapientiae
2646 4969 2690 5013 et
2733 4960 2956 5014 scientia:
2999 4958 3283 5014 absconditi
3326 4958 3548 5034 (Coloss.
3596 4975 3660 5026 tt,
3719 4958 3801 5030 5),

2189 5069 2327 5124 quos
2354 5069 2511 5109 nemo
2544 5056 2718 5123 potuit
2749 5053 3075 5124 praevidere,
3102 5053 3321 5124 operari
3351 5068 3438 5108 me
3475 5061 3705 5126 Oportet
3749 5051 3806 5108 in

2189 5151 2518 5220 sepulturam
2549 5149 2706 5218 ejus;
2736 5159 2790 5203 ut
2817 5163 2944 5204 caro
2970 5149 3086 5218 ejus
3114 5149 3468 5220 requievisse,
3525 5162 3632 5202 non
3681 5161 3811 5202 cor-

2194 5247 2503 5316 ruptionem
2532 5245 2734 5299 vidisse
2755 5245 3010 5299 credatur
3037 5266 3050 5300 :
3081 5252 3137 5300 et
3177 5259 3327 5299 mors
3375 5243 3626 5313 corporis
3684 5241 3809 5312 ejus

2193 5340 2268 5392 ita
2295 5339 2513 5394 domum
2533 5345 2772 5392 nostram
2803 5337 2973 5394 odore
3002 5337 3085 5392 sui
3102 5337 3392 5406 compleat,
3423 5345 3482 5392 ut
3507 5334 3809 5390 credamus

2193 5436 2315 5507 quia
2346 5435 2396 5489 in
2425 5449 2617 5488 manus
2648 5433 2822 5488 Patris
2857 5431 3262 5489 commendavit
3308 5431 3568 5502 spiritum
3612 5445 3808 5498 suum,

2193 5539 2246 5582 et
2286 5543 2313 5579 a
2371 5534 2543 5581 morte
2587 5536 2922 5596 sequestrata
2978 5523 3236 5582 divinitas
3275 5523 3649 5596 corporalium
3697 5537 3814 5596 non

2193 5619 2359 5676 subiit
2389 5619 2723 5676 consortium
2755 5622 3094 5690 passionum.

2263 5789 2291 5829 δ
2319 5790 2506 5863 Iidem.
2539 5806 2691 5853 mss.,
2723 5790 2942 5863 gratiam
2971 5806 3065 5863 pro
3087 5789 3354 5858 sanguine,
3382 5803 3482 5863 pro
3509 5789 3688 5862 pretio
3720 5803 3817 5862 ps-

2186 5863 2412 5918 cuniam.
2446 5862 2548 5918 Alii
2583 5860 2852 5929 nonnulli,
2879 5860 3102 5933 gratiam
3131 5877 3225 5931 pro
3258 5860 3500 5932 pecunia.
