4156 6346
391 312 532 372 1677

1354 309 1722 372 EXPOSITIO
1755 307 2017 368 EVANG.
2059 305 2210 369 SEC.
2249 305 2412 368 LUC.
2456 303 2585 367 LIB.
2628 299 2722 366 Vl.

3545 309 3687 372 εστι

455 429 546 483 55.
586 425 838 500 intelligo
860 425 1316 499 quemadmodum
1356 441 1557 501 corpus
1607 428 1701 483 lilii
1740 443 1982 499 unguen-
2011 433 2065 492 Α
2090 424 2289 495 Legem
2336 441 2468 496 ergo
2507 440 2709 498 genera
2785 430 3156 496 peccatorum,
3215 427 3688 498 praevaricationis

384 531 498 578 tum
524 523 694 579 oleat.
730 522 942 594 Corpus
969 521 1102 578 illud
1149 532 1234 578 est
1278 523 1422 594 quod
1467 532 1688 580 exutum
1719 530 1823 591 est,
1876 536 1985 578 non

384 618 529 685 quod
579 619 839 674 amissum
888 627 991 674 est.
1041 616 1255 689 Corpus
1300 617 1424 688 ejus
1493 618 1814 674 traditiones
1861 622 1989 671 sunt

383 710 813 783 Scripturarum.
843 711 1051 782 Corpus
1105 711 1227 780 ejus
1272 710 1518 768 Ecclesia
1569 721 1672 767 est.
1729 707 1990 780 Corporis

381 806 502 878 ejus
529 806 670 862 odor
696 820 921 871 sumus;
953 814 1008 861 et
1035 803 1160 860 ideo
1185 805 1343 861 decet
1367 815 1426 860 ut
1461 812 1694 862 mortem
1739 803 1988 874 corporis

380 900 502 970 ejus
531 914 813 958 ornemus.
850 899 965 954 Etsi
994 906 1214 956 nostros
1245 898 1336 954 illa
1359 913 1468 954 non
1526 897 1774 970 requirat
1821 911 1987 952 orna-

382 1001 491 1054 tus,
521 991 616 1048 sed
649 993 931 1064 requirunt
959 1006 1249 1062 pauperes.
1283 990 1505 1048 Oruabo
1546 1005 1748 1062 corpus
1774 989 1914 1060 ejus,
1943 990 1990 1047 si

387 1086 516 1142 ﬁam
542 1102 863 1142 sermonum
898 1086 1018 1158 ejus
1057 1084 1408 1157 prazdicator,
1450 1093 1505 1141 et
1561 1084 1763 1151 possim
1817 1083 1990 1154 genti-

381 1179 486 1236 bus
524 1181 706 1236 crucis
735 1179 950 1250 aperire
975 1179 1314 1252 mysterium.
1337 1178 1562 1235 Ornavit
1589 1179 1680 1236 ille
1703 1177 1793 1250 qui
1820 1176 1987 1234 dixit:

387 1273 526 1343 Quia
574 1274 920 1343 pradicamus
956 1273 1220 1330 Christum
1268 1273 1598 1343 cruciﬁxum,
1640 1270 1839 1327 Judteis
1870 1272 1989 1341 qui-

383 1367 499 1421 dem
531 1366 860 1434 scandalum,
889 1366 1122 1440 gentibus
1149 1375 1320 1420 autem
1354 1364 1627 1420 stultitiam
1675 1380 1693 1418 :
1718 1364 1844 1435 ipsis
1872 1378 1991 1417 vero

380 1460 576 1516 uocatis
603 1459 804 1516 ludatis
833 1467 984 1528 atque
1005 1457 1220 1525 Graecis,
1247 1456 1511 1513 Christum
1537 1454 1635 1511 Dei
1660 1457 1920 1521 virtutem,
1944 1462 1991 1510 et

380 1554 483 1610 Dei
506 1554 813 1626 sapientiam
839 1552 882 1625 (Ι
904 1550 1028 1608 Cor.
1053 1568 1091 1621 I,
1110 1551 1184 1608 23
1205 1561 1250 1607 et
1275 1550 1391 1624 24).
1416 1550 1653 1606 Ornatur
1679 1563 1840 1612 crux,
1864 1563 1989 1603 cum

380 1646 432 1702 id
475 1644 619 1718 quod
658 1660 754 1717 per
789 1643 1116 1716 imperitiam
1147 1643 1370 1698 stultum
1402 1649 1646 1714 putatur,
1681 1654 1777 1712 per
1809 1637 1992 1694 Evan-

376 1740 580 1817 gelium
631 1738 932 1809 sapientius
979 1736 1314 1800 aestimatur;
1368 1745 1426 1791 ut
1471 1733 1746 1805 possimus
1792 1732 1991 1790 docere

2091 534 2308 592 quoque
2333 520 2539 575 crimen
2571 534 2831 591 agnosco,
2863 534 3026 578 curro
3056 519 3120 576 ad
3147 521 3545 594 paenitentiam,
3569 537 3694 594 gra-

2089 611 2217 668 tiam
2248 628 2576 684 consequor.
2610 612 2718 670 Lex
2744 628 2875 686 ergo
2897 624 3090 671 auctor
3117 624 3202 672 est
3231 614 3380 682 boni,
3414 630 3537 686 quae
3566 616 3693 671 mit-

2093 703 2158 760 tit
2179 704 2245 760 ad
2271 706 2523 776 gratiam.

2167 798 2320 871 (Cap.
2354 799 2489 855 Vill.
2525 830 2596 844 —
2626 800 2777 856 Vers.
2808 801 2926 872 21.)
2955 799 3120 856 Mater
3162 811 3211 858 et
3258 805 3446 874 fratres
3484 803 3587 859 mei
3637 803 3693 858 hi

2090 899 2230 955 sunt,
2260 893 2346 962 qui
2374 893 2583 947 uerbum
2608 891 2705 946 Dei
2735 893 2977 960 audiunt,
3011 903 3060 948 et
3090 895 3309 964 faciunt.

2164 983 2253 1038 36.
2302 983 2520 1039 Muralis
2549 985 2806 1055 magister
2851 986 2941 1055 qui
2995 985 3064 1041 de
3111 1001 3171 1042 se
3227 988 3440 1044 caeteris
3488 987 3694 1059 praebet

2091 1077 2424 1148 exemplum,
2456 1087 2618 1150 atque
2645 1079 2760 1150 ipse
2791 1091 3110 1152 praeceptor,
3136 1083 3251 1154 ipse
3276 1085 3438 1140 etiam
3467 1101 3689 1142 suorum

2092 1181 2380 1226 exsecutor
2409 1182 2489 1226 est
2519 1181 2930 1244 praeceptorum.
2963 1175 3384 1248 Praescripturus
3413 1179 3560 1236 enim
3587 1195 3694 1236 cae-

2094 1261 2227 1316 teris
2253 1262 2508 1333 quoniam
2540 1265 2632 1334 qui
2662 1281 2768 1320 non
2802 1269 3085 1336 reliquerit
3125 1278 3330 1339 patrem
3365 1284 3421 1327 et
3460 1283 3689 1330 matrem

2095 1370 2271 1419 suam,
2305 1373 2412 1413 non
2445 1367 2528 1414 est
2553 1359 2695 1415 Filio
2726 1360 2820 1417 Dei
2860 1361 3076 1432 dignus,
3109 1366 3395 1420 sententiae
3422 1365 3548 1422 huic
3575 1369 3689 1438 pri-

2096 1463 2216 1505 mus
2241 1451 2356 1521 ipse
2384 1465 2442 1507 se
2473 1451 2691 1523 subjicit
2727 1470 2740 1510 :
2775 1469 2880 1508 non
2921 1469 3028 1526 quo
3056 1463 3318 1512 maternas
3346 1457 3542 1514 refutet
3581 1460 3694 1531 pie-

2097 1545 2222 1600 tatis
2250 1545 2512 1616 obsequia
2558 1544 2753 1616 (ipsius
2797 1549 2940 1603 enim
2993 1559 3320 1621 prtrceptum
3367 1560 3453 1608 est
3495 1553 3691 1627 (Exod.

2095 1637 2212 1710 xv),
2245 1638 2347 1706 Qui
2396 1655 2498 1694 non
2528 1640 2858 1696 honoraverit
2901 1651 3097 1716 patrem
3145 1657 3231 1700 aut
3261 1656 3499 1713 rnatrem,
3537 1657 3697 1705 morte

2094 1732 2387 1814 moriatur),
2417 1731 2512 1788 sed
2548 1733 2674 1803 quia
2713 1741 2740 1771 α
2767 1735 3008 1804 paternis
3053 1750 3113 1792 se
3162 1740 3435 1809 mysteriis
3462 1741 3694 1811 amplius

378 1830 837 1903 quemadmodum
863 1829 1034 1885 virtus
1071 1829 1379 1884 adversaria
1410 1843 1505 1898 per
1526 1842 1742 1884 crucem
1777 1825 1988 1882 Domini
2017 1834 2069 1896 Β
2093 1841 2252 1898 quam
2298 1827 2559 1882 maternis
2601 1827 2885 1884 affectibus
2909 1827 3110 1884 debere
3159 1841 3472 1902 cOgnoscat.
3505 1832 3694 1904 Neque

379 1926 720 1982 destruatur.
753 1924 872 1980 Misi
911 1924 965 1979 in
998 1923 1212 1979 Domini
1250 1937 1451 1992 corpus
1486 1930 1840 1992 unguentum,
1877 1921 1990 1992 Spi-

378 2034 504 2074 rare
533 2017 722 2088 incipit
763 2016 908 2088 quod
944 2026 1218 2072 mortuum
1252 2015 1564 2084 putabatur.

450 2111 540 2166 5’s.
568 2110 698 2167 Ideo
726 2111 1103 2183 unusquisque
1133 2109 1416 2165 adoriatur
1439 2125 1623 2166 emere
1651 2109 1838 2166 labore
1870 2125 1990 2174 suo,

380 2205 614 2277 nisuque
643 2204 902 2260 virtutum
935 2204 1271 2260 alabastrum
1305 2203 1590 2275 unguenti,
1619 2217 1726 2258 non
1762 2203 1869 2257 vile
1896 2202 1996 2256 ali-

378 2296 524 2368 quod
555 2305 718 2366 atque
743 2310 1053 2360 commune,
1084 2293 1178 2349 sed
1203 2295 1498 2364 pretiosum
1524 2303 1858 2366 unguentum
1881 2293 1995 2348 ala-

380 2389 575 2456 bastri,
619 2397 674 2444 et
716 2397 1049 2459 unguentum
1085 2387 1356 2458 pisticum.
1400 2387 1458 2444 Si
1499 2387 1646 2442 enim
1697 2388 1820 2458 quis
1870 2385 2050 2468 fidei.

378 2487 676 2550 congreget
705 2477 893 2544 ﬂores,
926 2486 981 2533 et
1006 2477 1264 2548 przcdicet
1299 2476 1484 2533 Jesum
1515 2476 1788 2534 Christum
1816 2477 1994 2533 cruci-

379 2571 552 2626 ﬁxum
592 2588 606 2625 :
648 2571 703 2624 in
751 2585 968 2624 omnem
1008 2569 1331 2636 Ecclesium,
1385 2584 1505 2640 qum
1548 2567 1752 2624 Christi
1795 2583 1992 2639 corpus

379 2671 484 2726 est,
516 2661 722 2718 mundo
743 2671 981 2727 mortua,
1006 2660 1358 2732 requiescens
1371 2661 1504 2722 Deo,
1537 2661 1659 2716 ﬁdei
1683 2663 1995 2717 sunttrans—

379 2755 558 2812 fundit
605 2763 964 2828 unguentum.
1001 2753 1162 2811 Olere
1195 2753 1384 2824 incipit
1419 2762 1527 2808 tota
1559 2754 1755 2809 domus
1776 2753 1992 2809 Domini

377 2851 695 2922 passionem
727 2869 740 2905 :
775 2851 926 2905 olere
955 2848 1149 2918 incipit
1179 2859 1410 2903 mortem
1444 2865 1458 2904 :-
1507 2848 1694 2917 incipit
1721 2848 1870 2904 olere
1901 2863 1989 2904 re-

379 2947 803 3010 surrectionem;
833 2936 890 2999 ut
908 2943 1076 3014 possit
1095 2943 1472 3013 unusquisque
1486 2957 1552 2996 ex
1571 2943 1674 2996 hoc
1687 2956 1857 2997 sacrm
1877 2941 1993 3011 ple-

380 3039 465 3095 bis
487 3054 720 3093 numcro
742 3037 927 3094 dicere
958 3055 969 3090 :
1006 3035 1142 3090 Mihi
1163 3045 1334 3090 autem
1363 3034 1494 3089 absit
1517 3035 1759 3107 gloriari,
1791 3035 1890 3088 nisi
1940 3035 1994 3088 in

377 3147 533 3186 cruce
565 3131 774 3185 Domini
807 3131 969 3184 nostri
999 3128 1127 3185 Jesu
1155 3127 1348 3183 Christi
1388 3127 1588 3201 (Galnt.
1621 3145 1695 3196 vt,
1729 3128 1844 3199 M)’.
1872 3128 1994 3197 Spi-

2100 1928 2280 1976 tamen
2297 1919 2561 1989 injuriose
2585 1919 2892 1976 refutantur
2909 1930 3182 1991 parentes,
3209 1924 3304 1978 sed
3329 1924 3697 1994 religiosiores

2097 2013 2307 2083 copulae
2336 2013 2599 2068 mentium
2627 2013 2896 2072 docentur
2921 2031 3066 2082 esse,
3100 2032 3262 2088 quam
3289 2033 3601 2089 corporum.

2167 2106 2258 2161 37.
2289 2105 2435 2177 Ergo
2466 2120 2573 2162 non
2603 2106 2908 2164 debuerant
2937 2108 3070 2165 foris
3094 2121 3260 2174 stare,
3295 2112 3391 2182 qui
3417 2113 3692 2170 Christum

2096 2198 2284 2256 videre
2311 2197 2629 2271 quairebant
2653 2218 2668 2254 :
2704 2200 2878 2272 Prope
2903 2212 2978 2257 est
3005 2203 3150 2258 enim
3172 2204 3379 2260 uerbum
3401 2206 3453 2261 in
3476 2221 3566 2262 ore
3585 2217 3697 2275 tuo,

2097 2302 2141 2346 et
2185 2293 2240 2346 in
2288 2293 2444 2347 corde
2481 2302 2572 2347 tuo
2605 2292 2786 2365 (Rom.
2834 2311 2892 2362 ι,
2925 2295 3002 2365 8).
3052 2296 3202 2353 intus
3252 2299 3416 2369 igitur
3449 2301 3698 2368 verbum,

2097 2385 2243 2442 intus
2271 2394 2355 2442 est
2379 2387 2581 2442 lumen.
2618 2385 2776 2443 [inde
2800 2395 2857 2442 et
2880 2387 2972 2444 ille
2998 2388 3078 2445 ait
3110 2408 3124 2444 :
3158 2390 3400 2447 Accedite
3424 2393 3495 2448 ad
3515 2392 3700 2450 Domi~

2095 2494 2238 2544 num,
2267 2487 2313 2532 et
2339 2478 2712 2534 itiuminamini
2742 2479 2918 2552 (Psal.
2943 2497 3145 2546 xxxiii,
3188 2482 3266 2555 6).
3295 2483 3352 2540 Si
3391 2487 3538 2541 enim
3570 2487 3704 2546 foris

2094 2580 2335 2627 astantes
2364 2584 2465 2626 nec
2493 2571 2596 2642 ipsi
2627 2583 2994 2642 agnoscuntur
3035 2583 3288 2643 parentes
3335 2617 3351 2640 ,
3380 2587 3436 2632 et
3477 2587 3701 2649 propter

2094 2674 2338 2720 nostrum
2367 2665 2596 2723 fortasse
2618 2683 2724 2722 non
2745 2671 3436 2742 agnoscunturexemplum
3462 2690 3476 2727 :
3501 2687 3700 2743 quem-

2095 2757 2384 2814 admodum
2402 2774 2499 2814 nos
2523 2775 2906 2830 agnoscemur,
2930 2763 2975 2818 si
3006 2762 3139 2819 foris
3166 2766 3407 2820 stemus?

2164 2849 2256 2908 58.
2287 2849 2398 2905 Nec
2433 2859 2588 2921 putet
2628 2852 2826 2924 aliquis
2865 2852 3252 2912 oi'fendioulum
3291 2871 3417 2915 esse
3452 2859 3692 2930 pietatis,

2095 2942 2186 2999 ubi
2232 2943 2548 3000 mandatum
2603 2945 2761 3018 Legis
2803 2947 3060 3020 impletur
3102 2966 3116 3001 :
3157 2949 3204 3005 si
3233 2951 3378 3006 enim
3433 2953 3701 3026 relinquet

2095 3035 2258 3091 homo
2291 3047 2502 3107 patrem
2542 3046 2598 3093 et
2632 3046 2882 3107 matrem,
2913 3049 2971 3097 et
3014 3040 3314 3100 adhaerebit
3357 3045 3517 3101 uxori
3558 3061 3694 3115 suat,

2093 3136 2148 3188 et
2173 3138 2334 3186 erunt
2361 3129 2470 3186 duo
2509 3130 2561 3186 in
2607 3146 2774 3188 carne
2818 3147 2947 3198 una,
2982 3144 3132 3189 I‘OClB
3163 3146 3570 3194 sacramentum
3599 3139 3704 3194 hoc

378 3235 467 3282 rat
498 3225 654 3291 odor,
683 3224 895 3281 redolet
919 3232 1253 3293 unguentum
1280 3224 1334 3276 in
1358 3237 1610 3292 corpore,
1642 3223 1686 3277 si
1719 3222 1842 3292 quis
1867 3235 1992 3292 pos-
2020 3227 2068 3292 ο
2097 3225 2150 3280 in
2179 3223 2399 3282 Christo
2431 3233 2679 3282 servatur
2708 3235 2762 3282 et
2793 3226 3037 3283 Ecclesia
3068 3225 3288 3299 (Ep/tes.
3321 3245 3378 3297 v,
3406 3231 3472 3286 51
3503 3240 3551 3286 et
3579 3230 3696 3304 52).

378 3321 450 3375 sit
501 3319 690 3390 (atque
727 3317 940 3391 1392
982 3317 1190 3371 utinam
1237 3331 1342 3387 ego
1371 3316 1598 3388 possim)
1647 3315 1992 3371 conﬁdenter

378 3413 531 3486 loqui
557 3431 570 3466 :
608 3413 744 3467 Mihi
768 3424 948 3467 autem
975 3411 1201 3465 mundus
1227 3410 1509 3479 cruciﬁxus
1533 3419 1604 3465 est
1633 3407 1848 3481 (Ibid)
1871 3409 1990 3465 Non

375 3509 584 3566 amanti
626 3507 865 3574 divitias,
913 3522 1023 3562 non
1072 3507 1275 3561 amanti
1326 3505 1567 3560 honores
1618 3503 1828 3570 saeculi,
1878 3519 1992 3559 non

376 3606 585 3662 amanti
630 3619 751 3676 quae
779 3618 874 3659 sua
926 3609 1075 3668 sunt,
1115 3599 1210 3657 sed
1253 3615 1374 3671 quae
1425 3598 1556 3655 Jesu
1599 3597 1844 3654 Christi:
1878 3613 1991 3654 non

377 3699 584 3756 amanti
632 3712 751 3768 quae
781 3695 1058 3763 videntur,
1091 3694 1184 3750 sed
1228 3709 1347 3765 quae
1405 3709 1511 3748 non
1551 3693 1804 3748 videntur
1834 3709 1846 3745 :
1881 3707 1991 3748 non

376 3791 582 3863 cupido
616 3789 767 3856 vitae,
816 3787 912 3845 sed
961 3789 1011 3844 ei
1061 3789 1156 3858 qui
1209 3787 1428 3842 festinat.
1466 3786 1711 3851 dissolvi,
1762 3796 1817 3844 et
1865 3800 1990 3846 cum

376 3886 604 3943 Christo
635 3899 780 3951 esse,
813 3883 1114 3941 crucifixus
1159 3890 1244 3937 est
1291 3881 1542 3936 mundus.
1579 3880 1693 3936 Hoc
1732 3893 1813 3935 est
1843 3880 1991 3936 enim

376 3993 598 4035 crucem
627 3977 838 4043 tollere,
873 3986 929 4031 et
969 3975 1122 4047 sequi
1152 3972 1463 4039 Christum;
1512 3983 1567 4028 ut
1613 3983 1668 4029 et
1703 3987 1806 4029 nos
1833 3989 1987 4027 com-

377 4073 681 4129 moriamur
702 4078 758 4127 et
784 4069 1226 4141 consepeliamur
1252 4083 1376 4124 cum
1407 4082 1509 4134 eo;
1551 4076 1609 4122 ut
1650 4074 1989 4137 unguentum

373 4165 522 4238 quod
568 4164 668 4219 ista
708 4162 906 4219 mulier
958 4162 1015 4217 in
1062 4162 1402 4232 sepulturam
1451 4159 1570 4229 ejus
1620 4159 1790 4226 misit,
1838 4159 1990 4216 olere

379 4259 680 4329 possimus.
726 4255 844 4312 Non
878 4254 1156 4311 mediocre
1205 4253 1350 4309 istud
1380 4262 1718 4319 unguentum
1750 4263 1853 4317 est,
1879 4267 1988 4323 quo

375 4349 583 4406 Christi
609 4350 768 4420 longe
798 4349 1017 4418 lateque
1046 4346 1363 4402 diffunditur
1393 4359 1612 4400 nomen.
1643 4343 1798 4399 Unde
1823 4344 1987 4400 etiam

377 4444 700 4517 prophetico
747 4442 950 4498 dictum
987 4448 1074 4497 est
1121 4456 1134 4495 :
1169 4439 1502 4511 Unguentum
1549 4437 1871 4494 exinanitum
1913 4448 1987 4493 est

373 4554 561 4594 nomen
590 4549 737 4593 tuum
759 4535 932 4609 (Cant.
965 4552 1006 4601 ι,
1036 4534 1117 4606 ﬁ).
1151 4532 1282 4591 ideo
1307 4533 1667 4600 exinanitum,
1700 4541 1758 4590 ut
1780 4532 1987 4604 majore

375 4632 514 4688 ﬁdes
542 4631 715 4686 odore
744 4629 1028 4701 fragraret.

445 4727 537 4782 55.
573 4725 654 4781 Ex
686 4724 786 4780 hac
812 4738 942 4794 ergo
965 4721 1190 4778 muliere
1217 4720 1567 4792 intelligimus
1598 4719 1726 4775 illud
1750 4720 1984 4790 Aposto-

374 4820 542 4876 licum
573 4818 700 4890 quid
735 4817 806 4871 sit
831 4834 843 4869 :
870 4813 1343 4885 Superabundavit
1373 4824 1672 4884 peccatum,
1703 4823 1763 4868 ut
1789 4827 1979 4884 super-

371 4914 678 4971 abundaret
714 4913 880 4985 gratia
911 4912 1092 4984 (Rom.
1125 4927 1178 4978 ν,
1214 4908 1328 4982 20).
1379 4909 1512 4966 Nam
1557 4910 1604 4964 si
1647 4910 1705 4964 in
1733 4909 1834 4964 ista
1862 4925 1982 4965 mu-

370 5009 510 5068 liere
557 5025 666 5064 non
721 5004 1223 5078 superabundasset
1275 5011 1580 5075 peccatum,
1637 5016 1744 5058 non
1789 5016 1977 5072 super-

371 5103 708 5160 abundasset
743 5101 951 5172 gratia;
991 5098 1209 5170 agnovit
1258 5097 1402 5153 enim
1435 5102 1740 5168 peccatum,
1784 5101 1839 5148 et
1879 5093 1975 5150 de-

369 5199 499 5254 tulit
529 5197 781 5270 gratiam.
816 5195 884 5250 Et
925 5194 1050 5250 ideo
1092 5192 1206 5248 Lex
1239 5192 1582 5255 necessaria;
1628 5204 1726 5258 per
1772 5187 1971 5259 Legem

368 5293 518 5350 enim
546 5300 825 5366 peccatum
860 5287 1069 5360 agnovi.
1101 5286 1160 5342 Si
1179 5285 1291 5341 Lex
1320 5299 1426 5340 non
1451 5283 1662 5350 fuisset,
1690 5291 1974 5353 peccatum

366 5387 586 5445 lateret.
641 5383 1002 5456 Agnoscendo
1051 5389 1355 5454 peccatum,
1406 5379 1618 5434 veniam
1668 5385 1815 5448 peto.
1869 5375 1973 5432 Per

443 5553 472 5583 ι
504 5545 664 5599 Rm.
695 5542 828 5598 edit.
859 5543 997 5615 sola,
1029 5539 1257 5615 paternis
1284 5553 1338 5594 se
1363 5534 1678 5591 ministeriis.
1803 5603 1860 5615 Μ
1917 5603 1929 5615 .

439 5615 470 5656 ι
496 5617 604 5685 Qui
633 5617 836 5671 fuerint
862 5603 1106 5685 haeretici
1127 5610 1227 5672 illi,
1251 5619 1307 5666 et
1335 5623 1432 5666 cur
1463 5617 1690 5685 matrem
1729 5620 1759 5659 a
1793 5603 1964 5685 Chri-

365 5703 458 5751 sto
486 5677 736 5764 nwegataim
763 5698 869 5743 tam
897 5683 1245 5764 impudenter
1271 5679 1630 5764 asseruerint,
1663 5677 1969 5764 luculenter

365 5748 614 5823 declarat
631 5748 995 5831 Hieronymus
1027 5757 1085 5810 in
1117 5770 1240 5831 cap.
1267 5751 1547 5831 iupMatth.
1577 5748 1702 5831 on
1724 5748 1968 5831 ergo,in_-

364 5839 507 5909 quit,
530 5839 696 5909 juxta
721 5823 1042 5888 Marciorum
1061 5835 1109 5884 et
1138 5823 1486 5881 unum».
1506 5829 1719 5877 matrem
1743 5823 1968 5892 negavit;

2093 3317 2159 3374 Et
2186 3318 2310 3373 ideo
2352 3330 2604 3390 parentes
2635 3319 2853 3389 corpori
2901 3319 3122 3390 proprio
3173 3336 3284 3376 non
3332 3324 3507 3392 potuit
3544 3333 3700 3382 ante-

2092 3410 2258 3468 ferre.
2285 3399 2434 3484 Ergo
2456 3411 2544 3469 hic
2573 3427 2682 3470 non
2711 3413 2792 3486 (ut
2818 3412 3037 3484 quidam
3065 3411 3091 3452 ι)
3122 3413 3370 3472 hanretici
3400 3417 3701 3476 tendiculas

2091 3508 2456 3578 aucupentur)
2501 3517 2674 3563 mater
2722 3516 2972 3578 negatur,
3024 3523 3144 3580 qua:
3193 3508 3262 3566 de
3306 3525 3472 3568 cruce
3526 3513 3694 3570 etiam

2091 3599 2406 3670 agnoscitur
2439 3597 2622 3672 (Joan.
2652 3614 2766 3664 xix,
2799 3599 2924 3672 26),
2955 3599 3052 3658 sed
3093 3603 3483 3660 necessitudini
3505 3619 3698 3678 corpo-

2091 3694 2194 3748 rali
2228 3693 2674 3766 praiscriptorum
2705 3693 3013 3750 cmlestium
3051 3694 3224 3754 forma
3269 3698 3580 3768 przefertur.
3626 3700 3697 3756 il-

2091 3788 2183 3844 lud
2215 3803 2433 3859 quoque
2463 3789 2769 3859 intelligere
2813 3805 2921 3844 non
2965 3788 3248 3857 abhorret,
3289 3794 3415 3864 quia
3439 3809 3535 3865 per
3559 3794 3698 3867 ﬁgu—

2091 3897 2207 3938 ram
2261 3891 2547 3950 parentum
2592 3881 2935 3938 demonstrat
2981 3883 3210 3952 Iudaeis,
3261 3902 3329 3942 ex
3374 3888 3572 3958 quibus
3614 3900 3701 3950 est

2097 3974 2308 4048 1393
2334 3975 2585 4030 Christus
2625 3976 2927 4032 secundum
2966 3991 3208 4045 carnem,
3240 3978 3539 4038 Ecclesium
3571 3999 3697 4056 quat

2089 4070 2342 4135 credidit,
2371 4069 2786 4140 praeferendam.

2159 4163 2462 4235 59.1taque
2483 4164 2576 4236 qui
2606 4177 2666 4220 se
2714 4164 3041 4236 intelligeret
3091 4177 3312 4240 propter
3349 4169 3593 4229 divinum
3639 4174 3694 4231 in

2088 4262 2267 4312 terras
2294 4255 2508 4312 venisse
2538 4256 2878 4328 mysterium,
2927 4258 3292 4334 Ecclesiaeque
3337 4274 3692 4336 conventum,

2089 4348 2294 4404 relictis
2320 4364 2512 4406 navem
2533 4350 2783 4406 ascendit
2808 4351 3142 4424 parentibus.
3161 4353 3348 4426 Neque
3366 4358 3513 4414 enim
3540 4360 3689 4430 quis-

2088 4458 2250 4514 quam
2278 4454 2489 4515 poterat
2516 4443 2662 4500 hunc
2683 4447 2944 4504 mundum
2973 4449 3262 4520 enavigare
3305 4453 3424 4510 sine
3471 4451 3688 4514 Christo

2088 4535 2305 4615 quando
2335 4551 2430 4593 eos
2450 4552 2666 4609 quoque
2699 4537 2894 4609 quibus
2941 4540 3200 4599 Dominus
3236 4544 3412 4614 adest,
3435 4549 3689 4606 tentatio-

2005 4631 2216 4692 Dnum
2261 4630 2602 4683 sazcularium
2653 4644 2799 4700 saepe
2819 4633 3068 4701 procella
3118 4638 3417 4705 perturbat.
3446 4636 3512 4696 Et
3537 4657 3687 4699 (ecce

2088 4720 2268 4776 nomia
2298 4730 2548 4777 servatur
2574 4722 2626 4776 in
2657 4723 2940 4793 apostolis,
2969 4735 3028 4780 ut
3067 4727 3318 4786 advertas
3349 4733 3465 4788 sine
3512 4743 3685 4793 lentas

2087 4817 2234 4872 tione
2263 4816 2538 4874 neminem
2586 4833 2748 4888 posse
2780 4835 2844 4874 ex
2894 4820 2996 4877 hoc
3021 4821 3144 4880 vita:
3183 4828 3458 4886 curriculo
3508 4831 3686 4890 demi.

2079 4926 2260 4982 grare,
2290 4911 2415 4982 quia
2445 4912 2762 4969 exercitium
2778 4912 2904 4970 ﬁdei
2934 4919 3161 4973 tentatio
3179 4929 3282 4975 est.

2151 5005 2243 5063 40.
2271 5005 2514 5078 Subjecti
2537 5005 2701 5078 igitur
2746 5023 2933 5065 sumus
2981 5014 3234 5083 nequitiae
3274 5018 3535 5088 spiritalis
3565 5038 3686 5094 pro-

2079 5097 2233 5154 cellis
2258 5115 2271 5153 :
2301 5097 2398 5154 sed
2439 5099 2592 5169 quasi
2620 5099 2908 5171 pervigiles
2935 5113 3112 5161 nautae
3136 5107 3554 5176 gubernatorem
3587 5130 3686 5173 ex.

2079 5191 2332 5247 citemus.
2387 5190 2590 5246 Verum
2659 5203 2713 5246 et
2759 5193 2863 5261 ipsi
2914 5195 3210 5263 periclitari
3256 5202 3456 5259 solent.
3508 5206 3682 5274 Quem

2078 5281 2241 5354 igitur
2293 5284 2711 5354 gubernatorem
2765 5287 3150 5358 requiramus?
3181 5293 3333 5352 illum
3379 5298 3564 5371 utique
3587 5302 3682 5374 qui

2079 5391 2187 5432 non
2218 5377 2442 5443 serviat,
2486 5377 2582 5434 sed
2612 5378 2844 5450 imperet
2859 5383 3138 5452 ventis,de
3151 5402 3258 5458 quo
3279 5393 3545 5463 scriptum
3573 5404 3680 5453 est:

2071 5565 2127 5612 ut
2157 5567 2314 5640 natus
2345 5558 2408 5612 de
2439 5558 2800 5640 phantasmate
2836 5569 3107 5640 putaretur
3128 5568 3262 5640 {sed
3294 5575 3558 5640 apostolos
3592 5593 3680 5632 eoa

2071 5630 2582 5718 ρῃαιξοηξιρτφζαιὲιζ
2593 5639 2706 5718 etc.
2722 5630 2898 5718 illisi
2906 5634 3058 5690 milia
3077 5636 3252 5718 habes
3265 5630 3407 5718 apud
3428 5645 3526 5716 Epi
3535 5630 3672 5718 pha-

2071 5703 2242 5830 suam“
2277 5703 2486 5830 Ηὲῗὲεθ.
2554 5701 2646 5769 62,
2707 5711 2770 5759 et
2827 5701 3383 5777 Chrysostomum'in
3422 5701 3557 5788 ca'p.r
3574 5701 3672 5776 In
