4156 6346
496 260 638 322 1670

566 380 752 449 (Vers.
783 382 904 455 24.)
926 384 992 439 At
1018 385 1109 442 ille
1136 400 1374 460 surgens,
1403 389 1686 463 increpavit
1716 405 1946 451 ventum.

561 499 651 554 41.
673 498 811 567 Quid
841 511 924 556 est
948 504 1207 576 surgens?
1234 503 1555 572 Quiescebat
1584 509 1727 564 enim
1750 528 1763 565 :
1794 512 1887 567 sed
1906 513 2087 584 quies-

487 593 646 648 cebat
685 596 930 666 corporis
978 611 1208 665 somno,
1264 613 1386 654 cum
1435 599 1739 658 intenderet
1787 604 2086 662 divinitatis

486 689 747 759 mysterio
779 707 794 757 ;
831 691 920 746 ubi
969 693 1113 748 enim
1169 694 1475 764 sapientia,
1517 695 1610 752 ubi
1665 698 1915 770 verbum,
1949 702 2085 758 nihil

480 779 603 839 sine
629 783 793 840 verbo
817 784 896 852 fit,
927 785 1061 841 nihil
1093 787 1210 844 sine
1235 789 1540 860 prudentia.

555 902 647 960 42.
675 904 847 975 Supra
892 904 1090 974 habes,
1145 908 1270 978 quia
1330 909 1686 977 pernoctahat
1733 911 1787 967 in
1834 913 2083 972 oratione

481 994 635 1067 (Luc.
671 1013 746 1064 vr,
776 996 866 1065 12)
894 1014 907 1052 :
941 997 1215 1067 quomodo
1241 998 1329 1055 hic
1359 1001 1413 1056 in
1439 1011 1760 1072 tempestate
1781 1003 2078 1062 dormiret?

477 1091 584 1150 Sed
627 1093 1245 1163 exprimitur'securitas
1276 1099 1580 1166 potestatis,
1631 1099 1776 1170 quod
1829 1103 2081 1161 omnibus

473 1187 813 1256 timentibus,
832 1189 984 1246 solus
1011 1190 1312 1262 intrepidus
1334 1192 1668 1265 quiescebat.
1690 1194 1808 1252 Non
1831 1205 1921 1254 est
1948 1213 2080 1270 ergo

469 1294 698 1338 consors
753 1292 982 1350 naturae,
1011 1284 1102 1354 qui
1155 1301 1265 1342 non
1290 1296 1374 1343 est
1415 1301 1641 1344 consors
1665 1289 1912 1360 periculi.
1944 1289 2079 1346 Etsi

469 1387 671 1444 corpus
701 1372 900 1430 dormit
931 1418 945 1441 ,
992 1385 1253 1446 operatur
1300 1379 1578 1448 divinitas,
1632 1390 1889 1452 operatur
1918 1381 2074 1438 fides.

469 1466 712 1538 Denique
737 1467 868 1524 dicit
900 1488 913 1522 :
943 1468 1172 1527 Medicae
1193 1472 1318 1542 ﬁdei
1341 1495 1357 1540 ,'
1387 1490 1548 1545 quare
1566 1474 2074 1551 dubitastis(blattlt.

465 1575 584 1628 vttt,
613 1559 708 1632 26)
729 1562 749 1617 l
770 1560 840 1617 Et
867 1562 1004 1619 bene
1034 1576 1336 1636 arguuntur
1355 1567 1449 1638 qui
1473 1579 1739 1638 praesente
1763 1569 1981 1626 Christo
2005 1571 2073 1626 ti-

463 1654 725 1724 mebant,
781 1672 903 1714 cum
977 1661 1164 1734 utique
1204 1663 1298 1735 qui
1331 1666 1382 1720 ei
1425 1664 1690 1732 adhaeret,
1741 1667 1920 1738 perire
1965 1682 2073 1726 non

463 1751 656 1822 possit.

531 1866 623 1923 45.
682 1867 828 1941 Ergo
879 1872 1228 1930 confirmavit
1282 1873 1467 1944 fidem,
1523 1874 1722 1932 refudit
1768 1877 2068 1946 tranquilli-

463 1968 650 2018 tatem.
688 1962 926 2021 Ventum
967 1981 1185 2024 cessare
1230 1969 1515 2041 prmcepit,
1568 1985 1678 2026 non
1730 1971 2064 2042 aquilonem,

461 2070 568 2112 non
594 2056 820 2114 africum
857 2075 873 2114 :
906 2060 1002 2116 sed
1029 2060 1182 2117 illum
1233 2063 1419 2134 utique
1447 2073 1692 2131 ventum,
1724 2066 1810 2120 cui
1859 2064 2064 2121 dictum

458 2159 542 2208 est
565 2150 634 2207 ab
664 2153 860 2222 angelo
892 2153 1156 2210 Michaele
1179 2164 1204 2192 ⁸
1233 2155 1287 2210 in
1339 2157 1566 2227 epistola
1615 2157 1769 2214 Juda:
1797 2176 1810 2212 :
1840 2155 2068 2232 Imperet

458 2247 546 2302 tibi
561 2245 818 2304 Dominus
841 2249 1022 2317 (ludia
1037 2249 1299 2322 tx).Unde
1319 2253 1483 2307 etiam
1502 2263 1724 2309 sanctus
1741 2253 2024 2310 Matthaeus
2045 2270 2059 2308 :

456 2337 764 2411 Imperavit,
792 2340 989 2412 inquit,
1015 2352 1162 2398 vento
1188 2351 1236 2398 et
1260 2345 1393 2399 mari
1424 2344 1637 2415 (Matth.
1673 2362 1788 2411 vm,
1819 2344 1936 2418 26).
1967 2346 2064 2402 At-

455 2446 562 2504 que
591 2433 796 2489 utinam
819 2435 872 2488 in
900 2435 1058 2491 nobis
1086 2436 1244 2493 flatus
1261 2437 1379 2507 ejus
1400 2452 1624 2508 asperos
1653 2438 1912 2494 cohibere
1937 2439 2063 2510 dig-

455 2535 616 2582 netur
645 2543 660 2593 ;
693 2526 1066 2584 utfluclnanti
1117 2529 1242 2585 vitae
1291 2529 1472 2586 refusa
1521 2530 1883 2602 tranquillitas
1926 2548 2063 2589 nau-

450 2618 608 2692 fragii
638 2629 843 2677 metum
869 2620 1052 2679 demat
1079 2624 1093 2678 !
1126 2623 1195 2678 Et
1218 2625 1264 2681 si
1292 2624 1404 2694 jam
1434 2640 1541 2681 non
1567 2624 1801 2681 dormiat
1830 2628 1916 2683 sui
1939 2643 2063 2686 cor-

450 2715 602 2785 poris
646 2731 864 2784 somno,
893 2733 1184 2776 caveamus
1239 2727 1422 2777 tamen
1473 2738 1543 2779 ne
1587 2723 1760 2779 nostri
1811 2723 2059 2795 corporis

448 2824 646 2867 somno
676 2811 833 2868 nobis
858 2811 1095 2868 dormiat
1129 2823 1182 2869 et
1213 2814 1481 2886 quiescat.

522 2926 613 2985 44.
644 2927 761 2984 Etb
790 2929 1046 3000 quoniam
1076 2945 1199 3000 qua:
1251 2931 1374 2988 loco
1419 2931 1690 3003 superiori
1732 2932 2058 3004 perstrinxi-

448 3034 592 3086 mus,
630 3019 906 3078 delibasse
950 3022 1083 3080 satis
1110 3031 1195 3080 est
1218 3041 1231 3077 :
1256 3039 1400 3079 nunc
1439 3023 1563 3094 quia
1607 3026 1659 3080 in
1690 3025 1828 3082 libro
1856 3041 2054 3083 secun-

447 3112 577 3167 dum
604 3111 917 3170 Matthteum
948 3115 1084 3171 duos
1109 3115 1362 3174 homines
1388 3119 1442 3173 in
1485 3117 1704 3189 regione
1748 3120 2053 3178 Geraseno-

1849 276 2097 338 SANCTI
2134 277 2464 344 AMBROSII

3658 303 3801 362 4680

2115 396 2171 460 Α
2196 399 2340 471 quod
2391 401 2653 459 nudatum
2683 414 2892 474 patrem
2931 419 3040 466 non
3070 419 3281 469 texerat
3305 429 3320 481 ;
3344 412 3666 473 benedictus
3716 419 3798 473 al-

2191 501 2293 561 ter,
2327 496 2470 564 quod
2519 513 2748 557 aversus
2789 501 2938 573 licet,
2969 521 3036 562 ne
3065 509 3435 566 confusionem
3490 512 3675 568 nudati
3703 528 3798 584 pa-

2188 586 2360 643 rentis
2383 589 2644 659 hauriret,
2677 592 2818 651 duce
2875 605 3054 654 tamen
3086 609 3298 669 patrem
3328 597 3354 640 ά
3387 601 3590 674 pietate
3629 605 3795 661 texis-

2187 689 2293 747 set,
2323 690 2377 737 et
2407 683 2633 743 fraterni
2663 690 3011 749 maledictum
3038 697 3268 753 seminis
3295 699 3542 756 cluisset.

2257 775 2440 848 (Vers.
2463 777 2584 853 27.)
2605 783 2708 850 Qui
2726 785 2925 855 multis,
2945 787 3144 860 inquit,
3177 794 3494 866 temporibus
3520 796 3788 866 agebatur.

2256 891 2345 949 45.
2378 893 2448 952 Ut
2471 906 2596 967 pote
2625 900 2718 971 qui
2749 917 2779 958 a
2802 901 3004 960 diluvio
3035 919 3207 978 usque
3235 909 3304 965 ad
3350 909 3640 968 adventum
3686 914 3792 971 Do-

2185 989 2317 1044 mini
2371 993 2706 1062 vexabatur,
2752 997 2933 1055 furore
2977 1000 3218 1058 dementi
3273 1020 3533 1077 rumpens
3574 1005 3789 1063 vincula

2185 1089 2416 1138 naturae.
2439 1083 2833 1145 Necimmerito
2859 1091 3020 1147 etiam
3049 1107 3270 1154 sanctus
3285 1097 3574 1155 Matthzsus
3599 1099 3650 1155 in
3675 1115 3791 1158 mo-

2183 1177 2461 1233 numentis
2484 1179 2606 1237 illos
2634 1180 2910 1240 habitasse
2933 1187 3261 1258 signiflcavit
3290 1188 3506 1263 (Matth.
3537 1191 3786 1265 vtn,28),

2182 1269 2455 1340 siquidem
2498 1272 2684 1329 talium
2733 1277 2933 1333 animae
2965 1278 3018 1334 in
3067 1281 3392 1352 quibusdam
3423 1283 3672 1341 habitare
3703 1287 3788 1342 vi-

2180 1366 2419 1425 dentur°
2451 1371 2674 1428 tumulis
2701 1375 3080 1446 sepulcrorum
3107 1378 3132 1432 ?
3155 1377 3293 1447 Quid
3319 1379 3462 1437 enim
3487 1381 3633 1438 aliud
3659 1391 3787 1439 sunt

2179 1475 2406 1532 corpora
2436 1465 2788 1536 perfidorum,
2823 1470 2926 1525 nisi
2983 1472 3234 1542 quaedam
3286 1473 3666 1533 defunctorum
3698 1491 3786 1534 se-

2181 1558 2388 1628 pulcra,
2416 1559 2678 1632 inquibus
2725 1563 2824 1620 Dei
2853 1565 3020 1622 verba
3051 1583 3158 1624 non
3193 1568 3479 1626 habitant?
3503 1569 3782 1643 Agebatur

2177 1666 2309 1723 ergo
2341 1655 2392 1710 in
2445 1655 2562 1712 loca
2590 1656 2825 1726 deserta,
2862 1659 3188 1730 spiritalium
3224 1663 3435 1721 scilicet
3487 1664 3778 1722 infecunda

2175 1745 2478 1816 virtutum;
2515 1750 2777 1824 profugus
2825 1768 2855 1809 a
2881 1752 3050 1826 Lege,
3097 1755 3369 1813 discretus
3411 1749 3780 1830 a‘prophetis,

2173 1850 2416 1896 remotus
2444 1857 2473 1896 a
2502 1844 2696 1913 gratia.

2242 1951 2334 2009 46.
2365 1954 2546 2027 (Vers.
2581 1957 2801 2032 50-53.)
2835 1959 2953 2017 Non
3001 1961 3145 2018 enim
3197 1977 3304 2018 uno
3352 1962 3649 2033 da‘monio,
3681 1964 3778 2022 sed

2172 2049 2336 2104 totius
2367 2049 2600 2122 legionis
2632 2051 2918 2110 laborabat
2967 2056 3191 2111 incursu
3225 2072 3240 2122 ;
3285 2072 3403 2128 qua:
3429 2072 3550 2113 cum
3595 2056 3778 2113 Domi-

2167 2160 2293 2199 num
2365 2145 2614 2214 vidisset,
2664 2149 3120 2221 cognovissetque
3195 2151 3424 2222 praescia
3503 2152 3774 2210 Dominici

2167 2236 2432 2295 adventus
2457 2248 2700 2308 tempore
2720 2240 2776 2296 in
2807 2243 3036 2315 abyssos
3055 2259 3114 2299 se
3137 2259 3259 2300 esse
3289 2243 3632 2312 trudendam,
3663 2261 3774 2302 coe-

2166 2329 2247 2402 pit
2273 2347 2434 2389 orarc
2465 2335 2854 2390 utintroeundi
2897 2336 2948 2391 in
2981 2351 3175 2407 porcos
3230 2339 3503 2410 acciperet
3547 2337 3774 2394 faculta-

2165 2433 2294 2480 tem.
2332 2424 2399 2481 Et
2427 2425 2660 2496 primum
2679 2428 3023 2485 clementiam
3039 2429 3256 2486 Domini
3284 2432 3549 2488 debemus
3576 2432 3770 2489 adver-

2164 2525 2302 2586 tere,
2336 2519 2478 2592 quod
2526 2521 2730 2576 nullum
2761 2523 2910 2593 prius
2933 2522 3047 2593 ipse
3071 2522 3421 2594 condemnat,
3451 2524 3548 2581 sed
3590 2542 3767 2583 unus-

2163 2620 2393 2690 quisque
2443 2618 2546 2676 sihi
2581 2629 2772 2676 auctor
2823 2630 2907 2677 est
2963 2637 3160 2694 pcente.
3201 2621 3318 2679 Non
3380 2622 3668 2679 mittuntur
3706 2622 3763 2679 in

2161 2725 2360 2783 porcos
2388 2712 2693 2781 dmmones,
2725 2715 2820 2771 sed
2876 2716 2978 2788 ipsi
3008 2724 3239 2789 petunt;
3271 2719 3398 2790 quia
3417 2719 3658 2777 cmlestis
3682 2718 3764 2774 lu-

2164 2808 2327 2864 minis
2355 2807 2661 2867 claritatem
2693 2811 2967 2869 sustinere
2998 2829 3105 2868 non
3131 2823 3408 2885 poterant;
3430 2822 3490 2870 ut
3512 2817 3602 2888 qui
3633 2829 3765 2872 ocu-

2163 2902 2246 2959 los
2273 2903 2479 2971 dolent,
2509 2905 2721 2962 radium
2765 2907 2900 2964 solis
2953 2905 3098 2964 ferre
3127 2923 3236 2964 non
3265 2917 3530 2978 possunt;
3560 2909 3656 2965 sed
3687 2920 3766 2967 te-

2160 2996 2396 3052 nebrosa
2447 2998 2655 3069 eligunt
2689 3041 2703 3066 ,
2732 3008 2788 3055 et
2830 2998 3171 3070 splendentia
3213 2998 3614 3072 derelinquunt.
3649 2999 3761 3056 Fu-

2155 3091 2464 3164 giantcrgo
2503 3092 2781 3148 daemones
2835 3091 3184 3163 splendorem
3239 3093 3382 3150 lucis
3436 3101 3678 3162 aeternae,
3705 3102 3764 3151 et

448 3221 567 3262 rum
619 3206 907 3265 daemoniis
959 3209 1174 3266 afflatos
1203 3210 1421 3268 Christo
1446 3213 1752 3271 occurrisse
1780 3217 2041 3286 cognovi-

2155 3194 2283 3242 antc
2327 3197 2541 3259 tempus
2594 3186 2778 3243 debita
2809 3186 2916 3244 sibi
2971 3197 3243 3244 tormenta
3309 3188 3620 3258 formident,
3651 3204 3762 3246 non

444 3314 566 3355 mus
591 3299 783 3373 (lbid.,
808 3300 927 3374 28),
963 3303 1050 3359 hic
1089 3312 1269 3359 autem
1299 3317 1521 3362 sanctus
1547 3307 1722 3365 Lucas
1774 3325 1939 3365 unum
1963 3311 2045 3366 in-

442 3389 616 3458 ducit,
646 3392 1006 3464 eumdemque
1038 3395 1242 3452 nudum
1274 3396 1474 3470 (nudus
1515 3400 1660 3456 enim
1686 3411 1769 3457 est
1793 3404 2042 3472 quicum-

439 3499 546 3555 que
569 3493 941 3556 tegumentum
971 3497 1175 3546 naturas
1197 3505 1310 3546 sum
1340 3500 1397 3548 et
1429 3493 1643 3550 virtutis
1671 3493 1909 3567 amisit),
1936 3511 2042 3566 qua

439 3577 652 3635 ratione
668 3579 1015 3652 evangelista:
1036 3581 1104 3638 de
1135 3598 1364 3639 numero
1400 3584 1680 3642 dissonare
1730 3586 2036 3655 videantur,

441 3687 550 3728 non
574 3672 748 3728 otiose
774 3675 1234 3745 prmtereundum,
1259 3677 1356 3734 sed
1375 3678 1757 3750 requirendum
1780 3680 2036 3737 arbitror.

437 3762 509 3818 Et
534 3765 751 3836 quidem
782 3765 1194 3825 licetdiseordet
1217 3787 1497 3840 numerus,
1532 3781 1713 3828 tamen
1740 3774 2040 3832 concordat

436 3857 754 3929 mysterium
787 3858 910 3925 ;vir
936 3862 1079 3917 enim
1108 3862 1321 3936 1394
1341 3865 1442 3919 iste
1463 3865 1554 3935 qui
1574 3865 1808 3922 habebat
1835 3867 2038 3924 daemo-

431 3947 582 4004 nium
609 3989 625 4017 ,
685 3950 868 4021 populi
926 3953 1092 4024 ﬁgura
1141 3954 1359 4025 gentilis
1413 3965 1519 4023 est,
1546 3967 1569 3996 ο
1599 3966 1821 4030 opertus
1865 3959 2032 4030 vitiis,

433 4042 613 4099 nudus
635 4045 834 4112 errori,
862 4053 1053 4116 patens
1086 4048 1324 4104 crimini.
1379 4049 1495 4106 Duo
1540 4051 1616 4108 illi
1644 4069 1859 4126 quoque
1881 4056 2037 4112 simi-

431 4134 557 4191 liter
583 4136 812 4207 figuram
844 4141 1025 4210 populi
1055 4142 1276 4213 gentilis
1297 4145 1599 4216 accipiunt;
1627 4150 1884 4220 quoniam
1907 4166 2032 4208 cum

430 4236 543 4284 tres
573 4228 713 4285 filios
739 4229 855 4288 Noe
897 4236 1258 4304 generaverit,
1313 4237 1464 4304 Sem,
1521 4239 1714 4308 Cham,
1739 4252 1794 4298 et
1835 4243 2035 4316 Japhet

427 4321 584 4393 (Gen.
611 4340 688 4390 ιι,
719 4325 851 4396 18);
881 4327 1005 4386 Sem
1035 4339 1242 4386 tantum
1284 4330 1486 4388 familia
1538 4333 1591 4390 in
1623 4341 2033 4407 possessionem

427 4417 635 4475 adscita
665 4427 751 4476 est
783 4421 896 4477 Dei.
927 4421 1014 4478 Ex
1066 4423 1279 4481 duobus
1323 4425 1430 4482 illis
1483 4427 1822 4486 diversarum
1855 4431 2033 4490 natio-

427 4524 557 4566 num
595 4513 781 4585 populi
809 4514 1176 4588 pullularunt,
1225 4534 1454 4592 quorum
1496 4522 1635 4580 alter
1682 4525 2029 4595 maledictus,

447 4722 522 4810 ut!
549 4714 754 4810 ἕξει-φὶ
771 4729 892 4810 post
916 4721 1114 4810 Euseb.
1141 4721 1276 4810 Hist.
1307 4726 1400 4810 lib.
1422 4745 1480 4810 n_,
1508 4745 1628 4810 cap.
1661 4732 1733 4790 23
1763 4744 1818 4792 et
1841 4735 1938 4810 24,
1966 4754 2025 4801 et

423 4785 884 4877 lihLItacapi
914 4809 930 4859 ;
962 4794 1186 4852 Hieron.
1223 4799 1274 4854 in
1319 4785 2018 4877 Catull,hancvepisiotta‘ni

420 4869 963 4956 epninnaucto'ritatem
995 4879 1265 4956 vetustate
1310 4883 1362 4926 et
1417 4869 1514 4956 usu
1563 4875 1675 4945 jam
1703 4869 2013 4956 meruisset,

420 4935 978 5022 tamen‘adplerisqne
1023 4941 1303 5010 reiectam,
1328 4945 1470 5014 quod
1501 4935 1646 5022 in'ea
1668 4935 2014 5022 anupb'éii.’

418 4998 542 5085 phis
601 4998 982 5085 testitttottium
1019 4998 1208 5085 auctor

416 5079 742 5158 contemptis
771 5079 838 5132 ab
863 5079 1121 5138 Ecclesiae
1145 5085 1246 5140 PP.
1271 5095 1326 5140 et
1351 5079 1520 5142 Cunc.
1552 5089 1691 5144 inter
1719 5079 2011 5158 canonica;

415 5142 724 5227 Scripturas
748 5164 964 5227 recepta
989 5164 1091 5216 est.
1123 5167 1250 5226 puta
1270 5157 1337 5211 ab
1367 5158 1619 5223 Tertull.,

416 5215 574 5301 tnui”
617 5235 738 5301 cap.
768 5222 846 5301 3_;
878 5215 1042 5301 Cypri
1075 5215 1197 5301 adv.
1256 5227 1447 5301 μοναί.
1476 5246 1490 5293 ;
1524 5215 1672 5301 Orig.
1711 5215 2014 5299 ilomilflvé

414 5284 468 5369 in
499 5284 763 5369 Gen.,it1_
790 5284 994 5369 issula;
1026 5295 1079 5351 in
1123 5297 1310 5369 Matth.
1344 5310 1396 5354 et
1465 5284 1922 5368 inbi’i’Aiitéﬁé's'.
1949 5284 2008 5369 ἷιῖ

412 5356 621 5450 EXIMIE.
654 5376 677 5450 ;Δ
706 5363 877 5450 Clem.
918 5366 1090 5450 .Alex“.
1149 5369 1241 5424 lib.
1272 5367 1568 5450 ⁴Υτςρςυπλς

411 5427 504 5527 ξς,
661 5435 1164 5527 Er‘c‘onc.hl._aodic‘.,
1195 5455 1312 5527 cap.
1346 5427 2004 5527 59ηΟυ’τῑιῖαιξῨι-ιὶίὲξί).

408 5495 501 5595 43,
532 5511 636 5556 etc.
661 5495 833 5595 Tanta
889 5516 1068 5565 tamen
1113 5495 2001 5595 anteiamiiyaiiniiidc'iéiitiﬁﬁ

411 5580 595 5656 t0tq_u_e
661 5578 1005 5656 seculorum
1041 5584 1382 5656 praescriptio
1429 5585 1734 5650 Novatores
1784 5578 2004 5656 nos-tros

408 5641 828 5738 prohibet-egon
848 5641 1058 5738 potuit,
1080 5656 1209 5738 quin
1241 5641 1380 5712 hanc
1405 5641 1657 5738 eamdem
1675 5641 1999 5738 E'piéilié'ﬁj

410 5727 518 5799 non
548 5715 666 5799 aliis
693 5715 814 5775 freti
840 5715 1204 5799 argumentis,
1225 5743 1291 5784 ex
1319 5715 2000 5799 ρεπιοηίοοῖὺήὠῖἷῦξῖἶάἧῖ

408 5781 530 5840 albo
557 5785 748 5847 iterum
771 5781 1079 5855 cradiirent.
1103 5781 1210 5857 Sed
1230 5781 1999 5880 ἆιῖιίέῖἶγὲίἒίἦῖἒῂίἷῖὀιῖ⁸

2057 4602 2112 4665 D

2151 3280 2578 3354 prmdivinantes
2616 3298 2736 3354 qua:
2765 3282 2946 3339 futura
2976 3292 3127 3351 sunt,
3156 3283 3253 3340 sed
3281 3299 3402 3355 quae.
3433 3286 3760 3355 prophetata

2145 3383 2273 3432 sunt
2303 3375 2693 3443 recordantes;
2725 3375 2865 3432 dixit
2915 3376 3060 3433 enim
3117 3365 3406 3433 Zacharias
3440 3394 3454 3431 :
3485 3375 3554 3432 Et
3577 3377 3676 3434 erit
3701 3377 3758 3431 in

2144 3469 2240 3525 illa
2263 3469 2368 3534 die,
2391 3469 2656 3542 disperdet
2700 3469 2958 3526 Dominus
2985 3471 3195 3526 nomina
3221 3470 3481 3526 idolorum
3511 3470 3576 3525 de
3595 3479 3754 3537 terra,

2144 3573 2193 3617 et
2221 3580 2325 3619 non
2349 3565 2446 3618 erit
2475 3563 2691 3620 ulterius
2717 3565 2969 3619 memoria
2991 3581 3286 3620 eorum.....
3314 3573 3362 3619 et
3392 3564 3627 3630 spiritum
3659 3563 3758 3618 int-

2145 3656 2433 3713 mundumf
2464 3674 2675 3714 exuram
2707 3659 2769 3713 de
2801 3666 2940 3713 terra
2971 3656 3156 3730 (Zacb.
3190 3673 3312 3726 xm,
3347 3655 3432 3728 2).
3482 3656 3757 3712 Docemur

2143 3768 2274 3825 ergo
2302 3752 2444 3824 quod
2472 3769 2578 3808 non
2605 3768 2824 3824 semper
2848 3752 3187 3819 manebunt;
3222 3768 3291 3808 ne
3320 3750 3531 3808 malitia
3562 3766 3752 3808 eorum

2143 3844 2198 3900 in
2228 3843 2539 3900 hominibus
2565 3844 2738 3916 possit
2766 3859 2890 3901 esse
2919 3853 3203 3916 perpetua.
3222 3842 3378 3900 Nunc
3407 3843 3571 3916 igitur
3601 3842 3751 3899 illam

2141 3947 2447 3996 metuentes
2501 3954 2740 4010 poenam,
2793 3937 2985 3994 aiunt:
3035 3937 3352 3996 Venisti.....
3404 3939 3617 4010 perdere
3657 3951 3751 3992 nos

2140 4033 2356 4107 (Matth.
2390 4049 2505 4101 vui,
2533 4031 2652 4105 29).
2686 4031 2794 4090 Sed
2825 4033 2952 4103 quia
3004 4032 3186 4090 adhuc
3231 4047 3356 4090 esse
3405 4032 3744 4102 desiderant,

2132 4129 2247 4199 jam
2278 4129 2346 4186 ab
2375 4127 2686 4184 hominibus
2741 4126 3089 4194 recedentes,
3125 4136 3150 4174 ε
3179 4134 3405 4198 propter
3459 4140 3597 4199 quos
3625 4140 3742 4197 pm-

2137 4237 2264 4279 nam
2295 4221 2472 4278 sciunt
2520 4221 2624 4279 sibi
2652 4234 2776 4278 esse
2827 4219 3188 4288 subeundam,
3242 4229 3432 4291 petunt
3461 4218 3518 4276 in
3545 4233 3745 4292 porcos

2136 4317 2304 4376 mitti.

2205 4436 2294 4494 47.
2319 4434 2422 4504 Qui
2467 4441 2594 4493 sunt
2622 4433 2710 4491 isti
2741 4433 2913 4506 porci,
2948 4433 3055 4490 nisi
3084 4432 3235 4510 (forte
3287 4431 3365 4490 illi
3421 4430 3491 4490 de
3539 4431 3742 4504 quibus

2133 4531 2338 4589 dictum
2365 4539 2452 4588 est
2478 4546 2490 4585 :
2519 4527 2701 4586 Nolite
2723 4529 2851 4586 dare
2899 4539 3137 4586 sanctum
3164 4529 3409 4599 canibus,
3460 4544 3554 4585 nec
3580 4527 3739 4584 ntise-

2126 4743 2320 4802 nonica
2373 4742 2741 4816 apocrypham
2783 4739 2943 4799 citari
2982 4739 3543 4816 commentationem,
3606 4753 3734 4816 cum

2122 4809 2560 4894 Apostolus’ipsé
2583 4809 2915 4894 paganorum
2949 4814 3191 4894 carmina
3233 4812 3556 4894 laudaverit,
3579 4819 3635 4894 et
3663 4809 3736 4867 iis

2121 4884 2224 4945 nos
2254 4886 2441 4958 spoliis
2467 4884 2628 4942 ditari
2655 4884 2857 4943 debere
2885 4885 3140 4958 frequens
3157 4885 3352 4942 doceat
3379 4884 3724 4949 Ambrosius,

2119 4961 2485 5038 Hieronymlts
2509 4968 2671 5030 atque
2698 4959 2806 5038 alii.
2855 4992 2857 4996 ι
2898 5029 2910 5038 _
3025 5030 3037 5038 .
3309 5030 3321 5038 _
3387 5029 3400 5038 _
3545 5027 3602 5038 Α
3688 5026 3699 5038 ο

2188 5032 2215 5071 b
2243 5027 2386 5086 Edit.
2412 5027 2598 5096 Rom.,
2623 5029 2866 5100 quoniam
2888 5029 2999 5100 Iram
3018 5030 3130 5084 loco
3146 5029 3401 5099 superiori
3419 5027 3730 5096 perstrinxi-

2115 5119 2252 5168 mus,
2283 5119 2418 5157 nunc
2446 5099 2698 5156 delibasse
2735 5111 2814 5154 sat
2845 5111 2938 5155 est.
2986 5099 3174 5157 Verum
3195 5103 3338 5172 quia.
3368 5110 3474 5157 etc.

2194 5186 2214 5214 ε
2252 5174 2458 5229 Eadem
2486 5173 2622 5228 edit.
2664 5172 2853 5238 Rum.,
2879 5183 3093 5240 apertus
3121 5174 3279 5228 vitiis.
3315 5173 3472 5239 Aliae,
3495 5185 3558 5226 ac
3589 5184 3725 5228 mss.

2113 5259 2332 5325 omnes,
2362 5253 2570 5317 opertus
2595 5244 2751 5298 vitiis.
2776 5243 2981 5325 gentia
3005 5245 3165 5302 lectio
3192 5242 3558 5325 aspernanda.
3608 5313 3620 5325 .

2180 5316 2206 5354 ά
2230 5317 2306 5372 lta
2342 5314 2476 5370 mss.
2507 5330 2570 5370 ac
2593 5325 2704 5370 vet.
2734 5314 2868 5371 edit.
2902 5315 3062 5372 Rom.
3094 5314 3271 5383 vero,
3301 5316 3490 5386 pietate
3514 5314 3715 5370 texit...

2110 5389 2320 5442 seminis
2349 5387 2544 5442 vitavit.

2184 5470 2206 5498 θ
2239 5459 2384 5516 Edit.
2418 5458 2576 5513 Rom.
2605 5457 2746 5530 sola,
2763 5459 2977 5514 tumulis
2999 5469 3344 5529 peccatorum.
3369 5458 3476 5518 Sed
3501 5456 3724 5530 ponitur

2107 5545 2215 5588 vox
2236 5531 2616 5604 sepulcrorum,
2645 5529 3016 5604 distinctionis
3040 5546 3208 5604 Pergo
3233 5547 3252 5600 ;
3305 5529 3550 5604 tumulus
3568 5529 3721 5604 enirn

2105 5616 2204 5674 per
2242 5599 2302 5660 se
2328 5617 2392 5657 ac
2412 5602 2635 5674 proprie
2662 5603 2964 5674 quemlibet
2987 5599 3278 5660 editiorem
3307 5603 3487 5662 locum
3509 5599 3722 5672 signiﬁ-

2105 5684 2597 5831 ca‘fcliaademnedit‘.
2629 5741 2816 5831 Rom.‘,
2845 5751 3085 5820 auferam
3109 5747 3174 5803 de
3195 5755 3380 5831 terrm.

2174 5825 2199 5865 ε
2224 5817 2353 5876 Mss.
2385 5817 2618 5892 aliquot,
2647 5827 2858 5891 propter
2887 5817 3090 5890 plenam
3119 5836 3276 5892 quam
3303 5818 3495 5888 sciunt,
3528 5825 3632 5875 etc.
3715 5873 3726 5886 ,
