4156 6346
436 340 568 399 1681

1411 336 1776 396 EXPOSITIO
1814 337 2076 398 EVANG.
2116 338 2268 398 SEC.
2311 338 2466 398 LUC.
2508 339 2638 399 LIB.
2685 340 2771 398 Vl.

3596 341 3738 401 4682

427 461 544 516 ritis
591 458 902 532 margaritas
925 459 1128 532 porcis;
1158 475 1222 514 ne
1272 460 1406 533 forte
1437 458 1737 515 conculcent
1762 475 1850 514 eas
1881 458 2025 529 pedi-
2053 459 2107 522 Α
2202 460 2291 517 55.
2321 457 2430 516 Cur
2459 470 2640 527 autem
2659 475 2768 518 non
2799 458 3061 534 recipitur
3083 460 3364 530 liberatus,
3391 461 3488 519 sed
3515 461 3735 520 domum

422 554 521 611 bus
546 555 657 611 suis
702 553 919 627 (Matth.
950 570 1046 621 vn,
1080 554 1137 625 6)
1164 555 1186 609 ?
1216 553 1297 610 llli
1346 553 1578 621 scilicet,
1603 554 1694 626 qui
1726 552 2031 610 immundo-

424 664 545 705 rum
580 648 1013 705 usnanimalium
1054 649 1206 706 vocis
1237 657 1293 706 et
1320 649 1548 706 rationis
1574 660 1854 720 expertes,
1884 650 2027 705 lutu-

423 741 589 799 lentis
622 741 832 816 1395
855 744 977 798 vita:
1006 758 1119 799 sure
1148 743 1360 799 actibus
1408 744 1734 799 naturalium
1782 744 2031 815 coinqui-

420 838 674 893 naverint
712 847 1034 894 ornamenta
1086 838 1365 894 virtutum.
1397 838 1499 907 Qui
1531 840 1736 909 impetu
1784 840 2031 895 feruntur

422 928 477 985 in
512 945 755 1001 praeceps
783 947 799 998 ;
829 933 1085 1001 quoniam
1114 932 1318 987 nullius
1350 931 1532 987 meriti
1565 932 2029 1003 contemplatione

419 1036 791 1105 revocantur:
824 1026 922 1082 sed
964 1034 1233 1098 tamquam
1274 1025 1342 1082 de
1399 1026 1771 1097 superioribus
1827 1026 1895 1081 ad
1948 1025 2030 1082 in-

417 1116 621 1175 feriora
654 1134 752 1191 per
807 1120 1172 1191 improbitatis
1224 1120 1466 1192 proclive
1497 1120 1725 1185 detrusi,
1758 1119 2028 1176 suffocan-

419 1219 508 1266 tnr
535 1212 589 1267 in
621 1212 798 1283 aquis,
839 1213 982 1270 inter
1026 1214 1343 1275 fluctuantia
1372 1212 1559 1268 mundi
1592 1212 1749 1269 istius
1776 1223 2026 1283 strangu-

415 1306 655 1363 latorum
684 1307 738 1363 in
772 1306 1017 1374 modum,
1045 1308 1339 1364 intercluso
1370 1307 1840 1379 pereuntspiritus
1871 1321 2021 1361 com-

417 1410 645 1466 meatu;
676 1415 853 1473 neque
880 1401 1025 1457 enim
1069 1400 1124 1456 in
1152 1401 1219 1457 iis
1250 1401 1340 1471 qui
1388 1400 1555 1456 ﬂuido
1609 1411 1744 1456 aestu
1770 1400 2023 1471 volupta-

417 1503 532 1550 tum
566 1494 673 1550 huc
700 1504 867 1566 atque
896 1494 1021 1550 illuc
1071 1493 1316 1550 feruntur
1372 1493 1587 1561 incerti,
1620 1493 1781 1550 ullius
1800 1492 2023 1565 Spiritus

416 1596 599 1659 potest
624 1601 748 1644 esse
769 1586 936 1644 vitale
956 1588 1365 1643 commercium.
1474 1568 1487 1587 ’

484 1679 576 1737 48.
606 1679 865 1737 Videmus
896 1680 1058 1751 igitur
1085 1678 1214 1751 quia
1240 1678 1408 1735 homo
1449 1680 1565 1751 ipse
1586 1678 1691 1735 sibi
1718 1688 1803 1736 est
1831 1687 2022 1736 auctor

413 1787 695 1830 aerumnae.
723 1771 857 1828 Nam
909 1773 1012 1830 nisi
1040 1771 1165 1844 quis
1194 1772 1347 1844 porci
1378 1786 1531 1828 more
1578 1771 1824 1842 vixisset,
1856 1787 2017 1829 num-

2135 554 2318 637 redire
2346 565 2600 612 censetur
2630 573 2644 623 ;
2677 558 2780 613 nisi
2810 565 2871 613 ut
2898 566 2955 614 et
2987 558 3264 629 iactantia
3312 573 3474 615 causa
3514 560 3733 627 vitetur,

2136 659 2191 706 et
2221 649 2527 706 inﬁdelibus
2549 651 2621 706 sit
2649 651 2919 721 exemplo,
2964 652 3219 722 quoniam
3244 650 3439 707 domus
3462 651 3550 707 illa
3572 659 3733 706 natu-

2135 743 2248 799 rale
2277 743 2348 797 sit
2374 743 2733 800 diversorium
2757 744 2780 799 ?
2807 753 2863 800 et
2893 744 3015 800 ideo
3043 746 3133 815 qui
3164 745 3461 801 remedium
3490 745 3737 800 sanitatis

2134 835 2313 892 fuerat
2336 850 2733 904 consecutus,a
2761 838 2981 894 tumulis
3009 848 3059 893 et
3084 839 3348 910 sepulcris
3370 839 3421 894 in
3445 838 3594 894 illam
3623 837 3736 909 spi-

2133 931 2343 987 ritalem
2391 932 2611 988 domum
2661 932 2841 988 redire
2874 934 3227 1004 prmcipitur;
3261 942 3320 987 ut
3350 934 3440 989 ﬁat
3465 932 3560 989 Dei
3590 941 3731 989 tem-

2132 1025 2303 1097 plum,
2334 1026 2385 1079 in
2410 1041 2518 1097 quo
2547 1034 2666 1082 erat
2693 1027 2893 1081 mentis
2925 1026 3260 1096 sepulcrum.

2208 1117 2419 1191 1396
2446 1118 2626 1189 (Vers.
2662 1117 2757 1185 4i,
2786 1117 2908 1187 42.)
2938 1116 3007 1172 Et
3042 1134 3156 1173 ecce
3177 1117 3311 1173 venit
3339 1117 3415 1172 vir
3436 1118 3518 1172 cui
3546 1133 3732 1174 nomen

2128 1212 2331 1281 Jairus,
2363 1223 2409 1267 et
2435 1214 2546 1285 ipse
2576 1214 2814 1285 princeps
2838 1212 3131 1283 Synagogw
3150 1222 3257 1266 erat
3285 1228 3304 1278 ,'
3336 1221 3381 1266 et
3403 1209 3586 1266 cecidit
3612 1220 3733 1266 ante

2129 1308 2284 1380 pedes
2305 1305 2337 1359 J
2345 1323 2453 1371 esu,
2485 1323 2674 1378 rogans
2708 1322 2824 1359 eum
2843 1317 2894 1359 ut
2920 1305 3142 1359 intraret
3162 1305 3368 1358 domum
3396 1321 3543 1359 suam
3566 1321 3586 1371 ,°
3607 1304 3731 1376 quia

2128 1400 2240 1470 ﬁlia
2272 1400 2427 1454 unica
2446 1409 2553 1454 erat
2578 1400 2661 1454 illi
2676 1404 2785 1472 fere
2808 1416 3064 1454 annorum
3090 1399 3384 1467 duodecim,
3413 1409 3458 1454 et
3485 1398 3595 1454 haec
3616 1414 3730 1454 mo-

2126 1492 2373 1548 riebatur.

2199 1587 2291 1643 54.
2318 1586 2638 1659 Reliquerat
2689 1588 2743 1643 in
2798 1586 3089 1645 Gerasenis
3141 1588 3485 1661 Synagogam
3543 1586 3731 1643 Chris-

2124 1689 2234 1748 tus,
2259 1691 2317 1738 ut
2339 1681 2623 1748 diximus;
2655 1691 2711 1737 et
2740 1696 2899 1753 quem
2944 1683 3026 1737 sui
3064 1697 3171 1739 non
3203 1688 3547 1752 receperant,
3569 1694 3729 1736 exce-

2127 1774 2307 1846 pimus
2335 1775 2523 1842 alieni,
2563 1775 2883 1845 excepimus
2908 1790 3068 1845 quem
3114 1772 3595 1845 ex5pectabamus.
3620 1770 3731 1827 Nec

409 1883 577 1939 quam
605 1868 905 1937 accepisset
956 1867 1010 1922 in
1041 1882 1165 1923 eum
1222 1866 1476 1922 diabolus
1526 1874 1851 1937 potestatem
1887 1882 1903 1933 ;
1928 1873 2023 1920 aut
2051 1865 2099 1926 Β
2128 1869 2288 1925 nobis
2314 1870 2477 1941 igitur
2500 1885 2531 1924 a
2559 1871 2753 1941 quibus
2780 1869 3226 1940 exspectabatur,
3267 1869 3357 1925 diu
3383 1866 3553 1925 defuit
3582 1884 3597 1935 ;
3628 1882 3730 1923 nec

410 1963 458 2018 si
488 1961 815 2033 accepisset,
848 1977 955 2017 non
983 1969 1041 2017 ut
1072 1960 1346 2031 perderet,
1387 1958 1483 2015 sed
1512 1967 1570 2014 ut
1598 1958 1873 2030 probaret.
1906 1958 2016 2014 Aut

411 2057 650 2115 fortasse
676 2057 803 2128 quia
830 2065 955 2127 post
992 2054 1208 2111 Domini
1250 2054 1548 2110 adventum
1578 2052 1755 2109 bonos
1779 2052 1889 2123 jam
1917 2051 2017 2107 de-

412 2166 645 2225 pravare
701 2166 810 2208 non
862 2157 1095 2221 poterat,
1127 2164 1236 2205 non
1290 2148 1533 2205 omnium
1587 2145 1892 2213 hominum,
1923 2145 2018 2202 sed

408 2246 613 2304 levium
638 2244 751 2315 jam
776 2243 975 2316 quaerit
1016 2242 1338 2308 interitum;
1373 2251 1427 2297 ut
1456 2241 1596 2297 latro
1633 2254 1741 2295 non
1796 2239 2020 2295 armatis

406 2340 723 2407 insidiatur,
757 2339 855 2396 sed
902 2338 1235 2405 inermibus;
1282 2346 1337 2392 et
1368 2336 1579 2407 injuriis
1622 2334 1846 2391 lacessit
1872 2333 2021 2390 inﬁr-

408 2453 584 2506 mum,
610 2436 701 2508 qui
732 2450 792 2492 se
820 2433 1076 2506 intelligit
1105 2442 1129 2471 ει
1161 2433 1244 2490 vel
1272 2447 1303 2489 a
1340 2431 1467 2489 forti
1494 2430 1727 2499 conteri,
1760 2431 1896 2487 vela
1925 2445 2022 2502 po-

408 2534 545 2591 tenti
571 2532 843 2589 damnari.

478 2626 573 2684 49.
598 2626 707 2685 Sed
737 2624 870 2682 dicit
897 2624 1095 2696 aliquis
1125 2639 1140 2681 :
1185 2637 1284 2679 cur
1314 2621 1419 2679 hoc
1459 2637 1490 2678 a
1524 2621 1638 2678 Deo
1688 2620 2022 2691 permittitur

408 2720 677 2777 diabolo?
710 2722 783 2775 At
819 2734 922 2790 ego
973 2718 1119 2782 dico,
1164 2726 1221 2771 ut
1250 2715 1377 2773 boni
1434 2716 1758 2786 probentur,
1788 2714 2018 2785 improbi

410 2814 741 2885 puniantur;
772 2811 890 2867 hmc
911 2810 1053 2866 enim
1078 2824 1236 2880 paena
1261 2808 1467 2879 peccati
1489 2816 1592 2863 est.
1628 2807 1871 2878 Denique
1902 2806 2021 2877 lege

404 2907 535 2979 quia
564 2907 812 2963 immittit
839 2905 1102 2962 Dominus
1142 2905 1372 2973 febrem,
1403 2912 1457 2959 et
1485 2912 1798 2969 tremorem,
1822 2913 1878 2958 et
1907 2916 2021 2957 ma-

409 3000 495 3057 los
570 3002 835 3072 spiritus,
902 3008 959 3056 et
1008 3000 1357 3065 cmcitatem,
1433 3007 1489 3053 et
1532 2998 1716 3053 omnia
1783 2996 2017 3066 ﬂagella,

406 3096 559 3169 juxta
586 3097 779 3152 merita
809 3102 1150 3166 peccatorum
1199 3092 1380 3167 (Dent.
1427 3108 1619 3161 xxvnt,
1650 3091 1719 3148 59
1763 3100 1811 3147 et
1860 3092 2015 3163 δρψ).

409 3190 520 3249 Sed
544 3190 835 3247 redeamus
856 3188 923 3245 ad
948 3188 1261 3245 lectionem.

2123 1966 2188 2021 ad
2233 1965 2376 2033 illos,
2404 1967 2449 2022 si
2501 1973 2742 2037 rogetur,
2785 1965 2965 2022 redire
3015 1964 3243 2020 fastidit.
3310 1963 3402 2019 Vir
3430 1964 3574 2019 enim
3624 1963 3731 2018 iste

2123 2060 2377 2133 princeps
2420 2058 2745 2132 Syuagogm,
2770 2059 2855 2115 cui
2886 2058 2994 2113 ﬁlia
3041 2067 3157 2113 erat
3214 2057 3393 2126 unica,
3430 2070 3529 2127 pro
3554 2054 3729 2126 Syna-

2121 2168 2274 2225 gogae
2308 2155 2588 2224 pereuntis
2633 2152 2876 2209 remedio
2899 2152 3245 2222 precabatur,
3273 2166 3396 2223 quae
3435 2150 3731 2222 urgebatur

2123 2248 2179 2305 in
2238 2256 2511 2315 mortem;
2542 2250 2666 2319 quia
2698 2248 3051 2304 deserebatur
3080 2263 3109 2301 a
3154 2247 3390 2303 Christo.
3424 2246 3597 2315 Quem
3631 2262 3730 2318 pu-

2125 2352 2303 2400 tamus
2334 2344 2635 2416 Synagogae
2678 2341 2976 2413 principem
3009 2356 3153 2407 esse,
3186 2342 3289 2397 nisi
3316 2340 3540 2411 Legem,
3571 2340 3728 2409 cujus

2124 2437 2587 2505 contemplatione
2611 2436 2871 2492 Dominus
2893 2434 3234 2507 Synagogam
3258 2448 3366 2490 non
3396 2434 3609 2504 penitus
3634 2432 3729 2489 de-

2126 2534 2371 2605 reliquit,
2402 2532 2499 2589 sed
2526 2531 2848 2588 medicinam
2879 2530 3073 2586 salutis
3102 2529 3453 2585 credentibus
3482 2543 3729 2586 reserva-

2128 2628 2249 2684 vit?
2288 2626 2370 2683 Ad
2401 2626 2540 2682 hanc
2583 2640 2714 2697 ergo
2768 2623 3029 2695 principis
3080 2622 3247 2679 ﬁliam
3298 2622 3425 2678 dum
3471 2630 3727 2694 properat

2125 2723 2222 2781 Dei
2257 2722 2517 2789 Verbum,
2557 2730 2616 2777 ut
2660 2720 2846 2775 salvos
2882 2710 3085 2774 faceret
3129 2718 3271 2775 ﬁlios
3318 2716 3507 2784 Israel,
3536 2727 3725 2771 sancta

2126 2816 2371 2875 Ecclesia
2423 2814 2492 2871 de
2532 2814 2781 2886 gentibus
2837 2821 3203 2883 congregata,
3254 2826 3375 2882 quae
3405 2808 3719 2865 inferiorum

2125 2913 2280 2982 lapsu
2310 2911 2598 2967 criminum
2646 2908 2949 2981 deperibat,
2977 2916 3222 2980 paratam
3268 2906 3386 2964 aliis
3410 2905 3514 2964 ﬁde
3534 2906 3723 2979 praeri-

2126 3009 2240 3081 puit
2280 3008 2589 3063 sanitatem.

2196 3104 2286 3159 55.
2321 3102 2598 3159 Moraliter
2624 3101 2767 3157 hunc
2811 3101 2989 3157 locum
3035 3100 3166 3156 satis
3197 3098 3503 3171 putavimus
3541 3098 3731 3166 expri-

2126 3200 2380 3257 mendum
2406 3218 2422 3268 ;
2453 3210 2509 3257 et
2556 3201 2679 3257 ideo
2707 3213 2813 3255 non
2863 3198 2953 3254 illa
3002 3213 3123 3268 qum
3151 3197 3294 3253 dicta
3316 3193 3489 3253 suntb
3519 3204 3724 3251 retrac-

410 3294 425 3331 έ
488 3281 803 3359 (vers-5H
840 3281 1114 3349 νίάεηιηι»
1144 3282 1336 3353 inquit.
1368 3281 1464 3337 hoc
1516 3280 1751 3352 "Wfilm‘l
1782 3295 2015 3353 gregum:
2048 3271 2093 3336 C
2126 3306 2327 3365 tamus,
2350 3297 2447 3353 sed
2470 3298 2699 3369 myStica
2721 3295 3161 3353 brevivoluimus
3178 3310 3433 3351 sermone
3452 3293 3723 3365 perstrin-

410 3391 460 3438 et
485 3385 748 3454 fugerunt.

485 3475 579 3531 50.
607 3472 791 3545 Neque
819 3472 963 3529 enim
991 3472 1227 3544 aliquam
1260 3470 1620 3543 philosophiae
1649 3468 2008 3541 professores,

413 3569 504 3625 vel
534 3567 809 3638 principes
834 3566 1135 3641 Synagogze
1166 3564 1520 3637 pereuntibus
1548 3562 1762 3635 populis
1786 3571 2013 3635 possunt

414 3662 562 3718 ferre
586 3660 930 3717 medicinam.
964 3658 1125 3717 Solus
1153 3668 1235 3714 est
1288 3658 1537 3713 Christus
1562 3657 1652 3728 qui
1682 3655 1858 3711 aufert
1886 3669 2013 3725 pec-

414 3764 534 3812 cata
567 3754 927 3828 populorum;
960 3754 1006 3808 si
1044 3762 1222 3808 tamen
1254 3751 1509 3809 medendi
1559 3750 1873 3819 patientiam
1906 3765 2011 3805 non

414 3858 691 3906 recusent.
715 3848 986 3903 Caeterum
1036 3860 1227 3902 curare
1279 3860 1387 3899 non
1419 3844 1673 3914 dignatur
1708 3842 1935 3909 invitos,
1960 3850 2017 3897 et

414 3944 526 4000 cito
549 3942 797 4000 inﬁrmos
823 3941 1048 4006 deserit,
1102 3940 1297 4011 quibus
1349 3936 1504 3994 oneri
1550 3935 1699 3990 videt
1725 3949 1846 3991 esse
1877 3950 2019 4005 prae-

414 4035 649 4093 sentiam
663 4048 841 4100 suam,
871 4032 1012 4088 sicut
1031 4030 1434 4088 Gerasenorum
1460 4027 1694 4098 populis,
1709 4027 1801 4097 qui
1818 4042 2016 4082 exeun-

418 4140 501 4187 tes
525 4129 593 4185 de
617 4129 833 4185 civitate
860 4126 913 4183 in
945 4141 1049 4197 qua
1072 4124 1283 4192 species
1311 4123 1611 4194 Synagoga:
1635 4118 1848 4175 videtur
1874 4120 2015 4175 exis-

419 4233 556 4292 tere,
585 4224 848 4295 rogabant
870 4231 927 4277 ut
954 4220 1259 4278 discederet
1290 4235 1303 4273 :

492 4317 671 4386 (Vers.
696 4318 811 4384 57.)
844 4316 982 4385 Quia
1010 4315 1192 4369 timore
1212 4329 1399 4385 magno
1425 4311 1726 4366 tenebantur
1748 4328 1768 4376 ,-

494 4412 583 4467 51.
618 4409 835 4467 lnﬁrma
858 4410 1003 4465 enim
1037 4422 1193 4466 mens
1224 4423 1333 4462 non
1357 4405 1502 4476 capit
1530 4404 1627 4460 Dei
1656 4404 1901 4469 verbum,
1920 4418 2021 4459 nec

420 4515 604 4579 potest
630 4503 839 4578 pondus
890 4501 1161 4561 sustinere
1212 4499 1536 4571 sapientiae;
1571 4498 1791 4565 fatiscit,
1821 4506 1875 4554 et
1906 4495 2021 4553 sol-

420 4611 585 4654 Vlllll'.

2115 3406 2269 3463 gere.
2302 3391 2384 3447 An
2431 3404 2540 3446 non
2596 3390 2670 3445 ita
2715 3388 2943 3446 factum“
2971 3398 3075 3455 est,
3106 3397 3166 3444 ut
3194 3389 3289 3444 Dei
3315 3387 3554 3444 Verbum
3594 3401 3719 3442 cum

2114 3485 2364 3541 venisset
2415 3484 2483 3541 ad
2528 3483 2747 3540 Iudaeos
2780 3524 2796 3551 ,
2848 3482 3246 3539 adscisceretur
3276 3497 3304 3535 a
3353 3480 3629 3551 gentibus,
3668 3492 3725 3536 et

2116 3582 2267 3652 prius
2298 3581 2366 3635 ab
2394 3580 2500 3636 illis
2527 3580 2619 3652 qui
2652 3579 2706 3635 in
2752 3577 2896 3651 Lege
2920 3592 3030 3634 non
3077 3574 3445 3644 crediderant,
3470 3574 3523 3630 in
3552 3573 3723 3646 gratia

2115 3676 2432 3734 crederetur
2457 3676 2481 3731 ?

2190 3771 2279 3828 56.
2311 3770 2492 3842 (Vers.
2522 3769 2639 3840 45.)
2670 3767 2804 3825 Nam
2833 3768 2973 3824 sicut
3000 3766 3097 3823 illa
3123 3781 3246 3837 quae
3274 3766 3328 3821 in
3350 3762 3577 3820 medicis
3599 3775 3723 3819 ero-

2118 3875 2341 3939 gaverat
2365 3880 2585 3921 omnem
2610 3863 2970 3919 substantiam
2997 3875 3171 3928 suam,
3206 3860 3277 3914 ita
3309 3858 3473 3915 etiam
3497 3870 3727 3927 congre-

2118 3962 2267 4035 gatio
2312 3962 2554 4031 gentium
2582 3969 2605 3997 °
2637 3944 2897 4013 amiserat
2943 3956 3121 4010 omnia
3169 3953 3311 4009 dona
3369 3960 3615 4017 naturae,
3670 3960 3727 4006 et

2122 4053 2507 4127 patrimonium
2534 4051 2698 4107 vitale
2722 4049 3049 4125 prodegerat
3071 4092 3086 4116 ,
3130 4054 3338 4111 sancta,
3390 4041 3718 4108 verecunda,

2122 4147 2399 4218 religiosa,
2431 4145 2538 4201 ﬁde
2563 4143 2882 4212 promptior,
2917 4140 3122 4211 pudore
3146 4137 3491 4201 cunctatior;
3518 4135 3622 4192 hoc
3642 4145 3729 4191 est

2122 4243 2265 4299 enim
2298 4239 2521 4312 pudoris
2549 4247 2604 4295 et
2651 4237 2775 4293 ﬁdei
2818 4250 3115 4308 agnoscere
3180 4232 3567 4291 infirmitatem.
3612 4246 3721 4286 non

2123 4335 2419 4406 desperare
2444 4334 2680 4390 veniam.
2716 4329 3035 4387 Verecunda
3080 4343 3213 4399 ergo
3240 4326 3508 4383 ﬁmbriam
3533 4324 3724 4394 tetigit,

2126 4430 2306 4486 ﬁdelis
2330 4428 2585 4495 accessit,
2629 4426 2889 4497 religiosa
2937 4422 3192 4488 credidit,
3240 4418 3455 4490 sapiens
3482 4427 3729 4474 sanatam

2126 4539 2187 4582 se
2214 4538 2338 4580 esse
2366 4520 2640 4593 cognovit.
2672 4519 2763 4574 Sic
2792 4526 2979 4572 sancta
3013 4515 3165 4587 plebs
3192 4513 3435 4585 gentium
3467 4527 3587 4581 qua;
3617 4509 3730 4566 Deo

2127 4618 2381 4683 credidit,
2411 4622 2695 4688 peccatum
2727 4613 2963 4677 erubuit,
2996 4621 3051 4665 ut
3091 4609 3410 4666 desereret:
3443 4605 3600 4662 ﬁdem
3630 4603 3731 4661 de-

496 4693 585 4750 δῖ’
619 4692 689 4748 Et
721 4690 844 4748 ideo
869 4690 1068 4747 diutius
1116 4688 1375 4744 "mlestus
1397 4701 1504 4743 "0"
1536 4684 1635 4741 tu“
1663 4702 1677 4739 ³
1707 4684 1801 4741 sed
1824 4685 2019 4740 A‘cen'
2053 4697 2101 4761 ί)
2129 4712 2274 4778 tulit,
2299 4719 2360 4767 ut
2386 4684 2679 4773 crederet;
2713 4705 3057 4762 devotionem
3078 4701 3345 4769 exhibuit,
3377 4708 3437 4756 ut
3476 4706 3733 4771 rogaret;

421 4787 521 4854 dit,
556 4799 605 4842 et
633 4803 896 4860 regressus
921 4796 993 4841 est
1013 4783 1299 4841 :ascendit
1354 4781 1541 4852 utique
1570 4781 1639 4837 ab
1668 4779 2022 4836 inferioribus

422 4880 493 4935 ad
545 4881 830 4950 superiora
856 4921 870 4945 ,
911 4894 940 4933 a
994 4877 1279 4951 Synagoga
1324 4873 1537 4931 scilicet
1575 4872 1642 4929 ad
1695 4873 2018 4929 Ecclesiam.

423 4972 713 5045 Regressus
741 4988 831 5043 per
852 4979 1095 5045 stagnum
1123 4978 1218 5035 est,
1253 4978 1311 5024 ut
1337 4966 1427 5023 hic
1457 4967 1534 5022 ait
1564 4983 1579 5020 :
1612 4975 1705 5021 aut
1726 4968 1868 5022 sicut
1890 4965 2026 5020 Mat-

426 5068 603 5124 tliaeus
624 5083 715 5138 per
771 5066 959 5137 fretum
986 5063 1204 5137 (Matth.
1235 5079 1312 5129 ιχ,
1343 5061 1435 5136 1);
1466 5063 1607 5118 inter
1652 5076 1751 5116 nos
1801 5060 1943 5115 enim
1976 5067 2033 5117 et

426 5162 550 5219 illos
572 5160 773 5218 fretum
802 5175 1055 5231 magnum
1078 5169 1180 5215 est.
1201 5157 1388 5229 Itaque
1414 5171 1577 5212 nemo
1606 5154 1675 5211 de
1696 5153 1939 5210 Ecclesia
1966 5153 2034 5209 ad

428 5255 773 5328 Synagogam
822 5253 941 5309 sine
971 5252 1214 5324 periculo
1238 5250 1436 5306 transit
1479 5248 1692 5305 salutis.
1717 5246 1823 5304 Sed
1851 5256 1905 5303 et
1936 5247 2028 5303 ille

427 5350 519 5420 qui
567 5348 638 5405 de
689 5349 967 5420 Synagoga
1017 5346 1083 5402 ad
1113 5345 1415 5401 Ecelesiam
1462 5342 1696 5399 transire
1724 5342 2025 5410 desiderat,

428 5455 651 5497 crucem
680 5454 833 5495 suam
867 5439 1041 5507 tollat,
1068 5447 1131 5494 ut
1159 5438 1453 5494 discrimen
1490 5434 1703 5493 evadat.

506 5591 533 5621 ι
555 5582 634 5637 lta
662 5596 798 5637 mss.
822 5594 1018 5651 magno
1045 5594 1274 5635 numero
1316 5586 1374 5634 et
1426 5574 1770 5651 auctoritate.
1801 5573 2031 5643 Quidam

432 5666 615 5712 tamen
637 5662 801 5723 atque
824 5648 981 5717 edit.,
1002 5652 1079 5707 vel
1099 5670 1129 5707 a
1156 5652 1288 5722 [orte
1325 5648 1600 5705 contemni.

430 5726 535 5801 ηδ
562 5717 766 5782 Omnes
805 5726 936 5782 edit.
988 5739 1050 5780 ac
1078 5717 1232 5795 pauci
1289 5736 1445 5788 lllSS.,
1468 5734 1807 5801 recense‘mus.
1841 5717 2035 5774 Plures

432 5790 679 5874 potiores
720 5813 807 5865 ue,
865 5790 1204 5852 retractdmus
1233 5812 1251 5861 ;
1284 5806 1441 5861 unus,
1472 5800 1566 5846 aut
1612 5790 1771 5853 alter.
1801 5800 2036 5846 recanta-

432 5889 574 5928 mus.
608 5814 719 5928 Sea
766 5880 1103 5926 retractamus
1130 5867 1219 5928 hic
1245 5865 1389 5928 idem
1440 5870 1619 5928 sonat,
1647 5870 1809 5928 atque
1853 5863 2036 5918 iterum

432 5889 574 5929 νηιω.
608 5886 681 5928 δε

2128 4805 2454 4877 sapientiam
2485 4801 2681 4868 induit,
2716 4810 2773 4855 ut
2816 4798 3105 4855 sanitatem
3156 4810 3309 4851 suam
3341 4804 3395 4851 et
3422 4793 3535 4864 ipsa
3567 4790 3735 4848 sentiv

2128 4907 2215 4955 ret
2244 4915 2258 4965 ;
2284 4896 2537 4952 ﬁduciam
2577 4894 2831 4966 sumpsit,
2869 4901 2929 4949 ut
2970 4890 3231 4949 fateretur
3254 4887 3399 4962 quod
3426 4885 3735 4960 prmripuis-

2132 5002 2217 5051 set
2239 4992 2496 5048 alienum.

2207 5084 2386 5158 (Vers.
2416 5082 2537 5157 44.)
2559 5082 2785 5139 Accessit
2806 5090 2962 5137 retro.

2206 5178 2297 5235 57.
2330 5176 2440 5232 Cur
2468 5185 2650 5232 autem
2692 5183 2838 5231 retro
2889 5174 3129 5244 tangitur
3157 5168 3450 5229 Christus?
3499 5169 3582 5226 An
3612 5170 3740 5240 quia

2134 5273 2396 5342 scriptum
2437 5280 2523 5327 est
2582 5288 2596 5325 :
2647 5268 2780 5324 Post
2831 5267 3117 5323 Dominum
3160 5266 3328 5323 Deum
3377 5277 3520 5322 tuum
3561 5265 3743 5321 ambu-

2136 5366 2268 5422 labis
2292 5363 2474 5438 (Deut.
2504 5380 2623 5432 ain,
2660 5362 2719 5435 4)
2745 5362 2769 5417 f
2795 5362 2937 5431 Quid
2983 5361 3149 5419 etiam
3193 5362 3300 5419 sibi
3356 5360 3472 5418 vult
3520 5360 3665 5433 quod
3691 5367 3750 5417 et

2137 5459 2404 5533 principis
2449 5458 2563 5514 ﬁlia
2611 5473 2877 5514 annorum
2926 5455 3213 5513 duodecim
3264 5456 3640 5522 moriebatur,
3690 5462 3748 5511 et

2137 5583 2196 5659 et.
2212 5572 2440 5628 secunda
2487 5588 2614 5628 cura
2643 5580 2951 5639 tractamus,
2992 5585 3104 5627 non
3129 5584 3281 5637 vero,
3313 5567 3632 5643 palinodiam
3655 5582 3747 5622 ca-

2140 5662 2337 5702 minus.

2216 5730 2238 5756 ο
2290 5717 2449 5773 Rom.
2500 5716 2657 5786 edit.,
2713 5733 2827 5789 qua:
2880 5716 3137 5789 amiserat
3177 5714 3465 5769 omnia.....
3496 5711 3748 5789 prodege-

2140 5801 2257 5857 rat,
2305 5794 2441 5861 facta
2477 5800 2553 5844 est
2586 5781 2989 5861 verecunda”...
3032 5788 3227 5859 pudore
3253 5785 3590 5839 constantior.
3616 5781 3751 5838 Alia

766 5860 1103 5926 retractamus
1130 5867 1219 5928 hic
1245 5865 1389 5928 idem
1430 5860 1619 5931 sonat,
1647 5870 1809 5934 atque
1853 5863 2038 5918 iterum
2141 5877 2267 5919 cum
2293 5862 2544 5917 omnibus
2587 5876 2717 5934 mss.
2755 5863 2806 5916 in
2841 5860 3133 5934 lectionem
3177 5864 3443 5926 nostram,
3485 5869 3609 5927 quas
3647 5860 3750 5910 nec

2144 5935 2260 6006 ipsa
2291 5933 2689 5991 contemnenda
2728 5941 2834 5997 est.
2867 5931 3205 6003 conSpirant.
