4186 6358
435 324 575 385 1685

1400 319 1769 383 EXPOSITIO
1807 318 2067 378 “ANB.
2104 314 2261 376 δερ.
2296 316 2460 375 LUC.
2500 316 2632 374 LIB.
2674 317 2764 374 Vl.

3594 314 3734 372 i686

429 445 783 521 chisyuagogi
825 449 933 506 lilia
962 449 1272 506 credituros
1295 444 1519 519 quidem
1545 440 1790 506 Iudaeos,
1829 436 1928 494 sed
1957 452 2026 492 ex
2053 439 2111 500 Α
2132 443 2219 491 tor
2256 420 2550 490 héretieus
2577 433 2848 495 deiormet
2878 430 3272 498 habitaculum,
3301 427 3523 487 vitanda
3552 428 3732 485 haere-

433 538 684 610 pluribus
711 540 1017 608 pauciores.
1111 608 1115 610 λ
1216 607 1256 610 4
1381 609 1384 610 ν
1964 598 1976 610 .

501 607 661 684 (δῧνο
689 606 788 668 ΙΧ.
811 643 883 654 -
904 612 1057 669 Vers.
1091 608 1173 684 5.)
1207 607 1278 665 Et
1299 609 1606 681 quicumque
1625 620 1728 657 non
1748 606 2035 671 receperint

430 718 545 770 vos,
567 712 807 760 exeuntes
835 705 899 760 de
927 704 1131 760 civitate
1169 704 1286 771 illa,
1315 701 1471 756 etiam
1498 697 1759 769 pulverem
1799 693 1862 748 de
1890 688 2035 762 pedi-

432 791 527 849 bus
548 796 733 851 vestris
763 796 983 852 excutite
1010 797 1064 851 in
1084 794 1435 850 testimonium
1463 804 1626 861 supra
1650 786 1789 842 illos.

505 887 596 945 65.
645 888 838 960 Qualis
879 890 1077 946 debeat
1122 902 1245 944 esse
1286 888 1378 959 qui
1425 880 1767 953 evangelizat
1806 890 2032 948 regnum

431 981 557 1050 Dei,
582 984 875 1055 pra-ceptis
901 981 1231 1054 evangelicis
1252 979 1603 1051 designatur;
1638 983 1694 1029 ut
1718 971 1835 1028 sine
1861 967 2030 1039 virga,

431 1075 558 1134 sine
587 1091 740 1147 pera,
792 1078 913 1134 sine
939 1077 1331 1141 calceamento,
1380 1073 1498 1127 sine
1533 1081 1695 1140 pane,
1727 1064 1846 1120 sine
1872 1076 2034 1135 pecu-

432 1171 524 1225 nia
554 1167 738 1245 (Vers.
772 1171 855 1241 5),
886 1169 990 1225 hoc
1015 1178 1121 1234 est,
1144 1165 1374 1225 subsidii
1402 1160 1682 1220 saecularis
1708 1152 2030 1215 adminicula

432 1279 545 1320 non
581 1263 885 1335 requirens,
918 1272 944 1300 ⁸
974 1262 1208 1333 ﬁdeique
1238 1257 1455 1316 deditus
1484 1258 1577 1324 sit,
1619 1267 1674 1312 et
1699 1260 1904 1327 quanto
1933 1250 2033 1306 mi-

433 1373 539 1414 nus
584 1367 806 1429 appetat
837 1354 1177 1429 temporalia,
1225 1363 1377 1412 tanto
1408 1351 1580 1425 magis
1607 1359 1793 1420 speret
1821 1362 1883 1403 ea
1929 1342 2033 1402 sibi

434 1466 599 1522 posse
638 1456 953 1523 suppetere.
999 1450 1134 1518 Quae
1173 1455 1401 1520 possunt
1440 1443 1532 1516 qui
1570 1442 1756 1498 volunt
1800 1440 1868 1495 ad
1907 1454 2032 1495 eum

432 1542 686 1601 derivare
718 1551 1038 1608 tractatum;
1070 1551 1127 1597 ut
1153 1538 1456 1614 spiritalem
1481 1533 1856 1593 tantummodo
1885 1532 2035 1587 locus

434 1635 545 1692 iste
572 1636 807 1692 formare
840 1634 1091 1692 videatur
1122 1633 1402 1698 allectum,
1433 1632 1523 1704 qui
1556 1628 1705 1686 velut
1749 1626 2035 1683 indumen-

435 1714 551 1786 tum
592 1729 864 1801 quoddam
897 1728 1148 1786 videatur
1172 1726 1419 1798 corporis
1448 1726 1687 1790 exuisse,
1718 1737 1826 1778 non
1855 1716 2033 1776 solum

2138 528 2367 582 ticorum
2414 526 2750 594 communio,
2810 524 3067 597 fugienda
3118 524 3402 596 Synagoga
3454 532 3733 579 censetur.

2137 619 2506 676 Excutiendus
2530 621 2727 689 pedum
2762 619 2954 690 pulvis,
2984 634 3054 675 ne
3085 618 3465 675 latiscentibus
3491 617 3737 689 perﬁdiae

2136 712 2343 768 sterilis
2389 712 2747 777 siccitatibus,
2789 723 3061 784 tamquam
3092 711 3243 767 humi
3279 710 3435 767 arido
3473 724 3737 765 arenoso-

2135 819 2241 875 que
2272 805 2471 860 mentis
2491 812 2596 859 tuae
2621 805 2908 873 vestigium
2938 804 3235 874 polluatur.
3275 802 3412 859 Nam
3440 801 3580 859 sicut
3609 816 3736 858 cor-

2136 912 2336 969 poreas
2367 896 2711 953 inﬁrmitates
2740 899 2920 968 populi
2950 897 3126 953 ﬁdelis
3161 898 3446 967 suscipere
3473 896 3529 951 in
3560 909 3620 951 se
3641 894 3738 950 de-

2135 992 2227 1050 bet
2256 991 2535 1063 Evangelii
2560 988 2906 1062 praedicator,
2939 1001 2995 1046 et
3034 999 3308 1059 tamquam
3341 988 3577 1057 pr0priis
3617 986 3737 1042 ina-

2135 1085 2405 1159 nia‘gesta
2426 1089 2638 1160 pulveri
2661 1087 3050 1159 comparanda,
3074 1086 3316 1141 allevare
3334 1095 3494 1155 atque
3517 1084 3740 1141 abolere

2136 1183 2400 1253 vestigiis,
2425 1182 2580 1252 juxta
2606 1182 2752 1253 quod
2793 1183 3057 1251 scriptum
3099 1191 3184 1234 est
3215 1196 3227 1233 :
3262 1177 3393 1246 Quis
3417 1179 3737 1249 inﬁrmatur,

2136 1286 2186 1332 et
2203 1294 2294 1351 ego
2323 1277 2687 1346 noninﬁrmor
2711 1275 2777 1349 (ll
2805 1273 2926 1329 Cor.
2952 1289 3031 1339 ιι,
3056 1271 3194 1345 29)?
3220 1272 3299 1328 lta
3329 1273 3375 1326 si
3398 1287 3504 1342 qua
3527 1278 3611 1327 est
3634 1269 3739 1325 Ec-

2136 1369 2303 1426 clesia
2325 1384 2448 1438 quae
2476 1368 2638 1424 ﬁdem
2682 1378 2927 1439 respuat,
2976 1381 3079 1422 nec
3122 1364 3437 1437 apostolicae
3475 1363 3740 1434 praedica-

2136 1462 2302 1518 tionis
2331 1461 2681 1517 lundamenta
2714 1459 3025 1532 possideat;
3070 1474 3139 1516 ne
3166 1474 3329 1530 quam
3363 1458 3542 1515 labem
3576 1458 3739 1527 perli-
3787 1440 3791 1443 “

2136 1556 2244 1613 diae
2273 1555 2446 1627 possit
2470 1571 2781 1627 aspergere,
2824 1553 3125 1611 deserenda
3159 1564 3265 1609 est.
3305 1551 3463 1620 Quod
3501 1551 3737 1622 Aposto-

2136 1650 2451 1722 lusquoque
2472 1650 2757 1707 evidenter
2779 1650 3016 1705 asseruit
3035 1648 3230 1704 dicens
3263 1666 3277 1702 :
3304 1645 3624 1702 Hiereticum
3644 1646 3737 1699 Ito-

2136 1745 2322 1799 minem
2343 1752 2459 1816 ροσε
2486 1759 2736 1798 unam....
2764 1742 3143 1813 correptionem
3168 1738 3339 1809 devita
3358 1736 3486 1810 (Tit.
3513 1752 3595 1803 ιιι,
3621 1736 3735 1807 10).

434 1833 709 1900 potestate
748 1823 977 1897 rejects,
1008 1823 1445 1895 contemptisque
1476 1818 1704 1888 divitiis,
1746 1814 1842 1873 sed
1868 1816 2033 1872 etiam

2209 1814 2393 1911 (Vers.
2430 1832 2547 1909 15.)
2580 1836 2666 1892 Ait
2711 1844 2884 1891 autem
2912 1833 2981 1889 ad
3012 1850 3099 1889 eos
3131 1850 3146 1887 :
3179 1829 3316 1887 Date
3340 1831 3446 1886 illis
3474 1847 3565 1885 vos
3591 1845 3767 1895 mam.

433 1921 621 1978 carnis
652 1919 822 1992 ipsius
848 1918 1121 1976 illecebris
1157 1916 1442 1973 abdicatis.

507 2011 600 2069 66.
630 2012 839 2083 Quibus
869 2013 1048 2085 primo
1066 2010 1311 2068 omnium
1339 2009 1499 2065 datur
1517 2005 1669 2082 pacis
1708 2016 1870 2076 atque
1904 2018 2035 2059 con-

434 2105 655 2164 stantiae
683 2105 943 2178 generale
970 2104 1282 2162 mandatum
1313 2098 1494 2177 (Vera.
1525 2100 1619 2175 4);
1666 2110 1723 2156 ut
1751 2113 1937 2171 pacem
1967 2094 2038 2153 fe-

436 2208 587 2268 rant,
614 2197 979 2255 constantiam
1006 2206 1248 2266 servent,
1291 2193 1579 2266 hospitalis
1620 2187 2038 2249 necessitudinis

430 2292 558 2363 jura
594 2289 953 2358 custodiant;
986 2290 1228 2347 alienum
1270 2305 1300 2345 a
1330 2288 1694 2361 praedicatore
1744 2285 1894 2357 regni
1926 2298 2039 2342 co:-

436 2385 595 2443 lestis
634 2397 887 2442 astruens
921 2385 1189 2441 cursitare
1217 2399 1316 2456 per
1357 2380 1573 2446 domos,
1608 2393 1662 2437 et
1704 2378 2039 2436 inviolabilis

438 2477 664 2550 hospitii
690 2480 811 2549 jura
863 2491 1100 2534 mutare.
1143 2476 1250 2534 Sed
1298 2488 1353 2532 ut
1407 2472 1633 2546 hospitii
1671 2472 1845 2546 gratia
1890 2471 2041 2528 dele-

438 2572 610 2635 renda
636 2583 893 2629 censetur
917 2590 931 2627 :
958 2574 1029 2629 ita
1052 2571 1213 2629 etiam
1241 2569 1288 2629 si
1314 2587 1424 2626 non
1446 2570 1794 2641 recipiantur,
1829 2564 2041 2640 1399

439 2667 825 2725 excutiendum
853 2664 1155 2741 pulverem,
1186 2676 1242 2725 et
1275 2664 1660 2739 egrediendum
1702 2662 1770 2720 de
1820 2663 2040 2718 civitate

440 2761 750 2820 mandatur.
781 2763 902 2833 Quo
929 2779 1038 2819 non
1069 2761 1364 2819 mediocris
1384 2758 1515 2817 boni
1547 2759 1915 2815 remuneratio
1944 2757 2042 2815 do-

441 2869 602 2913 cetur
632 2855 878 2927 hospitii,
921 2867 978 2912 ut
1005 2874 1116 2912 non
1157 2856 1333 2912 solum
1368 2870 1553 2925 pacem
1583 2852 1881 2909 tribuamus
1909 2851 2040 2910 hos-

441 2952 645 3025 pitibus
678 2972 692 3009 :
722 2969 912 3010 verum
943 2954 1106 3010 etiam
1128 2955 1174 3010 si
1203 2969 1308 3026 qua
1331 2969 1429 3009 eos
1457 2963 1690 3010 terrena:
1716 2953 2045 3009 obumbrant

443 3046 644 3102 delicta
690 3044 952 3115 levitatis,
994 3047 1230 3119 receptis
1279 3045 1597 3118 apostolicae
1639 3046 2043 3118 praedicationis

443 3138 727 3211 vestigiis,
774 3139 1118 3197 auferantur.
1169 3138 1279 3196 Nec
1319 3140 1495 3196 otiose
1550 3138 1849 3196 secundum
1907 3139 2039 3197 Mat-

2138 1929 2347 1984 ducare.
2392 1928 2461 1982 At
2497 1927 2576 1983 illi
2624 1928 2865 1983 dixerunt
2892 1922 3061 1981 :Non
3106 1934 3224 1978 sunt
3266 1921 3415 1977 nobis
3460 1923 3738 1994 plusquam

2137 2024 2360 2095 quinque
2380 2037 2562 2093 panes.
2652 2000 2659 2014 ’

2212 2117 2302 2173 69.
2334 2116 2519 2189 (Vers.
2553 2114 2629 2186 8).
2654 2114 2786 2183 Quae
2813 2113 2951 2170 ratio
2994 2119 3100 2177 est,
3134 2109 3275 2180 quod
3317 2124 3441 2165 cum
3470 2106 3527 2163 in
3557 2114 3741 2177 poste-

2138 2210 2375 2268 rioribus
2396 2209 2623 2265 Joannis
2648 2208 2829 2280 passio
2850 2206 3219 2277 describatur,
3250 2203 3337 2258 hic
3355 2202 3469 2275 jam
3492 2210 3741 2257 mortuus

2139 2305 2323 2361 verbis
2362 2303 2591 2359 Herodis
2631 2301 2968 2358 ostenditur?
3012 2298 3091 2356 Ne
3120 2297 3259 2354 forte
3302 2296 3415 2364 illa,
3449 2294 3573 2367 quia
3617 2304 3741 2366 post

2139 2395 2298 2468 Legis
2326 2395 2600 2452 delectum
2623 2394 2984 2466 Evangelicus
3009 2392 3165 2448 cibus
3188 2389 3381 2463 incipit
3396 2390 3586 2461 jejuna
3617 2402 3741 2459 pas-

2140 2505 2267 2546 cere
2314 2490 2478 2546 corda
2517 2489 2838 2560 populorum
2876 2488 3396 2560 ?Deuique.postea
3434 2498 3597 2557 quam
3645 2481 3739 2537 illa

2141 2600 2260 2655 quae
2289 2583 2548 2640 Ecclesia:
2574 2594 2758 2656 typum
2789 2582 3021 2653 accepit,
3048 2596 3079 2636 a
3114 2580 3261 2636 ﬂuxu
3289 2590 3474 2635 curata
3506 2587 3588 2633 est
3614 2593 3739 2633 san-

2140 2677 2343 2748 guinis,
2365 2686 2547 2745 postea
2578 2691 2739 2747 quam
2764 2676 3001 2748 apostoli
3032 2673 3100 2729 ad
3140 2671 3622 2744 evangelizandum
3651 2686 3739 2726 re-

2141 2751 2307 2840 gnuin
2335 2767 2433 2823 Dei
2463 2776 2591 2823 sunt
2614 2767 2893 2834 destinati,
2924 2766 3117 2839 gratia:
3150 2765 3394 2821 cmleslis
3423 2762 3736 2833 impartitur

2143 2861 2483 2917 alimentum.
2529 2859 2637 2917 Sed
2681 2860 2881 2931 quibus
2933 2859 3303 2931 impartiatnr,
3347 2856 3592 2912 adverte.
3623 2852 3741 2911 Non

2143 2955 2357 3024 otiosis,
2398 2971 2507 3012 non
2551 2956 2602 3011 in
2639 2954 2851 3029 1400
2887 2955 3107 3011 civitate
3137 2954 3293 3026 quasi
3336 2953 3389 3008 in
3430 2952 3740 3024 Synagoga,

2145 3046 2230 3105 vel
2261 3049 2513 3105 saeculari
2543 3047 2805 3121 dignitate
2830 3047 3213 3113 residentibus,
3240 3044 3335 3102 sed
3362 3046 3505 3101 inter
3524 3047 3742 3099 deserta

2146 3147 2516 3217 quaerentibus
2563 3128 2881 3211 Christum;
2927 3143 3019 3216 qui
3059 3143 3204 3198 enim
3268 3157 3378 3197 non
3424 3138 3742 3202 fastidiunt,

446 3235 651 3291 thmum
679 3234 875 3291 domus
924 3251 1087 3307 quam
1122 3234 1493 3307 ingrediantur
1524 3235 1782 3307 apostoli,
1816 3233 2039 3307 legenda
2066 3236 2112 3301 C
2145 3237 2247 3308 ipsi
2277 3237 2620 3308 excipiuntur
2645 3253 2676 3293 a
2704 3235 2947 3305 Christo,
2978 3245 3034 3291 et
3064 3250 3190 3291 cum
3221 3233 3355 3305 ipsis
3373 3231 3620 3304 loquitur
3647 3228 3745 3284 Dei

442 3318 757 3385 decernitur
779 3326 995 3404 (Matth.
1012 3347 1069 3395 χ,
1095 3324 1214 3401 12);
1240 3339 1297 3386 ut
1327 3328 1571 3386 mutandi
1600 3327 1822 3400 hospitii
1848 3343 2043 3385 neces-

443 3420 807 3497 situdinisque
838 3425 1107 3482 violandae
1147 3440 1314 3481 causa
1353 3440 1464 3480 non
1493 3432 1765 3499 suppetat.
1806 3420 1928 3480 Non
1960 3432 2043 3478 ta-

436 3531 571 3572 men
616 3515 811 3573 eadem
841 3517 1025 3573 cautio
1054 3517 1328 3588 recepturi
1369 3515 1656 3572 mandatur
1686 3516 1936 3588 hospitii;
1976 3530 2044 3572 ne

444 3609 573 3665 dum
606 3612 807 3680 hospes
830 3609 1071 3682 eligitur,
1104 3608 1448 3682 hospitalitas
1476 3610 1593 3681 ipsa
1621 3610 1913 3666 minuatur.

521 3702 611 3759 67.
653 3702 764 3760 Sed
797 3704 912 3760 haec
940 3714 997 3759 ut
1022 3703 1325 3761 secundum
1355 3698 1592 3760 litteram
1615 3696 1684 3759 de
1712 3703 1930 3775 hOSpitii
1959 3719 2046 3759 re-

445 3796 650 3869 ligione
680 3796 1009 3854 venerabilis
1038 3806 1121 3853 est
1148 3796 1318 3853 fortuna
1353 3796 1613 3869 praecepti
1647 3816 1660 3851 :
1692 3797 1765 3853 ita
1794 3800 1956 3853 etiam
1977 3794 2046 3853 de

444 3892 706 3964 mysterio
734 3890 1005 3947 sententia
1026 3891 1267 3948 caelestis
1297 3890 1523 3947 arridet.
1556 3886 1770 3948 Etenim
1800 3904 1921 3946 cum
1945 3889 2043 3946 do-

444 4001 569 4042 mus
604 3986 849 4058 eligitur,
899 3985 1095 4059 dignus
1144 3980 1344 4058 hospes
1392 3985 1705 4059 inquiritur.
1748 3983 2045 4042 Videamus

444 4076 711 4149 igiturne
754 4079 895 4135 forte
935 4074 1182 4136 Ecclesia
1224 4076 1562 4150 praeferenda
1606 4075 1943 4149 designetur,
1990 4087 2047 4134 et

443 4170 717 4232 Christus.
746 4174 877 4245 Quae
907 4175 1055 4232 enim
1099 4174 1314 4247 dignior
1342 4168 1536 4231 domus
1570 4173 1881 4245 apostolicae
1909 4188 2048 4245 prte-

445 4267 737 4325 dicationis
797 4270 1087 4340 ingressu,
1140 4282 1305 4339 quam
1359 4275 1548 4323 sancta
1603 4266 1845 4322 Ecclesia
1894 4265 2042 4339 (24,

445 4373 628 4436 quiest.
664 4364 716 4432 1,
749 4380 864 4437 cap.
895 4361 1027 4432 Qum
1055 4361 1265 4434 dignior
1293 4361 1352 4435 )‘l
1379 4363 1488 4420 Aut
1518 4361 1642 4433 quis
1671 4360 2046 4432 praeferendus
2116 4360 2119 4363 ’

447 4455 621 4529 magis
646 4457 899 4513 omnibus
927 4454 1141 4513 Videtur
1178 4471 1302 4512 esse
1330 4471 1491 4528 quam
1522 4453 1794 4525 Christus,
1826 4455 1922 4527 qui
1964 4470 2050 4528 pe-

2148 3332 2383 3388 Verhum
2410 3348 2518 3387 non
2545 3331 2612 3387 de
2649 3331 3031 3398 saecularibus,
3073 3330 3168 3387 sed
3215 3328 3284 3385 de
3313 3341 3484 3399 regno
3514 3324 3632 3381 Dei.
3677 3323 3747 3379 Et

2141 3426 2191 3484 si
2216 3428 2307 3497 qui
2334 3424 2636 3497 corporalis
2672 3434 2871 3497 gerunt
2901 3424 3083 3480 ulcera
3114 3421 3407 3495 passionis,
3455 3418 3540 3475 his
3570 3416 3742 3475 medi-

2145 3525 2324 3580 cinam
2349 3516 2503 3579 suam
2532 3522 2766 3578 libenter
2794 3521 3060 3592 indulget.

2218 3617 2309 3672 70.
2335 3617 2687 3688 Consequens
2722 3615 2885 3687 igitur
2934 3622 3076 3679 erat,
3106 3621 3168 3667 ut
3195 3624 3331 3682 quos
3380 3624 3412 3663 a
3453 3606 3742 3662 vulnerum

2146 3708 2338 3766 dolore
2368 3718 2680 3777 sanaverat,
2710 3722 2805 3763 eos
2831 3705 3106 3761 alimoniis
3131 3702 3468 3775 (spiritalibus
3487 3717 3516 3755 a
3537 3697 3747 3772 jejunio

2146 3803 2433 3860 liberaret.
2475 3801 2662 3874 Itaque
2700 3817 2863 3859 nemo
2907 3800 3089 3857 cibum
3135 3799 3338 3869 accipit
3363 3794 3594 3862 Christi,
3638 3792 3744 3848 nisi

2147 3893 2311 3950 fuerit
2344 3902 2470 3949 ante
2506 3904 2750 3949 sanatus.
2798 3893 2863 3947 Et
2892 3892 2969 3947 illi
2996 3891 3087 3961 qui
3120 3899 3385 3946 vocantur
3411 3887 3479 3944 ad
3504 3901 3743 3953 omnem,

2146 3989 2297 4059 prius
2339 3987 2583 4044 vocando
2626 3996 2911 4043 sanantur.
2957 3986 3013 4041 Si
3048 3984 3270 4040 claudus
3308 3982 3430 4048 fuit,
3459 3978 3744 4053 gradiendi

2148 4081 2459 4138 facultatem
2490 4088 2550 4135 ut
2576 4079 2806 4145 veniret,
2852 4077 3081 4148 accepit.
3131 4076 3191 4133 Si
3232 4074 3437 4131 lumine
3463 4072 3744 4129 oculorum

2146 4176 2393 4247 privatus
2438 4186 2580 4241 erat,
2623 4173 2846 4229 domum
2894 4171 3082 4243 utique
3129 4167 3366 4234 Domini,
3411 4165 3519 4223 nisi
3562 4164 3747 4222 refusa

2148 4272 2290 4338 luce,
2324 4272 2526 4327 intrare
2551 4285 2660 4326 non
2692 4269 2885 4339 potuit.
2911 4304 2922 4311 ς

2212 4367 2303 4423 71.
2337 4365 2549 4436 Ubique
2579 4364 2743 4436 igitur
2771 4359 3016 4437 mysterii
3036 4358 3174 4417 ordo
3198 4366 3477 4423 servatur;
3504 4363 3563 4410 ut
3596 4353 3749 4425 prius

2152 4476 2249 4534 per
2288 4459 2669 4517 remiSsionem
2716 4462 3066 4529 peccatorum
3111 4450 3431 4508 vulneribus
3479 4447 3753 4505 medicina

446 4547 545 4603 des
571 4547 685 4603 suis
711 4546 894 4603 lavare
914 4546 1202 4603 consuevit
1232 4545 1559 4618 hoSpitihus,
1580 4556 1635 4602 et
1677 4561 2048 4620 quoscumque
2152 4559 2442 4622 tribuatur,
2480 4564 2667 4627 postea
2718 4552 2979 4609 alimonia
3029 4563 3233 4605 mensa:
3264 4544 3508 4604 caelestis
3546 4542 3755 4600 exuhe-

448 4656 546 4701 ma
583 4641 851 4712 ΐεεθβετίι
901 4640 1090 4708 domo:
1129 4638 1351 4712 Ροιιιιῑίθ
1399 4654 1508 4695 non
1540 4641 1775 4709 βθῑῖδῑιιΐ
1805 4640 2050 4700 habilare
2075 4630 2128 4690 D
2155 4659 2610 4719 retzquamquam
2633 4644 2873 4701 nondum
2904 4640 3260 4698 validioribus
3292 4637 3410 4694 haec
3439 4636 3595 4692 turba
3617 4635 3749 4691 reli-

450 4731 694 4804 ‘vestigiis
710 4750 723 4787 :
742 4730 838 4789 sed
855 4732 1162 4794 maculosos
1177 4733 1304 4788 licet
1322 4732 1444 4788 vita:
1463 4733 1680 4803 prioris,
1707 4733 1758 4789 in
1784 4733 2043 4804 reliquum

2153 4745 2327 4799 ciatur
2347 4740 2644 4805 alimentis,
2686 4752 2864 4810 neque
2892 4733 3097 4791 Christi
3123 4747 3357 4803 corpore
3382 4741 3440 4787 et
3484 4729 3753 4800 sanguine

453 4834 635 4882 tamen
672 4825 929 4897 dignetur
974 4824 1238 4880 mundare
1282 4825 1608 4896 processus?
1636 4824 1734 4882 ilic
1777 4827 2053 4899 estigitur
2150 4835 2335 4908 jejuna
2384 4832 2659 4889 solidioris
2704 4829 2829 4887 ﬁdei
2876 4828 3042 4885 corda
3076 4833 3387 4899 pascantur.
3433 4820 3613 4887 Lacte,
3666 4820 3753 4875 in-

456 4918 609 4975 solus
638 4933 801 4989 quem
830 4932 991 4974 nemo
1013 4912 1175 4973 debet
1194 4916 1473 4985 deserere,
1503 4933 1664 4974 nemo
1694 4926 1923 4974 mutare.
1955 4920 2055 4975 Cui
2157 4929 2294 5001 quit,
2340 4943 2428 4982 υοε
2458 4927 2650 4996 potavi,
2699 4943 2806 4980 ηοη
2843 4938 2992 4990 esca;
3036 4920 3265 4977 nondum
3305 4919 3441 4974 enim
3480 4914 3753 4989 poteratis,

454 5011 598 5070 bene
626 5013 828 5069 dieitur
854 5032 873 5075 ε
902 5010 1148 5079 Domine,
1195 5012 1264 5066 αδ
1286 5028 1435 5084 quem
1461 5013 1689 5068 ibim“?
1732 5010 1899 5068 Verba
1937 5015 2056 5072 υἱιω
2155 5024 2245 5079 sed
2287 5038 2380 5078 nec
2420 5021 2593 5077 adhuc
2622 5020 2830 5091 quidem
2866 5018 3080 5092 potestis
3112 5014 3157 5087 (ι
3185 5014 3305 5069 Cor.
3327 5028 3406 5079 ιιι,
3434 5010 3516 5083 2).
3549 5009 3609 5067 In
3639 5022 3757 5064 mo-

456 5116 667 5163 aetermz
712 5104 890 5175 habes,
923 5116 969 5162 et
1008 5122 1103 5163 nos
1146 5106 1407 5161 credimus
1433 5102 1615 5176 (Joan.
1651 5122 1724 5173 vr,
1752 5105 1820 5163 69
1861 5115 1911 5161 et
1936 5106 2053 5182 70).

460 5200 623 5259 Vides
671 5210 1054 5260 exsecutorem
1106 5201 1412 5258 caelestium
1465 5213 1908 5274 praeceptorum:
1966 5203 2056 5274 qui

455 5296 715 5369 quoniam
765 5310 874 5352 non
915 5294 1142 5350 mutavit
1172 5292 1491 5364 hosiiitium,
1540 5294 1785 5352 cmlestis
1827 5309 2055 5351 consor-

2157 5118 2285 5174 dum
2312 5117 2466 5174 lactis
2497 5115 2739 5186 quinque
2761 5123 2887 5168 sunt
2915 5125 3106 5181 panes.
3139 5108 3284 5164 Esca
3310 5114 3495 5163 autem
3532 5099 3758 5159 solidior

2158 5225 2357 5283 corpus
2401 5217 2487 5265 est
2537 5207 2760 5274 Christi,
2794 5216 2952 5276 ponis
2998 5200 3386 5258 vehementior
3424 5195 3643 5268 sanguis
3675 5202 3762 5252 est

2162 5301 2397 5359 Domini.
2430 5300 2548 5356 Non
2588 5301 2770 5354 statim
2802 5313 2831 5352 a
2864 5297 3043 5367 primo
3089 5294 3379 5364 epulamur
3411 5288 3618 5356 omnia,
3662 5301 3761 5345 ne-

460 5388 592 5444 tium
619 5388 1056 5445 consecrationis
1080 5387 1333 5444 emeruit.

2163 5412 2271 5469 que
2296 5404 2547 5466 potamus
2575 5393 2779 5448 omnia.
2808 5389 2922 5446 Hoc
2946 5390 3193 5461 primum,
3221 5384 3420 5457 inquit,
3447 5384 3559 5439 bibe
3583 5379 3758 5455 (Esai.

531 5482 622 5539 68.
647 5480 810 5538 Fides
826 5480 990 5552 igitur
1010 5480 1282 5552 imprimis
1307 5476 1565 5539 Ecclesiae
1587 5478 1878 5553 quaerenda
1904 5496 2057 5538 man—
2163 5505 2238 5557 ix,
2274 5483 2351 5558 1).
2385 5487 2482 5543 Est
2504 5500 2640 5556 ergo
2681 5485 2940 5555 primum,
2970 5491 3055 5539 est
3084 5481 3247 5538 etiam
3292 5475 3591 5535 secundum
3616 5472 3765 5545 quod

460 5573 642 5644 datur,
675 5576 730 5630 in
774 5578 882 5647 tina
910 5576 955 5631 si
982 5570 1236 5632 Christus
1266 5573 1542 5629 habitator
1584 5575 1676 5641 sh,
1721 5570 1863 5630 haud
1893 5573 2060 5632 dubie
2165 5581 2340 5638 bibas.
2390 5580 2485 5634 Est
2534 5588 2591 5634 et
2633 5579 2865 5648 primum
2907 5574 3053 5646 quod
3098 5572 3419 5638 nianduces,
3471 5578 3556 5625 est
3594 5568 3764 5623 etiam

460 5671 534 5727 sit
559 5667 810 5741 legenda.
835 5668 931 5728 Sin
961 5684 1097 5733 vero
1134 5667 1372 5740 perﬁdus
1398 5668 1653 5740 populus,
1688 5678 1781 5726 aut
1812 5685 2058 5743 praecep-
2166 5672 2489 5741 secundum,
2511 5683 2595 5729 est
2619 5671 2867 5728 tertium.
2895 5669 3138 5727 Primum
3164 5666 3405 5738 quinque
3426 5674 3593 5733 panes
3614 5668 3763 5728 sunt,

536 5819 564 5851 ι
585 5808 681 5869 Sic
708 5806 979 5887 plerique,
1005 5821 1109 5864 nec
1135 5814 1243 5887 non
1262 5806 1482 5879 optimae
1512 5815 1654 5863 notae
1684 5822 1816 5867 mss.
1848 5807 1954 5869 Alii
1977 5819 2158 5871 tamen
2184 5813 2410 5887 aliquot,
2439 5824 2741 5887 omnesque
2769 5809 2900 5868 edit.
2917 5809 3119 5885 ﬁdeque
3140 5813 3304 5876 tutus,
3333 5809 3478 5879 putet
3501 5799 3599 5859 sibi
3639 5812 3771 5875 quo-

465 5884 635 5965 mimta
660 5880 722 5947 ea
753 5880 1007 5981 requirat,
1030 5880 1196 5973 magis
1223 5892 1371 5958 posse
1393 5889 1682 5963 suppetere.
