4014 6544
424 382 563 439 1687

1756 363 2005 426 SANCTI
2044 359 2366 422 AMBROSII

3581 351 3736 410 £688

416 497 716 556 secundum
741 504 973 568 septem,
997 493 1218 552 tertium
1250 491 1427 563 ipsum
1453 499 1653 560 corpus
1677 493 1763 543 est
1787 480 2014 539 Christi.
2044 478 2100 540 A
2192 498 2285 564 ‘75,
2327 495 2521 554 Nonne
2562 500 2617 553 ιη
2659 509 2802 553 esca;
2822 495 3021 552 νει-ωιθ
3047 508 3173 551 cum
3219 492 3332 563 jam
3377 491 3640 549 deﬁceret
3673 491 3734 550 in

487 596 580 650 72.
604 591 958 664 Nequaquam
981 591 1144 661 igitur
1173 589 1336 645 talem
1359 586 1648 643 Dominum
1664 582 2017 654 deseramus,

420 688 514 760 qui
547 703 645 756 pro
673 684 1102 755 uniuscujusque
1144 681 1351 736 viribus
1398 677 1678 749 impartire
1722 673 1882 730 nobis
1922 672 2022 727 ali-

417 789 600 837 menta
633 779 919 850 dignatur;
950 792 1015 830 ne
1043 785 1136 829 aut
1177 773 1452 828 inﬁrmum
1482 769 1716 847 validior
1743 767 1896 823 cibus
1923 779 2021 835 op-

372 917 374 919 ,
427 873 648 942 primat,
691 879 782 925 aut
830 867 1070 922 validum
1109 866 1271 921 exilia
1312 865 1573 920 alimenta
1620 876 1726 917 non
1778 859 2019 916 satient:

425 965 528 1033 Qui
548 965 692 1020 enim
724 963 962 1031 inﬁrmus
989 969 1084 1027 est,
1119 960 1262 1014 olera
1299 958 1574 1012 manducet
1597 956 1772 1028 (Rom.
1804 968 1916 1020 xw,
1937 950 2019 1023 2).

419 1058 491 1115 Ει
521 1059 611 1114 ille
635 1064 726 1128 qui
755 1057 864 1127 jam
894 1055 1107 1110 videtur
1139 1054 1366 1125 laqueos
1407 1049 1736 1106 inﬁrmitatis
1766 1045 2021 1112 evadere,

425 1152 492 1208 de
522 1152 763 1222 quinque
791 1151 908 1205 istis
931 1149 1224 1204 manducet
1267 1148 1498 1216 panibus
1529 1156 1583 1201 et
1619 1143 1832 1199 duobus
1863 1139 2027 1212 pisci-

422 1243 544 1298 bus.
582 1244 744 1298 Certe
772 1243 815 1296 si
839 1251 1029 1313 petere
1065 1241 1251 1295 cibum
1285 1239 1601 1295 validiorem
1635 1243 1875 1297 verc‘lur,
1912 1235 2028 1304 ipse

417 1339 623 1396 relictis
651 1339 763 1393 suis
791 1337 1067 1403 omnibus,
1100 1334 1322 1392 festinet
1366 1333 1432 1390 ad
1465 1335 1556 1388 Dei
1587 1332 1831 1387 verbum.
1893 1329 2026 1383 Dum

420 1432 610 1488 audire
663 1431 897 1500 incipit,
951 1430 1138 1500 incipit
1187 1426 1418 1484 esurire.
1472 1426 1741 1496 incipiunt
1795 1421 2028 1492 apostoli

425 1527 758 1582 esurientem
791 1525 996 1580 videre.
1039 1524 1106 1578 Et
1151 1523 1197 1578 si
1229 1523 1303 1577 illi
1348 1521 1526 1577 adhuc
1579 1535 1686 1575 non
1720 1518 2031 1588 intelligunt

422 1620 555 1692 quid
580 1621 806 1687 esuriat,
828 1620 1095 1674 intellexit
1117 1617 1384 1672 Christus.
1417 1616 1529 1673 Scit
1556 1614 1698 1687 quod
1725 1630 1830 1668 non
1859 1627 2033 1668 saecu-

427 1719 599 1773 larem
631 1717 813 1774 cibum
845 1715 1069 1780 esuriat,
1102 1712 1201 1770 sed
1232 1713 1414 1768 cibum
1443 1710 1670 1766 Christi.
1709 1709 1858 1764 Dicat
1889 1727 1902 1761 :
1935 1705 2034 1761 Di-

427 1815 628 1869 mittere
673 1830 760 1868 eos
777 1814 993 1885 jejuno:
1021 1811 1165 1874 nolo,
1209 1825 1272 1863 ne
1301 1808 1542 1877 deﬁciant
1587 1806 1641 1860 in
1689 1805 1773 1859 via
1804 1802 2028 1873 (Matth.

2123 593 2209 650 via
2238 603 2456 650 sanctus
2479 591 2658 658 Elias,
2685 589 3039 663 quadraginta
3066 587 3366 643 ambulavit
3401 585 3597 641 diebus
3620 627 3638 651 ,
3667 594 3730 642 et

2125 689 2269 745 illam
2300 702 2479 744 escam
2507 685 2731 756 angelus
2765 683 2913 739 dedit
2946 681 3046 756 (Ill
3078 680 3208 753 Reg.
3245 696 3365 746 χιι,
3397 677 3495 750 8)?
3523 678 3584 735 Si
3622 693 3728 734 au—

2126 789 2236 836 tem
2265 790 2317 836 te
2347 779 2555 850 paverit
2577 777 2754 840 Jesus,
2780 785 2835 831 et
2863 784 3141 845 acceptam
3169 788 3350 829 escam
3387 772 3728 837 servaveris,

2126 873 2428 929 ambulabis
2479 887 2588 928 non
2633 869 2999 942 quadraginta
3030 866 3223 922 diebus
3265 873 3321 920 et
3362 863 3729 936 quadraginta

2129 967 2400 1034 noctibus,
2428 966 2523 1021 sed
2554 964 2763 1036 (audeo
2791 961 2972 1018 dicere
3009 960 3306 1030 Scriptum
3337 959 3507 1014 fretus
3534 973 3640 1013 exe
3653 973 3740 1012 m-

2129 1060 2270 1133 plis)
2301 1060 2653 1132 quadraginta
2685 1058 2843 1112 annis
2884 1073 2897 1109 :
2931 1063 2986 1111 et
3029 1054 3330 1125 egredieris
3355 1053 3424 1109 ab
3456 1051 3736 1124 (Egyptiis

2131 1154 2348 1221 ﬁnibus,
2369 1153 2545 1208 donec
2568 1149 2854 1221 pervenias
2878 1150 2929 1204 in
2947 1157 3147 1204 terram
3173 1147 3422 1210 multam,
3451 1148 3504 1201 in
3524 1155 3736 1202 terram

2131 1245 2390 1302 fluentem
2424 1245 2508 1300 lac
2528 1253 2584 1300 et
2607 1244 2711 1298 mel
2729 1285 2744 1312 ,
2771 1259 2930 1314 quam
2957 1241 3162 1314 juravit
3185 1240 3451 1296 Dominus
3475 1241 3735 1296 daturum

2130 1354 2190 1396 se
2221 1337 2460 1410 patribus
2493 1339 2715 1392 nostris.
2766 1335 2938 1406 Hujus
2967 1345 3131 1390 terrae.
3171 1335 3268 1390 tibi
3316 1334 3488 1389 virtus
3534 1333 3720 1403 requi-

2131 1433 2300 1489 renda
2348 1440 2462 1500 est,
2509 1446 2672 1503 quam
2707 1429 2946 1501 possidet
2972 1429 3140 1484 mitis.
3173 1426 3291 1482 Non
3331 1426 3495 1482 istam
3526 1437 3734 1482 terram

2131 1525 2256 1582 dico
2276 1540 2397 1596 qua}
2418 1525 2567 1580 arida
2595 1533 2698 1589 est,
2724 1526 2818 1578 sed
2843 1523 2990 1579 illam
3016 1538 3136 1594 qua:
3156 1521 3356 1577 Christi
3377 1519 3742 1575 conﬁrmatur

2133 1620 2442 1685 alimentis,
2475 1634 2598 1689 qua:
2641 1617 2742 1674 sub
2780 1616 3010 1687 imperio
3038 1616 3335 1671 constituta
3367 1617 3513 1687 regis
3543 1613 3739 1670 aeterni

2135 1723 2447 1771 sanctorum
2480 1712 2810 1768 iucolatibus
2843 1711 3248 1781 frequentatur.

2210 1809 2298 1865 76.
2343 1807 2545 1863 Dividit
2577 1823 2704 1879 ergo
2723 1822 2878 1862 escas
2909 1806 3175 1861 Dominus
3200 1805 3382 1861 Jesus.
3412 1803 3484 1859 Et
3506 1803 3597 1860 ille
3619 1805 3743 1875 qui-

427 1926 526 1977 xv,
551 1909 670 1981 52).
702 1909 886 1964 Bonus
921 1906 1181 1962 Dominus
1228 1904 1405 1960 studia
1435 1902 1624 1974 exigit,
1667 1901 1812 1956 vires
1840 1898 2028 1954 minis-

2152 1908 2256 1963 lem
2288 1903 2401 1960 vult
2429 1903 2561 1958 dare
2591 1903 2877 1968 omnibus,
2911 1910 3073 1972 negat
3100 1900 3339 1965 nemini,
3383 1899 3735 1970 dispensator

436 2013 567 2059 trat.

501 2098 590 2153 75.
624 2096 863 2163 Utinam,
898 2097 1127 2153 Domine
1157 2096 1312 2162 Jesu,
1360 2093 1497 2151 velis
1533 2105 1750 2148 mecum
1798 2089 1933 2144 istos
1957 2086 2037 2157 je-

422 2195 584 2264 junos
615 2207 724 2248 non
747 2192 1048 2258 dimittere,
1075 2191 1170 2247 sed
1203 2189 1494 2259 impartitis
1521 2186 1618 2242 abs
1652 2194 1705 2240 te
1744 2182 1921 2253 epulis
1952 2195 2039 2236 re-

429 2285 580 2341 ﬁcias
602 2299 736 2349 eos;
769 2293 827 2339 ut
848 2285 1060 2356 possint
1087 2285 1196 2338 tuis
1219 2281 1496 2337 alimoniis
1519 2278 1776 2335 fortiores
1805 2274 2036 2330 inﬁrmi-

425 2384 597 2435 tatem
621 2378 815 2448 jejunii
840 2393 945 2434 non
977 2379 1190 2433 timere.
1224 2377 1385 2432 Dicas
1414 2373 1625 2430 utinam
1655 2369 1820 2428 etiam
1852 2368 1918 2424 de
1941 2381 2040 2423 no-

432 2473 563 2531 bis:
601 2473 740 2528 Nolo
793 2490 876 2528 eos
922 2474 1130 2542 iejunos
1171 2469 1465 2526 dimittere!
1516 2468 1585 2523 Et
1633 2480 1854 2522 causam
1907 2462 2041 2519 mihi

435 2564 626 2632 dicito,
659 2581 827 2637 quare
857 2579 952 2621 eos
984 2565 1124 2620 nolis
1149 2563 1371 2634 jejunos
1401 2560 1717 2617 dimittere:
1745 2556 2038 2627 immojam

434 2657 646 2726 dixisti,
676 2660 802 2731 quia
845 2661 890 2714 si
939 2674 1100 2729 quem
1145 2657 1421 2713 dimiseris
1447 2655 1718 2724 jejunum,
1755 2651 1939 2708 delicit
1986 2651 2042 2706 in

432 2752 542 2818 via,
580 2751 680 2808 hoc
711 2763 815 2817 est,
847 2750 1031 2806 deﬁcit
1059 2751 1140 2806 vel
1175 2751 1227 2804 in
1261 2747 1420 2805 istius
1449 2763 1614 2804 cursu
1643 2747 1791 2810 vitae.
1825 2744 1910 2800 vel
1947 2758 2047 2798 an-

438 2852 658 2917 tequam
689 2845 755 2900 ad
787 2854 813 2883 ³
835 2855 1000 2917 caput
1033 2846 1312 2916 perveniat
1351 2844 1475 2910 viai,
1517 2850 1810 2909 antequam
1840 2853 2043 2912 perve-

437 2939 552 2994 niat
580 2939 648 2995 ad
671 2939 909 3004 Patrem,
939 2947 995 2995 et
1024 2939 1292 3010 intelligat
1315 2936 1462 3009 quod
1503 2953 1569 2992 ex
1596 2935 1762 2991 Patre
1791 2933 2046 2990 Christus

441 3041 546 3098 est,
587 3034 853 3104 intelligat
892 3033 1038 3105 quod
1076 3032 1330 3089 Christus
1381 3048 1412 3088 e
1467 3031 1630 3097 coelo,
1681 3038 1736 3086 et
1779 3029 2050 3098 intelligat

445 3126 589 3197 quod
616 3125 870 3183 Christus
899 3129 989 3196 qui
1021 3126 1323 3193 descendit,
1357 3125 1475 3195 ipse
1504 3133 1590 3180 est
1615 3133 1667 3179 et
1711 3121 1803 3192 qui
1851 3135 2046 3176 ascen-

445 3219 564 3285 dit;
595 3235 662 3274 ne
695 3221 831 3276 forte
859 3236 984 3277 cum
1030 3221 1305 3291 acceperit
1346 3219 1491 3291 quod
1532 3228 1693 3272 natus
1730 3233 1797 3272 ex
1825 3216 2051 3287 Virgine

2140 1999 2285 2053 enim
2319 2007 2403 2054 est
2442 1997 2686 2053 omnium
2725 2015 2740 2053 :
2770 1997 2866 2052 sed
2911 2010 3034 2051 cum
3067 1995 3161 2051 ille
3202 2011 3376 2068 panes
3406 1994 3652 2067 frangat,
3688 2005 3743 2050 et

2143 2092 2234 2148 det
2257 2089 2556 2162 discipulis,
2588 2089 2633 2145 si
2662 2100 2715 2145 tu
2742 2104 2937 2145 manus
2965 2103 3071 2143 non
3097 2087 3361 2144 extendas
3392 2096 3536 2153 tuas,
3569 2095 3624 2141 ut
3653 2100 3746 2142 ac-

2142 2187 2315 2257 cipias
2349 2186 2443 2242 tihi
2466 2200 2656 2251 escas,
2689 2183 2912 2240 delicies
2943 2184 2994 2238 in
3021 2183 3141 2251 via;
3172 2197 3274 2239 nec
3301 2183 3511 2253 poteris
3537 2181 3592 2236 in
3619 2198 3741 2238 eum

2141 2282 2360 2352 culpam
2385 2290 2533 2335 tuam
2567 2278 2798 2346 referre,
2825 2277 2914 2348 qui
2947 2277 3264 2337 miseretur,
3296 2283 3351 2330 ct
3375 2274 3570 2330 dividit
3604 2292 3618 2328 :
3649 2275 3744 2331 sed

2145 2378 2231 2434 his
2256 2376 2468 2442 dividit,
2497 2375 2586 2446 qui
2615 2390 2738 2430 cum
2761 2388 2828 2430 eo
2857 2373 3020 2430 etiam
3055 2372 3110 2427 in
3141 2371 3363 2428 deserto
3399 2379 3743 2440 permanent,

2145 2472 2235 2543 qui
2265 2470 2442 2541 primo
2473 2477 2527 2524 et
2559 2467 2799 2525 secundo
2824 2475 2879 2522 et
2899 2465 3062 2520 tertio
3089 2464 3180 2520 die
3205 2479 3311 2520 non
3337 2462 3624 2520 recedunt.
3655 2463 3745 2519 Sic

2148 2565 2292 2622 enim
2329 2563 2497 2619 habes
2526 2562 2656 2617 alibi
2706 2580 2720 2617 :
2762 2561 3016 2616 Misereor
3047 2559 3205 2630 hujus
3250 2557 3452 2624 turbae;
3499 2557 3624 2625 quia
3657 2557 3747 2611 tri-

2148 2659 2310 2712 duum
2337 2666 2410 2712 εει
2421 2657 2540 2726 jam
2556 2656 2696 2728 quod
2712 2664 3039 2726 perseverant
3054 2669 3254 2707 mecum
3283 2648 3498 2722 (Matth.
3519 2666 3612 2716 xv,
3630 2649 3743 2718 52).

2147 2754 2363 2824 Quanta
2393 2751 2655 2822 dignatio,
2691 2760 2891 2822 quanta
2920 2748 2990 2804 ab
3015 2762 3081 2803 eo
3111 2745 3424 2802 hominibus
3450 2745 3747 2816 inspiratur

2150 2845 2490 2902 humanitas!
2539 2843 2657 2900 Non
2689 2843 2806 2898 vult
2839 2841 3060 2914 jejunus
3089 2839 3368 2896 dimittere
3393 2879 3409 2906 ,
3455 2853 3567 2894 non
3597 2837 3742 2905 vult;

2150 2957 2220 2998 ne
2247 2939 2502 2996 deﬁciant
2526 2939 2579 2993 in
2613 2939 2718 2993 via.

2225 3036 2317 3090 77.
2359 3034 2480 3090 Noli
2505 3048 2635 3105 ergo
2657 3031 2896 3088 deﬁcere
2925 3046 2953 3084 a
2981 3028 3270 3098 disciplina
3296 3027 3545 3093 Domini,
3575 3040 3744 3096 neque

2154 3129 2398 3202 fatigeris
2420 3143 2543 3184 cum
2575 3127 2644 3183 ab
2672 3141 2738 3182 eo
2765 3123 3083 3194 increparis.
3114 3121 3233 3178 Non
3277 3120 3523 3192 fatigeris
3563 3135 3739 3188 nunc,

2157 3239 2224 3280 ne
2253 3231 2441 3294 postea
2471 3220 2734 3292 fatigeris.
2772 3217 2912 3286 Quid
2946 3217 3088 3274 enim
3121 3214 3489 3287 respondebis
3515 3214 3566 3271 ei
3609 3232 3623 3268 :
3650 3223 3738 3269 aut

446 3321 550 3377 est,
594 3314 816 3384 incipiat
864 3320 970 3371 non
1017 3314 1110 3369 Dei
1161 3309 1439 3380 virtutem,
1484 3310 1580 3367 sed
1623 3310 1862 3366 hominis
1905 3299 2054 3365 aesti-
2088 3382 2120 3390 _
2155 3317 2428 3390 quomodo
2469 3325 2521 3372 ιθ
2550 3314 2873 3381 excusabis,
2901 3313 2948 3367 si
2979 3327 3119 3369 esca
3161 3311 3417 3366 virtutem
3444 3325 3599 3382 quam
3637 3308 3731 3364 ηιξ..

448 3422 621 3462 mare.
653 3407 798 3479 Ergo
844 3425 911 3465 ne
936 3408 1212 3475 deﬁciant,
1241 3407 1440 3479 inquit.

527 3499 736 3574 1401
780 3500 987 3572 (lbid.)
1037 3501 1168 3555 Date
1207 3501 1316 3556 illis
1363 3516 1448 3556 vos
1477 3500 1811 3575 manducare.
1861 3499 1927 3554 At
1971 3499 2053 3554 illi

450 3594 692 3648 dixerunt
719 3611 737 3648 :
769 3592 893 3648 Non
914 3604 1032 3648 sunt
1058 3594 1203 3649 nobis
1231 3596 1504 3666 plusquam
1530 3594 1753 3666 quinque
1779 3610 1967 3664 panes,
2003 3604 2050 3648 et

450 3685 553 3741 duo
584 3686 748 3757 pisces
772 3703 790 3743 :
821 3686 924 3742 nisi
947 3701 1040 3741 nos
1065 3702 1260 3755 eamus,
1283 3697 1330 3744 et
1352 3705 1578 3744 amamus
1600 3689 1655 3743 in
1683 3704 1886 3743 omnem
1915 3686 2052 3742 hanc

446 3779 655 3835 turbam
677 3797 839 3837 escas.

527 3876 617 3930 74.
659 3876 909 3932 Nondum
945 3876 1332 3933 intellexerant
1369 3877 1602 3949 apostoli
1650 3877 1830 3933 cibum
1868 3876 2052 3948 populi

451 3967 726 4024 credentis
755 3985 864 4024 non
893 3984 1017 4025 esse
1053 3969 1321 4025 venalem.
1352 3969 1593 4027 Noverat
1633 3968 1914 4036 Christus,
1959 3986 2054 4024 no-

450 4073 608 4119 verat
637 4065 753 4134 ipse
800 4079 901 4120 nos
949 4065 1132 4136 potius
1163 4079 1287 4122 esse
1326 4064 1681 4122 redimendos
1714 4082 1727 4120 :
1755 4077 1887 4122 Suas
1923 4080 2054 4122 vero

452 4156 642 4226 epulas
665 4160 928 4229 gratuitas
959 4160 1146 4215 donat.
1183 4159 1431 4215 Nondum
1463 4175 1594 4231 ergo
1636 4160 1911 4214 habebant
1938 4160 2054 4216 dis-

453 4252 620 4324 cipuli
651 4253 832 4309 cibum
859 4255 952 4325 qui
984 4255 1257 4311 redimere
1289 4270 1390 4310 nos
1425 4262 1627 4324 posset.
1663 4253 1946 4309 Habehant
1978 4262 2058 4308 ta-

455 4360 582 4401 men
622 4346 733 4416 jam
767 4347 948 4403 cibum
981 4349 1069 4418 qui
1118 4349 1319 4404 satiare
1361 4363 1462 4403 nos
1507 4359 1739 4418 posset:
1782 4346 2058 4402 habebant

453 4437 636 4508 cibum
681 4439 773 4513 qui
801 4441 1132 4498 conﬁrmare
1160 4457 1260 4497 nos
1288 4449 1476 4511 posset
1503 4459 1517 4495 :
1552 4439 1716 4496 Panis
1748 4441 1895 4497 enim
1933 4458 2058 4497 con-

454 4532 628 4603 firmat
655 4549 743 4588 cor
783 4535 1006 4588 hominis
1045 4533 1219 4608 (Psal.
1267 4550 1395 4601 cm,
1442 4532 1561 4606 16).
1593 4533 1883 4592 Miseretur
1928 4552 2059 4608 ergo

2077 3382 2122 3446 Ο
2157 3413 2383 3477 nistrat,
2407 3407 2692 3464 amiseris?
2723 3406 2840 3462 Non
2874 3415 3028 3477 potes
3056 3403 3241 3459 dicere
3270 3403 3398 3473 quia
3431 3415 3598 3458 escam
3625 3414 3725 3454 non

2153 3505 2336 3570 dedit,
2367 3503 2488 3576 quia
2521 3503 2616 3558 dat
2640 3501 2918 3557 omnibus.
2957 3497 3076 3554 Non
3103 3506 3258 3569 potes
3298 3496 3482 3554 dicere
3499 3495 3732 3568 quiano-

2153 3600 2253 3658 iuit
2280 3609 2332 3656 te
2357 3600 2556 3655 bonum
2587 3597 2796 3663 facere,
2833 3593 3046 3668 1&02
3070 3601 3198 3648 ante
3232 3606 3391 3663 quem
3425 3590 3602 3662 posuit
3642 3589 3740 3644 ho-

2155 3709 2283 3750 num
2314 3702 2370 3748 et
2399 3692 2632 3756 malum;
2663 3698 2722 3745 ut
2746 3705 2856 3745 non
2901 3705 2966 3744 ex
2997 3687 3326 3744 necessitate
3367 3685 3570 3742 bonum
3601 3695 3742 3739 tuum

2155 3797 2323 3855 esset,
2350 3788 2447 3844 sed
2492 3787 2878 3842 voluntarium.
2924 3785 3152 3841 Multum
3191 3785 3335 3838 enim
3387 3780 3560 3837 refert
3609 3780 3745 3835 inter

2154 3899 2276 3939 cum
2299 3883 2389 3954 qui
2414 3880 2739 3937 necessitate
2761 3880 2959 3936 invitus
2983 3876 3188 3949 aliquid
3211 3877 3349 3948 agit,
3382 3884 3438 3932 et
3459 3875 3601 3931 inter
3621 3888 3738 3930 eum

2154 3975 2246 4050 qui
2274 3993 2342 4035 ex
2370 3976 2650 4033 voluntate
2679 3974 2822 4046 quod
2855 3975 3054 4029 bonum
3081 3982 3164 4029 est
3189 3971 3341 4042 eligit
3369 3988 3384 4026 :
3422 3971 3484 4027 Si
3504 3972 3642 4027 enim
3668 3973 3744 4025 in-

2157 4076 2292 4128 vitus
2321 4074 2418 4128 hoc
2444 4089 2541 4144 ago
2562 4112 2576 4133 ,
2607 4069 2929 4138 dispensatio
2956 4066 3085 4122 mihi
3121 4066 3322 4122 credita
3353 4075 3426 4121 est
3454 4081 3473 4121 :
3506 4067 3550 4120 si
3581 4066 3746 4121 volens

2158 4166 2443 4221 mercedem
2471 4163 2635 4219 habeo
2667 4161 2718 4236 (l
2750 4159 2871 4216 Cor.
2907 4177 2985 4226 Ix,
3014 4161 3138 4231 17).
3164 4160 3597 4217 Consideremus
3626 4173 3746 4230 ergo

2159 4260 2285 4329 quia
2315 4258 2582 4314 stabimus
2608 4266 2736 4313 ante
2771 4253 3007 4311 tribunal
3037 4251 3242 4310 Christi
3267 4298 3281 4323 ,
3320 4265 3377 4311 et
3405 4254 3452 4309 si
3495 4269 3634 4324 opus
3661 4268 3749 4307 no-

2159 4363 2335 4410 strum
2362 4354 2588 4418 arserit,
2634 4367 2740 4408 non
2787 4349 3106 4406 habebimus
3147 4350 3290 4422 quod
3329 4363 3593 4405 excusare
3634 4363 3747 4419 pos-

2160 4449 2356 4503 simus.
2384 4445 2540 4501 Dicet
2565 4447 2767 4501 etenim
2797 4441 2940 4513 quod
2967 4442 3078 4514 jam
3119 4459 3218 4514 per
3252 4442 3573 4514 prophetam
3607 4439 3746 4496 Iecu-

2164 4549 2251 4595 tus
2288 4549 2407 4595 est:
2441 4535 2678 4607 Populus
2718 4553 2895 4605 meus,
2922 4535 3048 4609 quid
3094 4537 3191 4606 feci
3225 4535 3409 4590 tibi....
3445 4545 3533 4590 aut
3571 4535 3626 4589 in
3653 4549 3745 4604 quo

453 4626 721 4684 Dominus
742 4672 757 4696 ,
785 4645 850 4685 ne
871 4629 994 4701 quis
1023 4629 1240 4686 deﬁciat
1275 4630 1331 4685 in
1359 4628 1468 4684 via.
1507 4629 1564 4686 Si
1593 4630 1714 4699 quis
1751 4648 1883 4705 ergo
1910 4631 2062 4687 defe-
2163 4635 2405 4688 molestas
2436 4633 2514 4706 fui
2560 4631 2970 4702 tibi?responde
2989 4631 3114 4685 mihi
3145 4629 3341 4704 (Mich.
3375 4639 3474 4699 vi,“
3494 4629 3572 4702 5).
3605 4629 3747 4686 Dicet

456 4721 597 4776 cerit
616 4762 631 4788 ,
667 4736 772 4776 non
801 4738 898 4792 per
929 4723 1221 4778 Dominum
1248 4721 1435 4779 Iesum
1456 4766 1471 4789 ,
1504 4723 1603 4780 sed
1630 4740 1727 4793 per
1750 4740 1809 4778 se
1835 4723 2016 4780 deﬁcit
2040 4743 2053 4779 :

457 4830 561 4870 nec
594 4815 760 4869 habes
799 4816 945 4886 quod
988 4817 1272 4872 adscribas
1301 4819 1568 4887 Domino,
1597 4820 1687 4889 qui
1735 4820 1901 4875 vincit
1930 4837 2053 4876 cum

453 4907 758 4978 judicatur;
783 4908 908 4977 quid
936 4909 1078 4963 enim
1104 4909 1254 4964 dicas
1275 4910 1326 4966 ei
1351 4913 1442 4978 qui
1467 4911 1520 4966 iu
1547 4922 1598 4968 te
1619 4913 1851 4968 contulit
1875 4917 2054 4970 omnia

457 4999 804 5055 ﬁrmamenta
849 5000 1104 5055 virtutis?
1144 5001 1334 5056 Nonne
1363 5002 1480 5072 ipse
1511 5011 1565 5058 te
1607 5005 1831 5074 genuit,
1875 5021 2057 5062 nonne

458 5093 580 5165 ipse
607 5103 662 5149 te
692 5094 877 5162 pavit?
903 5095 1070 5151 Cibus
1098 5093 1216 5165 ejus
1245 5097 1414 5150 virtus
1456 5107 1572 5164 est,
1602 5098 1758 5153 cibus
1799 5099 1920 5168 ejus
1951 5102 2058 5155 for-

456 5187 635 5242 titudo
665 5196 768 5242 est.
806 5186 916 5242 Sed
955 5188 1001 5241 si
1035 5199 1091 5242 tu
1125 5186 1452 5260 negligentia
1481 5200 1568 5244 tua
1601 5189 1856 5246 virtutem
1895 5209 2056 5263 quam

457 5294 752 5351 acceperas
798 5279 1113 5350 perdidisti,
1147 5295 1254 5336 non
1299 5282 1680 5339 alimentorum
1710 5285 2018 5341 caelestium
2041 5330 2056 5353 ,

458 5373 556 5428 sed
611 5381 715 5427 tua:
769 5372 967 5426 mentis
1018 5373 1113 5428 tibi
1148 5373 1395 5442 prmsidia
1449 5375 1758 5432 defuerunt.
1811 5379 2058 5450 Denique

457 5467 720 5522 Dominus
770 5465 930 5520 sicuti
974 5479 1138 5535 super
1179 5467 1356 5536 justos
1396 5476 1454 5524 et
1496 5469 1727 5540 injustos
1757 5471 1898 5543 pluit
1932 5490 1946 5528 :
1977 5471 2052 5529 ita

456 5561 622 5616 etiam
656 5559 883 5631 injustos
913 5560 1084 5630 pascit
1117 5568 1174 5616 et
1197 5559 1392 5631 iustos.

527 5713 554 5741 ιι
577 5703 742 5777 Caput
779 5704 897 5767 vite,
929 5702 1129 5759 dicitur
1157 5702 1283 5758 ﬁnis
1332 5716 1395 5758 ac
1439 5707 1705 5762 terminus
1743 5709 1882 5777 vite;
1925 5724 2051 5766 nam

453 5776 595 5846 quod
642 5792 912 5852 summum
963 5786 1128 5849 atque
1164 5787 1472 5834 extremum
1521 5778 1576 5834 in
1616 5776 2050 5852 singulisrebus

449 5857 554 5909 est,
582 5858 743 5916 caput
769 5847 990 5905 dicitur.

519 5900 554 5955 δ’
586 5900 1170 5995 ΜὲεῖίιᾶιὝιξὲνρῘιιι-ἰιιιί,
1197 5908 1357 5996 panes
1385 5900 1502 5996 feci.
1532 5903 1698 5984 Cori).
1735 5933 1916 5985 tamen
1948 5942 2047 6001 per

2163 4736 2219 4783 et
2243 4727 2292 4782 ei
2318 4726 2407 4795 qui
2455 4725 2510 4779 in
2557 4725 2644 4780 via
2689 4723 2950 4780 defecerit
2989 4741 3001 4778 :
3036 4737 3141 4795 qua
3188 4724 3398 4778 ratione
3428 4721 3669 4778 deiecisti
3697 4722 3743 4776 in

2166 4820 2292 4875 via?
2340 4818 2532 4875 Nonne
2552 4817 2579 4856 ι)
2611 4834 2778 4890 panes
2821 4818 2998 4889 fregi?
3025 4832 3205 4873 nonne
3242 4815 3496 4872 benedixi
3525 4817 3550 4870 ἲ
3577 4828 3746 4872 nonne

2159 4914 2298 4987 jussi
2329 4913 2486 4969 dari?
2513 4911 2618 4970 Sed
2647 4929 2745 4968 cur
2768 4923 2824 4968 tu
2847 4912 3096 4983 accipere
3121 4910 3384 4967 uoluisti?

2239 5009 2327 5066 78.
2373 5007 2572 5078 Quanti
2600 5009 2764 5063 etiam
2796 5007 3146 5076 przesentium
3185 5003 3442 5060 deﬁcient
3464 5003 3518 5058 in
3549 5001 3668 5068 via,
3697 5011 3748 5058 ct

2167 5114 2288 5174 post
2315 5103 2417 5158 hos
2443 5117 2746 5168 sermones,
2775 5101 2866 5172 qui
2890 5100 3017 5155 licet
3056 5099 3228 5156 nostri
3254 5100 3394 5167 sint,
3421 5109 3600 5154 tamen
3632 5096 3745 5167 quia

2162 5211 2324 5253 nemo
2364 5195 2496 5252 dicit
2522 5196 2810 5251 Dominum
2852 5192 3040 5249 Iesum
3091 5193 3193 5248 nisi
3227 5193 3282 5247 in
3311 5191 3517 5262 Spiritu
3566 5177 3745 5247 sancto

2163 5295 2218 5362 (l
2248 5293 2369 5350 Cor.
2404 5310 2508 5359 xu,
2541 5291 2645 5364 5),
2691 5304 2714 5332 ο
2749 5306 2916 5362 panes
2963 5288 3270 5346 aestimandi
3303 5299 3429 5344 sunt
3470 5305 3484 5343 :
3518 5289 3741 5358 quanti,

2161 5387 2409 5458 inquam,
2442 5387 2722 5450 deficient,
2755 5395 2807 5440 et
2833 5386 2884 5438 in
2911 5385 3027 5438 vias
3048 5382 3290 5455 gentium
3317 5381 3641 5437 transversis
3669 5378 3749 5436 iti-

2164 5479 2388 5536 neribus
2411 5479 2743 5536 fornicantes
2771 5477 2992 5534 abibunt
3022 5480 3036 5534 l
3071 5479 3247 5549 Atque
3279 5475 3485 5532 utinam
3512 5492 3666 5544 unus,
3697 5483 3747 5532 et

2161 5587 2267 5630 non
2292 5573 2544 5644 plurimi!
2570 5572 2679 5629 Sed
2710 5587 2815 5628 non
2841 5571 3003 5630 Jesus
3028 5579 3218 5628 auctor
3246 5568 3518 5636 defectus,
3546 5569 3745 5625 etiamsi

2161 5713 2579 5780 correctionem,
2602 5721 2656 5768 et
2684 5712 2776 5768 alii
2809 5711 3054 5768 nonnulli
3077 5726 3198 5766 cum
3221 5709 3382 5776 edit.,
3407 5727 3566 5783 panes
3597 5711 3740 5783 fregi.

2234 5820 2255 5848 ο
2301 5807 2456 5862 Rom.
2488 5807 2618 5863 edit.
2650 5807 2767 5863 sola
2791 5849 2805 5869 ,
2839 5804 3046 5861 Domini
3072 5805 3370 5862 testimandi
3404 5815 3544 5859 sunt.
3579 5805 3739 5860 Minus

2151 5880 2461 5942 commode.
2492 5879 2673 5938 Palam
2721 5880 2866 5936 enim
2903 5887 2988 5936 est
3016 5879 3084 5953 ah
3112 5876 3407 5938 Ambrosio
3453 5875 3732 5950 signiﬁcari
