4014 6464
278 415 429 478 1689

1251 408 1619 468 Εχροδιτιο
1656 386 1916 467 EVANC.
1959 407 2106 467 ssc.
2146 407 2300 467 LUC.
2342 406 2474 467 LIB.
2517 408 2609 468 Vl.

3441 412 3582 471 1690

277 535 408 607 quis
437 533 736 601 defecerit;
769 531 1022 590 omnibus
1043 528 1192 589 enim
1221 527 1501 585 distribuit
1525 527 1616 599 qui
1641 541 1880 598 sequun-
1907 527 1958 592 Α
1985 523 2173 582 docuit
2229 541 2318 583 me
2369 524 2513 598 quod
2567 523 2877 584 nesciebam
2900 565 2918 595 ,
2971 524 3118 600 quod
3168 540 3278 584 non
3321 526 3586 588 docuerat

278 637 391 698 tur,
429 630 545 686 sive
569 629 806 702 quinque
834 627 1024 691 millia,
1063 626 1179 682 sive
1210 633 1450 698 quatuor
1474 622 1644 679 millia
1675 622 1807 678 sint.

351 723 450 779 79.
491 721 607 777 Non
637 721 850 776 otiosus
871 735 1134 776 numerus
1160 761 1175 786 ,
1208 734 1314 774 non
1345 720 1555 774 otiosus
1575 715 1742 784 ordo,
1771 729 1878 772 non

275 816 480 871 otiosa:
509 815 754 886 reliquiae
777 812 1242 869 manducantium.
1275 809 1385 867 Cur
1403 811 1548 868 enim
1581 810 1794 880 plures,
1827 809 1878 864 id

275 918 397 978 est,
423 909 663 982 quinque
704 909 873 964 millia
901 909 1140 980 quinque
1182 907 1412 979 panibus
1435 947 1450 974 ,
1482 906 1587 962 hoc
1630 912 1750 971 est,
1779 921 1881 960 nu-

273 1019 438 1060 mero
471 1004 668 1060 minori
701 1005 978 1060 satiantur
1019 1023 1032 1060 :
1064 1003 1352 1074 pauciores
1393 1015 1561 1069 vero,
1613 1000 1704 1071 qui
1753 1006 1880 1054 sunt

168 1107 174 1115 '
272 1107 516 1168 quatuor
555 1095 723 1152 millia
773 1104 984 1168 septem
1032 1095 1298 1166 panibus,
1333 1094 1436 1150 hoc
1483 1101 1599 1160 est,
1649 1106 1877 1148 numero

270 1190 492 1260 majore
522 1188 864 1260 pascuntur?
894 1187 952 1244 Si
995 1188 1140 1244 enim
1171 1188 1298 1245 facti
1331 1193 1540 1242 tantum
1583 1199 1878 1257 sequamur

269 1283 609 1340 miraculum
637 1325 652 1348 ,
685 1282 902 1338 videtur
931 1296 1058 1338 esse
1094 1279 1330 1336 divinius
1356 1278 1500 1350 quod
1545 1278 1615 1335 de
1660 1279 1876 1334 minore

270 1377 446 1434 modo
471 1376 724 1450 pluribus
758 1376 1073 1433 abundavit.
1102 1372 1214 1430 Cur
1250 1389 1381 1445 ergo
1407 1373 1551 1445 quod
1583 1373 1762 1429 minus
1791 1379 1876 1428 est

269 1474 327 1531 ei
355 1473 506 1545 quod
526 1481 614 1530 est
637 1472 893 1544 amplius,
925 1470 1076 1542 quasi
1103 1476 1416 1540 prazstaret,
1459 1466 1731 1537 adjectum
1752 1464 1874 1520 est?

276 1577 304 1606 ει
328 1567 497 1624 Prius
523 1567 669 1624 enim
708 1566 946 1636 quinque
969 1564 1136 1619 millia
1154 1563 1394 1634 quinque
1413 1561 1638 1631 panibus
1656 1559 1868 1630 (Matth.

272 1676 394 1728 XIV,
429 1660 553 1733 i9):
585 1671 775 1732 postea
802 1673 931 1715 vero
957 1667 1190 1728 quatuor
1212 1657 1379 1712 millia
1407 1663 1615 1727 septem
1641 1655 1871 1726 panibus

273 1756 510 1827 legimus
546 1755 738 1811 satiata
769 1752 992 1826 (Matth.
1024 1768 1097 1808 xv
1124 1791 1139 1820 ,
1193 1750 1323 1823 56).
1375 1749 1695 1819 Quaeramus
1741 1762 1871 1822 ergo

271 1847 622 1919 mysterium,
647 1845 790 1918 quod
821 1846 1085 1901 miraculo
1112 1850 1352 1916 praestet.

1982 631 2203 679 sanctus
2225 620 2531 690 Mattheus,
2565 636 2672 678 non
2703 619 3213 694 docueratjsanctus
3231 621 3408 682 Lucas
3440 625 3579 699 (sin-

1980 716 2122 789 gulis
2162 717 2308 774 enim
2364 715 2576 773 diversa
2622 717 2895 787 impartita
2937 726 3021 774 est
3073 717 3323 790 gratia);
3355 719 3571 787 docuit,

1979 812 2199 882 inquam
2227 853 2241 876 ,
2284 827 2371 867 me
2416 813 2658 883 quinque
2689 813 2824 868 istos
2855 828 3021 885 panes
3049 814 3384 873 hordeaceos
3415 816 3579 875 fuisse

1979 905 2163 980 (Joan.
2194 921 2285 971 v1,
2317 903 2406 978 9);
2447 890 2516 962 oet
2547 906 2671 963 ideo
2719 922 2828 963 non
2877 907 3059 979 inepte
3107 909 3347 966 diximus
3394 925 3576 969 escam

1978 1000 2136 1056 istam
2179 1013 2301 1055 esse
2345 999 2580 1056 habilem
2612 997 2638 1036 ἀ
2666 1001 3060 1074 corporalibus.
3088 1001 3199 1059 Cur
3226 1005 3370 1060 enim
3398 1004 3578 1076 primo

1975 1093 2348 1150 bordeaceos?
2375 1094 2510 1164 Quia
2536 1095 2712 1164 primo
2737 1105 2760 1134 θ
2791 1097 2959 1164 lacte,
2993 1098 3192 1154 deinde
3214 1114 3339 1156 esca
3367 1110 3450 1157 est
3472 1117 3575 1157 nu-

1977 1185 2229 1242 trieudus
2241 1187 2333 1258 qui
2357 1187 2570 1244 accedit
2591 1187 2658 1243 ad
2683 1188 2845 1245 fidem
2872 1206 2888 1255 ;
2917 1190 3158 1246 nondum
3187 1192 3334 1248 enim
3358 1203 3575 1264 potera-

1977 1297 2118 1350 mus,
2143 1292 2199 1337 et
2225 1280 2458 1338 fortasse
2485 1282 2733 1354 plerique
2762 1298 2863 1339 nec
2890 1283 3069 1340 adhuc
3100 1299 3410 1355 possumus.
3436 1286 3570 1343 Nam

1975 1389 2098 1431 cum
2145 1374 2254 1431 sint
2309 1375 2453 1432 inter
2483 1391 2584 1431 nos
2627 1378 3040 1444 contentiones,
3083 1387 3140 1433 et
3175 1378 3569 1448 dissensiones,

1973 1475 2159 1524 nonne
2187 1468 2437 1524 carnales
2467 1483 2658 1524 sumus
2682 1511 2696 1536 ,
2729 1478 2784 1526 et
2815 1471 3118 1527 secundum
3147 1470 3422 1548 hominem
3460 1491 3576 1531 am-

1975 1559 2268 1617 bulamus?
2297 1560 2420 1618 Suis
2446 1577 2677 1633 quaeque
2709 1572 2889 1634 aptata
2916 1571 3042 1618 sunt
3067 1565 3324 1621 alimenta
3358 1567 3574 1622 virtuti-

1975 1653 2106 1722 bus;
2138 1664 2188 1710 et
2214 1653 2342 1711 inde
2363 1655 2517 1727 prius
2541 1656 2826 1724 hordeum,
2852 1655 3050 1712 deinde
3067 1658 3304 1714 triticum
3330 1658 3486 1714 nobis
3503 1659 3570 1715 ad

1973 1748 2286 1804 alimoniam
2304 1749 2462 1804 datur
2478 1749 2579 1822 (lll
2604 1750 2729 1824 Reg.
2761 1767 2891 1821 xvn,
2914 1753 3004 1823 15)
3023 1769 3036 1806 :
3052 1751 3266 1828 fortiori
3289 1768 3418 1809 vero
3432 1753 3572 1810 sicut

1973 1839 2110 1896 Elite
2126 1883 2140 1907 ,
2164 1841 2232 1896 dc
2260 1841 2613 1900 interioribus
2631 1845 2889 1901 frumenti
2916 1843 2936 1884 ί
2963 1846 3121 1918 panis
3144 1845 3450 1904 farinaceus
3471 1847 3570 1902 mi-

341 1939 433 1995 80.
475 1939 663 2010 Itaque
688 1938 942 1994 videntur
967 1939 1056 1996 illa
1078 1938 1317 2010 quinque
1342 1937 1510 1994 millia
1538 1937 1691 2008 quasi
1715 1937 1872 2009 quin-
1899 1929 1948 1990 B
1977 1935 2259 2002 nistratur,
2291 1943 2318 1983 8
2345 1951 2507 2007 quem
2539 1953 2648 1993 non
2677 1949 2882 2010 queunt
2903 1938 3202 2010 depascere
3228 1948 3564 2010 peccatores.

265 2050 378 2106 que
407 2036 654 2106 corporis
680 2049 874 2092 sensus
903 2033 1082 2090 adhuc
1099 2032 1476 2104 corporalibus
1504 2033 1748 2103 proxima
1775 2032 1874 2086 ali-

266 2137 454 2183 menta
486 2128 767 2199 accepisse
811 2126 882 2183 de
932 2125 1154 2185 Christo
1194 2142 1209 2180 :
1245 2135 1482 2197 quatuor
1527 2139 1660 2180 vero
1677 2124 1867 2192 millia,

267 2221 378 2279 etsi
405 2221 584 2279 adhuc
615 2223 668 2278 iu
701 2237 934 2292 corpore
957 2222 1066 2279 sint
1086 2263 1099 2287 ,
1135 2231 1189 2277 et
1215 2220 1272 2276 in
1307 2221 1412 2277 hoc
1450 2219 1654 2276 mundo
1679 2219 1770 2292 qui
1800 2235 1867 2276 ex

267 2326 508 2390 quatuor
536 2325 752 2374 constat
777 2318 1098 2383 elementis,
1149 2333 1258 2373 non
1289 2317 1467 2373 otiose
1515 2325 1697 2373 tamen
1731 2316 1873 2372 refe-

265 2419 468 2468 runtur
495 2412 738 2484 mystica:
777 2426 958 2468 escam
998 2411 1276 2480 accepisse
1303 2411 1541 2481 quietis;
1583 2411 1693 2479 jam
1724 2411 1868 2466 enim

266 2515 554 2575 mquantur
600 2504 804 2562 mundo
827 2546 841 2572 ,
871 2519 1034 2575 supra
1067 2504 1325 2561 mundum
1366 2504 1556 2560 futuri.
1599 2503 1732 2560 Nam
1764 2504 1869 2560 etsi

267 2597 328 2654 in
357 2597 461 2653 hoc
488 2597 692 2654 mundo
722 2606 886 2665 sunt,
921 2598 1060 2653 intra
1089 2597 1350 2654 mundum
1379 2607 1560 2654 tamen
1585 2612 1691 2653 non
1721 2607 1867 2662 sunt,

269 2690 472 2762 quibus
513 2691 760 2762 mysticae
791 2691 990 2760 quietis
1021 2692 1332 2759 impartitur
1381 2689 1730 2755 alimentum;
1774 2706 1870 2746 sex

271 2784 424 2840 enim
449 2784 643 2839 diebus
673 2783 907 2840 mundus
942 2792 1026 2839 est
1069 2783 1270 2850 factus,
1304 2783 1537 2853 septimo
1566 2783 1869 2852 requietum

272 2886 362 2933 est
383 2876 492 2945 die,
525 2887 580 2933 et
608 2876 874 2933 Dominus
896 2876 1413 2933 sanctificavitcum.
1439 2875 1584 2932 Ultra
1613 2876 1870 2932 muudum

271 2985 408 3042 ergo
433 2970 590 3041 quies
616 3012 631 3036 ,
656 2969 682 3009 ι)
725 2970 865 3025 ultra
908 2969 1166 3025 mundum
1215 2970 1379 3025 etiam
1413 2968 1622 3025 fructus
1651 2969 1870 3041 quietis.

275 3061 530 3130 Denique
558 3061 708 3118 Beati
736 3062 980 3134 paciﬁci;
1007 3063 1108 3135 ipsi
1138 3064 1274 3117 enim
1304 3063 1402 3132 ﬁlii
1428 3060 1528 3117 Dei
1556 3063 1874 3118 vocabuntur

275 3153 497 3228 (Matth.
543 3171 573 3210 ν
595 3197 610 3221 ,
637 3154 717 3229 9).
751 3155 884 3210 Nam
915 3170 1038 3211 cum
1075 3156 1216 3211 Deus
1255 3170 1421 3226 supra
1453 3156 1718 3212 mundum
1762 3156 1869 3222 sit,

273 3263 442 3306 nemo
470 3249 655 3319 utique
681 3256 860 3319 potest
884 3249 1050 3304 Deum
1077 3248 1284 3315 videre,
1310 3249 1415 3305 nisi
1445 3250 1701 3306 mundum
1723 3250 1871 3320 prius

2045 2027 2136 2085 82.
2177 2027 2290 2085 Nec
2315 2030 2492 2086 solum
2525 2031 2679 2101 panis
2706 2039 2762 2088 et
2789 2033 3003 2090 numeri
3030 2075 3046 2101 ,
3077 2033 3173 2091 sed
3202 2035 3368 2091 etiam
3411 2050 3571 2092 accu-

1974 2120 2199 2178 bitionis
2238 2131 2325 2180 est
2368 2123 2680 2181 differentia
2712 2145 2726 2182 :
2760 2126 2838 2182 illi
2867 2127 3014 2183 enim
3037 2142 3202 2198 supra
3245 2127 3430 2185 fenum
3459 2128 3574 2186 dis-

1974 2216 2273 2284 cumbunt,
2306 2218 2395 2275 isti
2427 2235 2588 2291 supra
2641 2229 2844 2278 terram
2883 2223 3208 2280 recumbunt
3250 2242 3264 2278 :
3297 2239 3460 2296 supra
3488 2224 3570 2282 fe-

1975 2328 2102 2368 num
2134 2315 2374 2386 quinque
2401 2315 2572 2371 millia
2597 2357 2613 2385 ,
2647 2332 2809 2388 supra
2855 2328 3054 2374 terram
3100 2328 3334 2389 quatuor
3375 2321 3566 2377 millia.

1974 2405 2102 2462 Plus
2127 2417 2212 2463 est
2241 2418 2441 2465 terram
2467 2425 2736 2481 premere.
2770 2427 2930 2490 quam
2957 2427 3118 2484 supra
3146 2411 3329 2468 fenum
3353 2414 3567 2485 jacere;

1973 2499 2055 2555 illi
2089 2503 2232 2557 enim
2265 2503 2461 2574 quibus
2482 2504 2663 2562 adhuc
2692 2521 2888 2563 sensus
2918 2518 3046 2564 sunt
3074 2509 3411 2580 corporales.
3437 2510 3573 2566 mol-

1975 2593 2206 2652 lioribus
2237 2596 2615 2666 delectantur,
2655 2608 2709 2655 et
2754 2599 2878 2654 ideo
2908 2616 3072 2671 supra
3125 2602 3306 2657 fenum
3353 2617 3569 2658 recum-

1971 2685 2108 2742 bunt
2138 2705 2151 2742 :
2186 2686 2370 2744 Omnis
2416 2692 2562 2746 enim
2611 2707 2731 2746 caro
2776 2695 2955 2763 fenum
3005 2691 3178 2764 (Esai.
3205 2710 3273 2749 si.
3299 2736 3313 2760 ,
3344 2693 3400 2764 6)
3437 2715 3451 2751 :
3483 2694 3572 2751 isti

1973 2797 2107 2838 vero
2137 2797 2302 2854 supra
2339 2794 2562 2851 terram,
2593 2803 2714 2858 qua:
2747 2788 2986 2844 triticum
3021 2800 3077 2844 et
3105 2789 3289 2844 viuum
3325 2788 3496 2862 gignit
3517 2797 3573 2846 et

1973 2877 2196 2944 olivam,
2221 2878 2402 2934 cibum
2426 2882 2613 2951 gratiae
2633 2892 3064 2953 consequuntur.
3089 2881 3172 2938 Illi
3199 2883 3572 2952 discumbunt,

1974 2970 2064 3028 isti
2087 2972 2443 3040 recumbunt;
2473 2975 2648 3045 major
2675 2975 2824 3031 enim
2853 2986 2938 3032 est
2961 2978 3209 3048 quaedam
3240 2978 3456 3050 requies
3486 2993 3575 3036 re-

1972 3067 2303 3125 cumbentis.
2349 3067 2426 3125 Ibi
2457 3069 2565 3125 duo
2595 3071 2773 3141 pisces
2795 3113 2810 3137 ,
2845 3071 2934 3128 hic
2972 3073 3091 3129 sine
3121 3088 3386 3138 numero;
3429 3073 3574 3131 unde

1974 3158 2218 3232 plerique
2244 3163 2580 3232 septil‘orntis
2612 3163 2852 3236 Spiritus
2878 3167 3108 3237 gratiam
3134 3167 3186 3222 in
3216 3167 3449 3239 panibus
3478 3167 3576 3225 de-

1973 3254 2180 3312 finitam
2204 3299 2218 3323 ,
2254 3258 2308 3313 in
2355 3259 2597 3329 piscibus
2627 3275 2843 3332 quoque
2869 3260 3103 3331 duplicis
3134 3262 3470 3320 'l'cstamenti
3503 3263 3571 3319 li-

272 3340 514 3414 spiritali
556 3341 906 3398 transcendat
950 3341 1166 3398 obtutu.
1200 3342 1445 3414 Septima
1477 3342 1661 3413 itaque
1704 3343 1873 3400 bene-
1897 3323 1943 3388 (ἶ
1975 3365 2166 3422 guram
2198 3323 2610 3424 intelligendam
2645 3323 2995 3424 putaverunt.

270 3435 447 3491 dictio
477 3443 794 3504 pacatorum
829 3452 844 3491 :
879 3446 1087 3506 septem
1120 3437 1285 3492 etiam
1312 3436 1420 3492 illis
1447 3444 1680 3508 quatuor
1709 3436 1866 3492 milli-

269 3528 380 3586 bus
401 3529 824 3601 iragmentorutn
849 3539 1049 3601 sporta:
1071 3541 1365 3602 supersunt
1389 3529 1604 3605 (Matth.
1633 3547 1722 3597 xv,
1751 3529 1869 3603 57).

268 3623 396 3682 Non
423 3623 713 3681 mediocris
741 3623 832 3681 hic
855 3627 1008 3695 panis
1028 3633 1114 3681 est
1132 3625 1504 3692 sabbatorum,
1532 3625 1685 3696 panis
1714 3640 1870 3681 sane.

272 3719 512 3776 tilicatus
532 3761 547 3787 ,
578 3718 735 3791 panis
762 3718 982 3788 quietis.
1016 3720 1081 3774 Et
1104 3719 1332 3775 fortasse
1359 3721 1406 3776 si
1447 3719 1680 3791 primum
1712 3720 1873 3794 quin-p

271 3827 383 3885 que
435 3826 600 3880 panes
653 3812 984 3869 sensibiliter
1041 3811 1494 3877 manducaveris,
1547 3812 1761 3868 audebo
1815 3821 1873 3868 et

279 3905 493 3980 1M3
518 3906 718 3974 dicam,
755 3916 878 3977 post
905 3908 1144 3977 quinque
1172 3921 1340 3976 panes
1375 3915 1429 3961 et
1463 3913 1674 3974 septem
1709 3906 1871 3961 tertio

266 4001 384 4072 jam
415 4002 468 4056 in
491 4008 632 4057 terra
661 4016 768 4056 non
796 3999 1152 4056 manducabis
1182 4013 1375 4070 panem
1407 4018 1420 4055 :
1447 3999 1542 4054 sed
1573 4013 1736 4069 supra
1761 4007 1874 4053 ter-

273 4109 392 4150 ram
425 4093 778 4149 mauducabis
806 4105 932 4148 octo
962 4107 1130 4159 panes
1151 4133 1164 4156 ,
1211 4092 1353 4148 sicut
1381 4092 1475 4162 qui
1515 4099 1642 4146 sunt
1678 4090 1732 4144 in
1763 4104 1875 4146 cte-

276 4187 524 4244 lestibus.
562 4187 716 4245 Sicut
743 4186 890 4242 enim
916 4196 1128 4257 septem
1169 4201 1339 4256 panes
1361 4227 1374 4251 ,
1425 4199 1594 4255 panes
1621 4183 1824 4255 quietis
1855 4200 1869 4238 :

275 4281 350 4337 ita
381 4289 505 4336 octo
548 4294 738 4350 panes.
769 4294 936 4349 panes
981 4287 1107 4334 sunt
1135 4276 1581 4335 resurrectionis.
1617 4277 1761 4348 Ergo
1785 4275 1873 4332 isti

278 4373 371 4446 qui
401 4381 610 4441 septem
638 4372 860 4427 aluntur
904 4371 1132 4442 panibus
1165 4369 1365 4444 (lbid.,
1393 4369 1484 4440 52)
1534 4370 1711 4426 triduo
1752 4385 1873 4438 per-

278 4467 536 4524 stiterunt
556 4507 570 4532 ,
593 4473 650 4521 et
680 4463 910 4520 fortasse
930 4464 1194 4536 integram
1227 4463 1648 4521 resurrectionis
1678 4462 1872 4520 futura:

278 4560 442 4618 ﬁdem
475 4569 530 4616 et
553 4560 918 4616 constantiam
941 4559 1250 4615 consecuti.
1286 4558 1530 4630 Denique
1557 4567 1870 4616 sanctorum

276 4667 379 4708 vos
410 4662 494 4708 est
531 4669 543 4706 :
575 4652 766 4708 Tribus
812 4651 992 4707 diebus
1018 4651 1421 4718 ambulabimus,
1453 4661 1474 4688 ο
1517 4661 1572 4705 ut
1599 4653 1872 4720 epulemttr

2046 3443 2138 3500 85.
2179 3443 2296 3499 Non
2329 3445 2477 3516 piget
2505 3460 2638 3518 ergo
2663 3449 2936 3504 aastimare
2967 3449 3108 3520 quod
3140 3457 3374 3521 quatuor
3404 3449 3572 3507 millia

1972 3552 2040 3594 ex
2066 3545 2302 3609 quatuor
2330 3539 2518 3595 mundi
2547 3541 2780 3598 collecta
2829 3543 3073 3613 partibus
3097 3584 3111 3609 ,
3148 3544 3199 3598 in
3248 3545 3446 3615 quibus
3471 3543 3574 3600 Ec-

1971 3633 2138 3689 clesia
2164 3632 2450 3704 figuratur,
2485 3634 2706 3706 majoris
2735 3636 2925 3706 gratim
2944 3635 3125 3690 cibum
3156 3647 3392 3702 sumant,
3416 3636 3572 3707 juxta

1973 3725 2119 3798 quod
2150 3727 2413 3798 scriptum
2447 3737 2530 3782 est
2565 3745 2578 3781 :
2615 3728 2750 3795 Quia
2783 3729 2980 3783 venient
3009 3731 3072 3782 ab
3101 3727 3312 3784 Oriente
3338 3740 3385 3784 et
3421 3729 3574 3784 Occi-

1974 3819 2126 3875 dente
2150 3829 2199 3875 et
2245 3819 2612 3892 Septentrione
2659 3832 2724 3892 et
2753 3821 2978 3888 Austro,
3023 3831 3069 3875 et
3118 3821 3413 3877 recumbent
3457 3839 3574 3877 cum

1976 3913 2236 3966 Abraham
2263 3923 2313 3966 et
2343 3912 2496 3968 Isaac
2525 3923 2570 3968 et
2600 3913 2768 3967 Iacob
2796 3914 2850 3966 in
2876 3929 3036 3985 regno
3064 3914 3309 3968 caelorum
3341 3915 3359 3986 (
3383 3912 3572 3968 Matth.

1974 4020 2102 4070 vni,
2149 4005 2263 4075 11).
2307 4005 2464 4062 Unde
2510 4007 2599 4062 hic
2618 4008 2805 4078 gratia:
2828 4007 2974 4062 Patri
3003 4015 3238 4078 aguntur
3267 4024 3297 4062 a
3319 4006 3572 4076 Christo;

1975 4120 2085 4159 non
2115 4103 2262 4159 enim
2294 4103 2494 4160 frustra
2527 4103 2642 4159 illic
2671 4103 2981 4160 benedictio
3009 4111 3217 4158 tantum
3243 4145 3259 4170 ,
3293 4102 3382 4159 hic
3406 4103 3571 4160 etiam

1972 4195 2273 4267 gratiarum
2306 4205 2392 4251 est
2438 4194 2602 4250 actio.
2640 4195 2743 4250 Pro
2792 4195 3034 4252 Ecclesia
3077 4200 3279 4268 quippe
3319 4211 3417 4252 sua
3464 4197 3572 4253 Do-

1978 4291 2157 4347 minus
2189 4291 2335 4346 Patri
2368 4292 2571 4362 gratias
2599 4307 2762 4363 agere
2805 4292 3124 4357 causucvit;
3153 4293 3281 4361 quia
3302 4307 3423 4363 qua!
3447 4291 3573 4348 abs-

1975 4384 2162 4440 condit
2197 4385 2558 4456 sapientibus.
2599 4402 2664 4442 ea
2689 4386 2929 4457 parvulis
2955 4386 3236 4442 revelavit.
3261 4386 3577 4443 Benedictio

1977 4478 2140 4550 igitur
2183 4494 2348 4551 super
2391 4496 2490 4536 nos
2512 4523 2526 4547 ,
2560 4482 2654 4553 qui
2683 4481 2973 4536 inferiores
3008 4496 3196 4536 sumus
3229 4499 3242 4535 :
3273 4481 3570 4552 gratiarum

1975 4574 2118 4628 actio
2147 4589 2314 4645 super
2339 4590 2437 4631 eos
2465 4575 2561 4646 qui
2596 4574 2667 4632 de
2694 4575 3100 4631 inﬁrmitatibus
3127 4591 3417 4641 corporum
3448 4590 3577 4633 stto-

1977 4683 2098 4723 rum
2129 4669 2359 4724 sacratis
2389 4670 2735 4738 passionibus
2762 4669 3187 4741 triumpharunt.
3219 4671 3339 4728 Jam
3365 4671 3496 4728 illud
3519 4673 3571 4729 in

276 4745 508 4804 Domino
537 4746 645 4802 Deo
671 4757 847 4802 nostra
875 4745 1073 4820 (Exod.
1103 4763 1158 4813 ν,
1191 4747 1271 4816 5)ο
1298 4743 1404 4803 Sed
1430 4746 1522 4803 ma
1547 4761 1646 4802 δυο
1674 4747 1817 4804 Ιοοοο
1897 4732 1952 4794 Ῑ)
1978 4761 2358 4830 superioribus
2391 4732 2804 4832 'praalibavintus
2827 4804 2840 4827 ,
2875 4732 2998 4834 quia
3041 4779 3164 4818 cum
3210 4765 3572 4839 quinquageni

273 4841 439 4935 {"81.
483 4841 560 4898 De
603 4842 842 4913 quinque
883 4856 1015 4910 ergo
1074 4841 1307 4914 panibus
1355 4850 1578 4898 sanctus
1633 4842 1873 4901 Joannes

277 4976 406 5018 suos
432 4959 598 5016 etiam
619 4973 900 5015 sermones
927 4974 1024 5031 per
1048 4959 1284 5032 Spiritus
1315 4962 1490 5018 sancti
1517 4963 1745 5034 gratiam
1773 4979 1869 5036 pa-

276 5049 374 5092 nes
396 5047 543 5089 esse.

350 5115 375 5143 ιι
416 5105 506 5161 Sic
533 5118 724 5158 omnes
753 5102 884 5158 edit.
907 5118 1031 5158 cum
1063 5118 1194 5176 nisis.
1220 5105 1446 5176 aliquOt.
1479 5105 1580 5160 Alii
1611 5121 1740 5161 vero
1773 5123 1869 5164 ne-

277 5193 381 5243 que
411 5191 660 5241 numero,
687 5190 863 5246 neque
890 5175 1359 5246 aitateinleriores
1391 5177 1577 5232 multis
1610 5181 1870 5236 resecatis

279 5249 456 5305 locum
492 5250 560 5303 ita
600 5245 931 5302 contrahunt
979 5263 993 5299 :
1045 5245 1203 5303 Prius
1252 5250 1387 5302 enim
1439 5253 1663 5319 quinque
1703 5251 1868 5306 millia

277 5323 424 5392 quasi
452 5326 676 5390 quinque
701 5319 932 5393 corporis
959 5320 1334 5393 sensusadhuc
1355 5321 1713 5392 corporalibus
1742 5339 1866 5393 pro-

276 5390 420 5448 :bima
449 5393 716 5458 alimenta,
747 5401 850 5446 etc.
881 5390 1036 5460 Quod
1067 5391 1285 5461 quidem
1317 5390 1540 5448 minime
1572 5390 1866 5448 absurdum

278 5479 496 5521 sensum
545 5463 773 5531 efﬁciet,
820 5463 864 5518 si
907 5463 1176 5536 yerbum,
1237 5464 1568 5536 referuntur,
1617 5465 1869 5536 sequenti

281 5538 526 5595 membro
554 5550 872 5607 expressum
905 5533 995 5590 hic
1025 5533 1419 5605 subintelligas.

354 5609 382 5648 δ
424 5609 550 5664 Mss.
581 5609 817 5677 aliquam
849 5607 1036 5669 multi,
1066 5620 1166 5661 nec
1197 5607 1464 5677 sequioris
1490 5609 1699 5675 aetatis,
1730 5611 1871 5664 intra

279 5683 528 5738 mundum
556 5680 730 5740 etiam,
755 5690 863 5734 etc.
893 5679 1064 5732 Porro
1085 5677 1262 5732 obiter
1293 5683 1618 5736 monendum
1646 5682 1870 5737 eosdem

281 5757 404 5810 cod.
435 5768 500 5807 ex
537 5750 790 5824 quopiam
831 5749 1130 5824 exemplari
1157 5749 1462 5822 descriptos
1488 5768 1647 5822 esse,
1680 5753 1733 5807 in
1763 5768 1872 5824 quo

281 5838 403 5898 post
439 5825 645 5890 verba,
695 5823 979 5898 benedictio
1033 5832 1368 5898 pacatorum,
1423 5824 1608 5880 folium
1659 5823 1872 5881 videtur

284 5895 449 5954 fuisse
481 5896 904 5970 transpositam;
940 5895 1083 5970 unde
1125 5895 1194 5954 ad
1242 5895 1371 5955 illos
1415 5911 1634 5970 quoque
1679 5898 1870 5958 eadem

282 5965 637 6042 transpositio
663 5966 1018 6038 promanarit.

1980 4851 2327 4910 discumbere
2365 4854 2690 4926 juberentur
2715 4899 2730 4924 ,
2781 4855 2906 4911 licet
2936 4865 3154 4912 sacrato
3182 4871 3410 4914 numero
3437 4857 3573 4923 deli-

2055 4980 2079 5010 ε
2120 4970 2245 5027 Mss.
2279 4974 2563 5041 nonnulli,
2597 4983 2653 5030 ut
2678 4976 2944 5048 epulamur
2973 4974 3216 5041 Domino,
3251 4985 3358 5032 etc.

2048 5063 2076 5103 ἀ
2107 5065 2235 5146 Gill.
2262 5069 2314 5123 in
2335 5085 2502 5139 marg.
2531 5069 2834 5146 corporibus
2855 5071 2934 5125 vel
2955 5071 3241 5146 pecoribus.
3271 5071 3388 5126 Duo
3409 5071 3575 5146 etiam

1975 5153 2110 5195 mss.
2143 5143 2350 5213 legunt,
2382 5141 2672 5213 pecoribus.
2711 5141 2902 5197 Melius
2925 5141 3103 5198 tamen
3132 5143 3222 5199 alii
3247 5152 3411 5210 atque
3440 5143 3573 5199 edit.

1975 5212 2332 5286 corporalibus
2353 5212 2633 5286 ;'refertur
2654 5215 2801 5268 enim
2829 5213 2896 5269 ad
2935 5215 3214 5286 superiora
3242 5213 3353 5286 illa,
3386 5229 3576 5286 corpo-

1975 5283 2171 5358 ralibus
2214 5286 2456 5358 proxima
2495 5285 2742 5342 alimenta
2765 5302 2784 5340 :
2806 5301 2926 5358 quae
2956 5283 3038 5343 sic
3068 5285 3122 5340 iu
3157 5285 3408 5343 omnibus
3439 5283 3572 5342 mss.

1976 5363 2032 5410 et
2063 5355 2194 5410 edit.
2219 5356 2564 5411 exhibentur.

2050 5456 2073 5484 ο
2113 5446 2369 5516 Plerique
2393 5463 2550 5516 mss.,
2581 5450 2715 5505 lacte
2747 5449 2878 5517 Dei,
2911 5450 3096 5506 deinde
3115 5466 3251 5517 esca,
3280 5459 3390 5506 etc.

2049 5535 2071 5576 ¹
2113 5539 2340 5609 Quidam
2365 5555 2520 5608 mss.,
2557 5544 2708 5613 panis
2734 5544 3104 5600 subcinericius
3133 5543 3494 5599 ministratur.

2050 5641 2074 5679 8
2119 5632 2259 5709 Edit.
2294 5650 2416 5709 cum
2450 5652 2583 5692 mss.
2616 5654 2724 5693 non
2758 5639 2948 5709 paucis
2971 5679 2984 5704 ,
3016 5655 3166 5709 quem
3193 5637 3388 5708 (Rom.
3414 5636 3572 5708 quia)

1973 5715 2140 5759 vatem
2188 5703 2437 5782 (quidam
2481 5723 2611 5764 mss.
2670 5703 2875 5782 autem)
2933 5703 3039 5782 non
3092 5703 3279 5782 queunt
3325 5703 3563 5782 cantanti;

1977 5793 2136 5852 nare,
2171 5781 2261 5852 sed
2298 5796 2508 5849 pascere
2553 5779 2871 5850 peccatores.
2909 5781 3015 5852 Sed
3048 5779 3170 5852 quis
3205 5795 3437 5852 sensus,
3469 5779 3574 5836 nisi

1977 5845 2193 5919 ineptus
2221 5845 2354 5924 hinc
2393 5845 2645 5908 eruatur?
2671 5853 2782 5909 Nos
2831 5867 2961 5908 vero
3007 5845 3185 5909 locum
3232 5867 3298 5909 ex
3337 5849 3577 5924 quinque

1978 5935 2114 5979 mss.
2147 5923 2476 5994 probatioris
2505 5935 2647 5985 notat
2673 5925 3034 5983 restituimus.
