4014 6482
504 373 641 433 1691

1862 372 1942 429 SA
1951 371 2105 431 NCT!
2143 364 2237 430 AM
2246 364 2471 430 BROSII

3666 364 3821 423 1692

507 491 649 555 nitu;
685 500 864 545 tamen
897 488 1117 546 videtur
1150 490 1237 544 hic
1281 488 1600 543 fundatioris
1643 488 1903 544 Ecclesiae
1932 504 2102 560 popu—
2125 484 2179 553 Α
2205 498 2424 561 quantis
2455 486 2712 560 operibus
2737 498 2875 555 opus
2899 494 3107 542 astruat
3136 504 3151 543 :
3178 486 3305 541 dum
3334 499 3530 557 aquam
3556 485 3823 540 minister

506 582 613 645 lus,
645 585 736 650 qui
766 585 884 639 sine
907 584 1116 639 numeri
1148 582 1469 638 definitione
1500 583 1790 637 recumbit.

586 675 800 751 ι,ωᾷ
828 676 918 733 84.
956 676 1239 750 Mysticum
1270 692 1486 747 quoque
1514 676 1765 746 estquod
1796 683 1852 731 et
1877 675 2104 731 mandu-

510 787 642 828 caus
675 772 902 840 populus
921 772 1170 837 satiatur,
1196 779 1251 824 et
1278 771 1589 826 ministrant
1612 770 1876 841 apostoli;
1903 784 2026 825 nam
2051 778 2106 825 ct

512 867 567 922 itt
605 864 888 929 satietate.
938 864 1171 931 repulsae
1220 864 1271 918 in
1310 872 1627 933 perpetuum
1662 864 1819 919 famis
1846 864 2102 919 indicium

511 958 858 1029 designatur;
890 958 1013 1028 quia
1058 973 1165 1011 non
1210 959 1413 1012 esuriet
1462 958 1553 1027 qui
1601 956 1875 1027 acceperit
1923 958 2104 1012 cibum

516 1051 717 1107 Christi
749 1068 762 1105 :
792 1059 846 1105 et
875 1051 926 1104 in
958 1050 1337 1121 apostolorum
1363 1051 1676 1105 ministerio
1713 1050 1887 1104 futura
1911 1049 2107 1104 divisio

516 1145 782 1201 Dominici
837 1145 1088 1214 corporis
1140 1145 1527 1215 sanguinisque
1578 1144 1944 1213 praemittitur.
1987 1142 2106 1198 Jam

516 1241 649 1297 illud
675 1242 944 1308 divinum,
976 1239 1431 1310 quemadmodum
1475 1240 1713 1309 quinque
1757 1253 1922 1308 panes
1952 1240 2111 1308 quin-

513 1352 620 1408 que
651 1334 889 1391 millibus
926 1334 1114 1402 p0puli
1145 1332 1619 1398 redundaverunt;
1662 1348 1769 1386 non
1802 1334 1945 1387 enim
1992 1332 2109 1387 exi-

515 1443 643 1498 guo,
689 1427 785 1483 sed
813 1426 1174 1497 multiplicato
1213 1426 1338 1481 cibo
1370 1425 1625 1496 populum
1670 1424 1844 1496 liquet
1872 1438 1993 1480 esse
2024 1439 2110 1480 sa-

520 1522 737 1576 tiatutn.

592 1618 682 1673 85.
726 1614 952 1672 Videres
1016 1612 1559 1684 incomprehensibili
1613 1612 1847 1682 quodam
1935 1612 2109 1681 rigatu

521 1710 665 1765 inter
693 1708 1046 1764 dividentium
1073 1722 1288 1775 manus,
1325 1721 1460 1778 quas
1488 1720 1593 1760 non
1625 1705 1937 1777 fregerant,
1964 1705 2114 1760 fruc-

521 1803 730 1858 tificare
781 1802 1111 1873 particulas,
1163 1811 1217 1856 et
1267 1803 1465 1855 intacta
1518 1801 1883 1871 frangentium
1931 1800 2112 1870 digitis

2208 582 2469 649 infundit,
2518 578 2655 637 odor
2702 581 3007 636 transfusus
3053 579 3323 647 inebriat,
3368 580 3523 635 color
3565 586 3821 634 mutatus

2206 677 2497 745 informat,
2531 676 2691 732 fidem
2715 691 2933 747 quoque
2963 690 3124 748 sapor
3152 675 3378 730 haustus
3400 674 3738 729 accumulat.

2278 770 2368 825 88.
2411 769 2703 825 Conferant
2729 770 2979 840 gentiles,
3009 772 3051 823 si
3084 769 3291 837 placet,
3325 782 3446 822 cum
3477 767 3684 821 Christi
3714 768 3815 823 be-

2208 860 2416 917 neﬁciis
2443 862 2670 918 deorum
2692 876 2918 918 suorum
2947 876 3051 915 non
3084 860 3248 926 facta,
3282 860 3380 916 sed
3415 862 3559 915 ficta.
3598 858 3821 933 ιω

2207 955 2413 1012 Ferunt
2434 966 2581 1012 certe
2610 970 2800 1012 eorutn
2840 956 3034 1011 fabula:
3061 955 3231 1009 fuisse
3253 963 3279 991 λ
3307 968 3487 1025 regem
3516 956 3822 1025 quemdam

2209 1052 2296 1122 qui
2328 1051 2587 1122 quidquid
2618 1051 2897 1123 tingebat,
2928 1064 3117 1105 aurum
3144 1049 3329 1104 ﬁebat.
3360 1048 3464 1105 Sed
3488 1051 3653 1104 etiam
3686 1064 3827 1105 cono

2209 1144 2349 1197 vivia
2389 1143 2503 1214 ipsa
2548 1144 2767 1209 feralia;
2798 1156 2921 1197 nam
2967 1153 3021 1198 et
3068 1143 3181 1213 ipsa
3233 1141 3474 1196 mantilist
3505 1142 3694 1213 digitis
3724 1157 3826 1213 ap-

2210 1236 2480 1306 prehensa
2513 1238 2803 1307 riguerunt
2832 1253 2845 1288 τ
2871 1245 2929 1291 et
2959 1235 3113 1291 cibus
3145 1235 3199 1290 in
3229 1246 3327 1290 ore
3351 1234 3661 1306 crepitabat
3687 1270 3703 1302 ,
3741 1236 3827 1290 fe-

2210 1346 2336 1386 rens
2364 1344 2470 1384 non
2503 1329 2780 1396 alimenta,
2813 1330 2909 1385 sed
2935 1329 3157 1383 vulnera
3189 1347 3202 1383 :
3231 1339 3285 1383 et
3314 1330 3366 1382 in
3398 1338 3618 1398 gutture
3655 1338 3824 1399 potus

2211 1424 2457 1480 haerebat
2481 1467 2495 1489 ,
2528 1440 2629 1480 nec
2674 1435 2961 1496 penetrare
3012 1422 3187 1479 facilis
3208 1465 3223 1489 ,
3256 1436 3359 1479 nec
3390 1424 3594 1479 redire.
3644 1424 3824 1495 Digna

2212 1517 2473 1574 beneficia
2504 1518 2666 1583 votis,
2694 1518 2853 1586 digna
2879 1525 3030 1572 tanto
3059 1531 3286 1572 munera
3313 1524 3621 1588 precatore,
3648 1516 3816 1586 digna

2212 1612 2510 1667 liberalitas
2525 1610 2843 1667 conferente
2865 1612 2880 1665 i
2908 1610 3061 1665 Talia
3086 1619 3214 1664 sunt
3231 1609 3501 1664 idolorum
3524 1607 3818 1673 beneﬁcia,

2215 1713 2273 1758 ut
2305 1719 2427 1758 cum
2459 1704 2713 1759 videntur
2756 1702 3017 1773 prodesse
3038 1742 3054 1768 ,
3109 1703 3227 1773 plus
3279 1710 3516 1758 noceant
3546 1720 3559 1755 :
3592 1712 3650 1757 at
3681 1717 3815 1758 vero

2213 1796 2415 1853 Christi
2467 1814 2690 1855 munera
2738 1813 2901 1870 parva
2949 1797 3229 1861 videntur,
3274 1808 3328 1852 et
3380 1797 3616 1851 maxima
3666 1806 3820 1853 sunt.

522 1904 717 1969 sponte
758 1913 856 1952 sua
908 1896 1211 1967 fragmenta
1248 1895 1570 1967 subrepere.
1627 1894 1731 1963 Qui
1783 1894 1898 1950 haec
1945 1895 2107 1964 legit,
2141 1888 2189 1951 B
2220 1893 2462 1965 Denique
2512 1910 2617 1949 non
2649 1894 2739 1948 uni
2769 1894 2986 1959 collata,
3019 1891 3115 1948 sed
3148 1892 3389 1962 populis;
3430 1905 3551 1945 nam
3584 1898 3637 1946 et
3668 1889 3824 1946 cibus

521 1989 1147 2062 qnemadtnodumjuges
1176 2003 1436 2060 aquarum
1460 1989 1687 2043 miretur
1719 1996 1950 2054 meatus,
1972 1996 2027 2043 et
2046 1988 2115 2042 li-

521 2084 703 2153 quidis
738 2083 981 2138 fontibus
1009 2090 1230 2152 stupent
1259 2084 1551 2137 continuos
1582 2080 1751 2136 liuere
1781 2095 2071 2136 successus
2101 2096 2115 2133 :

523 2177 740 2249 quando
771 2178 935 2233 etiam
981 2176 1137 2247 panis
1168 2175 1409 2231 exundat
1439 2215 1453 2241 ,
1502 2183 1559 2228 et
1587 2184 1797 2229 natura;
1840 2173 2119 2230 solidioris

527 2271 730 2342 rigatus
759 2270 1064 2325 exuberat?
1095 2269 1223 2325 ilazc
1253 2270 1419 2340 igitur
1442 2268 1581 2323 facta
1614 2277 1771 2334 sunt,
1799 2267 1960 2321 utilia
1984 2281 2119 2336 quo—

526 2380 631 2434 que
672 2378 792 2434 quae
823 2379 930 2418 non
967 2361 1243 2418 cernimus
1266 2405 1280 2427 ,
1310 2378 1685 2417 cerneremus.
1716 2361 1809 2416 His
1834 2360 2119 2415 evidenter

527 2455 744 2511 illorum
773 2471 988 2528 quoque
1020 2454 1326 2525 designavit
1369 2464 1646 2510 auctorem
1672 2496 1688 2520 ,
1734 2464 1787 2509 et
1825 2454 1990 2508 totius
2030 2466 2120 2507 na-

526 2559 662 2604 tura:
684 2560 987 2606 creatorem
1010 2551 1308 2606 materialis
1332 2552 1589 2617 existere,
1615 2566 1735 2621 qua:
1763 2565 1869 2603 non
1891 2548 1974 2621 (ut
2002 2548 2122 2618 piti—

524 2643 735 2715 losophi
756 2643 965 2716 volunt)
989 2651 1228 2715 reperta,
1249 2643 1344 2699 sed
1371 2647 1531 2710 facta,
1558 2643 1844 2715 gignendis
1868 2644 2122 2700 omnibus

527 2738 691 2793 rebus
720 2753 1010 2795 successus
1032 2738 1240 2794 deﬂuos
1272 2739 1666 2794 subministrat.

601 2832 691 2888 86.
737 2833 850 2888 lloc
877 2833 1096 2905 quidem
1131 2834 1328 2889 mirum
1352 2873 1369 2901 ,
1394 2834 1653 2905 quidquid
1699 2833 1768 2890 de
1806 2833 2121 2891 fluminibus

530 2928 785 2995 haurias,
820 2930 975 2998 signo
1016 2928 1292 2999 dispendii
1335 2943 1444 2983 non
1493 2928 1671 2983 notari
1719 2947 1733 2983 :
1763 2927 2025 2998 quidquid
2056 2929 2123 2984 de

529 3023 768 3077 fontibus
795 3022 1044 3090 auferas,
1075 3026 1324 3079 usurario
1364 3023 1599 3094 quodam
1641 3023 1883 3092 reparari
1913 3032 2117 3079 meatu.

532 3114 637 3171 Sed
670 3126 726 3171 et
759 3117 1072 3173 [luminibus
1102 3118 1146 3172 si
1176 3117 1309 3172 nihil
1334 3116 1600 3173 decedere
1622 3159 1634 3181 ,
1671 3118 1802 3172 nihil
1830 3126 2011 3173 tamen
2044 3118 2125 3171 vi-

532 3206 725 3262 deatur
769 3209 1031 3264 accedere
1062 3226 1075 3261 :
1106 3219 1161 3264 et
1207 3208 1449 3264 fontibus
1499 3220 1555 3263 ut
1599 3211 1867 3265 cumulata
1920 3210 2121 3265 ﬂuenta

535 3308 837 3353 cernuntur
858 3342 871 3367 ,
905 3300 977 3353 ita
1005 3300 1129 3353 dum
1162 3300 1481 3356 minuuntur
1525 3300 1729 3357 ﬂuenta
1749 3345 1764 3370 ,
1798 3302 2125 3372 produntur.
2156 3289 2199 3351 C

536 3387 607 3443 At
628 3404 761 3444 vero
792 3388 881 3445 hic
914 3391 1070 3461 panis
1096 3407 1255 3461 quem
1302 3394 1499 3463 frangit
1530 3392 1713 3461 Jesus,
1742 3396 1973 3467 mystice
2003 3398 2129 3466 qui-

539 3482 660 3538 dem
693 3482 789 3539 Dei
820 3485 1043 3540 verbum
1076 3496 1179 3552 est,
1213 3496 1267 3541 et
1297 3502 1478 3542 sermo
1508 3487 1577 3543 de
1600 3488 1851 3557 Christo,
1879 3491 1970 3560 qui
2001 3491 2128 3546 dum

537 3574 819 3643 dividitur,
847 3586 1104 3648 augetur;
1136 3578 1205 3633 de
1234 3580 1420 3649 paucis
1448 3581 1591 3635 enim
1615 3584 1979 3657 sermonibus,
2013 3600 2131 3639 om-

541 3670 698 3726 nibus
731 3671 945 3740 populis
989 3672 1384 3727 redundantem
1421 3673 1735 3729 alimoniam
1780 3676 2127 3732 miniatravitt

542 3764 700 3818 Dedit
741 3778 1026 3821 sermones
1073 3767 1234 3822 nobis
1284 3767 1434 3823 velut
1468 3783 1669 3837 panes,
1721 3771 1813 3840 qui
1848 3770 1898 3823 iu
1947 3778 2132 3828 nostro

539 3858 666 3913 dtnn
698 3858 938 3914 libantur
978 3877 1109 3929 ore,
1154 3862 1522 3932 geminantur.
1565 3862 1873 3919 Visibiliter
1919 3876 2133 3936 quoque

538 3953 694 4022 panis
727 3953 829 4008 iste
860 3953 1165 4033 incredibili
1220 3954 1432 4011 ratione
1484 3955 1609 4010 dum
1661 3956 1959 4027 frangitur,
2003 3958 2130 4012 dum

538 4046 827 4112 dividitur,
856 4048 987 4104 dum
1017 4050 1229 4115 editur,
1277 4052 1396 4109 sine
1435 4052 1541 4108 ulla
1580 4052 1851 4125 distiendii
1885 4070 2134 4127 compre-

538 4138 805 4195 hensione
834 4142 1163 4198 cumulatur.

610 4235 699 4289 87.
736 4235 845 4291 Nec
885 4236 1101 4293 dubites
1148 4238 1228 4292 vel
1270 4238 1418 4308 quod
1449 4240 1503 4295 in
1535 4241 1784 4297 manibus
1820 4243 2137 4298 ministran-

540 4328 707 4395 tium,
749 4330 833 4384 vel
869 4330 920 4383 in
968 4344 1066 4385 ore
1093 4330 1370 4386 edentium
1403 4342 1653 4398 crescat;
1691 4334 1909 4405 quando
1940 4337 2137 4405 ubique

538 4421 711 4476 nostri
738 4422 921 4491 operis
952 4424 1322 4479 testimonium
1352 4425 1418 4478 ad
1456 4424 1856 4481 firmamentum
1899 4428 2137 4483 creduli-

541 4518 664 4569 tatis
690 4515 1029 4572 adsciscitur.
1062 4518 1154 4574 Sic
1180 4519 1232 4574 in
1261 4518 1462 4589 nuptiis
1492 4534 1557 4574 ex
1590 4520 1830 4576 fontibus
1858 4521 2001 4587 vina,
2037 4523 2138 4578 mi-

2220 1987 2497 2043 edentium
2530 1989 2581 2042 in
2607 2002 2703 2043 ore
2729 1987 3049 2055 crescebat,
3077 1996 3131 2043 et
3162 1986 3446 2041 videbatur
3473 1999 3599 2041 esse
3626 1999 3824 2056 corpo-

2220 2081 2352 2137 ralis
2379 2082 2671 2146 alimonim,
2703 2081 2800 2136 sed
2830 2080 3153 2137 sumebatur
3180 2078 3373 2135 salutis
3402 2087 3647 2134 aeternae.

2291 2178 2380 2232 89.
2408 2177 2515 2231 Cur
2563 2188 2743 2232 autem
2792 2177 3031 2247 quinque
3075 2176 3322 2230 millibus
3364 2174 3642 2228 hominum
3698 2173 3816 2243 plus

2222 2270 2526 2336 redundat,
2577 2278 2810 2341 quatuor
2851 2268 3096 2324 millibus
3150 2268 3368 2321 minus?
3415 2266 3553 2335 Quia
3596 2275 3825 2336 quatuor

2222 2365 2390 2420 millia
2439 2366 2539 2419 ista
2573 2365 2750 2418 triduo
2780 2378 2902 2418 cum
2930 2361 3151 2418 Christo
3180 2363 3428 2427 luerunt;
3457 2370 3511 2415 et
3541 2359 3666 2416 ideo
3703 2374 3819 2414 am-

2224 2462 2364 2532 plius
2394 2459 2633 2515 caelestis
2662 2456 2847 2529 pabuli
2874 2464 3225 2527 receperunt.

2295 2556 2386 2612 90.
2428 2554 2540 2610 Nec
2558 2555 2732 2609 otiose
2758 2566 2883 2622 qum
2905 2552 3079 2606 turbae
3123 2556 3450 2620 supersunt,
3482 2564 3512 2603 a
3542 2548 3824 2620 discipulis

2222 2651 2582 2721 colliguntur;
2614 2648 2738 2717 quia
2768 2662 2831 2703 ea
2872 2661 2994 2717 qua:
3026 2645 3211 2701 divina
3240 2656 3400 2709 sunt,
3435 2644 3577 2716 apud
3626 2644 3824 2700 electos

2225 2743 2436 2799 facilius
2470 2742 2646 2811 possis
2672 2756 2831 2812 quam
2865 2738 3008 2810 apud
3051 2740 3284 2809 populos
3308 2741 3575 2808 reperire.
3612 2736 3821 2794 Utinam

2225 2836 2354 2891 mihi
2410 2836 2690 2904 contingat
2728 2832 2918 2889 audire
2961 2830 3217 2902 :Collige
3246 2846 3367 2901 quae
3393 2834 3726 2902 supersunt!
3767 2832 3820 2887 Si

2224 2931 2449 2987 audiero
2475 2940 2528 2985 et
2559 2928 2773 2991 fecero,
2808 2910 3020 2983 habebo
3047 2929 3214 2981 multa
3241 2940 3366 2996 qua:
3396 2925 3589 2989 turbae,
3616 2926 3822 2982 habebo

2226 3026 2391 3080 multa
2439 3038 2558 3094 quae
2613 3023 2762 3093 pueri
2809 3031 2865 3076 et
2912 3020 3170 3076 mulieres
3222 3020 3387 3076 edere
3447 3023 3817 3091 nequiverunt.

2227 3118 2426 3174 Beatus
2455 3117 2550 3173 ille
2576 3117 2665 3187 qui
2695 3124 2874 3186 potest
2898 3114 3161 3186 colligere
3191 3129 3311 3186 qua:
3342 3112 3509 3171 etiam
3534 3113 3711 3170 doctis
3737 3128 3820 3169 su-

2230 3220 2474 3281 persunt.

2306 3304 2396 3359 9i.
2426 3304 2730 3361 Videamus
2758 3301 3032 3373 quomodo
3059 3302 3303 3372 colligat.
3350 3302 3498 3357 Dixit
3524 3301 3627 3357 Lex
3655 3320 3668 3354 :
3692 3300 3810 3355 Non

2230 3397 2564 3451 mwchaberis
2616 3395 2830 3467 (Exod.
2881 3410 2983 3460 xx,
3046 3395 3171 3469 14).
3208 3396 3393 3466 Fregit
3448 3394 3582 3450 hunc
3621 3407 3807 3465 panem

2230 3488 2507 3557 Christus,
2541 3490 2725 3545 divisit
2746 3490 2848 3544 hoc
2875 3490 3102 3544 verbum
3125 3528 3141 3556 ,
3168 3504 3275 3543 non
3304 3488 3521 3544 aliunde
3542 3487 3809 3557 adiicieus,

2232 3585 2326 3640 sed
2357 3586 2422 3638 de
2448 3600 2548 3638 suo
2579 3584 2822 3654 partiens
2869 3606 2882 3637 :
2939 3583 3039 3649 Qui
3069 3582 3287 3649 viderit,
3323 3583 3531 3653 inquit,
3564 3582 3816 3636 mulierem

2232 3677 2301 3731 ad
2324 3676 2810 3747 concupiscendum,
2836 3680 2949 3750 jam
2978 3673 3261 3730 moechatus
3287 3685 3363 3730 est
3384 3688 3500 3729 eant
3528 3673 3741 3746 (Matth.
3769 3688 3813 3739 v,

2231 3771 2346 3843 28).
2382 3771 2557 3827 Habes
2588 3771 2949 3841 fragmentum
2980 3770 3052 3825 de
3079 3784 3200 3825 suo.
3251 3768 3477 3825 Addidit
3520 3786 3533 3821 :
3567 3768 3627 3824 Si
3652 3771 3818 3822 oculos

2234 3876 2351 3919 tuus
2377 3866 2555 3918 dexter
2581 3863 2902 3918 scandalizat
2926 3872 2995 3929 te,
3016 3878 3137 3917 cm
3156 3877 3269 3916 eum
3294 3861 3486 3931 (fbid.,
3512 3861 3628 3933 29).
3659 3858 3819 3917 Habes

2236 3959 2403 4013 aliud.
2438 3957 2502 4012 Et
2532 3960 2577 4013 si
2629 3957 2843 4013 dextera
2870 3967 2960 4011 tua
2987 3956 3309 4011 scandalth
3332 3965 3410 4023 te,
3443 3957 3689 4010 abscinde
3721 3971 3820 4010 eant

2236 4052 2432 4125 (Ibid.,
2461 4052 2592 4123 50);
2639 4062 2716 4120 et,
2740 4050 2840 4117 Qui
2873 4052 3141 4105 dimissam
3187 4068 3219 4105 a
3247 4053 3358 4106 uiro
3387 4050 3569 4115 ducit,
3614 4049 3821 4106 maneba-

2236 4155 2319 4199 tur
2351 4142 2527 4216 (Lua,
2573 4160 2659 4200 xvt
2682 4187 2696 4211 ,
2732 4144 2845 4216 19).
2883 4144 3047 4199 Vides
3073 4159 3138 4199 ex
3172 4159 3279 4199 uno
3308 4158 3470 4214 quam
3500 4144 3670 4199 multa
3696 4142 3823 4212 frag-

2236 4249 2439 4294 menta.
2469 4238 2681 4311 Moyses
2711 4238 2843 4293 dicit
2863 4238 3008 4309 quod
3034 4238 3294 4293 Abraham
3317 4238 3448 4292 duos
3474 4238 3611 4306 ﬁlios
3634 4238 3821 4302 habuit,

2237 4346 2400 4385 unum
2426 4332 2489 4385 de
2515 4330 2732 4394 ancilla,
2763 4340 2811 4385 et
2855 4346 3016 4385 unum
3058 4331 3122 4386 de
3175 4332 3336 4385 libera
3368 4327 3571 4403 (Gafat.
3621 4344 3693 4393 tv.
3718 4329 3821 4400 ‘22).

2241 4424 2438 4479 Paulus
2466 4423 2601 4479 dixit
2634 4442 2646 4477 :
2684 4423 2812 4479 Haec
2841 4435 2961 4479 sunt
2987 4425 3091 4479 duo
3124 4423 3453 4478 Testamenta
3486 4423 3681 4496 (Ibid,
3713 4423 3823 4492 9L).

2244 4518 2434 4573 Divisit
2474 4519 2577 4574 hoc
2605 4520 2855 4586 verbum,
2902 4529 2957 4574 et
3008 4521 3214 4575 invenit
3264 4519 3607 4589 mysterium.
3643 4521 3826 4575 Beatus

542 4606 730 4662 uistris
760 4611 1134 4679 operantibus,
1164 4612 1516 4679 colorantur.
1544 4620 1601 4668 et
1626 4612 1731 4684 ipsi
1754 4615 1844 4684 qui
1874 4614 2140 4685 impleve-
2242 4628 2375 4685 crgo
2406 4613 2501 4684 qui
2531 4613 2757 4685 colligit,
2790 4628 2910 4685 quae
2940 4613 3137 4690 dividit
3163 4611 3437 4669 Christus.

541 4711 663 4754 rant
691 4701 909 4770 hydrias
935 4719 1095 4775 aqua,
1117 4708 1302 4760 vinum
1333 4706 1475 4777 quod
1506 4723 1610 4761 non
1642 4707 1977 4775 detulerant,
2007 4709 2140 4763 han—
2165 4692 2220 4754 1)
2314 4708 2405 4764 92.
2438 4709 2551 4776 Qua
2576 4713 2786 4763 ratione
2818 4719 2999 4763 autem
3030 4708 3299 4779 cophinos
3342 4707 3627 4764 duodecim
3654 4703 3828 4762 Chris-

541 4792 758 4847 riebant
788 4792 965 4865 (Jaan.
994 4812 1030 4850 ll
1050 4835 1066 4864 ,
1095 4798 1128 4852 5
1154 4808 1201 4852 et
1221 4799 1387 4869 seq.).
1413 4800 1850 4870 Comprelteude,
1881 4803 1929 4857 si
1962 4812 2137 4872 potes,

547 4894 693 4939 tanta
726 4901 906 4940 rerum
947 4889 1232 4944 miracula.
1282 4890 1381 4945 Hic
1419 4891 1705 4949 edentibus
1755 4894 1970 4964 populis
2019 4910 2138 4951 cre-

544 4988 706 5032 scunt
731 4979 843 5033 suis
874 4978 1174 5051 fragmenta
1206 4981 1541 5053 dispendiis,
1582 4993 1639 5039 et
1668 4985 1736 5041 de
1766 4988 2005 5058 quinque
2054 5003 2143 5057 pa-

2242 4809 2329 4856 tus
2361 4801 2640 4871 implevit,
2676 4801 2779 4855 nisi
2829 4812 2888 4856 ut
2920 4801 3052 4855 illttd
3083 4802 3265 4873 populi
3313 4800 3523 4856 Iudaici
3553 4799 3786 4855 solveret
3814 4815 3825 4852 :

2247 4894 2384 4962 Quia
2427 4910 2611 4947 manus
2655 4897 2766 4967 ejus
2805 4894 2858 4949 in
2879 4894 3098 4966 cophino
3149 4895 3433 4949 servierant
3461 4891 3635 4965 (Psal.
3661 4907 3825 4959 Lxxx,

2244 4988 2300 5051 7)
2335 5007 2347 5041 :
2380 4987 2484 5043 hoc
2503 4999 2587 5043 est
2609 5028 2625 5054 ,
2659 4986 2887 5057 populus
2907 4988 2996 5056 qui
3026 4986 3340 5041 antelutum
3365 4984 3703 5056 in'cophinis
3727 4982 3829 5039 enl-

546 5069 706 5125 nibus
736 5071 973 5142 majores
1003 5073 1246 5144 reliqui-.e
1284 5092 1447 5146 quam
1480 5092 1692 5132 summa
1725 5087 1810 5133 est
1832 5119 1847 5144 ,
1878 5080 2144 5149 colligun—
2248 5081 2470 5152 ligebat,
2524 5080 2611 5135 ltic
2654 5080 2763 5149 jam
2815 5094 2910 5150 per
2938 5084 3160 5133 crucem
3212 5075 3413 5132 Christi
3447 5078 3570 5131 vita?
3600 5075 3828 5131 ccclestis

545 5170 632 5217 tur
664 5181 677 5216 :
712 5163 823 5219 illic
854 5166 909 5219 in
953 5166 1184 5221 alienam
1228 5168 1465 5238 speciem
1511 5176 1798 5225 vertuntur
1824 5170 2094 5227 elementa
2119 5216 2134 5240 ,

544 5268 643 5313 nec
670 5273 799 5313 suos
826 5260 1026 5329 patitur
1049 5269 1239 5317 natura
1266 5264 1509 5318 defectus
1531 5304 1544 5329 ,
1591 5279 1692 5319 nec
1733 5276 1862 5319 suos
1892 5269 2139 5337 agnoscit

544 5366 719 5419 ortus,
744 5368 844 5407 usu
872 5363 1049 5408 tamen
1075 5357 1292 5427 proprio
1307 5357 1669 5428 recognoscit.
1694 5357 1832 5425 Quin
1849 5360 2010 5415 etiam
2034 5376 2141 5416 tue-

544 5451 648 5507 lior
675 5461 762 5507 est
793 5455 980 5510 mutati
1009 5455 1119 5511 vini
1161 5464 1350 5513 natura
1383 5476 1542 5530 quam
1571 5461 1717 5529 nati;
1749 5463 1873 5534 quia
1911 5464 1964 5519 in
1994 5462 2141 5518 arbi-

545 5545 648 5598 trio
677 5542 953 5601 Creatoris
975 5559 1091 5615 est,
1119 5559 1174 5603 et
1214 5565 1351 5620 quos
1384 5568 1513 5609 usus
1554 5556 1684 5609 velit
1730 5556 2009 5625 assignare
2043 5571 2141 5611 na-

545 5639 715 5706 turis,
757 5650 813 5696 et
858 5656 993 5713 quas
1043 5653 1262 5699 naturas
1312 5646 1592 5716 impartire
1642 5647 1952 5719 gignendis.
2006 5647 2143 5703 Vide

618 5781 857 5865 fMidam
888 5784 1127 5857 intellige
1148 5786 1395 5865 Phrygia:
1417 5802 1598 5858 regem
1627 5803 1786 5860 quem
1812 5797 2007 5858 poetae.
2032 5801 2101 5856 qu

552 5852 791 5935 sub_ejus
812 5873 1042 5929 persona
1067 5852 1228 5935 quam
1257 5852 1421 5921 stulta
1452 5852 1562 5921 sint
1582 5852 1870 5935 avarorum
1896 5852 2102 5925 votatvo

557 5927 744 5991 oculos
789 5927 1100 6011 ponerent;
1146 5933 1419 6002 ﬂuxerunt
1445 5950 1514 6000 eo
1560 5950 1791 6003 munere
1818 5933 2078 6000 donatum
2108 5944 2142 5996 ι

2246 5188 2502 5245 operatur
2532 5173 2878 5239 alimoniam;
2912 5182 2967 5228 et
2988 5190 3054 5228 eo
3084 5171 3208 5228 fidei
3233 5172 3412 5228 cibum
3436 5170 3717 5240 congerit,
3749 5166 3827 5222 ttbi

2242 5278 2361 5325 erat
2405 5279 2531 5323 ante
2579 5283 2793 5324 coenam
2842 5267 3063 5337 gentilis
3095 5265 3357 5337 perﬁdiis.
3386 5264 3499 5321 Nec
3543 5277 3826 5333 paucorum

2244 5363 2349 5418 hoc
2399 5361 2634 5417 munus?
2687 5359 2784 5413 sed
2822 5361 3066 5415 omnium
3099 5366 3201 5415 est.
3262 5358 3394 5413 Nam
3427 5371 3523 5426 per
3552 5355 3827 5410 duodecim

2243 5456 2507 5527 cophinos
2538 5464 2807 5524 tamquam
2852 5454 3090 5510 tribuum
3138 5452 3470 5523 singularum
3502 5448 3625 5504 fidei
3656 5448 3828 5502 firma-

2245 5559 2486 5605 mentum
2515 5546 2816 5603 redundat:
2846 5546 3006 5603 Panis
3033 5547 3176 5604 enim
3198 5545 3470 5615 conﬁrmat
3493 5560 3582 5598 cor
3613 5541 3828 5597 hominis

2247 5644 2421 5718 (Psal.
2453 5656 2549 5699 cut
2568 5684 2582 5709 ,
2617 5641 2730 5714 t6).

2247 5779 2487 5855 Baccho,
2524 5791 2581 5855 ut
2608 5780 2867 5855 quidquid
2893 5789 3177 5855 tangeret,
3204 5782 3261 5855 in
3287 5790 3478 5855 aurum
3500 5784 3825 5835 verteretur.

2250 5853 2381 5914 Vide
2410 5852 2587 5915 Ovidii
2617 5852 2900 5917 Dicuntur.
2926 5854 3024 5915 lib.
3048 5869 3132 5927 ιι,
3156 5854 3267 5915 fab.
3296 5853 3348 5913 ὅ.
