4014 6478
314 424 342 480 ‘l
355 425 466 483 695

1289 418 1654 480 EXPOSITIO
1691 417 1949 476 BVANG.
1992 417 2139 477 SEC.
2182 412 2338 474 LUC.
2381 415 2511 474 LIB.
2552 415 2640 472 Vl.

3479 418 3500 472 'l
3513 413 3616 470 69ρῦ

393 543 578 616 (Vers.
625 543 719 601 (λθ.
744 545 763 616 )
793 543 938 599 Dixit
983 553 1156 598 autem
1183 543 1336 597 illis:
1373 539 1478 595 Vos
1503 554 1652 608 quem
1685 555 1764 593 me
1809 553 1918 594 esse
1942 541 1992 600 Α
2024 535 2265 607 paravit,
2311 550 2498 593 verum
2523 535 2690 592 etiam
2736 549 2860 609 quae
2908 545 3038 594 sunt
3090 550 3186 592 sua
3237 535 3452 607 propria
3486 549 3620 590 con-

314 638 534 694 dicitis?
559 634 849 705 Respondit
879 635 1064 693 Simon
1096 635 1304 699 Petrus,
1328 630 1736 688 Christanwﬂei.

395 733 483 788 95.
530 732 636 786 Nec
685 731 860 786 turba}
910 730 1130 802 quidem
1180 730 1356 784 otiosa
1399 728 1584 798 opinio
1632 734 1747 791 est,
1792 725 1916 798 quia

311 827 413 881 alii
439 826 630 890 Eliam,
657 840 816 895 quem
842 834 1132 880 venturum
1171 823 1466 893 putabant:
1499 819 1588 874 alii
1617 819 1878 876 Joannem
1899 859 1914 885 ,

311 921 482 990 quem
523 917 850 973 decollatum
891 916 1169 982 sciebant,
1201 924 1295 970 aut
1321 929 1484 969 unum
1526 913 1595 968 de
1638 911 1920 983 prophetis

312 1010 594 1082 prioribus
616 1010 920 1066 surrexisse
938 1009 1255 1066 credebant.
1282 1008 1389 1064 Sed
1411 1009 1514 1064 hoc
1553 1022 1798 1078 qumrere
1827 1020 1919 1061 su-

251 1143 255 1150 -
312 1121 415 1176 pra
439 1115 540 1160 n09
569 1116 656 1161 est
685 1121 698 1157 :
728 1113 755 1143 α
781 1105 1009 1161 alterius
1053 1105 1321 1170 scientias,
1343 1102 1572 1158 alterius
1618 1099 1918 1172 prudentiae

309 1211 425 1256 est.
451 1201 584 1257 Nam
628 1201 672 1254 si
702 1200 872 1256 Paulo
897 1203 1148 1270 apostolo
1174 1201 1305 1252 satis
1341 1206 1428 1253 est
1457 1197 1590 1252 nihil
1631 1197 1774 1252 scire
1813 1195 1917 1250 nisi

307 1294 594 1351 Christum
620 1293 830 1362 Jesum,
858 1304 910 1351 et
936 1295 1080 1350 hunc
1114 1294 1433 1350 cruciﬁxum
1455 1292 1514 1365 (ιι
1544 1291 1691 1358 Con,
1723 1291 1786 1352 ll.
1814 1288 1910 1364 2),

311 1387 450 1458 quid
506 1388 742 1457 amplius
789 1385 924 1442 mihi
976 1385 1391 1442 desiderantium
1441 1395 1526 1440 est
1563 1385 1705 1440 scire
1753 1399 1916 1455 quam

310 1481 638 1536 Christum?
687 1479 744 1536 in
772 1497 880 1536 uno
909 1482 1054 1536 enim
1085 1481 1186 1535 hoc
1213 1481 1431 1535 nomine
1459 1477 1674 1551 1m
1701 1489 1756 1532 et
1780 1477 1919 1533 divi-

320 1572 513 1628 nitatis
539 1582 594 1627 et
636 1573 1026 1628 incarnationis
1051 1572 1355 1642 expreSSio,
1379 1581 1436 1627 et
1477 1572 1614 1626 ﬁdes
1647 1569 1918 1641 passionis

315 1677 424 1720 est.
459 1665 526 1720 Et
554 1665 675 1720 ideo
703 1666 826 1720 licet
855 1665 1039 1720 caeteri
1095 1664 1327 1734 apostoli
1367 1663 1580 1729 sciant;
1613 1663 1807 1718 Petrus
1837 1672 1918 1718 ta-

316 1773 444 1815 men
478 1757 762 1829 respondit
792 1773 902 1828 prae
924 1757 1141 1814 caeteris
1166 1776 1179 1811 :
1211 1756 1290 1812 Tu
1317 1774 1368 1813 es
1386 1756 1624 1814 Christus
1651 1758 1793 1827 ﬁlius
1815 1756 1918 1813 Dei

317 1852 419 1906 vivi
449 1849 662 1920 (Matth.
690 1865 777 1906 xvr
799 1893 814 1920 ,
849 1848 963 1920 l6).
993 1847 1324 1920 Complexus
1365 1861 1451 1906 est
1484 1852 1666 1921 itaque
1691 1849 1873 1905 omnia
1896 1891 1911 1917 ,

2021 630 2204 686 cessit.

2094 722 2183 778 96.
2227 721 2415 779 Refert
2441 731 2625 779 tamen
2653 723 2780 796 qttid
2812 723 2913 779 sibi
2971 723 3097 779 velit
3125 722 3267 793 quod
3297 739 3402 778 non
3450 722 3619 778 alittm

2022 816 2192 872 turbte
2219 817 2600 888 opinabantur,
2635 818 2739 873 nisi
2766 825 2861 872 aut
2888 816 3064 874 Eliam
3085 859 3100 884 ,
3133 828 3223 873 aut
3251 817 3577 872 llieremiam
3599 856 3617 885 ,

2021 917 2116 964 aut
2145 906 2410 965 Joannem
2441 910 2760 978 Baptistam.
2791 910 2860 965 Et
2884 911 3051 967 Etiam
3084 910 3259 974 forte;
3283 911 3405 982 quia
3434 919 3619 979 raptus

2020 1005 2089 1060 ad
2115 1004 2315 1061 omium
2343 1014 2447 1061 est.
2484 1005 2588 1062 Sed
2632 1021 2742 1059 non
2791 1005 2938 1061 Elias
2973 1015 3058 1062 est
3085 1006 3336 1062 Christus
3371 1024 3384 1061 :
3417 1006 3509 1061 ille
3534 1021 3620 1061 ra-

2022 1100 2186 1169 pitur,
2241 1099 2343 1154 iste
2373 1097 2724 1169 regreditur:
2765 1098 2882 1166 ille,
2936 1100 3182 1170 inquam,
3233 1101 3462 1171 rapitur,
3516 1100 3621 1156 iste

2019 1193 2264 1262 rapinam
2294 1207 2402 1247 non
2443 1192 2740 1248 arbitratus
2785 1200 3017 1248 estesse
3041 1209 3104 1249 se
3137 1195 3404 1266 aequalem
3455 1195 3564 1250 Deo
3599 1212 3614 1249 :

2019 1285 2112 1342 ille
2138 1287 2317 1355 petitis
2348 1285 2564 1356 ignibus
2595 1285 2924 1349 vindicatur,
2961 1286 3049 1341 hic
3077 1300 3459 1358 persecutores
3488 1301 3619 1342 suos

2020 1379 2210 1434 maluit
2233 1394 2448 1443 sanare.
2476 1394 2643 1451 quam
2667 1378 2915 1459 perdere.
2943 1375 3050 1433 Cur
3078 1385 3258 1434 autem
3287 1379 3617 1434 llieremiam

2019 1474 2322 1544 putabant?
2353 1474 2608 1530 Fortasse
2637 1474 2763 1544 quia
2796 1474 3164 1528 sanctilicatus
3213 1473 3267 1529 in
3303 1473 3460 1528 vulva
3511 1484 3618 1530 est.

2020 1567 2126 1625 Sed
2156 1581 2263 1623 non
2293 1568 2383 1625 hic
2413 1567 2716 1624 Hieremias
2745 1583 2760 1621 :
2791 1567 2881 1625 ille
2901 1565 3292 1632 sanctiﬁcatur,
3326 1566 3428 1621 iste
3455 1581 3619 1622 sanc-

2019 1662 2189 1718 tiﬁcat
2241 1677 2256 1716 :
2305 1661 2454 1718 illius
2503 1661 2865 1718 sanctiﬁcatio
2914 1660 3080 1734 coepit
3113 1677 3178 1717 cs
3222 1675 3474 1732 corpore,
3530 1661 3621 1716 hic

2015 1765 2237 1814 sanctus
2267 1773 2334 1814 ea
2361 1771 2574 1814 saneto.
2622 1755 2733 1814 Cur
2760 1756 2926 1813 etiam
2955 1755 3224 1812 Joannem
3262 1756 3491 1826 populus
3520 1771 3618 1826 pu-

2018 1853 2192 1918 tabat;
2223 1852 2326 1908 nisi
2349 1851 2491 1908 forte
2512 1853 2634 1923 quia
2657 1853 2709 1908 in
2736 1851 2928 1908 matris
2953 1860 3108 1906 utero
3137 1849 3370 1920 positus,
3405 1850 3619 1906 Domini

311 1944 407 2015 qni
435 1954 490 2000 et
521 1954 766 2001 naturam
812 1955 867 2000 et
899 1960 1093 2000 nomen
1123 1946 1423 2016 expressit,
1467 1945 1522 2000 in
1561 1961 1670 2016 quo
1701 1960 1913 2001 summa
1941 1944 1988 2005 B
2021 1949 2368 2017 praesentiam
2422 1948 2729 2005 sentiebat?
2782 1946 2891 2005 Sed
2933 1963 3040 2002 non
3092 1944 3183 2000 hic
3211 1953 3297 2001 est
3327 1943 3565 2000 Joannes
3601 1962 3617 1999 :

310 2039 577 2096 virtutum
606 2047 710 2095 est.
742 2040 990 2096 Etiamne
1017 2053 1120 2096 nos
1159 2041 1228 2096 de
1258 2041 1608 2112 generatione
1641 2039 1735 2096 Dei
1768 2040 1914 2095 inse-

311 2133 490 2189 rimus
517 2133 879 2204 quzestiones,
931 2147 1054 2188 cum
1087 2135 1286 2192 Paulus
1329 2134 1646 2204 iudicaverit
1689 2133 1821 2188 nihil
1852 2147 1912 2189 se

309 2228 459 2284 seire
498 2229 603 2284 nisi
633 2225 908 2282 Christum
935 2227 1152 2295 Jesum,
1185 2239 1240 2285 et
1272 2229 1414 2284 hunc
1435 2228 1748 2284 cruciﬁxum
1775 2246 1789 2283 :
1817 2228 1913 2284 Pe-

313 2332 434 2377 trus
463 2323 597 2377 nihil
646 2322 878 2392 amplius
933 2337 1096 2394 quam
1147 2323 1238 2378 Dei
1290 2323 1483 2379 Filium
1534 2321 1910 2379 conﬁtendum

310 2417 624 2487 putaverit?
651 2414 761 2472 Nos
789 2426 844 2473 et
871 2417 1116 2488 quando,
1146 2426 1203 2472 et
1227 2416 1500 2489 quomodo
1527 2426 1688 2472 natus
1726 2418 1816 2482 sit,
1855 2424 1912 2473 et

310 2516 550 2577 quantus
599 2508 704 2575 sit,
755 2507 1006 2564 humanas
1056 2509 1391 2565 inﬁrmitatis
1447 2511 1910 2580 contemplatione

313 2604 598 2659 rimamurt
633 2603 803 2660 Scivit
825 2603 1024 2659 Paulus
1047 2605 1193 2676 quod
1239 2605 1291 2660 in
1321 2605 1440 2660 istis
1491 2604 1660 2676 magis
1681 2603 1910 2661 oﬁendi-

313 2696 499 2749 culum
547 2695 884 2766 quaestionis,
915 2711 1076 2766 quam
1109 2696 1483 2752 :edilicationis
1512 2695 1785 2766 profectus
1815 2712 1908 2752 cs-

311 2799 437 2855 set;
479 2800 536 2846 et
567 2789 690 2844 ideo
721 2789 982 2860 iudicavit
1020 2791 1152 2846 nihil
1203 2805 1264 2847 se
1308 2792 1450 2846 scire
1499 2791 1602 2846 nisi
1634 2791 1908 2846 Christum

310 2881 523 2938 Jesum.
549 2882 724 2939 Scivit
755 2883 946 2938 Petrus
975 2883 1118 2954 quod
1151 2883 1206 2938 in
1237 2882 1376 2939 Filio
1406 2883 1499 2940 Dei
1525 2883 1706 2939 omnia
1753 2884 1905 2939 sint:

315 2975 508 3030 Omnia
547 2975 692 3031 enim
744 2976 886 3030 dedit
935 2975 1097 3031 Pater
1146 2976 1284 3032 Filio
1331 2975 1508 3048 (Joan.
1559 2991 1682 3043 xui,
1733 2973 1814 3047 ὅ).
1848 2976 1907 3036 Si

307 3069 499 3124 omnia
525 3069 708 3136 dedit,
737 3071 1093 3126 :eternitstein
1116 3085 1277 3142 quam
1311 3070 1502 3137 habet,
1539 3069 1910 3141 maiestatem-

309 3177 422 3235 que
469 3162 778 3219 transfudit.
833 3164 940 3220 Sed
987 3180 1094 3235 quo
1143 3164 1396 3233 prolabor
1449 3163 1699 3235 longius?
1755 3163 1908 3221 Fidei

306 3273 451 3314 meae
499 3257 622 3312 linis
663 3257 911 3313 Christus
948 3268 1069 3325 est,
1125 3258 1248 3314 ﬁnis
1291 3258 1413 3314 ﬁdei
1447 3273 1582 3314 meae
1612 3258 1702 3315 Dei
1737 3257 1907 3313 Filius

2015 2045 2109 2102 ille
2138 2045 2400 2101 adorabat
2430 2046 2483 2100 in
2516 2054 2707 2110 utero,
2739 2043 2828 2100 hic
2853 2043 3183 2100 adorabatur
3212 2059 3225 2096 :
3261 2041 3352 2096 ille
3385 2039 3619 2111 baptiza-

2013 2137 2107 2194 bat
2133 2138 2186 2192 in
2214 2153 2377 2210 aqua,
2420 2137 2673 2194 Christus
2705 2137 2760 2193 in
2784 2137 2981 2208 spiritu
3037 2154 3052 2191 :
3099 2135 3191 2191 ille
3233 2133 3615 2206 penitentiam

2014 2230 2308 2297 suadebat,
2338 2230 2426 2287 hic
2449 2241 2671 2300 peccata
2693 2228 2950 2286 donabat.

2085 2324 2175 2380 97.
2219 2323 2288 2379 Et
2317 2324 2440 2380 ideo
2469 2324 2662 2380 Petrus
2690 2340 2797 2378 non
2820 2321 3156 2392 exspectavit
3180 2319 3368 2392 populi
3401 2315 3611 2393 1407

2011 2418 2373 2485 sementium,
2404 2417 2501 2474 sed
2530 2432 2682 2472 suam
2707 2415 2974 2486 prompsit
3001 2415 3188 2472 (licens
3218 2431 3232 2467 :
3259 2412 3340 2468 Tu
3362 2429 3414 2467 es
3438 2413 3616 2470 Chris-

2013 2519 2095 2566 tus
2127 2509 2302 2567 Filius
2333 2509 2429 2565 Dei
2458 2511 2558 2566 vivi
2590 2508 2771 2583 (Joan.
2805 2524 2929 2575 vni,
2957 2509 3068 2578 1‘2).
3106 2507 3132 2545 ι)
3163 2508 3264 2577 Qui
3307 2515 3364 2562 et
3393 2521 3614 2577 semper

2013 2615 2097 2659 est
2117 2643 2132 2670 ,
2165 2619 2266 2659 nec
2288 2604 2456 2676 cmpit
2483 2612 2540 2659 ut
2578 2613 2757 2671 esset,
2789 2611 2846 2660 et
2884 2618 3008 2658 esse
3028 2619 3149 2672 ιιιυιι
3195 2601 3398 2656 deﬁcit.
3424 2599 3616 2672 Magna

2012 2708 2193 2754 autem
2224 2697 2426 2752 Christi
2458 2699 2655 2767 gratia,
2685 2699 2778 2769 qui
2817 2698 2997 2752 omnia
3027 2712 3194 2767 pr0pe
3218 2696 3482 2751 vocabula
3513 2710 3612 2751 sua

2012 2789 2296 2860 discipulis
2319 2791 2434 2846 suis
2458 2791 2701 2846 donarit.
2735 2791 2846 2864 Ego
2871 2808 3018 2856 sum,
3065 2789 3272 2861 inquit,
3304 2791 3397 2845 tua:
3433 2789 3618 2845 mundi

2014 2883 2234 2959 (Matth.
2266 2899 2322 2947 v,
2349 2882 2439 2955 l4)
2476 2902 2488 2938 :
2525 2895 2583 2940 et
2612 2869 2662 2940 id
2692 2895 2869 2940 tamen
2899 2901 3007 2956 quo
3039 2884 3158 2954 ipse
3183 2883 3470 2955 gloriatur,
3493 2883 3610 2939 dis-

2011 2977 2208 3050 cipulis
2229 2993 2425 3034 nomen
2472 2977 2697 3034 indulsit
2722 2978 2950 3034 dicens:
2992 2976 3094 3032 Vos
3123 2978 3244 3032 estis
3271 2978 3361 3031 tua:
3406 2977 3609 3031 mundi.

2014 3069 2129 3145 Ego
2174 3088 2288 3126 sum
2339 3072 2489 3140 panis
2521 3072 2662 3126 vivus
2691 3069 2872 3144 (Joan.
2907 3086 2984 3139 γι,
3019 3071 3072 3141 1)
3105 3087 3120 3138 ;
3152 3082 3237 3135 ει,
3288 3068 3404 3124 Nos
3435 3085 3610 3124 omnes

2013 3183 2146 3223 unus
2188 3166 2435 3238 panis....
2485 3183 2664 3221 sumus
2692 3165 2735 3238 (Ι
2761 3163 2882 3220 Cor.
2918 3182 2984 3234 κ,
3036 3167 3148 3236 i7).
3191 3164 3304 3236 Ego
3331 3181 3446 3219 sum
3494 3165 3610 3219 uitis

2011 3276 2130 3316 rera
2159 3257 2338 3333 (Joan.
2389 3275 2482 3324 xv,
2518 3260 2594 3331 l).
2632 3261 2698 3314 Et
2725 3260 2820 3314 tibi
2867 3260 3000 3316 dicit
3044 3278 3057 3313 :
3100 3257 3341 3313 Plantavi
3370 3267 3417 3312 te
3458 3258 3608 3311 vitem

306 3362 416 3408 est.
447 3352 564 3407 Non
603 3352 730 3408 licet
759 3351 888 3407 mihi
928 3351 1068 3407 scire
1107 3353 1477 3422 generationis
1515 3353 1748 3418 seriem;
1800 3368 1908 3408 non
1936 3345 1982 3410 C
2015 3356 2335 3424 fructuosam
2368 3363 2390 3391 ο
2425 3369 2626 3407 onmem
2657 3369 2826 3406 veram
2851 3350 3068 3424 (Jerem.
3102 3367 3172 3418 ll,
3195 3351 3312 3422 uti).
3336 3347 3496 3405 Petra
3525 3358 3610 3404 est

310 3448 444 3503 licet
475 3456 654 3502 tamen
687 3447 898 3502 nescire
919 3446 1290 3517 generationis
1319 3445 1502 3502 fidem.

383 3543 473 3600 94.
515 3542 691 3598 Crede
715 3541 876 3613 igitur
903 3542 983 3597 sic
1029 3541 1488 3612 quemadmodum
1516 3540 1707 3598 Petrus
1731 3538 1901 3596 credi-

305 3635 422 3701 dit;
454 3646 511 3690 ut
539 3645 593 3690 et
635 3644 690 3690 tu
723 3638 914 3691 beatus
944 3634 1056 3701 sis,
1091 3644 1152 3691 ut
1190 3645 1244 3691 ct
1275 3645 1331 3689 tn
1357 3634 1549 3691 audire
1600 3636 1902 3690 merearis:

309 3727 571 3794 Quoniam
597 3745 698 3782 non
730 3743 852 3782 caro
879 3737 927 3782 et
964 3729 1174 3799 sanguis
1200 3727 1290 3784 tibi
1320 3729 1557 3783 ret'elavit
1578 3769 1595 3796 ,
1624 3728 1714 3784 sed
1746 3727 1906 3783 Pater

306 3837 451 3876 meus
479 3822 565 3892 qui
588 3822 641 3874 in
669 3821 806 3875 oculis
833 3831 907 3875 est
937 3819 1153 3894 (Matth.
1188 3838 1275 3877 xvr
1295 3863 1309 3888 ,
1343 3823 1452 3893 l7).
1503 3821 1645 3877 Caro
1675 3821 1818 3876 enim
1849 3829 1906 3878 et

307 3917 529 3986 sanguis
553 3932 656 3971 non
690 3927 895 3988 queunt
922 3917 1028 3972 nisi
1061 3932 1183 3987 quze
1213 3927 1426 3973 terrena
1455 3925 1582 3971 sunt
1611 3917 1855 3971 revelare
1885 3933 1899 3970 :

305 4020 366 4064 at
395 4021 522 4064 vero
544 4009 639 4080 qui
667 4009 861 4078 spiritu
909 4010 1146 4081 loquitur
1193 4011 1474 4080 mysteria,
1499 4025 1607 4063 non
1639 4009 1823 4064 carnis
1850 4018 1907 4065 et

307 4100 588 4172 sanguinis
615 4100 951 4171 magisterio,
985 4101 1081 4157 sed
1108 4101 1287 4156 divina
1313 4101 1668 4172 inSpiratione
1711 4099 1906 4156 funda-

309 4203 418 4248 tur.
469 4195 588 4250 Noli
636 4210 768 4264 ergo
811 4195 1158 4266 acquiescere
1209 4197 1362 4250 carni
1401 4203 1456 4250 et
1503 4193 1784 4266 sanguini;
1835 4209 1906 4252 ne

307 4287 492 4342 carnis
524 4295 580 4342 et
624 4287 905 4356 sanguinis
959 4286 1175 4341 haurias
1225 4294 1526 4356 praecepta,
1569 4296 1734 4355 atque
1786 4286 1904 4357 ipse

309 4379 527 4450 sanguis
581 4387 636 4433 et
659 4393 788 4433 caro
819 4376 936 4433 fias;
960 4377 1064 4446 Qui
1101 4377 1248 4434 enim
1286 4379 1435 4434 carni
1468 4377 1748 4445 adhaeret,
1770 4393 1904 4435 caro

310 4480 396 4527 est
424 4489 438 4526 :
465 4471 531 4526 Et
561 4473 650 4542 qui
677 4471 906 4526 attineret
928 4469 1062 4536 Deo,
1095 4487 1229 4527 unus
1255 4471 1468 4543 spiritus
1495 4482 1569 4527 est
1595 4470 1641 4544 (Ι
1667 4471 1786 4529 Cor.
1822 4488 1898 4542 vr,

312 4565 426 4636 l7).
450 4563 574 4620 Non
597 4564 913 4635 permanebit
934 4605 948 4629 ,
981 4564 1183 4634 inquit,
1218 4565 1434 4636 spiritus
1476 4581 1618 4621 meus
1644 4566 1697 4621 in
1727 4566 1899 4624 homi-

307 4659 458 4712 nibus
483 4659 595 4713 istis
641 4658 694 4713 in
732 4669 1004 4724 teternum,
1036 4667 1249 4730 prapter
1275 4658 1413 4729 quod
1443 4675 1568 4714 caro
1593 4670 1714 4715 sunt
1742 4659 1896 4730 (Gen.

309 4753 498 4822 ",3).
591 4803 594 4806 .

374 4844 465 4904 95-.
504 4845 610 4903 Sed
641 4847 848 4902 utinam
888 4861 1016 4904 caro
1045 4855 1100 4902 et
1124 4847 1345 4918 sanguis
1388 4862 1495 4904 non
1527 4847 1639 4903 sint
1660 4847 1754 4918 qui
1791 4863 1891 4904 au-

304 4940 492 5005 diunt,
525 4941 622 4996 sed
665 4956 692 4994 a
737 4942 1007 4998 carnis-et
1037 4941 1318 5013 sanguinis
1345 4942 1540 4999 remoti
1581 4941 1897 5013 cupiditati-

305 5033 405 5090 bus
465 5035 680 5105 possint
703 5034 886 5091 dicere
915 5035 1113 5106 singuli
1145 5053 1159 5092 :
1195 5033 1314 5091 Non
1343 5035 1530 5091 timebo
1561 5037 1686 5106 quid
1736 5035 1898 5106 faciat

303 5129 429 5182 mihi
457 5145 580 5184 caro
630 5127 805 5200 (Psal.
859 5145 946 5193 ιν,
973 5129 1031 5200 5)
1062 5129 1203 5198 thti
1231 5131 1376 5187 enim
1403 5145 1624 5186 carnem
1671 5130 1898 5198 vicerit,

303 5218 564 5277 Ecclesiae
594 5219 1002 5276 fundamentum
1041 5231 1125 5277 est
1153 5239 1168 5276 :
1201 5221 1249 5278 si
1279 5237 1499 5292 :equare
1537 5221 1756 5278 Petrum
1788 5237 1897 5278 non

308 5323 522 5382 potest,
555 5311 752 5366 imitari
795 5321 1003 5381 potest;
1055 5327 1246 5384 magna
1274 5323 1402 5369 sunt
1445 5314 1591 5369 cnim
1642 5315 1735 5370 Dei
1779 5331 1897 5370 mu-

306 5417 465 5471 nera,
498 5405 589 5476 qui
619 5417 727 5459 non
753 5403 928 5459 solum
961 5404 1118 5460 nobis
1161 5420 1284 5476 qua:
1327 5415 1510 5462 nostra
1542 5406 1758 5464 fuerant
1808 5424 1896 5464 re-

374 5615 400 5645 ι
431 5607 577 5662 Edit.
622 5607 1018 5680 Amerb._cum
1067 5607 1227 5676 longe
1265 5605 1501 5680 matrima
1528 5617 1679 5680 parte
1725 5625 1886 5680 mss.,

300 5680 512 5733 alterius
538 5680 821 5734 sententias.
857 5677 1085 5733 Praestat
1111 5689 1288 5734 tamen
1312 5677 1416 5733 alia
1442 5677 1628 5736 lectio.

373 5749 400 5788 δ
430 5750 574 5806 Edil.
594 5765 807 5815 omnes,
825 5766 948 5804 cum
975 5752 1156 5819 paucis
1172 5763 1331 5812 mss.,
1355 5749 1455 5814 Qui
1482 5761 1556 5806 est
1580 5765 1885 5821 semperest.

301 5821 682 5900 Caeteracum
732 5835 863 5900 mss.
919 5822 1140 5892 reliquis
1188 5822 1560 5900 conveniunt;
1601 5825 1705 5883 nisi
1742 5827 1888 5900 quod

305 5893 477 5973 nam.
490 5896 570 5953 sic
594 5895 1058 5973 prosequiturmec
1085 5897 1266 5967 capit,
1294 5912 1385 5954 nec
1411 5897 1520 5957 teste
1547 5901 1741 5973 deﬁcit.

382 5977 403 6009 ο
428 5968 560 6054 Mss.
588 5967 826 6052 aliquot,
855 5983 1005 6030 omne
1047 5985 1217 6032 semen
1252 5985 1427 6032 verum
1443 5989 1463 6045 ;
1493 5972 1588 6037 alii
1611 5967 1801 6054 plures
1829 5984 1886 6048 et

2011 3446 2260 3503 Christus
2290 3465 2302 3502 :
2337 3446 2585 3502 Bibebant
2613 3449 2750 3502 enim
2779 3447 2843 3501 de
2873 3447 3100 3518 spiritali
3144 3454 3382 3513 sequente
3427 3455 3602 3514 petra,

2009 3554 2153 3614 petra
2183 3553 2351 3598 autent
2375 3553 2483 3596 erat
2509 3541 2746 3598 Christus
2780 3541 2822 3610 (Ι
2851 3541 2972 3596 Cor.
3005 3557 3075 3608 ιι,
3114 3539 3172 3610 4)
3205 3558 3218 3595 :
3249 3540 3412 3596 etiam
3443 3535 3608 3593 disci-

2010 3638 2138 3708 pulo
2166 3652 2265 3691 suo
2288 3635 2449 3706 hujus
2469 3635 2718 3692 vocabuli
2744 3635 2976 3707 gratiam
3003 3650 3112 3689 non
3136 3638 3353 3704 negavit
3383 3631 3601 3705 (Matth.

2008 3746 2133 3794 xvr,
2167 3728 2286 3800 18);
2319 3739 2376 3785 nt
2409 3739 2464 3785 et
2513 3729 2626 3800 ipse
2671 3730 2742 3783 sit
2779 3729 3010 3792 Petrus.
3039 3728 3183 3799 quod
3212 3728 3279 3782 de
3331 3740 3479 3798 petra
3509 3726 3606 3783 lia-

2007 3822 2133 3878 beat
2157 3821 2486 3879 soliditatem
2511 3823 2854 3888 constantiae,
2885 3821 3012 3877 ﬁdei
3041 3821 3380 3876 ﬁrmitatem.

2079 3914 2168 3971 98.
2213 3915 2436 3970 Enitere
2483 3931 2616 3985 ergo
2665 3923 2724 3969 ut
2751 3924 2807 3971 et
2837 3925 2892 3970 tu
2924 3923 3077 3985 petra
3126 3917 3224 3969 sis.
3264 3914 3449 3984 itaque
3494 3929 3602 3969 non

2007 4018 2161 4064 extra
2217 4019 2268 4064 te
2297 4047 2312 4074 ,
2370 4009 2467 4065 sed
2514 4009 2653 4064 intra
2693 4019 2746 4064 te
2782 4021 2990 4080 petram
3035 4011 3269 4080 require.
3324 4008 3480 4063 Petra
3514 4019 3604 4064 ttta

2008 4111 2160 4157 actus
2196 4109 2308 4167 εει,
2354 4109 2502 4172 petra
2536 4112 2625 4157 tua
2681 4117 2833 4157 mens
2864 4112 2966 4158 est.
3001 4103 3172 4172 Supra
3217 4103 3354 4157 lianc
3392 4111 3602 4172 petram

2009 4195 2306 4250 aediﬁcatur
2327 4195 2519 4251 domus
2549 4205 2676 4262 tua;
2723 4206 2779 4250 ut
2813 4195 2977 4249 nullis
3009 4197 3178 4264 possit
3203 4196 3457 4266 nequitia:
3493 4197 3606 4264 Spi-

2007 4291 2180 4347 ritalis
2225 4291 2566 4348 reverberari
2621 4290 2896 4362 procellis.
2949 4290 3108 4346 Petra
3163 4299 3251 4345 tua
3303 4291 3435 4346 tides
3474 4299 3598 4360 est,

2007 4383 2416 4442 fundamentum
2447 4385 2704 4442 Ecclesiae
2748 4383 2882 4440 ﬁdes
2935 4392 3040 4440 est.
3085 4383 3142 4440 Si
3190 4393 3339 4455 petra
3389 4384 3597 4451 fueris,

2006 4483 2061 4536 in
2093 4478 2340 4536 Ecclesia
2363 4481 2504 4548 eris;
2536 4481 2660 4552 quia
2689 4479 2930 4537 Ecclesia
2957 4495 3119 4551 supra
3150 4489 3356 4551 petram
3389 4489 3491 4534 est.
3540 4478 3597 4538 Si

2004 4574 2058 4630 in
2090 4574 2328 4631 Ecclesia
2378 4573 2574 4642 fueris,
2623 4581 2794 4646 portae
2850 4572 3011 4630 inferi
3068 4589 3174 4629 non
3227 4573 3599 4643 praevalebunt

2004 4668 2122 4723 tibi.
2153 4667 2328 4723 Porta:
2358 4667 2515 4722 inferi
2537 4710 2552 4734 ,
2591 4679 2761 4738 porta:
2799 4668 2990 4724 mortis
3015 4679 3141 4723 sunt
3173 4686 3186 4722 :
3219 4676 3386 4737 portae
3414 4679 3596 4726 autem

1922 4748 1978 4812 D
2002 4760 2194 4816 mortis
2215 4799 2230 4827 ,
2261 4769 2433 4828 porta:
2458 4761 2716 4816 Ecclesiae
2741 4776 2867 4816 esse
2895 4775 3001 4816 non
3029 4769 3276 4830 possunt.

2073 4853 2163 4909 99.
2207 4852 2339 4921 Qua:
2369 4862 2548 4908 autem
2571 4865 2700 4909 sunt
2724 4862 2894 4924 portae
2916 4855 3108 4909 mortis
3125 4897 3139 4921 ,
3170 4855 3271 4911 hoc
3293 4863 3399 4920 est,
3425 4865 3597 4927 porta:

2003 4943 2202 5010 inferi,
2237 4944 2337 5000 nisi
2379 4945 2589 5015 singula
2633 4961 2860 5016 quicque
2909 4947 3166 5017 peccata?
3207 4948 3263 5004 Si
3297 4947 3595 5004 fornicatus

2002 5039 2169 5096 fueris
2193 5081 2207 5105 ,
2235 5049 2420 5110 portas
2451 5040 2642 5095 mortis
2668 5040 2945 5111 ingressus
2969 5055 3049 5096 es.
3085 5039 3141 5097 Si
3175 5041 3334 5098 tidem
3364 5042 3593 5109 laeseris,

2001 5143 2186 5205 portas
2216 5133 2376 5189 inferi
2428 5133 2750 5204 penetrasti.
2786 5133 2842 5190 Si
2878 5143 3160 5204 peccatum
3191 5134 3422 5189 mortale
3447 5149 3598 5189 com-

2003 5225 2250 5291 miseris,
2299 5235 2484 5294 portas
2522 5227 2712 5278 mortis
2772 5224 2986 5280 intrasti
3049 5243 3062 5279 :
3115 5223 3210 5280 sed
3256 5232 3452 5294 potens
3512 5233 3597 5279 est

2006 5317 2177 5383 Deus,
2216 5318 2306 5388 qui
2340 5317 2541 5372 exultet
2567 5327 2620 5372 te
2669 5316 2736 5370 de
2767 5319 2938 5388 portis
2964 5317 3189 5380 mortis;
3225 5329 3281 5370 ut
3306 5320 3595 5372 annunties

2000 5425 2192 5466 omnes
2217 5409 2405 5466 laudes
2427 5409 2548 5480 eius
2576 5408 2631 5465 in
2654 5408 2864 5480 portis‘1
2888 5409 3013 5465 ﬁliai
3031 5410 3181 5465 Sion.
3209 5409 3387 5464 Poma
3411 5417 3594 5464 autem

1993 5623 2209 5744 suetas
2235 5614 2395 5682 edit.,
2422 5631 2625 5703 omnem
2659 5616 2984 5688 veram-[Sic
3029 5613 3172 5672 ωιιι
3209 5619 3595 5690 ἱιιΙειρ.πᾶσαν

2057 5710 2249 5744 ητινην.

2057 5710 2375 5814 13τῗίξνιιιςιε.
2409 5775 2580 5830 pr0pe
2610 5759 2675 5814 ad
2709 5775 2894 5814 unum.
2932 5762 3003 5818 At
3031 5763 3167 5818 edit.
3197 5777 3418 5827 omnes,
3471 5763 3598 5828 ﬁlias

1993 5829 2144 5891 Sion.
2183 5831 2315 5890 Sunt
2345 5829 2479 5890 enim
2513 5829 2674 5908 porta:
2703 5834 2980 5902 castitatis,
3002 5845 3124 5892 sunt
3165 5845 3327 5908 porta:
3355 5835 3591 5910 justitiai.
