4014 6490
544 386 688 448 1693

1904 379 2149 440 SANCTI
2188 378 2512 439 AMBROSII

3702 384 3837 442 1006

539 505 808 566 Ecclesiae
828 514 1001 580 portae
1026 504 1293 564 castitatis
1317 511 1472 571 sunt,
1505 511 1675 573 portae
1710 500 1960 574 justitiae,
2001 515 2135 572 quas
2160 503 2214 565 Α
2242 498 2625 571 praedicantem
2665 496 2852 564 audit,
2895 504 3154 569 sequatur
3201 504 3507 565 errantem;
3559 498 3837 571 improbus

533 602 715 677 justus
754 603 959 659 intrare
983 600 1264 658 consuevit
1292 598 1521 656 dicens:
1551 598 1767 669 Aperite
1807 595 1934 651 mihi
1960 607 2139 668 portas

541 698 779 766 iustitiae,
814 706 863 753 et
887 699 1149 772 ingressus
1188 700 1242 752 in
1268 712 1355 753 eas
1394 695 1677 767 conﬁtebor
1706 694 1930 750 Domino
1959 692 2136 767 (Psal.

534 805 697 858 cxvn,
730 789 843 861 19).
882 789 988 846 Sed
1014 802 1071 845 ut
1108 798 1262 860 porta
1299 790 1492 845 mortis
1513 830 1527 855 ,
1558 797 1711 860 porta
1743 788 1898 844 inleri
1927 805 1939 841 :
1971 787 2044 842 ita
2086 796 2142 843 et

532 892 687 953 porta
711 881 960 951 juStitite,
980 880 1078 937 Dei
1092 889 1243 951 porta
1268 892 1371 937 est.
1394 880 1521 936 Ηίεε
1550 883 1693 938 enim
1720 889 1871 951 porta
1893 879 2136 949 Domini,

521 975 658 1046 justi
668 972 935 1029 intrabunt
953 990 1043 1043 per
1056 992 1169 1030 eam
1184 973 1349 1047 (Ibid.
1362 1017 1377 1043 ,
1394 973 1509 1047 20).
1533 974 1599 1030 Ει
1621 974 1744 1031 ideo
1765 974 1888 1046 fuge
1906 974 2138 1045 pertina-

532 1067 672 1123 ciam
684 1067 1005 1124 delictorum
1018 1111 1033 1135 ,
1050 1085 1117 1125 ne
1138 1080 1309 1141 porta:
1326 1070 1417 1125 tibi
1434 1069 1808 1141 possintinferi
1824 1068 2136 1140 praevalere;

529 1158 577 1216 si
595 1160 737 1216 enim
757 1160 1092 1217 dominatum
1112 1161 1275 1218 fuerit
1292 1173 1570 1233 peccatum
1602 1162 1657 1218 in
1683 1174 1753 1229 te,
1776 1163 1964 1217 mortis
1985 1170 2138 1232 porta

528 1254 862 1325 prtevalebit.
880 1255 1029 1327 Fuge
1041 1272 1173 1328 ergo
1188 1258 1587 1325 contentiones,
1605 1258 1995 1324 dissensiones,
2008 1266 2139 1313 stre-

530 1346 697 1417 pitus,
718 1349 1089 1419 tumultusque
1102 1349 1411 1418 discordiae;
1435 1366 1502 1407 ne
1520 1361 1703 1420 portas
1717 1352 1905 1406 mortis
1924 1351 2133 1422 ingres«

529 1453 623 1496 sus
657 1440 921 1499 incurras.
945 1442 1208 1498 Dominus
1230 1444 1373 1500 enim
1396 1444 1554 1500 Jesus
1579 1442 1830 1501 Christus
1854 1445 2135 1516 praedicari

526 1546 589 1590 se
606 1534 782 1605 primo
804 1535 999 1603 noluit,
1021 1551 1089 1593 ne
1108 1536 1249 1592 ullus
1265 1539 1527 1608 strepitus
1557 1548 1892 1595 nasceretur.
1913 1538 2136 1595 llIncre-

528 1636 624 1697 pat
650 1627 947 1700 discipulos
976 1646 1129 1699 suos,
1156 1648 1225 1689 ne
1256 1633 1340 1688 cui
1369 1633 1485 1689 haec
1502 1634 1746 1691 dicerent
1767 1678 1781 1703 ,
1807 1634 1951 1707 quod

600 1721 907 1796 (Vers.22.)
943 1724 1158 1795 Oportet
1190 1724 1393 1783 Filium
1441 1728 1664 1784 hominis
1696 1730 1859 1785 multa
1888 1732 2027 1801 pati,
2085 1740 2133 1786 et

524 1815 796 1884 reprobari
839 1832 871 1870 a
912 1818 1235 1889 principibus
1275 1822 1620 1887 sacerdotum,
1656 1832 1705 1877 et
1742 1821 2051 1891 senioribus,
2084 1833 2132 1878 et

527 1909 739 1979 scribis,
773 1921 820 1967 et
860 1912 1062 1982 occidi,
1092 1924 1141 1968 et
1168 1913 1254 1969 die
1282 1916 1430 1971 tertio
1456 1933 1745 1989 resurgere.

605 2002 733 2061 100.
770 2005 837 2060 Ει
876 2005 1110 2063 fortasse
1142 2007 1266 2065 ideo
1288 2009 1393 2065 hoc
1428 2009 1636 2066 addidit
1680 2010 1969 2080 Dominus,
2003 2012 2128 2083 quia

531 2097 740 2155 sciebat
768 2097 992 2156 difﬁcile
1012 2102 1246 2171 passioni
1273 2112 1327 2159 et
1350 2104 1740 2161 resurrectioni
1768 2105 1932 2160 etiam
1962 2104 2130 2162 disci-

530 2194 689 2266 pulos
714 2195 1037 2253 credituros.
1066 2198 1135 2254 Et
1155 2198 1278 2256 ideo
1318 2200 1590 2272 passionis
1629 2210 1686 2257 et
1707 2203 2129 2258 resurrectionis

528 2301 644 2343 sure
671 2300 912 2346 assertor
938 2306 1062 2349 esse
1106 2294 1324 2361 maluit;
1361 2304 1417 2351 ut
1444 2312 1509 2351 ex
1550 2297 1696 2353 facto
1738 2295 1895 2365 ﬁdes,
1924 2312 2033 2353 non
2057 2312 2127 2354 ex

527 2380 714 2439 auditu
757 2383 1034 2441 discordia
1082 2399 1418 2444 nasceretur.
1476 2389 1622 2462 Ergo
1658 2389 1903 2447 Christus
1955 2390 2129 2447 noluit

531 2476 786 2547 gloriari,
838 2480 937 2537 sed
977 2481 1168 2539 maluit
1212 2484 1467 2555 ignobilis
1493 2486 1699 2555 videri,
1730 2496 1789 2543 ut
1820 2488 2125 2557 passionem

525 2570 784 2627 subiret:
832 2581 888 2629 et
935 2582 990 2629 tu
1044 2576 1135 2648 qtti
1190 2578 1442 2649 ignobilis
1482 2590 1639 2636 natus
1688 2596 1787 2649 es,
1836 2582 2127 2654 gloriaris?

529 2661 738 2721 Eadem
783 2667 914 2733 tibi,
946 2684 1052 2740 qua
1094 2668 1344 2727 Christus
1394 2673 1720 2745 ambulavit,
1766 2677 2125 2746 gradiendum

525 2767 613 2814 est
658 2759 767 2819 via.
824 2761 950 2818 Haec
976 2764 1096 2834 ejus
1122 2766 1358 2837 agnitio,
1404 2767 1617 2843 1508
1653 2769 1769 2827 haec
1799 2770 1916 2842 ejus
1948 2771 2127 2828 imita-

528 2853 683 2921 tatio,
714 2870 813 2925 per
843 2856 1234 2929 ignobilitatem
1264 2876 1328 2917 ac
1360 2862 1555 2918 bonam
1586 2865 1818 2931 tamam;
1850 2865 2126 2937 utglorie—

496 2946 601 3010 .ris
656 2949 710 3005 in
742 2965 907 3007 cruce
962 2954 1194 3021 Domini,
1247 2956 1385 3012 sicut
1419 2958 1534 3028 ipse
1565 2968 1649 3015 est
1694 2960 1979 3030 gloriatus.
2034 2962 2125 3018 Sic

526 3040 829 3099 ambulavit
854 3042 1056 3102 Paulus
1080 3090 1096 3111 ,
1141 3057 1196 3104 et
1254 3048 1377 3105 ideo
1405 3050 1665 3121 gloriatur
1695 3050 1886 3107 dicens
1925 3070 1936 3105 :
1997 3052 2125 3107 Mihi

524 3142 694 3187 autent
725 3135 856 3190 obsit
886 3138 1131 3209 gloriari,
1159 3143 1259 3196 nisi
1288 3144 1343 3196 in
1370 3158 1520 3198 cruce
1568 3141 1780 3199 Domini
1811 3146 1974 3200 nostri
1998 3143 2123 3201 Iesu

530 3223 724 3280 Christi
753 3226 955 3300 (Galat.
989 3246 1041 3287 γι
1062 3273 1076 3299 ,
1108 3231 1222 3303 14).

2240 594 2384 650 enim
2415 592 2670 664 magister
2692 599 2779 647 est
2797 590 3045 647 diabolus
3061 632 3077 658 ,
3104 591 3195 662 qui
3224 589 3359 646 falsa
3377 590 3529 648 veris
3555 607 3705 662 saepe
3728 608 3838 663 per-

2241 690 2468 755 miscet;
2498 698 2558 745 ut
2584 687 2769 759 specie
2811 686 3054 745 veritatis
3093 686 3465 744 testimonium
3506 688 3720 747 fraudis
3747 689 3840 746 ob-

2243 789 2407 838 ιθχθι.

2315 875 2437 931 105.
2495 876 2669 931 Etiam
2725 875 2859 931 illud
2904 874 3346 942 consideremus,
3378 884 3560 931 utrum
3613 874 3704 931 hic
3738 875 3838 947 pri-

2240 988 2388 1028 mum
2419 973 2760 1029 mandaverit
2802 974 3113 1045 discipulis,
3168 991 3238 1031 ne
3280 975 3367 1031 cui
3414 976 3664 1032 dicerent
3716 977 3836 1048 quia

2242 1066 2359 1137 ipse
2388 1076 2534 1122 esset
2572 1066 2823 1123 Christus
2872 1085 2884 1121 :
2929 1082 2996 1123 an
3043 1083 3173 1123 vero
3215 1080 3271 1125 et
3320 1078 3445 1125 ante
3466 1069 3831 1137 mandaverit,

2239 1160 2455 1231 quando
2483 1162 2758 1231 apostolos
2797 1161 3085 1217 duodecim
3130 1162 3461 1229 destinavit,
3509 1162 3834 1219 denuntians

2239 1252 2382 1308 illis:
2418 1252 2485 1307 In
2514 1254 2607 1308 viis
2636 1257 2867 1325 gentium
2910 1273 2974 1311 ne
3003 1256 3425 1324 ambulaveritis,
3456 1266 3505 1311 et
3532 1257 3589 1311 in
3613 1255 3835 1310 civitates

2240 1346 2692 1404 Samaritanorum
2722 1366 2783 1404 ne
2828 1350 3131 1404 introieritis
3164 1366 3183 1404 :
3212 1351 3281 1405 ite
3302 1359 3474 1405 autent
3496 1350 3567 1404 ad
3590 1366 3709 1405 oves
3728 1364 3834 1419 qua

2236 1442 2497 1513 perierunt
2519 1444 2700 1497 domus
2726 1442 2992 1499 Israel....
3020 1453 3241 1517 a'grotos
3290 1453 3563 1498 curate....
3604 1444 3830 1513 leprosos

2235 1537 2504 1602 mundule,
2530 1538 2785 1593 dwmonia
2823 1537 3086 1609 ejicite....
3118 1549 3165 1593 et
3189 1541 3241 1592 in
3267 1554 3638 1609 quamcumque
3660 1536 3827 1591 civita-

2238 1640 2406 1687 tem...
2430 1632 2763 1699 intraueritis,
2796 1632 2980 1686 discite
3004 1633 3120 1703 quis
3148 1632 3202 1685 in
3234 1648 3293 1686 ea
3331 1631 3518 1701 dignus
3548 1631 3639 1694 sit,
3684 1638 3827 1700 atque

2234 1725 2306 1780 ibi
2323 1737 2522 1780 manete
2548 1724 2741 1797 (Marc.
2771 1741 2805 1781 ι
2822 1766 2838 1792 ,
2870 1726 3047 1796 5-11).
3076 1724 3262 1794 Itaque
3284 1739 3383 1781 nec
3406 1724 3494 1781 hic
3516 1724 3826 1781 mandatum

2236 1820 2473 1888 videtur,
2502 1830 2561 1874 ut
2584 1819 2866 1875 Christum
2897 1821 2991 1876 Dei
3024 1819 3223 1875 Filium
3254 1819 3639 1889 prtedicarent.

2160 1944 2209 2005 Β
2308 1913 2433 1971 104.
2474 1912 2620 1969 Ordo
2647 1913 2811 1983 igitur
2836 1906 2866 1949 δ
2896 1911 3284 1984 disputationis
3313 1920 3399 1967 est
3448 1910 3587 1967 ordo
3629 1919 3825 1966 tracta-

2237 2018 2345 2077 tus,
2377 2018 2431 2064 et
2462 2007 2583 2064 ideo
2612 2008 2777 2062 etiam
2806 2020 2907 2061 nos
2930 2046 2945 2072 ,
2993 2020 3121 2061 cum
3150 2004 3315 2077 aliqui
3344 2020 3412 2059 ex
3459 2003 3716 2075 gentibus
3741 2016 3828 2058 vo-

2232 2111 2429 2158 cantur
2457 2101 2524 2157 ad
2556 2100 2880 2165 Ecclesiant,
2923 2099 2995 2155 ita
3044 2108 3439 2170 praeceptorum
3474 2097 3677 2153 seriem
3728 2096 3827 2151 lor-

2233 2212 2385 2254 mare
2441 2196 2723 2260 debemus,
2783 2206 2839 2249 ut
2884 2193 3059 2264 primo
3109 2208 3274 2249 unum
3324 2193 3495 2247 Deum
3547 2199 3824 2247 auctorem

2232 2290 2422 2347 mundi
2460 2288 2816 2359 omniumque
2842 2300 2965 2344 esse
2985 2286 3305 2354 doceamus,
3330 2288 3385 2341 in
3431 2300 3541 2357 quo
3571 2284 3821 2351 vivimus,

2229 2395 2285 2443 et
2310 2401 2499 2442 sumus
2526 2393 2580 2439 et
2610 2399 2913 2448 movemur,
2932 2384 3090 2453 cujus
3116 2391 3173 2437 et
3196 2396 3369 2453 genus
3395 2395 3619 2445 sumus;
3645 2389 3706 2435 ut
3722 2395 3825 2436 non

2231 2480 2407 2537 solum
2439 2488 2661 2550 propter
2707 2492 2932 2533 munera
2981 2476 3117 2532 lucis
3150 2484 3205 2531 et
3230 2474 3373 2542 vitm,
3425 2490 3619 2531 verum
3666 2476 3820 2529 etiam

2232 2589 2453 2649 propter
2494 2576 2878 2647 cognationem
2914 2574 3201 2646 quamdam
3249 2572 3470 2644 generis
3519 2570 3821 2643 diligendus

2229 2689 2259 2729 a
2285 2673 2441 2729 nobis
2463 2671 2551 2726 sit.
2587 2671 2791 2726 Deinde
2818 2670 3133 2741 opinionem
3162 2668 3331 2735 illam,
3360 2683 3482 2739 qua:
3508 2675 3599 2723 est
3616 2666 3685 2723 de
3713 2665 3821 2722 ido-

2229 2767 2333 2833 lis,
2374 2766 2749 2831 destruamus;
2782 2774 2839 2819 ut
2867 2780 2975 2819 non
3025 2764 3201 2834 possit
3224 2762 3344 2818 auri
3370 2762 3694 2833 argentique
3741 2760 3819 2816 vel

2230 2861 2361 2933 ligni
2389 2860 2615 2916 materia
2640 2862 2748 2915 vim
2791 2860 2844 2914 in
2884 2874 2944 2915 se
2968 2859 3167 2915 habere
3192 2856 3449 2913 divinam.
3480 2854 3620 2912 Cum
3662 2871 3818 2911 unum

2229 2956 2399 3012 Deum
2428 2970 2548 3011 esse
2579 2955 2952 3026 persuaseris,
2988 2965 3010 2992 ε
3047 2958 3174 3009 tunc
3203 2952 3401 3009 indicio
3447 2951 3568 3023 ejus
3612 2959 3819 3007 astrues

2227 3065 2326 3123 per
2350 3051 2622 3107 Christum
2656 3050 2813 3106 nobis
2838 3049 3071 3106 salutem
3095 3048 3305 3115 datam;
3331 3048 3597 3119 incipiens
3625 3047 3694 3103 ab
3719 3047 3819 3103 illis

2226 3162 2349 3219 quae
2377 3148 2545 3217 gessit
2590 3148 2641 3201 in
2675 3161 2927 3217 corpore,
2980 3155 3034 3201 et
3058 3161 3120 3202 ea
3153 3144 3334 3201 divina
3373 3144 3696 3202 describens
3718 3187 3735 3212 ,
3767 3152 3818 3199 ut

2228 3240 2349 3311 plus
2372 3255 2532 3311 quam
2567 3239 2730 3295 homo
2759 3238 2928 3295 fuisse
2972 3238 3240 3306 videatur,
3266 3238 3465 3293 victam
3519 3238 3681 3294 unius
3722 3239 3819 3294 vir-

600 3318 723 3420 ιριο
766 3320 1185 3420 δθάᾳνίάεξιηιυε
1210 3340 1309 3382 cur
1337 3328 1635 3383 secundum
1688 3327 2000 3385 Μὶιιιιιωυιη
2029 3346 2120 3387 re-
2150 3354 2199 3420 ρ
2228 3346 2341 3395 tute
2390 3344 2653 3408 mortem,
2709 3349 3089 3409 mortuumque
3133 3337 3202 3393 ab
3232 3337 3419 3393 inferis
3461 3337 3812 3402 suscitatam;

527 3412 801 3482 periamus
821 3413 1131 3471 admonitos
1153 3418 1477 3489 discipulos,
1510 3436 1577 3477 ne
1598 3423 1683 3477 cui
1712 3422 1961 3479 dicerent
1979 3424 2123 3494 quod

502 3504 644 3575 ipse
669 3507 739 3562 sit
763 3507 1011 3566 Christus
1042 3528 1055 3564 :
1087 3511 1174 3568 hic
1204 3524 1387 3570 autem
1430 3517 1688 3587 scriptum
1718 3516 1791 3572 sit
1817 3518 2126 3589 increpatos

523 3612 649 3655 esse
672 3639 692 3668 ,
718 3616 786 3657 ne
809 3602 895 3657 cui
926 3602 1179 3661 dicerent
1210 3606 1353 3677 quod
1379 3619 1524 3665 esset
1572 3610 1738 3665 multa
1769 3626 2030 3682 passurus
2071 3623 2128 3671 ct

526 3704 939 3750 resurrecturus
970 3695 1201 3767 (Matth.
1227 3715 1315 3756 xvt
1336 3742 1352 3769 ,
1382 3699 1497 3774 20).
1536 3702 1741 3760 Videtis
1766 3704 1909 3774 quod
1940 3705 1993 3759 in
2018 3722 2126 3762 uno

526 3785 729 3843 Christi
759 3791 980 3846 nomine
1025 3793 1205 3847 omnia
1234 3794 1363 3850 sint.
1397 3794 1520 3866 Ipse
1568 3807 1653 3853 est
1678 3799 1823 3853 enim
1879 3798 2124 3856 Christus

522 3880 615 3950 qui
648 3890 807 3937 natus
832 3892 917 3938 est
945 3898 1010 3939 ex
1046 3884 1292 3958 Virgine,
1322 3888 1441 3960 ipse
1470 3902 1552 3945 est
1582 3893 1671 3962 qui
1704 3892 1970 3949 mirabilia
1999 3894 2123 3951 [erit

523 3971 578 4027 in
610 3974 835 4044 papulo,
870 3976 987 4047 ipse
1012 3979 1104 4050 qtti
1129 3989 1377 4036 mortuus
1407 3992 1489 4038 est
1508 3998 1606 4054 pro
1638 3988 1874 4055 peccatis
1896 3990 2120 4056 nostris,

521 4076 578 4123 ct
601 4072 901 4127 resurrexit
926 4088 955 4126 τι
986 4074 1238 4131 mortuis.
1272 4075 1451 4134 Unum
1494 4077 1690 4135 horum
1716 4082 1762 4138 si
1796 4085 2119 4151 retraxeris,

522 4164 805 4220 retraxisti
834 4167 1065 4224 salutem
1100 4180 1267 4226 tuam.
1299 4172 1431 4228 Nam
1455 4174 1617 4229 etiam
1649 4174 1891 4232 haeretici
1920 4177 2122 4234 habere

519 4255 625 4312 sibi
654 4256 933 4315 Christum
978 4262 1269 4330 videntur;
1322 4276 1482 4322 nemo
1510 4268 1657 4324 enim
1688 4267 1890 4326 Christi
1920 4288 2119 4328 nomen

521 4356 684 4419 negat
738 4367 752 4404 :
798 4351 896 4408 sed
942 4365 1103 4425 negat
1146 4356 1445 4426 Christum,
1492 4362 1584 4431 qui
1628 4376 1735 4418 non
1777 4365 1958 4421 omnia
2002 4384 2122 4437 qua:

462 4451 469 4457 '
520 4440 726 4499 Christi
752 4456 902 4513 sunt,
937 4448 1251 4506 conﬁtetur.
1278 4452 1458 4509 Multis
1490 4455 1650 4522 igitur
1669 4470 1739 4513 ex
1768 4460 1949 4514 causis
1966 4460 2123 4531 jubet

521 4543 704 4593 tacere
733 4537 1061 4613 discipulos;
1093 4556 1147 4600 ut
1173 4546 1323 4603 fallat
1352 4549 1650 4621 principem
1691 4553 1912 4623 mundi,
1939 4565 1998 4611 ut
2026 4557 2123 4613 de-

519 4629 689 4687 clinet
709 4634 1029 4704 jztclantiam
1056 4680 1071 4705 ,
1105 4640 1300 4697 doceat
1329 4642 1726 4714 humilitatem;
1750 4648 1910 4705 simul
1941 4667 2009 4708 ne
2032 4667 2122 4707 ru-

2231 3434 2490 3506 paulatim
2517 3435 2662 3491 enim
2714 3434 2849 3490 ﬁdes
2879 3434 3107 3498 crescit,
3133 3440 3194 3488 ut
3230 3447 3355 3489 cum
3401 3447 3554 3503 supra
3601 3430 3812 3504 1509

2232 3528 2480 3584 homines
2519 3528 2688 3585 fuisse
2734 3530 3008 3595 videatur,
3046 3528 3189 3584 Deus
3226 3543 3351 3584 esse
3381 3527 3649 3585 credatur.
3675 3526 3807 3581 Nam

2231 3622 2338 3679 nisi
2383 3622 2697 3692 probaveris
2728 3621 2870 3693 quod
2916 3620 3095 3676 facere
3132 3620 3223 3675 illa
3252 3623 3373 3676 sine
3411 3620 3590 3675 divina
3620 3619 3814 3673 virtute

2231 3731 2337 3771 non
2366 3718 2570 3787 potuit,
2600 3714 3060 3788 quemadmodum
3085 3723 3240 3785 potes
3268 3714 3502 3785 probare
3529 3714 3582 3769 in
3622 3728 3688 3769 co
3714 3713 3813 3767 vim

2229 3808 2397 3864 fuisse
2417 3809 2705 3864 divinam?
2906 3804 2917 3811 ’

2304 3900 2423 3959 105.
2452 3901 2558 3957 Sed
2593 3900 2826 3957 fortasse
2856 3900 3013 3956 nobis
3040 3914 3228 3972 parum
3254 3900 3595 3957 auctoritatis
3620 3908 3677 3955 et
3702 3899 3815 3955 lidei

2227 3993 2541 4050 deferatur:
2574 3993 2691 4065 lege
2719 4009 3025 4050 sermonem
3056 3993 3303 4064 Apostoli
3340 3992 3482 4062 apud
3526 3992 3818 4047 Athenien-

2227 4102 2315 4142 ses
2350 4088 2586 4142 habitum
2614 4131 2628 4153 ,
2652 4087 2742 4157 qui
2774 4088 2818 4142 si
2850 4104 2877 4140 ιι
2912 4087 3088 4157 primo
3114 4085 3398 4142 destruere
3428 4085 3694 4142 voluisset
3715 4100 3816 4140 cm-

2227 4182 2500 4236 remonias
2532 4180 2795 4235 idolorum
2818 4221 2833 4245 ,
2865 4194 3173 4236 sermonem
3202 4179 3321 4248 ejus
3350 4194 3512 4234 aures
3541 4179 3817 4250 gentilium

2226 4275 2581 4343 respuissent.
2634 4274 2715 4328 Ab
2745 4288 2852 4328 uno
2888 4274 3048 4345 igitur
3081 4272 3192 4327 Deo
3218 4281 3502 4342 operatore
3530 4272 3718 4328 mundi
3744 4270 3821 4326 in-

2225 4366 2359 4438 cipit
2388 4367 2573 4422 dicens
2605 4385 2617 4421 :
2664 4366 2805 4421 Deus
2833 4367 2921 4437 qui
2953 4366 3072 4439 fecit
3101 4367 3349 4420 mundum
3369 4406 3385 4432 ,
3420 4374 3471 4421 et
3498 4375 3687 4420 cuncta
3715 4380 3822 4428 qua:

2224 4472 2344 4516 sunt
2364 4461 2416 4513 in
2441 4476 2501 4515 eo
2532 4459 2690 4533 (Met.
2719 4476 2849 4528 xvu,
2880 4458 3009 4532 24).
3064 4458 3259 4531 Negari
3289 4475 3393 4514 non
3422 4468 3633 4530 poterat
3662 4474 3821 4514 unum

2225 4562 2567 4623 operatorem
2591 4569 2713 4610 esse
2742 4552 2951 4620 mundi,
2977 4568 3143 4608 unum
3164 4552 3361 4620 Deum,
3388 4568 3555 4609 unum
3583 4553 3821 4609 omnium

2225 4655 2550 4703 creatorem.
2583 4646 2844 4717 Adjunxit
2869 4662 2935 4702 eo
2956 4646 3099 4718 quod
3129 4647 3254 4703 coeli
3290 4657 3345 4703 et
3374 4657 3535 4704 terrae
3565 4649 3824 4704 Dominus

518 4721 617 4821 des
647 4732 703 4779 et
733 4726 1036 4799 imperfecti
1059 4732 1236 4790 adhuc
1262 4736 1518 4810 discipuli
1555 4741 1809 4798 maxima:
1859 4744 2121 4815 praedica-
2148 4758 2204 4821 ι)
2227 4738 2254 4778 ά
2286 4741 2338 4796 in
2369 4740 2697 4797 manufactis
2729 4757 2835 4797 non
2862 4740 3115 4813 dignetur
3147 4742 3411 4799 habitare.
3444 4741 3651 4798 Deinde
3680 4741 3821 4810 quod

521 4816 686 4874 tionis
704 4822 939 4880 molibus
968 4828 1368 4897 opprimantur.

598 4910 720 4967 102.
763 4913 917 4972 Nunc
968 4935 1072 4989 qua
1118 4935 1280 4977 causa
1323 4925 1484 4982 etiam
1534 4927 1844 4986 immundos
1895 4932 2121 5001 spiritus

518 5001 708 5073 jubeat
730 5015 931 5078 tacere,
955 5013 1389 5073 consideremus.
1418 5018 1524 5074 Sed
1546 5030 1601 5076 et
1630 5022 1732 5078 hoc
1755 5024 1915 5079 nobis
1936 5023 2121 5097 Scripo

522 5103 641 5151 tura
674 5102 919 5171 aperuit,
975 5107 1100 5177 quia
1136 5107 1401 5165 Peciraturi
1445 5112 1578 5167 dixit
1630 5113 1774 5169 Deus
1806 5131 1826 5169 :
1868 5116 2043 5181 Quare
2065 5130 2120 5173 tu

519 5203 734 5247 enarras
752 5196 989 5266 justitias
1020 5192 1158 5257 metis
1193 5200 1367 5275 (Psal.
1398 5220 1544 5270 χιιι,
1574 5205 1706 5280 i6)?
1733 5207 1811 5265 Ne
1837 5210 1960 5280 quis
1988 5211 2116 5268 dum

586 5358 804 5445 9.50m.
832 5360 963 5417 edit.
994 5363 1141 5445 sola,
1192 5366 1282 5421 Sic
1329 5367 1465 5445 enim
1489 5367 2042 5445 scribit_Epangetista
2085 5392 2104 5430 :

520 5430 587 5483 At
612 5431 706 5486 ille
736 5433 1009 5503 increpans
1033 5436 1153 5492 illos
1175 5478 1191 5505 ,
1246 5440 1484 5511 prterepit
1516 5457 1579 5495 ne
1605 5442 1687 5496 cui
1713 5430 1964 5501 dicereut.
1996 5445 2105 5502 Sed

520 5501 836 5556 frequentes
862 5506 938 5556 illi
969 5507 1106 5556 tales
1139 5510 1481 5556 mntntinneg

546 5514 836 5613 rebquentes
862 5507 938 5561 illi
969 5507 1106 5563 tales
1138 5507 1482 5567 mutationes.

616 5575 826 5661 _l_d.est,
858 5581 1310 5661 quemadmodum
1344 5584 1396 5661 in
1428 5583 1886 5661 disputationibus
1927 5589 2104 5660 philo-

510 5647 756 5731 sophicis
782 5647 1077 5731 procedere
1103 5654 1283 5709 solent
1310 5670 1350 5731 a_
1363 5647 1697 5731 facilioribus
1717 5668 1773 5714 et
1800 5647 2098 5731 simplicio-

513 5720 666 5797 ribus
691 5721 757 5777 ad
786 5722 1089 5797 difﬁciliora
1116 5734 1171 5782 et
1212 5728 1382 5795 magis
1417 5728 1675 5792 impedita
1700 5770 1716 5797 ,
1749 5731 1828 5788 sic
1874 5720 1926 5789 in
1960 5743 2102 5792 trac-

513 5794 681 5870 tando
698 5810 928 5870 quoque
950 5796 1246 5870 Evangelio
1280 5794 1711 5870 procedendum.

571 5868 864 5953 ncttnierb.
904 5883 1028 5928 cum
1083 5868 1213 5931 mss.
1245 5868 1491 5947 aliquot;
1541 5880 1665 5932 tunc
1706 5876 1933 5953 judicio,
1969 5879 2101 5953 eius.

513 5932 690 5997 Minus
717 5937 876 6000 bene.
1335 5932 1354 5947 ³
1472 5932 1489 5944 ’
1706 5932 1728 5952 ⁸
1762 5932 1767 5933 ί

2225 4834 2368 4890 intra
2406 4834 2523 4889 auri
2568 4836 2882 4906 argentique
2916 4848 3127 4891 cassam
3157 4835 3443 4891 materiem
3484 4849 3821 4907 nequaquam

2223 4929 2519 4986 verisimile
2545 4930 2617 4985 sit
2646 4930 2875 4985 artiticio
2902 4929 3133 4985 hominis
3163 4928 3274 4985 vim
3306 4929 3609 4985 divinitatis
3648 4930 3820 4985 inclu-

2222 5024 2275 5081 di
2304 5042 2317 5081 :
2346 5025 2553 5082 erroris
2583 5024 2881 5081 remedium
2913 5024 3113 5079 docens
3137 5038 3262 5080 esse
3287 5023 3522 5079 studium
3548 5024 3821 5094 paeniten-

2220 5119 2295 5175 di.
2323 5119 2476 5175 Tunc
2508 5119 2653 5175 venit
2680 5118 2747 5173 ad
2777 5118 3073 5183 Christum,
3106 5127 3129 5155 °
3163 5133 3261 5173 nec
3290 5130 3471 5173 tamen
3502 5117 3669 5173 Deum
3708 5132 3823 5172 ma-

2221 5213 2320 5270 luit
2339 5230 2499 5286 quant
2523 5212 2796 5270 hominem
2817 5212 3344 5284 nuneupare,dicens
3368 5208 3585 5266 :Inairo
3609 5228 3711 5282 quo
3735 5211 3822 5267 de-

2287 5373 2314 5413 d
2348 5375 2476 5431 Mss.
2506 5376 2735 5446 aliquot.
2769 5380 2949 5431 nonin
2975 5377 3289 5446 manufactis
3308 5376 3483 5433 idolis.
3514 5376 3707 5432 Melius
3727 5377 3822 5431 alii

2206 5463 2330 5503 cum
2352 5447 2483 5503 edit.
2513 5463 2727 5517 vocem,
2754 5450 2931 5512 idolis,
2959 5464 3065 5504 non
3094 5450 3409 5514 admittunt,
3435 5463 3533 5518 pro
3560 5464 3664 5518 qua
3690 5448 3820 5502 sub.

2207 5519 2427 5575 auditur
2458 5522 2685 5589 templis,
2717 5531 2773 5575 ut
2795 5520 3060 5576 referatur
3084 5520 3151 5575 ad
3200 5520 3449 5591 Apostoli
3480 5519 3667 5585 verba,
3721 5522 3813 5576 οὐκ

2208 5592 2258 5648 ἐν
2288 5598 2674 5665 χειροποιήτοις
2703 5601 2847 5655 ναοῖς
2876 5601 3115 5650 κατοικεῖ.

2288 5614 2381 5665 χει
2417 5614 2674 5655 οποιητοις
2703 5615 2847 5655 ναοις
2876 5614 3115 5650 metuet.

2282 5674 2306 5701 θ
2347 5613 2473 5719 Moss.
2509 5674 2741 5735 quatuor
2771 5708 2785 5727 ,
2819 5681 2911 5720 nec
2958 5675 3128 5719 tamen
3157 5662 3325 5719 Deum
3366 5664 3562 5727 tacuit,
3606 5664 3818 5730 quando

2208 5738 2467 5792 hominem
2494 5739 2830 5809 nuncupavit.
2879 5735 3019 5791 Infra
3069 5751 3199 5792 vero
3247 5736 3345 5809 ubi
3385 5738 3565 5791 cuncti
3599 5750 3739 5809 mss.
3765 5745 3820 5790 et

2197 5820 2314 5865 ant.
2362 5809 2496 5865 edit.
2546 5806 2777 5880 deﬁnivit
2804 5810 3041 5866 omnibus
3076 5810 3273 5879 ﬁdem;
3314 5806 3471 5862 Rom.
3523 5808 3813 5879 reposuit,

2196 5882 2451 5953 deﬁnivit,
2470 5882 2699 5954 praebens
2722 5882 2956 5939 omnibus
2977 5881 3156 5953 ﬁdem,
3180 5881 3235 5937 in
3257 5893 3366 5952 quo
3388 5880 3439 5937 ei
3460 5887 3643 5939 textus
3663 5882 3811 5950 Apo—

2196 5954 2420 6010 stolieus
2452 5955 2842 6027 patrocinatur.
