4014 6510
293 393 320 447 1
336 390 459 448 697
1296 390 1660 450 EXPOSI'HO
1702 384 1898 444 EVANt

2009 386 2145 444 SEO.
2190 388 2344 447 LUC.
2387 387 2516 447 LIB.
2560 387 2650 444 Vl.
3486 389 3627 449 1698

290 506 485 574 ﬁuit-it
502 508 737 563 omnibus
756 508 929 579 ﬁdem,
955 505 1211 563 suscitans
1230 522 1344 562 eum
1360 506 1424 561 ab
1441 507 1624 576 inferis
1643 506 1921 575 (Art.xvtt,
1950 500 2004 560 A
2030 498 2154 555 Haec
2185 511 2266 557 est
2298 501 2419 558 ﬁdei
2451 501 2619 572 gloria
2647 542 2661 567 ,
2688 499 2733 556 si
2767 514 2891 557 vere
2920 498 3188 573 intelligas
3223 515 3443 558 crucem
3470 502 3630 560 Chri-

290 598 431 671 51).
478 602 581 669 Qui
613 602 758 657 enim
781 608 999 667 tractat,
1041 598 1551 656 debetaudientium
1571 598 1924 654 considerare
2026 595 2115 649 Sti.
2152 596 2286 650 Alim
2312 610 2502 652 cruces
2532 594 2661 650 nihil
2692 594 2823 650 mihi
2855 606 3103 666 prosunt,
3131 594 3244 651 sola
3268 612 3399 652 crux
3420 595 3624 671 Christi

290 705 622 761 personas;
663 710 730 748 ne
765 691 912 760 prius
939 690 1235 746 irrideatur
1261 706 1419 762 quam
1462 689 1734 745 audiatur.
1777 688 1923 757 Quo-
2024 686 2155 741 mihi
2202 688 2352 743 utilis
2376 698 2481 753 cst,
2514 698 2570 745 et
2598 703 2725 745 vere
2754 688 2924 754 utilis,
2951 688 3055 744 Per
3073 706 3225 761 quam
3246 689 3375 745 mihi
3401 690 3623 745 ntundus

290 784 479 839 modo
500 784 643 840 enim
674 782 1036 840 Athenienses
1064 782 1349 839 crederent
1378 784 1505 855 quia
1533 781 1762 839 Verbum
1790 795 1921 839 caro
2021 780 2302 849 cruciﬁxus
2324 791 2420 848 est,
2452 789 2499 837 et
2522 797 2615 853 ego
2638 782 2834 837 mundo
2863 784 2883 856 (
2906 779 3082 837 (ὅσιαι.
3114 797 3168 837 vr
3190 824 3205 847 ,
3240 781 3366 855 14).
3399 783 3455 840 Si
3487 781 3623 838 mihi

290 876 515 933 factum
547 886 651 947 est,
690 877 832 933 etde
867 877 1073 948 Spiritu
1103 887 1291 932 sancto
1318 875 1483 948 Virgo
1506 876 1796 947 concepit,
1824 877 1917 946 qui

287 970 614 1028 irridebant
640 972 765 1043 quia
790 974 1249 1028 resurrectionem
1269 969 1553 1025 audierant
1580 980 1915 1027 mortuorum

286 1064 505 1138 (Ibid.,
538 1066 634 1137 52)
666 1067 691 1121 ?
729 1066 934 1123 Tamen
968 1076 1023 1123 et
1054 1065 1340 1137 Dionysius
1362 1065 1716 1136 Areopagites
1738 1064 1916 1121 credi-

284 1161 404 1227 dit,
442 1173 495 1217 et
518 1162 609 1217 alii
638 1161 987 1218 crediderunt
1014 1162 1066 1216 in
1089 1162 1261 1216 virum
1291 1177 1305 1227 ;
1339 1168 1396 1217 ut
1438 1160 1491 1216 in
1535 1161 1701 1217 Deum
1724 1161 1915 1216 crede—

282 1265 429 1312 rent
458 1257 475 1329 (
500 1255 666 1323 Ibid.,
699 1254 808 1325 54).
850 1255 985 1324 Quid
1017 1254 1282 1322 interest,
1314 1271 1421 1326 quo
1449 1256 1677 1327 quisque
1723 1255 1912 1312 credat

282 1350 537 1406 ordine?
566 1349 685 1405 Non
712 1348 765 1403 in
792 1348 1069 1420 principiis
1091 1346 1324 1418 perfecta
1346 1357 1694 1418 qureruntur:
1721 1347 1817 1404 sed
1843 1347 1912 1405 de

284 1442 593 1514 principiis
623 1432 690 1496 ad
728 1457 790 1497 ea
811 1457 930 1513 quae
963 1439 1196 1509 perfecta
1240 1448 1364 1495 sunt
1390 1440 1721 1509 pervenitur.
1765 1439 1910 1513 Ergo

285 1537 395 1592 tali
454 1524 816 1592 Athenienses
860 1534 1169 1590 informavit
1218 1544 1485 1604 praecepto
1522 1551 1536 1589 :
1580 1534 1704 1590 talis
1752 1533 1909 1590 nobis

285 1630 450 1700 apud
477 1630 708 1699 gentiles
728 1628 860 1685 ordo
889 1627 1187 1683 servandus
1210 1637 1313 1682 est.

380 1724 507 1779 106.
546 1724 615 1779 At
644 1737 772 1778 vero
792 1736 912 1776 cum
938 1720 1158 1777 Judreos
1198 1721 1601 1791 alloqucrentur
1629 1720 1861 1793 apostoli
1887 1764 1903 1789 ,

287 1816 483 1887 ipsum
514 1814 785 1871 Christum
828 1828 949 1870 esse
981 1813 1236 1870 dicebant
1268 1816 1359 1887 qui
1390 1817 1719 1886 propheticis
1746 1816 1903 1871 nobis

2020 874 2313 931 cruciﬁxus
2339 886 2423 932 est
2459 877 2692 932 mundus
2714 918 2730 944 ,
2763 876 2875 934 scio
2902 878 3029 949 quia
3058 886 3302 934 mortuus
3341 884 3426 933 est
3451 918 3467 944 ,
3513 890 3623 932 non

2017 968 2185 1041 diligo
2207 986 2353 1035 eum;
2383 971 2498 1026 scio
2520 971 2643 1042 quia
2675 972 2940 1042 przcterit,
2968 988 3075 1029 non
3103 972 3426 1043 concupisco
3454 986 3575 1027 eum
3602 985 3620 1037 ;

2016 1063 2130 1119 scio
2156 1064 2280 1134 quia
2323 1064 2633 1134 corruptela
2661 1066 2934 1121 consumit
2964 1064 3106 1121 hunc
3134 1064 3393 1121 mundum
3417 1107 3434 1132 ,
3468 1062 3626 1133 quasi

2016 1157 2242 1214 fetidum
2276 1160 2424 1226 vito,
2476 1157 2629 1228 quasi
2675 1158 2820 1215 luem
2874 1173 3085 1226 caveo,
3134 1159 3284 1231 quasi
3313 1157 3623 1214 nociturum

2014 1252 2288 1322 relinquo.

2086 1343 2209 1401 108.
2256 1343 2362 1401 Sed
2408 1358 2517 1400 non
2561 1343 2745 1400 statim
2798 1359 2898 1415 per
2932 1358 3150 1401 erucem
3198 1352 3428 1415 possunt
3455 1340 3628 1415 aliqui

2012 1441 2239 1497 credere
2285 1442 2512 1497 salutem
2543 1441 2745 1497 mundo
2791 1442 3046 1496 refusam.
3105 1439 3308 1497 Astrue
3345 1457 3476 1512 ergo
3524 1455 3626 1512 per

2013 1534 2270 1591 historias
2302 1535 2617 1591 Graecorum
2651 1535 2754 1592 hoc
2780 1534 2948 1591 fuisse
2974 1534 3258 1605 possibile,
3283 1535 3424 1591 sicut
3454 1535 3626 1591 inter-

2010 1627 2137 1683 dum
2171 1628 2333 1683 etiam
2363 1628 2658 1698 Apostolus
2696 1626 2891 1684 suadet
2928 1626 3222 1683 incredulis
3271 1627 3423 1699 (Act.
3467 1643 3577 1684 xvn
3604 1667 3621 1695 ,

2007 1722 2101 1793 28)
2132 1740 2146 1776 :
2196 1737 2298 1778 nec
2330 1731 2357 1760 α
2389 1738 2578 1778 versus
2608 1722 2850 1792 poeticos
2880 1719 3115 1792 refugit,
3166 1729 3225 1776 ut
3275 1719 3483 1776 fabulas
3521 1721 3622 1776 de-

2008 1826 2185 1872 struat
2221 1828 2525 1888 poetarum.
2576 1816 2632 1873 Si
2681 1817 2824 1873 enim
2872 1824 3156 1871 revocetur
3196 1813 3251 1869 in
3298 1815 3620 1871 memoriam

285 1886 453 1964 esset
483 1908 777 1977 promissus
804 1907 1067 1963 oraculis:
1097 1923 1258 1979 quem
1282 1922 1388 1963 non
1414 1908 1561 1980 prius
1584 1908 1906 1964 auctoritate
1933 1886 1984 1949 Β
2010 1911 2155 1982 quod
2187 1886 2429 1982 legiones
2456 1925 2601 1981 swpe
2630 1919 2683 1967 et
2712 1924 2943 1981 magnos
2966 1909 3196 1979 populos
3222 1948 3236 1974 ,
3286 1906 3487 1964 oblatis
3519 1906 3621 1962 ali-

282 2015 393 2055 sua
432 2000 525 2055 Dei
566 2000 734 2055 ﬁlium
776 2000 1169 2057 nominabant:
1216 2001 1312 2057 sed
1348 2002 1520 2057 virum
1581 2002 1899 2072 probatum,

282 2093 479 2148 virum
506 2092 713 2164 justum
748 2135 765 2162 ,
810 2094 984 2150 virum
1014 2110 1043 2150 a
1072 2096 1298 2151 mortuis
1344 2096 1660 2153 suscitatum
1687 2138 1703 2164 ,
1752 2099 1903 2154 illum

282 2188 480 2243 virum
504 2187 574 2244 de
601 2203 709 2259 quo
738 2188 939 2245 dictum
964 2197 1049 2245 est
1078 2189 1130 2245 in
1153 2191 1459 2262 prophetis:
1495 2192 1664 2247 Filius
1684 2211 1825 2249 meus
1850 2213 1905 2253 es

281 2294 367 2347 tu,
402 2301 500 2356 ego
527 2284 680 2341 hodie
694 2286 845 2357 genui
871 2296 919 2339 te
946 2284 1084 2357 (Act.
1118 2304 1175 2354 ιι,
1198 2289 1288 2355 22,
1316 2298 1363 2342 et
1384 2304 1460 2355 ιιι,
1484 2290 1574 2356 14,
1599 2300 1644 2345 et
1671 2306 1785 2356 xm,
1809 2293 1900 2359 55,

282 2390 353 2429 ea:
390 2374 541 2429 Psal.
576 2390 634 2442 ιι,
668 2376 746 2448 7).
774 2376 848 2432 Ita
874 2394 1005 2451 ergo
1034 2389 1089 2435 et
1119 2391 1173 2436 tu
1203 2382 1269 2436 ad
1298 2397 1360 2437 ea
1392 2398 1511 2453 qua:
1541 2382 1763 2441 difﬁcile
1784 2400 1905 2442 cre-

281 2471 520 2538 duntur,
550 2472 927 2529 auctoritatem
956 2475 1121 2530 divini
1140 2477 1412 2533 sermonis
1427 2478 1754 2547 adsciscc,et
1780 2495 1902 2551 pro-

280 2570 523 2625 missum
555 2569 677 2639 ejus
715 2570 1013 2627 adventum
1043 2571 1434 2642 prophetarum
1466 2589 1599 2629 voce
1624 2574 1845 2646 designa
1872 2592 1897 2629 .:

282 2664 755 2719 resurrectionem
782 2679 996 2736 quoque
1019 2665 1190 2721 multo
1219 2676 1344 2721 ante
1366 2676 1695 2737 compertam
1718 2668 1900 2739 Scrip-

285 2762 545 2811 turarum
571 2756 895 2811 testimoniis
923 2757 1178 2826 edoceto,
1211 2774 1320 2814 non
1362 2760 1613 2814 usitatam
1645 2775 1769 2815 cum
1795 2776 1900 2816 ea?-

285 2849 436 2904 teris
460 2857 621 2919 atque
648 2864 992 2906 communem
1018 2867 1034 2917 ;
1067 2861 1125 2907 ut
1150 2852 1201 2907 in
1239 2852 1355 2922 ipsa
1385 2853 1627 2909 suscitati
1655 2856 1901 2925 corporis

284 2941 624 3009 assertione,
653 2950 873 2999 aeternae
902 2945 1270 3001 testimonium
1294 2947 1596 3003 divinitatis
1627 2949 1895 3019 acquiras.

281 3034 431 3092 Cum
462 3036 605 3091 enim
627 3045 947 3093 caaterorum
968 3052 1196 3111 corpora
1214 3041 1619 3110 corruptionem
1647 3042 1897 3112 probave~

281 3125 364 3182 ris
386 3128 628 3185 subiisse
650 3140 771 3201 post
802 3133 1210 3201 mortem,hunc
1239 3133 1427 3204 utique
1441 3132 1507 3188 de
1534 3149 1640 3205 quo
1668 3134 1895 3192 dicitur:

281 3220 421 3276 Non
456 3221 601 3277 dabis
633 3224 885 3279 Sanctum
911 3235 1056 3280 tuum
1089 3226 1261 3284 videre
1294 3229 1673 3300 corruptionem
1702 3230 1720 3303 (
1746 3229 1891 3286 Psaf.

277 3334 353 3374 xv
382 3361 397 3385 ,
446 3316 543 3391 10)
564 3361 577 3386 ,
611 3321 932 3391 comprohas
965 3321 1213 3378 humanae
1241 3323 1547 3395 fragilitatis
1572 3335 1850 3396 expertem
1878 3367 1893 3395 ,

279 3414 497 3486 probas
542 3413 790 3471 humana:
839 3416 1167 3474 conditionis
1203 3418 1392 3473 merita
1446 3434 1853 3492 supergressum
1880 3460 1896 3489 ,

278 3507 399 3566 Deo
432 3508 600 3579 magis
616 3524 775 3577 quam
809 3508 1122 3568 hominibus
1151 3511 1562 3570 conferendum.

364 3600 738 3675 15.10107.
784 3603 935 3672 Quod
976 3606 1020 3661 si
1056 3604 1124 3661 ad
1154 3619 1491 3663 sacramenta
1514 3606 1752 3665 ﬁdelium
1778 3617 1897 3666 ten-

283 3695 431 3753 dens
461 3697 882 3756 catechumenus
914 3700 1236 3758 imbuendus
1284 3702 1387 3768 sit,
1432 3703 1720 3761 dicendum
1772 3706 1897 3775 quia

289 3806 438 3847 unus
459 3801 543 3849 est
568 3792 712 3849 Deus
732 3810 795 3849 ex
828 3810 937 3867 quo
965 3795 1167 3863 omnia,
1204 3805 1259 3852 et
1284 3811 1424 3852 unus
1454 3795 1611 3855 Jesns
1642 3797 1895 3855 Christus

287 3900 392 3956 per
416 3901 577 3956 quem
607 3887 787 3943 omnia
818 3887 863 3961 (l
891 3888 1007 3944 Cor.
1035 3904 1127 3944 vni
1152 3930 1167 3955 ,
1201 3889 1305 3961 6):
1346 3906 1454 3946 non
1487 3891 1624 3947 duos
1647 3892 1897 3949 dominos

285 3994 418 4036 esse
456 3980 755 4037 dicendos:
799 3984 1100 4055 perfectum
1130 3985 1349 4053 quidem
1382 3985 1597 4043 Patrem
1626 4028 1640 4053 ,
1686 3988 1898 4059 perfec-

289 4082 409 4130 tum
432 4088 556 4130 esse
584 4083 639 4129 et
667 4075 899 4143 Filium;
931 4075 1029 4132 scd
1058 4075 1218 4132 unius
1243 4076 1458 4135 Patrem
1479 4090 1536 4137 et
1554 4081 1745 4138 Filium
1776 4098 1898 4140 esse

286 4169 616 4229 substantias
649 4192 663 4228 :
693 4173 932 4230 Verbum
961 4179 1226 4227 aeternum
1252 4174 1439 4231 aeterni
1466 4176 1585 4245 Dei,
1616 4192 1722 4232 non
1752 4164 1896 4248 quod

289 4266 589 4338 profertur,
610 4267 705 4324 sed
732 4267 876 4340 quod
902 4278 1194 4340 operatur;
1227 4285 1295 4326 ex
1319 4280 1468 4341 patre
1496 4272 1760 4347 genitum,
1790 4289 1898 4329 non

290 4375 431 4417 voce
459 4360 687 4416 editum.
719 4360 1082 4420 Prohibentur
1107 4379 1239 4436 ergo
1264 4365 1495 4436 apostoli
1521 4367 1899 4439 evangelizare

287 4470 418 4513 eum
446 4455 541 4512 Dei
564 4454 784 4524 Filium,
812 4459 1323 4531 utevangelizarent
1344 4470 1532 4531 postea
1552 4462 1897 4520 cruciﬁxum.

366 4610 392 4639 ει
420 4598 675 4657 Nonnulli
701 4611 835 4655 mss.
863 4638 878 4664 ,
924 4612 1100 4654 uersus
1129 4598 1472 4668 propheticus.
1526 4598 1704 4656 Minus
1742 4615 1893 4656 eom-

286 4673 492 4739 mode;
524 4672 626 4728 nisi
656 4672 778 4741 quis
808 4669 938 4727 velit
966 4670 1032 4725 ad
1064 4671 1116 4725 id
1146 4669 1311 4726 alludi
1339 4712 1354 4738 ,
1383 4670 1525 4742 quod
1552 4671 1846 4741 Apostolus
1872 4715 1887 4740 ,

285 4743 399 4800 Tit.
427 4762 484 4811 ι,
514 4745 581 4799 12
605 4785 621 4809 ,
670 4750 884 4814 poetam
917 4742 1289 4812 Epimenidem
1320 4745 1521 4799 vocitet
1546 4743 1890 4800 Cretensium

286 4818 611 4898 prophetam
640 4814 839 4898 ,‘cujus
868 4815 1032 4898 etiam
1064 4816 1306 4898 carmina
1337 4823 1595 4898 χρησμῶν
1623 4814 1781 4898 titulo
1807 4814 1892 4871 in-

288 4886 492 5015 ;cri‘ptla
536 4895 727 4944 erant:
774 4902 881 4957 qua
911 4888 978 4943 de
1023 4901 1084 4943 re
1112 4886 1320 4944 videsis
1349 4886 1597 4945 Grotium
1645 4887 1697 4942 in
1731 4903 1889 4943 eum-

327 4976 413 5015 em
465 4975 645 5015 neum.

327 4976 413 5016 em
446 4961 645 5015 locum.

360 5031 388 5070 δ
435 5032 643 5087 Similia
691 5029 761 5087 de
808 5030 987 5088 Codro
1038 5029 1234 5086 ultimo
1295 5029 1710 5088 Atheniensium
1763 5043 1892 5100 rege

287 5111 475 5159 narrat
511 5103 808 5158 Pausanias
833 5103 887 5157 in
917 5104 1111 5159 Atticis
1137 5145 1151 5169 ,
1180 5111 1236 5158 et
1275 5114 1396 5172 post
1425 5118 1548 5158 eum
1577 5101 1846 5158 Eusebius
1875 5118 1888 5154 :

287 5190 391 5230 nec
418 5192 525 5232 non
557 5191 625 5231 ex
651 5173 857 5229 Latinis
877 5173 1145 5239 Justinus,
1173 5173 1489 5229 Paterculus
1516 5215 1530 5236 ,
1575 5183 1737 5243 atque
1768 5172 1884 5227 alii.

286 5248 443 5313 Quod
472 5257 653 5303 autem
683 5245 1019 5301 subnectitur
1048 5246 1117 5301 de
1156 5247 1484 5315 imperatoris
1533 5244 1645 5315 [ilia
1689 5284 1705 5299 .
1750 5284 1763 5299 .
1808 5285 1821 5299 .
1868 5285 1883 5301 .

289 5322 358 5373 ad
387 5319 703 5388 sacriﬁcium
729 5326 913 5389 vocata
941 5316 1234 5389 ;i_nnujtur
1263 5316 1560 5389 Iphigenia:
1601 5321 1891 5389 Agamem-

290 5393 449 5445 nonis
474 5387 789 5447 Graecorum
819 5388 873 5443 in
903 5387 1048 5459 bello
1089 5388 1325 5457 Trojano
1372 5387 1717 5459 imperatoris
1762 5387 1891 5442 ﬁlia:

289 5462 615 5531 sacriﬁcium
643 5477 659 5529 ;
704 5475 864 5531 quam
898 5458 1135 5514 fabulam
1168 5474 1273 5531 non
1308 5458 1484 5518 solum
1515 5459 1804 5529 Euripides
1826 5459 1890 5531 in

290 5530 454 5605 Trag.
486 5534 556 5592 de
585 5532 691 5591 hoc
709 5530 1051 5605 argumento,
1082 5538 1138 5587 et
1158 5530 1246 5587 alii
1267 5542 1445 5604 poetae
1467 5532 1711 5604 pluribus
1733 5530 1890 5598 locis,

1922 4708 1976 4770 D

2008 2018 2240 2077 quorum
2272 2004 2563 2069 mortibus,
2591 2001 2618 2040 δ
2652 2002 2892 2058 historia:
2932 2003 3249 2058 Graecorum
3275 2010 3525 2057 asserant
3555 1999 3623 2056 li-

2008 2100 2265 2157 beratos:
2299 2101 2342 2155 si
2377 2098 2699 2157 recordetur
2725 2097 2869 2170 quod
2902 2098 3248 2169 imperatoris
3267 2096 3372 2151 ﬁlia
3399 2103 3621 2167 propter

2007 2195 2324 2252 Grzccorum
2355 2195 2633 2252 exercitus
2661 2192 3074 2249 transferendos
3095 2192 3162 2248 ad
3195 2190 3522 2248 sacriﬁcium
3551 2191 3625 2247 sit

2006 2304 2196 2347 vocata
2221 2309 2235 2346 :
2259 2291 2305 2347 si
2333 2298 2579 2346 nostrum
2614 2289 2749 2345 illud
2778 2287 3210 2353 consideremus,
3238 2288 3365 2358 quia
3388 2285 3619 2359 Sanguis

2004 2396 2275 2443 taurorum
2300 2395 2348 2441 et
2383 2387 2647 2440 hircorum
2670 2427 2686 2452 ,
2716 2394 2763 2440 et
2794 2384 2926 2438 cinis
2954 2382 3133 2438 vitula:
3162 2397 3408 2453 aspersus
3438 2379 3604 2446 inqui-

2004 2493 2153 2535 natos
2172 2480 2463 2551 sanctiﬁcat
2481 2480 2549 2533 ad
2570 2495 2774 2534 carnem
2797 2477 3181 2533 emundandam
3198 2473 3273 2548 (Η
3281 2474 3387 2529 cbr.
3405 2489 3481 2536 Ix,
3499 2470 3612 2544 15),

2004 2578 2147 2632 sicut
2172 2576 2238 2632 ad
2268 2576 2529 2632 Hebraeos
2557 2576 2822 2644 scriptum
2853 2582 2936 2629 est
2965 2590 2980 2627 :
3025 2584 3047 2611 ο
3093 2572 3137 2626 si
3184 2568 3496 2642 pestilentia
3530 2582 3617 2624 re-

2004 2673 2226 2746 gionum
2249 2672 2523 2743 aliquibus
2544 2669 2825 2725 hominum
2851 2675 3130 2724 contracta
3158 2663 3422 2735 peccatis,
3451 2661 3614 2717 unius

2004 2770 2233 2840 alicujus
2281 2778 2458 2824 morte
2500 2767 2765 2823 asseritur
2810 2778 2934 2820 esse
2974 2762 3254 2827 resoluta;
3289 2755 3317 2796 τι
3348 2757 3495 2829 quod
3522 2763 3617 2812 aut

2004 2864 2219 2921 ratione
2252 2860 2565 2933 praevaluit,
2611 2868 2703 2915 aut
2747 2857 3109 2929 dispositione
3149 2854 3464 2920 convaluit,
3507 2865 3615 2924 quo

2004 2958 2219 3014 facilius
2250 2958 2302 3012 in
2335 2970 2554 3013 crucem
2583 2953 2796 3009 Domini
2823 2950 3144 3007 crederetur
3176 2967 3192 3005 :
3244 2947 3483 3020 proclive
3510 2945 3618 3002 erit

2004 3063 2064 3110 ut
2090 3054 2182 3126 qui
2210 3068 2305 3109 sua
2338 3066 2540 3123 negare
2562 3064 2668 3104 non
2698 3053 2952 3119 possunt,
2978 3052 3167 3100 nostra
3190 3041 3536 3099 conﬁrment.

2078 3148 2199 3205 l09.
2248 3146 2354 3204 Sed
2403 3143 2657 3216 quoniam
2704 3140 2885 3197 nullus
2932 3138 3214 3194 hominum
3265 3142 3449 3191 tantus
3486 3144 3612 3189 esse

2003 3241 2218 3313 potuit,
2269 3239 2363 3311 qui
2404 3240 2572 3294 totius
2620 3244 2839 3307 peccata
2889 3232 3109 3289 tolleret
3156 3229 3385 3294 mundi,
3434 3239 3614 3299 neque

2004 3312 2216 3403 Enoch,
2248 3350 2422 3405 neque
2451 3333 2751 3397 Abraham,
2787 3345 2962 3401 neque
2989 3329 3137 3383 Isaac
3172 3312 3263 3397 qui
3295 3326 3423 3382 licet
3448 3321 3610 3380 morti

2000 3446 2061 3487 se
2087 3427 2368 3493 obtulerit,
2400 3436 2650 3483 servatus
2677 3438 2854 3479 tamen
2883 3430 2969 3480 est
2998 3419 3150 3495 (Gen.
3182 3430 3320 3485 χχιι,
3353 3416 3451 3490 9);
3485 3416 3611 3487 quia

2000 3524 2184 3581 omnia
2222 3537 2329 3578 non
2349 3519 2794 3593 poteratabolere
2816 3525 3057 3589 peccata,
3089 3514 3234 3586 (quis
3252 3512 3397 3569 enim
3426 3518 3611 3567 tantus

2002 3618 2184 3684 homo,
2213 3617 2264 3672 in
2289 3632 2397 3687 quo
2426 3614 2667 3672 omnium
2698 3622 2917 3684 peccata
2941 3602 3369 3676 morerentur?)
3402 3603 3612 3659 idcirco

2001 3728 2109 3771 non
2139 3726 2278 3768 unus
2308 3726 2341 3767 e
2371 3710 2531 3781 plebe
2558 3748 2574 3775 ,
2627 3722 2734 3763 non
2775 3721 2916 3763 unus
2942 3720 2973 3761 e
2999 3717 3229 3759 numero
3255 3743 3270 3768 ,
3315 3696 3411 3754 sed
3438 3696 3611 3753 Filius

2003 3808 2097 3865 Dei
2143 3823 2171 3862 a
2202 3806 2316 3861 Deo
2344 3804 2505 3861 Patre
2533 3802 2739 3859 electus
2767 3808 2885 3865 est,
2937 3797 3030 3867 qui
3074 3811 3196 3852 cum
3228 3807 3389 3864 supra
3414 3803 3610 3848 omnes

2000 3910 2188 3968 esset,
2222 3914 2321 3971 pro
2347 3897 2599 3953 omnibus
2639 3910 2700 3951 se
2746 3900 2927 3964 posset
2962 3890 3200 3946 offerre:
3256 3902 3420 3959 quem
3466 3883 3610 3941 mori

2001 3997 2267 4068 oportuit,
2296 4002 2355 4050 ut
2383 4007 2506 4048 cum
2536 3998 2682 4046 esset
2712 3986 2906 4042 fortior
2931 3992 3130 4050 morte,
3156 3982 3292 4036 alios
3320 3980 3607 4044 liberaret,

2003 4089 2200 4144 Factus
2230 4125 2244 4140 .
2278 4126 2290 4140 .
2327 4125 2342 4141 .
2382 4123 2396 4139 .
2426 4085 2561 4139 inter
2590 4088 2818 4135 mortuos
2848 4078 2958 4132 sine
2986 4075 3248 4149 adjutorio
3279 4071 3408 4127 liber
3430 4069 3605 4145 (Psai.

2001 4194 2232 4237 Lxxxvu
2257 4219 2272 4244 ,
2301 4177 2375 4246 6)
2402 4216 2417 4241 ,
2457 4174 2581 4230 sine
2622 4170 2937 4241 adiumento
2960 4165 3172 4223 scilicet
3201 4162 3435 4220 hominis
3460 4202 3477 4228 ,
3515 4168 3612 4217 aut

2002 4272 2235 4344 alicujus
2254 4277 2526 4327 creatura:
2554 4307 2569 4331 ,
2620 4264 2761 4321 liber
2808 4278 2838 4317 a
2883 4270 3079 4317 morte.
3128 4257 3197 4313 Et
3235 4258 3375 4313 bene
3425 4253 3605 4321 liber,

2000 4366 2093 4439 qui
2136 4362 2452 4421 servitutem
2492 4356 2851 4430 cupiditatum
2899 4350 3132 4424 repulit,
3187 4348 3378 4406 mortis
3426 4344 3607 4403 vincla

2002 4459 2257 4519 nescivit.

2001 4596 2098 4655 sed
2127 4594 2289 4653 etiam
2320 4593 2508 4667 Dictys
2540 4587 2821 4649 Cretensis
2865 4581 3181 4652 historicus,
3207 4578 3303 4636 lib.
3336 4592 3353 4633 ι
3383 4572 3604 4632 deBetlo

2005 4669 2169 4743 Troj._
2184 4673 2602 4743 commemorat.

2080 4720 2462 4809 s’Cumpes—tis
2492 4744 2657 4790 totam
2689 4731 2918 4809 Aoniam
2939 4730 3274 4809 devastaret,
3300 4720 3606 4809 oraculum:

2001 4829 2108 4885 que
2132 4802 2506 4885 respondisset
2531 4821 2653 4885 eam
2682 4814 2795 4885 tum
2823 4802 3437 4885 demumnces‘saturitm‘,
3449 4802 3606 4885 [pisse

2000 4863 2588 4953 dum—vi‘rrgines‘morti
2605 4876 2971 4953 devovissent,
2998 4869 3124 4925 ﬁlia:
3145 4866 3426 4953 cuiusdam
3444 4863 3607 4953 Drio-

2001 4958 2086 5011 nis
2112 4939 2285 5010 Βωοῖἰ
2316 4939 2461 5006 ultro
2490 4949 2592 5023 sibi
2618 4946 2892 5023 violentas
2927 4955 3120 5023 manus
3163 4939 3465 5023 inferentes
3506 4951 3605 5023 peg-

2001 5010 2141 5082 stem
2170 5026 2391 5081 sedasse
2420 5021 2750 5094 referuntur.
2793 5017 2929 5073 Vide
2955 5016 3160 5094 Anton:
3192 5010 3499 5094 Dibcralem
3533 5022 3603 5094 es

2002 5080 2272 5155 Nicandro
2301 5136 2316 5163 ,
2344 5096 2436 5150 lib.
2468 5108 2524 5148 tv
2554 5093 2961 5163 Alteratorum;
3013 5095 3069 5141 et
3112 5083 3377 5163 Gorinna,
3422 5080 3519 5135 lib.
3568 5092 3600 5163 _t

1999 5150 2379 5226 mutationum.
2406 5166 2513 5239 Sed
2545 5165 2684 5219 forte
2710 5161 2777 5217 ad
2806 5150 3123 5239 Thebanam
3168 5156 3312 5239 luem
3347 5167 3471 5239 qua:
3500 5150 3604 5239 sub

1995 5242 2281 5310 (Edipode
2310 5237 2553 5308 contigit,
2585 5248 2814 5310 quisque
2842 5232 2963 5302 ipso
2989 5230 3046 5286 in
3067 5228 3322 5310 exsilium
3336 5228 3601 5310 abeunte,

1994 5293 2165 5385 tit—que
2184 5293 2488 5385 interfecta
2502 5293 2675 5385 matre
2706 5293 2942 5385 Iocasta,
2971 5314 3218 5358 cessasse
3242 5293 3602 5385 dicitu'rtltoc

1994 5365 2126 5441 i686
2138 5365 2754 5456 respexitLAmbros‘ius.
2809 5376 2887 5432 De
2914 5365 3017 5456 qua
3040 5388 3105 5456 re
3127 5369 3359 5428 consule
3396 5365 3600 5423 Diodo-

1996 5472 2142 5520 rum.
2174 5446 2268 5511 liti.
2298 5470 2339 5521 ι,
2370 5448 2899 5522 Statium,Senecam
2925 5446 3167 5522 et_ali_os.
3394 5510 3406 5522 _
3451 5509 3464 5522 .

2068 5510 2286 5584 “tum.
2317 5510 2451 5584 edit.
2482 5510 2622 5588 sola,
2651 5521 2791 5593 quod
2816 5529 2904 5576 aut
2928 5517 3181 5575 relatione
3210 5510 3508 5589 prwvaluit.
