4186 6358
370 302 378 308 ·
446 337 452 340 .
552 287 692 346 1699

1896 285 2146 347 sarum
2181 264 2510 348 AMBROSil

3714 287 3857 346 1700

1681 438 2024 526 LIBER
2097 439 2707 526 SEPTIMUS.

627 724 836 800 1411
861 721 1038 797 (Vers.
1068 716 1186 792 ‘27).
1218 717 1349 775 Dico
1373 729 1544 774 autem
1573 717 1713 774 vobis
1739 760 1756 787 ,
1779 731 1894 773 vere
1913 723 2033 773 sunt
2061 715 2132 771 ali

2263 747 2318 794 et
2338 740 2406 796 de
2437 740 2779 815 Evangelista
2807 743 3019 802 Joanne
3052 731 3313 802 Dominus
3338 746 3538 804 dixerit
3571 765 3585 804 :
3617 745 3712 805 Sic
3741 765 3855 804 eum

547 818 633 888 qui
659 816 740 870 hic
769 825 961 870 stantes
976 814 1063 885 qui
1089 829 1193 868 non
1213 815 1487 885 gustabunt
1509 820 1742 880 mortem,
1768 811 1928 866 donec
1948 810 2152 865 videant

547 924 760 979 regnum
784 904 901 961 Dei.

625 1003 674 1056 1.
699 999 929 1070 Semper
959 999 1224 1054 Dominus
1248 997 1389 1054 sicut
1419 996 1484 1052 ad
1516 996 1734 1068 prccmia
1763 995 1925 1068 erigit
1971 993 2147 1050 futura

549 1096 834 1159 virtutum,
861 1103 1023 1164 atque
1053 1091 1238 1147 utilem
1268 1091 1608 1147 saecularium
1640 1106 1818 1145 rerum
1844 1089 2004 1144 docet
2027 1103 2152 1144 esse

546 1197 940 1260 contemptum,
990 1187 1064 1241 ita
1091 1187 1254 1242 etiam
1286 1185 1649 1240 inﬁrmitatem
1673 1184 1872 1239 mentis
1903 1183 2152 1237 humanae

545 1284 899 1356 prmsentium
920 1281 1362 1337 remuneratione
1384 1286 1672 1334 sustentat.
1689 1275 1929 1331 Arduum
1950 1274 2150 1345 quippe

545 1386 630 1435 est
659 1392 876 1433 crucem
908 1374 1119 1444 tollere,
1147 1381 1201 1429 et
1227 1373 1461 1427 animam
1494 1369 1753 1444 periculis
1775 1411 1789 1436 ,
1827 1365 1994 1423 morti
2023 1381 2146 1422 cor-

544 1488 643 1544 pus
674 1471 870 1527 offerre
914 1488 926 1524 :
962 1484 1158 1540 negare
1186 1465 1329 1540 quod
1358 1466 1432 1520 sis
1459 1507 1474 1531 ,
1504 1481 1626 1521 cum
1660 1463 1795 1520 velis
1837 1477 1959 1518 esse
2005 1459 2149 1532 quod

547 1551 652 1620 non
684 1565 798 1629 sis;
835 1576 1070 1632 raroque
1095 1603 1110 1629 ,
1137 1559 1382 1631 quamvis
1423 1557 1646 1613 excelsa
1691 1555 1860 1610 virtus
1885 1596 1900 1623 ,
1952 1552 2151 1609 futuris

544 1659 836 1732 praesentia
879 1663 1195 1712 commutat.
1251 1653 1480 1710 Difﬁcile
1505 1653 1703 1725 quippe
1729 1651 1940 1708 videtur
1969 1646 2150 1704 homi-

547 1755 731 1820 nibus,
762 1761 821 1808 ut
843 1766 995 1822 spem
1026 1750 1281 1823 periculis
1311 1759 1493 1804 emant
1520 1747 1861 1816 :damnoque
1910 1758 2152 1816 praesen-

545 1849 679 1905 tium
708 1848 903 1903 futura:
933 1845 1143 1901 lucrum
1175 1854 1485 1900 mercentur
1510 1841 1704 1897 aetatis.
1735 1841 1874 1910 Ergo
1905 1839 2077 1894 bonus
2094 1845 2149 1892 et

541 1941 766 2000 moralis
795 1939 1054 2010 magister
1084 1953 1152 1994 ne
1179 1937 1304 2009 quis
1329 1936 1711 2007 desperatione
1739 1932 2019 2003 frangatur
2057 1938 2150 1985 aut

544 2037 752 2103 tmdio;
803 2035 1058 2105 quoniam
1108 2031 1234 2088 vitm.
1274 2029 1450 2086 dulcis
1499 2027 1753 2083 illecebra
1801 2032 2146 2082 constantem

2257 835 2368 890 voto
2398 853 2602 892 manere
2629 837 2791 893 donec
2816 840 2960 894 venio
2983 838 3164 914 (Joan.
3197 857 3309 908 xxr,
3337 840 3470 913 22);
3506 851 3686 898 tamen
3715 859 3854 916 quo-

2254 929 2397 992 niam
2445 947 2551 984 non
2583 930 2650 985 de
2695 947 2802 987 uno
2842 931 3051 988 Joanne
3097 932 3198 988 hoc
3227 943 3474 1003 putamus
3501 949 3853 1007 expressum,

2259 1015 2470 1094 1412
2495 1023 2589 1078 sed
2617 1023 2874 1095 generale
2900 1023 2970 1080 de
2997 1026 3180 1081 multis
3211 1026 3312 1082 hoc
3339 1041 3460 1083 esse
3491 1037 3852 1100 precer-ptum;

2253 1129 2360 1168 non
2394 1114 2480 1169 hic
2506 1130 2654 1170 mors
2681 1117 2926 1187 corporis
2949 1159 2964 1182 ,
2994 1117 3088 1174 sed
3119 1119 3316 1174 animae
3355 1119 3675 1190 denegatur.
3717 1122 3856 1178 Sunt

2254 1208 2398 1263 enim
2430 1207 2519 1279 qui
2552 1209 2752 1264 mortui
2779 1210 2962 1266 vivunt
2992 1227 3006 1276 ;
3037 1211 3302 1282 quoniam
3325 1221 3454 1268 sunt
3482 1212 3574 1284 qui
3609 1215 3856 1272 viventes

2253 1300 2455 1356 mort’ui
2483 1312 2647 1368 sunt,
2677 1303 2818 1360 sicut
2845 1305 3006 1360 vidua
3041 1305 3133 1361 illa
3176 1323 3295 1378 qua:
3336 1309 3506 1363 vivens
3550 1317 3753 1362 mortua
3778 1319 3858 1365 est

2253 1389 2300 1466 (Ι
2325 1391 2456 1448 Tim.
2489 1411 2542 1461 v,
2574 1394 2652 1465 6),
2704 1397 2844 1452 sicut
2868 1401 3129 1468 scriptum
3159 1408 3241 1454 est
3269 1417 3282 1452 ε
3325 1398 3510 1455 Veniat
3536 1418 3676 1458 mors
3700 1418 3858 1472 super

2253 1503 2358 1551 eos,
2393 1497 2439 1542 et
2465 1487 2774 1544 descendant
2796 1491 2848 1545 in
2871 1492 3130 1562 infernum
3157 1493 3373 1548 uiuentes
3401 1493 3575 1566 (Psal.
3605 1511 3712 1563 Ltv,
3741 1495 3851 1566 16).

2250 1580 2304 1637 Si
2337 1597 2468 1650 ergo
2499 1585 2650 1638 vivus
2680 1586 2801 1655 quis
2831 1585 2884 1640 in
2917 1584 3186 1642 infernum
3216 1587 3495 1644 descendit
3527 1589 3547 1659 (
3576 1599 3600 1626 ιι
3635 1600 3857 1660 peccato

2250 1673 2396 1730 enim
2414 1685 2659 1731 mortuus
2680 1678 2732 1732 in
2762 1676 2954 1734 inferni
2981 1679 3264 1736 descendit
3287 1681 3708 1754 habitaculum),
3729 1693 3856 1738 sunt

2253 1768 2493 1837 profecto
2517 1771 2709 1840 quibus
2737 1787 2838 1828 nec
2862 1773 2915 1827 in
2942 1781 3115 1829 morte
3147 1777 3393 1844 corporis
3424 1776 3760 1849 interruptus
3783 1781 3854 1836 sit

2249 1861 2387 1917 Ordo
2414 1862 2649 1929 vivendi,
2683 1863 2823 1920 sicut
2850 1864 3125 1923 Abraham
3150 1908 3164 1933 ,
3193 1867 3373 1936 Isaac,
3401 1877 3456 1925 et
3481 1867 3648 1925 Jacob
3675 1912 3689 1936 ,
3717 1885 3854 1940 quos

2250 1951 2434 2010 vivere
2479 1954 2678 2010 divina:
2725 1959 3010 2013 sententia:
3063 1961 3384 2016 auctoritate
3434 1963 3851 2040 comperimus;

2249 2049 2505 2118 quoniam
2549 2063 2670 2105 cum
2719 2051 2790 2106 sit
2818 2051 2962 2109 Deus
2987 2051 3260 2109 Abraham
3284 2097 3299 2121 ,
3329 2053 3477 2112 lsaac
3500 2098 3516 2124 ,
3562 2065 3617 2113 et
3640 2056 3811 2114 Iacob
3835 2101 3852 2126 ,

541 2145 758 2202 quoque
788 2129 988 2184 mulcet
1008 2123 1590 2189 aﬁ'ectum,continuos
1615 2120 1827 2177 vivendi
1859 2132 2145 2221 successus
2176 2126 2222 2186 Β
2251 2162 2355 2201 non
2408 2148 2591 2219 utique
2639 2161 2977 2208 marmorum
3022 2162 3106 2208 es,
3162 2151 3346 2221 Deus,
3406 2151 3501 2208 sed
3553 2151 3850 2210 viventium

541 2226 791 2282 ﬁdelibus
823 2223 1143 2295 pollicetur:
1188 2219 1385 2292 frigent
1427 2219 1570 2273 enim
1624 2215 1814 2272 solatia
1861 2214 1964 2270 sub
1990 2220 2140 2268 metu

539 2322 754 2385 mortis,
798 2330 1132 2390 magnusque
1163 2329 1318 2369 amor
1347 2312 1474 2368 vitae
1509 2325 1655 2382 aegre
1684 2308 1976 2366 blanditias
2024 2305 2142 2378 spei

537 2432 660 2474 cum
691 2412 946 2486 appetitte
967 2410 1158 2466 salutis
1183 2418 1394 2464 terrore
1426 2413 1765 2479 compensat.
1810 2401 1930 2458 Non
1974 2400 2144 2457 habes

538 2513 700 2584 igitur
729 2508 874 2582 quod
911 2504 1162 2579 queraris
1187 2545 1204 2571 ,
1237 2518 1344 2558 non
1374 2501 1544 2557 habes
1570 2499 1713 2572 quod
1755 2511 1985 2554 excuses
2011 2512 2024 2549 :
2057 2508 2143 2549 ar-

537 2605 678 2662 biter
703 2601 943 2658 omnium
974 2599 1126 2655 dedit
1149 2608 1203 2654 et
1233 2595 1414 2651 virtuti
1450 2594 1730 2666 praemium
1756 2634 1771 2658 ,
1821 2599 1875 2646 et
1915 2587 2144 2645 infirmi-

537 2697 629 2754 tati
674 2693 1017 2756 remedium;
1054 2700 1111 2745 ut
1138 2687 1497 2760 prtesentibus
1535 2687 1867 2741 sustineatur
1912 2679 2142 2738 inﬁrmi-

537 2801 639 2854 tas,
665 2789 836 2846 virtus
867 2785 1082 2842 futuris.
1131 2784 1188 2840 Si
1219 2783 1374 2838 fortis
1401 2795 1461 2838 es
1487 2825 1502 2849 ,
1533 2790 1824 2837 contemne
1866 2785 2096 2833 mortem
2124 2791 2138 2829 :

532 2885 579 2940 si
612 2881 899 2938 imbecillis
924 2895 982 2934 es
1008 2921 1022 2944 ,
1056 2878 1196 2950 fuge.
1248 2875 1355 2932 Sed
1386 2891 1546 2932 nemo
1573 2881 1750 2945 potest
1779 2873 1968 2944 fugere
1989 2886 2140 2926 mor-

536 2988 666 3045 tem,
698 2975 800 3032 nisi
831 2975 996 3030 vitam
1025 2977 1306 3043 sequatur.
1339 2968 1460 3025 Vita
1493 2977 1581 3023 tua
1604 2966 1856 3023 Christus
1881 2973 1989 3032 est,
2023 2964 2140 3036 ipsa

531 3080 615 3128 est
643 3070 750 3125 vita
781 3083 904 3139 qua:
936 3065 1073 3120 mori
1103 3063 1297 3120 nescit.

604 3163 660 3217 2.
693 3162 880 3232 Itaque
906 3161 955 3215 si
983 3158 1238 3214 Volumus
1266 3161 1498 3210 mortem
1534 3167 1640 3206 non
1674 3152 1885 3213 timere,
1930 3160 2140 3205 stemus

534 3257 624 3313 ubi
663 3255 915 3311 Christus
954 3258 1041 3308 est
1072 3266 1087 3317 ;
1141 3258 1198 3305 ut
1226 3257 1281 3305 et
1311 3248 1380 3303 de
1409 3247 1566 3303 nobis
1603 3246 1751 3300 dicat
1783 3261 1796 3297 :
1846 3242 1979 3298 Vere
2022 3251 2139 3298 sunt

531 3348 693 3422 aliqui
721 3347 804 3402 hic
831 3355 1046 3411 stantes,
1069 3345 1155 3415 qui
1178 3361 1277 3398 non
1299 3343 1574 3413 gustabunt
1597 3348 1832 3394 mortem.
1860 3336 1975 3391 Non
2005 3335 2140 3391 satis

529 3456 612 3500 est
639 3451 808 3508 stare,
839 3438 942 3495 nisi
975 3439 1063 3493 ubi
1089 3436 1340 3494 Christus
1364 3443 1466 3501 est,
1498 3443 1699 3499 stetur;
1725 3433 1830 3488 soli
1860 3431 2007 3486 enim
2031 3445 2136 3485 non

2247 2239 2462 2314 (Matth.
2492 2259 2624 2311 xm,
2653 2243 2768 2316 32).

2316 2335 2371 2388 5.
2400 2334 2584 2406 Itaque
2615 2352 2723 2392 non
2754 2338 2822 2394 de
2852 2353 2980 2405 uno,
3008 2339 3104 2396 sed
3126 2339 3193 2395 de
3215 2337 3458 2410 pluribus
3480 2339 3647 2407 dicit;
3673 2355 3851 2412 neque

2243 2428 2386 2483 enim
2411 2427 2604 2484 Petrus
2638 2443 2885 2488 mortuus
2913 2443 3020 2499 est,
3044 2432 3131 2488 cui
3154 2433 3313 2504 juxta
3345 2433 3679 2489 Dominicam
3719 2449 3850 2490 sen-

2243 2523 2469 2577 tentiam
2520 2524 2676 2579 inferi
2728 2535 2878 2596 porta
2929 2528 3228 2598 praevalere
3270 2543 3376 2584 non
3409 2529 3582 2603 potuit
3615 2528 3846 2595 (Matth.

2243 2629 2355 2680 xu,
2384 2613 2498 2686 18).
2528 2615 2638 2672 Nec
2658 2616 2892 2674 Jacobus
2916 2629 2970 2675 et
2998 2618 3238 2677 Joannes
3264 2621 3464 2677 mortui
3493 2620 3587 2676 ﬁlii
3619 2621 3847 2678 tonitrui

2243 2704 2447 2778 (Marc.
2483 2725 2538 2763 ιιι
2564 2751 2578 2775 ,
2608 2711 2673 2764 17
2697 2713 2715 2779 )
2740 2753 2755 2778 ,
2790 2711 2986 2782 quibus
3015 2712 3068 2770 in
3101 2728 3260 2769 usum
3284 2715 3469 2785 gloria:
3496 2713 3735 2771 cmlestis
3760 2729 3850 2770 as-

2243 2799 2474 2870 sumptis
2503 2817 2615 2857 non
2648 2804 2941 2872 praevalent
2969 2812 3210 2870 terrena,
3243 2806 3342 2862 sed
3367 2806 3672 2878 subiacent.
3715 2807 3850 2864 Esto

2242 2905 2376 2963 ergo
2406 2904 2460 2948 et
2491 2901 2545 2949 tu
2576 2893 2788 2964 Petrus,
2817 2896 3064 2965 devotus,
3084 2899 3281 2968 fidelis,
3310 2900 3564 2971 paciﬁcus
3589 2917 3604 2967 ;
3636 2911 3694 2958 ut
3725 2918 3850 2972 por-

2245 2997 2326 3042 tas
2353 2988 2610 3046 Ecclesia:
2639 2993 2854 3062 aperias
2875 3035 2888 3059 ,
2934 3003 2990 3050 et
3014 3005 3200 3065 portas
3229 2997 3421 3052 mortis
3445 2996 3666 3052 evadas.
3713 2996 3848 3054 Esto

2243 3080 2386 3135 ﬁlius
2417 3083 2660 3140 tonitrui.
2713 3085 2853 3142 Dicis
2893 3103 2908 3141 :
2956 3086 3244 3156 Quomodo
3290 3104 3510 3160 possum
3543 3104 3666 3146 esse
3697 3089 3843 3146 ﬁlius

2244 3174 2515 3228 tonitrui?
2545 3174 2706 3231 Potes
2730 3191 2875 3246 esse,
2906 3179 2952 3234 si
2984 3195 3090 3234 non
3120 3178 3172 3236 in
3204 3189 3380 3248 terra,
3417 3182 3509 3238 sed
3537 3181 3592 3237 in
3621 3190 3847 3254 pectore

2241 3266 2444 3322 Christi
2484 3269 2791 3324 recumbas.
2824 3269 2987 3327 Potes
3015 3286 3139 3328 esse
3163 3273 3306 3329 ﬁlius
3330 3275 3556 3330 tonitrui
3586 3275 3635 3330 si
3664 3283 3714 3331 te
3737 3285 3846 3331 ter-

2242 3374 2371 3414 rena
2406 3377 2512 3416 non
2543 3373 2798 3418 moveant
2824 3406 2839 3431 ,
2891 3364 2986 3420 sed
3013 3365 3132 3436 ipse
3173 3367 3352 3436 potius
3379 3381 3440 3423 ea
3473 3382 3594 3439 qua:
3622 3377 3841 3424 terrena

2241 3461 2389 3518 sunt,
2425 3455 2760 3510 mentis’tuae
2783 3456 2986 3512 virtute
3015 3460 3312 3514 concutias.
3343 3458 3564 3515 Trenlat
3592 3470 3645 3515 te
3673 3468 3840 3528 terra,

527 3542 734 3608 queunt
753 3541 972 3605 gustare
1003 3538 1232 3587 mortem
1261 3528 1353 3599 qui
1386 3535 1614 3598 possunt
1643 3535 1787 3581 stare
1829 3539 1954 3580 cum
1981 3521 2132 3578 Chri-

2242 3557 2348 3598 non
2380 3546 2593 3615 capiat:
2626 3557 2881 3604 vereatur
2920 3563 3050 3605 caro
3080 3560 3404 3621 potestatem
3440 3553 3607 3608 animi
3636 3553 3753 3618 tui,
3785 3561 3843 3609 et

523 3641 630 3687 sto.
685 3629 743 3682 in
777 3642 886 3699 quo
914 3627 1040 3683 licet
1067 3641 1135 3683 ex
1167 3623 1314 3681 verbi
1343 3623 1514 3692 ipsius
1539 3622 1798 3693 qualitate
1831 3619 2136 3690 perpende-

526 3741 609 3790 re,
641 3740 709 3779 ne
741 3731 957 3778 tenuem
986 3719 1206 3793 quidem
1230 3733 1452 3775 sensum
1485 3716 1764 3771 habituros
1789 3716 2014 3781 mortis,
2041 3712 2130 3784 qui

525 3815 729 3872 Christi
775 3813 1062 3869 videantur
1110 3811 1380 3867 meruisse
1413 3807 1712 3866 consortia.
1769 3806 1931 3864 Certe
1981 3819 2130 3862 mors

523 3906 769 3979 corporis
799 3905 1020 3962 libando
1047 3913 1299 3978 gustctur
1323 3946 1338 3971 ,
1392 3903 1500 3958 vita
1551 3900 1745 3956 anima:
1781 3900 2130 3972 possessione

523 4009 790 4059 teneatur.

588 4099 644 4154 5.
680 4094 787 4151 Sed
817 4093 944 4166 quid
973 4101 1058 4149 est
1079 4100 1300 4164 gustare
1345 4087 1628 4144 mortem?
1657 4085 1737 4144 Ne
1761 4085 1918 4142 forte
1963 4099 2122 4154 quem

521 4188 815 4246 admodum
876 4185 1030 4257 panis
1072 4186 1183 4240 vita
1209 4190 1318 4248 est,
1352 4183 1424 4237 ita
1452 4183 1616 4236 etiam
1650 4180 1805 4249 panis
1839 4193 1987 4234 mors
2012 4179 2122 4244 sit;

516 4295 643 4340 sunt
672 4281 816 4339 enim
834 4280 925 4352 qui
951 4278 1278 4334 manducaut
1302 4290 1491 4346 panem
1520 4274 1724 4329 doloris
1744 4271 1920 4346 (Psat.
1939 4287 2119 4339 cxxvt,

517 4379 615 4448 2);
645 4386 772 4433 sunt
799 4377 962 4431 etiam
996 4372 1318 4441 Ethiopum
1363 4368 1544 4440 populi
1582 4366 1674 4436 qui
1706 4373 2035 4435 acceperunt
2065 4364 2119 4419 in

511 4486 692 4527 escam
714 4469 1012 4525 draconem
1039 4464 1212 4539 (Psal.
1241 4477 1431 4528 LXXIII,
1460 4459 1573 4532 14).
1609 4460 1768 4515 Absit
1794 4476 1823 4514 a
1849 4459 2004 4514 nobis
2026 4474 2116 4514 ve-

515 4579 712 4618 nenum
745 4561 998 4617 draconis
1029 4571 1261 4620 vorare;
1297 4553 1561 4612 habemus
1607 4550 1756 4608 enim
1800 4565 1996 4622 panem
2026 4565 2118 4606 ve-

510 4677 652 4725 rum,
689 4675 882 4729 panem
910 4657 1058 4713 illutn
1083 4655 1175 4728 qui
1199 4649 1480 4710 descendit
1507 4650 1575 4706 de
1604 4649 1770 4706 caelo.
1817 4649 2022 4704 Panem
2053 4648 2116 4702 il-

515 4757 628 4812 lum
657 4754 966 4817 manducat,
1001 4753 1092 4823 qui
1121 4768 1184 4806 ea
1212 4765 1336 4822 qua:
1363 4748 1568 4820 scripta
1591 4755 1718 4802 sunt
1744 4755 1941 4802 servat.
1977 4744 2113 4801 Sunt

507 4865 636 4920 ergo
664 4848 758 4921 qui
785 4856 1022 4921 mortem
1052 4859 1158 4899 non
1206 4853 1426 4914 gestent
1447 4882 1466 4906 ,
1512 4840 1690 4898 donec
1725 4839 1938 4897 videant
1987 4853 2111 4910 reg-

2237 3649 2500 3692 concussa
2533 3638 2820 3694 subdatur.
2846 3642 2968 3696 Eris
2997 3641 3138 3698 ﬁlius
3169 3644 3414 3713 tonitrui,
3443 3645 3673 3701 sifueris
3696 3645 3840 3701 ﬁlius

2235 3728 2519 3786 Ecclesiae.
2565 3731 2720 3788 Dicat
2748 3744 2804 3790 et
2834 3735 2927 3790 tibi
2960 3736 3028 3791 de
3055 3737 3298 3822 patibulo
3329 3739 3506 3794 crucis
3538 3737 3787 3794 Christus
3818 3755 3834 3794 :

2235 3819 2377 3876 Ecce
2401 3831 2563 3878 mater
2591 3832 2680 3878 tua
2702 3825 2722 3898 (
2742 3824 2903 3882 Joau.
2935 3842 3026 3883 x-Ix
3053 3819 3079 3895 ,⁷
3099 3828 3216 3900 27).
3264 3828 3416 3885 Dicat
3443 3841 3498 3885 et
3523 3831 3784 3887 Ecclesiae
3816 3849 3830 3887 :

2232 3910 2371 3969 Ecce
2395 3914 2540 3984 ﬁlius
2577 3926 2697 3972 tuus
2721 3919 2741 3988 (
2767 3917 2934 3985 Ibid.,
2961 3919 3056 3991 26)
3081 3936 3097 3988 ;
3153 3932 3283 3977 tunc
3311 3923 3458 3978 enim
3487 3923 3680 3995 incipis
3707 3939 3833 3981 esse

2224 4005 2376 4063 ﬁlius
2404 4009 2682 4077 Ecclesiae,
2717 4025 2839 4067 cum
2871 4013 2925 4068 in
2952 4028 3117 4070 cruce
3147 4015 3409 4073 victorem
3441 4018 3644 4074 videris
3667 4019 3831 4076 Chri-

2231 4109 2398 4158 stum.
2427 4102 2566 4158 Nam
2583 4105 2672 4174 qui
2699 4120 2920 4162 crucem
2943 4108 3257 4164 scandalum
3277 4119 3450 4182 putat,
3473 4110 3695 4168 Iudaeus
3718 4122 3825 4180 est,

2229 4194 2486 4251 Ecclesiae
2509 4197 2654 4253 ﬁlius
2683 4213 2792 4252 non
2819 4208 2903 4255 est
2929 4215 2942 4253 :
2969 4201 3064 4271 qui
3093 4217 3314 4259 crucem
3343 4203 3630 4260 stultitiam
3654 4215 3822 4275 putat,

2225 4284 2448 4345 (ἔνδαιεν.
2471 4296 2574 4344 est.
2625 4289 2726 4346 Ille
2755 4300 2940 4348 autem
2967 4304 3054 4350 est
3080 4293 3339 4351 Ecclesiae
3366 4295 3514 4352 ﬁlius
3535 4338 3552 4363 ,
3579 4299 3668 4369 qui
3699 4314 3824 4354 cru-

2222 4393 2348 4438 cel!
2373 4382 2710 4454 triumphum
2736 4394 2888 4457 putat
2912 4428 2928 4457 ,
2962 4386 2992 4428 δ
3017 4389 3108 4460 qui
3136 4405 3356 4448 crucem
3385 4391 3590 4448 Christi
3631 4394 3824 4450 trium-

2223 4473 2440 4544 phantis
2469 4480 2732 4549 agnoscit.

2293 4567 2346 4623 6.
2380 4568 2559 4642 (Vere.
2590 4571 2712 4643 28.)
2740 4571 2885 4646 Ergo
2917 4585 2972 4630 ut
3025 4577 3166 4632 scias
3192 4577 3315 4652 quia
3342 4576 3554 4644 Petrus,
3583 4577 3818 4637 Iacobus

2217 4673 2271 4719 et
2296 4665 2536 4720 Joannes
2568 4676 2800 4722 mortem
2831 4683 2940 4724 non
2963 4679 3342 4742 gustaverunt,
3369 4673 3598 4744 gloriam
3631 4689 3816 4731 resur-

2217 4757 2478 4813 rectionis
2507 4757 2694 4815 videre
2732 4770 3092 4830 meruerunt;
3137 4763 3292 4818 solos
3323 4765 3468 4819 enim
3519 4774 3635 4821 tres
3681 4767 3817 4823 istos

2215 4861 2335 4920 post
2389 4851 2507 4906 haec
2549 4851 2664 4908 fere
2693 4853 2857 4910 verba
2898 4855 2948 4909 in
2988 4854 3181 4911 diebus
3227 4864 3354 4912 octo
3414 4859 3729 4929 assumpsit,
3759 4865 3816 4914 et

508 4958 637 4999 num
666 4941 782 4996 Dei.
817 4939 958 4996 Sunt
981 4938 1143 4992 etiam
1173 4936 1262 5007 qui
1296 4944 1530 4991 mortem
1558 4949 1668 4991 non
1700 4935 1938 4997 videant,
1969 4933 2109 4990 sicut
2134 4949 2190 5010 D
2213 4942 2361 4999 duxit
2397 4945 2450 5000 in
2483 4954 2743 5002 montem.
2769 4947 2906 5014 Quid
2938 4957 3024 5005 est
3049 4949 3196 5019 quod
3224 4949 3324 5006 iste
3350 4949 3484 5012 dicit
3505 4969 3520 5005 :
3544 4949 3615 5006 In
3634 4951 3814 5006 diebus

505 5037 770 5105 scriptum
796 5042 883 5090 est
906 5051 924 5086 ει
953 5031 1082 5098 Quis
1115 5037 1189 5086 est
1214 5029 1366 5084 homo
1397 5029 1482 5099 qui
1510 5029 1639 5084 vivet
1658 5067 1677 5098 ,
1714 5036 1761 5086 et
1796 5045 1898 5084 non
1923 5031 2109 5087 videbit
2211 5044 2324 5091 octo
2349 5045 2462 5106 post
2487 5037 2595 5093 huic
2623 5040 2774 5093 verba
2791 5040 2818 5094 7
2840 5039 2919 5096 Ne
2951 5041 3090 5098 forte
3115 5042 3242 5114 quia
3265 5042 3314 5099 is
3337 5044 3434 5116 qui
3466 5044 3634 5102 verba
3653 5045 3813 5101 Chri-

506 5139 722 5188 mortem
754 5124 929 5198 (Psat.
961 5137 1226 5188 suum,
1253 5118 1389 5192 49.)?

2209 5128 2281 5183 sti
2312 5129 2464 5186 audit
2491 5140 2546 5186 et
2586 5131 2790 5198 credit,
2838 5135 3257 5191 resurrectionis
3292 5147 3538 5210 tempore
3579 5139 3810 5210 gloriam

575 5217 632 5274 4.
680 5217 790 5275 Sed
813 5220 934 5288 quis
959 5227 1052 5304 est
1070 5215 1232 5272 homo
1262 5214 1357 5287 qui
1394 5229 1502 5270 non
1526 5215 1789 5270 moriatur
1813 5257 1828 5283 ,
1861 5230 1987 5272 cum
2019 5233 2106 5276 ιο-
2207 5220 2412 5277 Christi
2442 5223 2648 5281 videbit
2675 5242 2693 5291 ;
2724 5234 2918 5284 octava
2948 5229 3094 5284 enim
3127 5227 3216 5285 die
3247 5228 3387 5286 facta
3419 5237 3502 5288 est
3529 5247 3811 5292 resurrec-
3863 5305 3887 5311 _

504 5311 777 5369 surrectio
809 5311 912 5366 nisi
955 5311 1160 5368 mortui
1187 5323 1312 5366 esse
1352 5323 1461 5365 non
1505 5308 1720 5382 possit?
1747 5308 2008 5378 Quamvis
2035 5311 2104 5369 de

500 5408 694 5467 Enocb
713 5419 768 5464 et
796 5407 913 5468 Elia
942 5406 1154 5463 nullam
1171 5412 1404 5465 mortem
1429 5404 1678 5476 corporis
1702 5406 2098 5476 acceperimus,

2207 5315 2321 5381 tio;
2357 5317 2500 5373 unde
2526 5327 2581 5374 et
2613 5319 2860 5392 plerique
2901 5323 3092 5392 psalmi
3124 5323 3177 5378 in
3223 5333 3468 5381 octavam
3503 5327 3811 5383 inscribun-

2205 5416 2294 5465 tur
2324 5410 2343 5482 (
2371 5407 2514 5466 Psat.
2549 5426 2604 5468 vt
2634 5422 2680 5468 et
2711 5427 2772 5468 χι
2791 5411 2839 5487 ).
2890 5415 2997 5471 Aut
3041 5415 3180 5473 forte
3208 5425 3270 5472 ut
3309 5421 3625 5478 ostenderet
3648 5421 3807 5479 nobis

573 5560 598 5587 η
822 5564 1013 5604 omnes
1040 5589 1055 5614 ,
1103 5556 1313 5632 peccato
1340 5547 1476 5632 enim
1518 5549 1692 5632 mortis
1736 5549 1792 5632 in
1832 5549 2094 5632 infernum
2196 5552 2314 5608 sius
2344 5552 2477 5608 illud
2509 5555 2691 5632 dicere
2714 5557 2907 5632 2quod
2939 5573 3102 5631 supra
3134 5559 3226 5616 lib.
3259 5575 3312 5615 vr
3342 5602 3357 5628 ,
3389 5577 3443 5615 ιι.
3472 5560 3543 5619 99
3567 5603 3582 5629 ,
3611 5575 3804 5632 pecca-

499 5622 796 5689 descendit,
839 5631 956 5677 sunt
982 5662 997 5686 ,
1029 5628 1135 5676 etc.
1184 5619 1313 5675 Mss.
1342 5627 1528 5674 contra
1560 5627 1621 5673 ut
1665 5621 1716 5675 in
1763 5629 1910 5675 textu
1938 5662 1952 5683 ,
2000 5635 2094 5676 ex-

499 5707 661 5766 cepto
689 5693 832 5764 quod
875 5694 929 5749 in
973 5693 1179 5766 paucis.
1213 5692 1393 5766 mortis
1427 5691 1625 5762 legitur
1656 5707 1784 5762 pro,
1817 5703 2050 5766 mortuus
2075 5732 2092 5762 ,

497 5762 843 5837 sic-infernum
870 5806 883 5820 .
929 5803 944 5818 .
974 5762 1004 5818 “.
1048 5763 1116 5818 ad
1145 5762 1503 5827 habitandum,
1538 5777 1635 5837 pro
1664 5765 1856 5837 inferni
1898 5804 1912 5818 .
1957 5801 1983 5837 ._
2019 5805 2031 5817 .
2079 5803 2094 5819 .

2200 5634 2311 5697 tum
2342 5627 2557 5697 mortale
2577 5628 2966 5697 appellaverat.

2270 5695 2299 5733 ι)
2345 5696 2419 5751 Ita
2455 5695 2663 5772 omnes
2703 5699 2835 5756 edit.
2890 5716 2954 5757 ac
3001 5702 3156 5772 pauci
3203 5718 3336 5759 mss.
3384 5704 3490 5759 Alii
3524 5719 3653 5761 vero
3682 5713 3798 5759 tum

2201 5767 2600 5844 frequentiores
2629 5812 2644 5837 ,
2696 5780 2814 5827 tum
2859 5767 3192 5844 antiquiores
3222 5817 3238 5844 ,
3284 5776 3373 5844 qui
3432 5791 3602 5830 vocem
3648 5775 3802 5832 Clu-i-

405 5851 412 5854 ·
499 5834 872 5895 habitaculum.
933 5837 1104 5894 Porro
1133 5842 1414 5906 peceatum
1457 5834 1636 5890 mortis
1665 5836 1838 5906 potuit
1868 5835 2099 5895 Ambro-
2201 5834 2428 5908 sti,'etc.
