4186 6358
353 270 489 334 1701

1301 257 1671 327 EXI’OSlTIO
1708 264 1966 334 EVANG.
2007 267 2156 330 SEC.
2201 266 2356 330 LUC.
2399 267 2528 327 LIB.
2571 268 2686 327 VII.

3504 261 3675 353 tina,
3762 358 3774 365 ι

348 383 473 455 quia
507 380 724 448 dixerat
749 379 892 454 quod
924 379 971 444 is
996 378 1090 454 qui
1119 387 1343 453 propter
1388 380 1485 440 Dei
1515 379 1740 445 verbum
1771 379 1951 450 perdi-
1983 388 2036 450 Α
2061 385 2407 442 sacerdotale
2434 384 2775 443 conscendit.

351 475 493 532 derit
540 476 779 545 animam
830 490 1024 543 suam,
1066 475 1270 532 salvam
1313 473 1476 530 faciet
1502 489 1621 530 eam
1648 490 1663 541 ;
1694 474 1952 546 quoniam

356 570 626 641 promissa
657 584 755 626 sua
783 569 837 632 in
865 569 1274 628 resurrectione
1303 569 1580 629 restituat.

427 665 482 720 7.
510 663 618 720 Sed
648 662 936 726 Matthaius
962 671 1018 718 et
1035 661 1248 720 Marcus
1266 670 1392 733 post
1419 659 1539 715 dies
1569 674 1661 717 sex
1691 671 1957 734 assump-

355 768 439 815 (οε
469 756 574 818 hos
597 772 719 816 esse
749 767 1126 815 memorarunt
1153 755 1372 827 (Matth.
1408 770 1542 822 xvu,
1579 755 1604 816 1
1632 769 1648 819 ;
1683 752 1851 809 Μοῖσα
1879 769 1956 826 ιι,

359 853 436 922 ι).
467 852 545 908 De
570 867 681 923 quo
711 865 998 921 possemus
1022 851 1208 907 dicere
1231 889 1248 919 ,
1300 857 1428 921 post
1463 864 1562 906 sex
1590 848 1760 908 millia
1786 863 1959 904 anno-

352 960 514 1011 rum;
546 944 603 1006 Af
609 945 697 1002 ille
719 945 856 999 enim
885 945 1010 998 anni
1047 945 1103 1000 in
1126 953 1404 1011 conspectu
1433 939 1534 997 Dei
1562 953 1825 1012 tamquam
1848 942 1959 996 dies

353 1055 460 1094 una
482 1037 658 1112 (Beat.
685 1053 912 1106 ιιιιιι,
941 1039 1038 1111 4);
1071 1036 1168 1097 sed
1201 1037 1382 1107 plures
1416 1044 1441 1072 α
1472 1050 1634 1106 quam
1664 1049 1759 1092 sex
1790 1034 1958 1092 millia

359 1140 746 1204 computantur
773 1131 904 1191 anni
929 1149 944 1186 :
967 1139 1022 1188 et
1051 1131 1324 1192 malumus
1351 1124 1449 1186 sei
1483 1126 1694 1201 1513
1720 1127 1841 1190 dies
1864 1142 1961 1198 per

352 1228 659 1302 symbolum
690 1226 1020 1298 intelligere,
1052 1224 1196 1296 quod
1225 1240 1320 1281 sex
1352 1223 1548 1280 diebus
1577 1221 1764 1280 mundi
1795 1236 1961 1292 opera

352 1332 483 1379 sunt
507 1330 692 1380 creata
717 1338 733 1392 ;
764 1320 793 1360 ι’
822 1329 880 1376 ut
905 1335 1002 1392 per
1031 1327 1246 1392 tempus
1277 1332 1468 1389 opera,
1501 1332 1596 1388 per
1613 1330 1780 1386 opera
1805 1329 1961 1370 mun-

351 1421 482 1478 dum
517 1417 906 1490 intelligamus.
941 1415 1011 1471 Et
1036 1415 1162 1472 ideo
1189 1413 1372 1472 mundi
1403 1411 1738 1482 temporibus
1769 1409 1962 1479 imple-

355 1514 425 1572 tis
450 1554 467 1580 ,
508 1512 840 1568 resurrectio
871 1511 1049 1566 futura
1076 1515 1410 1564 monstratur
1436 1522 1451 1561 :
1503 1513 1598 1559 aut
1617 1503 1750 1574 quia
1793 1502 1839 1557 is
1870 1500 1963 1572 qui

358 1621 523 1678 supra
543 1606 804 1664 mundum
836 1601 1165 1669 ascenderit,
1196 1608 1250 1657 et
1280 1599 1441 1672 hujus
1471 1597 1657 1655 saeculi
1687 1604 1964 1652 momenta

356 1699 777 1768 transcenderit,
802 1699 951 1758 velut
981 1697 1032 1754 in
1061 1695 1278 1754 sublimi
1306 1695 1539 1759 locatus,
1562 1690 1758 1748 futura:
1781 1704 1964 1745 resur-

357 1796 618 1852 rectionis
647 1796 882 1858 fructum
903 1791 1246 1864 etSpectabit
1277 1797 1567 1846 teternum.

427 1889 484 1945 8.
524 1886 999 1946 Transcendamus
1028 1885 1189 1958 igitur
1231 1898 1397 1954 opera
1427 1881 1635 1948 mundi;
1683 1889 1740 1934 ut
1789 1878 1961 1954 possi-

355 1999 481 2040 mus
510 1982 647 2040 facie
677 1981 744 2056 ad
770 1981 961 2042 faciem
1005 1981 1169 2042 Deum
1199 1980 1407 2035 videre.
1447 1977 1680 2034 Ascende
1710 1978 1764 2036 in
1809 1992 1958 2030 nion-

358 2088 459 2149 ιω(
490 2079 578 2150 qui
623 2077 946 2156 euangelium
977 2074 1107 2132 Sion
1147 2073 1320 2148 (Esai.
1355 2090 1443 2142 XL,
1475 2072 1556 2144 9).
1599 2072 1656 2128 Si
1703 2071 1758 2126 in
1807 2085 1961 2126 mon-

359 2182 472 2229 tem
503 2172 749 2230 ascendit
769 2171 863 2242 qui
894 2171 1231 2244 evangelizat
1258 2167 1412 2238 Sion,
1445 2177 1651 2240 quanto
1678 2165 1850 2238 magis
1871 2164 1964 2242 qui

359 2266 642 2324 Christum
672 2264 1029 2338 evangelizat,
1061 2273 1117 2321 et
1144 2263 1419 2320 Christum
1447 2261 1502 2318 in
1524 2263 1750 2335 gloriam
1778 2275 1972 2326 resurg

358 2362 604 2431 gentem?
625 2359 884 2416 Fortasse
907 2358 1052 2414 enim
1073 2359 1124 2414 in
1147 2372 1378 2428 corpore
1399 2371 1522 2412 eum
1547 2355 1696 2412 multi
1721 2353 1962 2422 videant;

361 2452 519 2508 multi
550 2451 695 2510 enim
717 2452 1016 2510 secundum
1042 2466 1262 2508 carnem
1294 2451 1647 2524 cognovimus
1663 2448 1963 2506 Christum:

363 2563 508 2618 nunc
537 2553 719 2606 autem
743 2547 854 2618 jam
885 2561 995 2606 non
1023 2547 1298 2604 novimus.

434 2642 489 2698 9.
534 2641 684 2700 Multi
716 2642 1096 2714 cognovimus,
1143 2640 1268 2712 quia
1325 2639 1481 2696 multi
1510 2637 1765 2698 vidimus.
1815 2637 1967 2694 Vidi-

363 2751 478 2790 mus
529 2750 668 2801 eum,
729 2743 900 2790 etnon
952 2731 1168 2810 habebat
1220 2733 1439 2804 speciem
1509 2747 1668 2802 neque
1733 2730 1967 2786 decorem

365 2825 543 2894 (Emi.
576 2841 688 2891 Llll,
723 2823 803 2896 5).
845 2823 980 2881 Tres
1005 2832 1188 2880 autem
1215 2823 1318 2880 soli
1345 2829 1403 2878 et
1427 2818 1540 2877 tres
1569 2820 1727 2877 electi
1755 2819 1966 2876 ducun-

365 2931 454 2974 tur
482 2919 536 2976 in
583 2927 843 2974 montem.
877 2917 1130 2976 Putarem
1177 2917 1230 2972 in
1283 2915 1459 2972 tribus
1510 2912 1743 2986 mystice
1794 2927 1968 2985 genus

369 3011 650 3068 hominum
682 3010 1165 3082 comprehensum;
1213 3009 1338 3082 quia
1384 3025 1452 3064 ex
1508 3008 1679 3064 tribus
1702 3006 1828 3063 liliis
1856 3007 1969 3063 Noe

364 3122 537 3179 genus
557 3122 720 3163 omne
765 3105 996 3161 deﬂuxit
1035 3105 1348 3169 humanum,
1389 3103 1492 3157 nisi
1538 3104 1743 3158 electos
1779 3115 1967 3156 cerne-

2132 479 2218 535 lO.
2239 478 2422 551 (Vers.
2457 479 2573 550 10.)
2593 479 2723 538 inde
2748 488 3012 551 apparent
3039 479 3252 553 Moyses
3283 490 3338 538 et
3365 482 3650 550 Elias.hoc

2057 581 2158 638 est,
2207 573 2316 628 Lex
2346 582 2400 631 et
2426 574 2714 646 prophetia
2745 591 2867 632 cum
2915 575 3110 642 Verbo;
3145 592 3319 647 neque
3347 578 3494 634 enim
3534 579 3646 637 Lex

2059 675 2239 736 potest
2265 683 2387 724 esse
2407 669 2527 726 sine
2555 668 2752 725 Verbo:
2787 686 2959 742 neque
2987 672 3272 742 propheta,
3304 673 3408 730 nisi
3456 674 3545 744 qui
3577 674 3650 732 de

2058 761 2157 822 Dei
2180 760 2290 818 filio
2319 761 2675 833 prophetarit.
2711 762 2777 818 Et
2807 763 2880 819 illi
2909 764 3124 834 quidem
3157 763 3250 822 lilii
3282 765 3657 837 tonitruiﬁeor-

2061 855 2234 926 porali
2257 856 2429 927 gloria
2458 857 2673 926 Moysen
2703 871 2919 928 quoque
2942 868 2995 912 et
3018 858 3187 915 Eliatn
3211 859 3475 928 Speculati
3508 870 3655 915 sunt:

2061 948 2154 1004 sed
2188 949 2351 1004 etiam
2385 963 2484 1004 nos
2515 948 2757 1019 quotidie
2781 947 2808 987 ἀ
2837 950 3084 1008 videmus
3134 954 3355 1025 Moysen
3386 968 3510 1008 cum
3555 953 3655 1011 Dei

2034 1040 2222 1107 ~Filio;
2257 1042 2502 1096 videmus
2527 1043 2673 1098 enim
2699 1042 2896 1115 Legem
2929 1044 2985 1099 in
3028 1046 3326 1117 Evangelio
3369 1061 3492 1102 cum
3523 1046 3654 1118 legi-

2061 1150 2202 1189 mus:
2241 1133 2440 1208 Diliges
2492 1133 2778 1194 Dominum
2832 1136 2998 1192 Deum
3049 1147 3196 1196 tuum
3245 1138 3420 1210 (Deut.
3454 1155 3530 1204 vt,
3574 1138 3652 1210 5).

2063 1228 2323 1284 Videmus
2354 1229 2528 1284 Eliam
2554 1244 2674 1286 cum
2719 1229 2810 1294 Dei
2847 1231 3044 1300 Verbo,
3076 1249 3198 1288 cum
3238 1234 3488 1304 legimus:
3521 1232 3658 1290 Ecca

2064 1323 2202 1394 rirgo
2227 1323 2282 1377 in
2312 1331 2456 1378 utero
2486 1324 2702 1396 accipiet
2730 1324 2900 1396 (Esai.
2932 1341 3026 1394 vn,
3055 1325 3169 1399 Μ).
3214 1327 3368 1385 Unde
3389 1329 3527 1384 bene
3552 1327 3657 1386 Lu-
3689 1369 3704 1377 η

2064 1429 2156 1470 cas
2183 1414 2415 1481 addidit,
2439 1417 2562 1488 quia
2599 1434 2612 1470 :

2124 1508 2305 1580 (Vers.
2340 1509 2460 1578 51.)
2488 1507 2736 1566 Dicebant
2765 1527 3031 1570 excessum
3058 1515 3171 1585 ejus
3197 1528 3344 1583 quem
3369 1513 3656 1584 completu-

2066 1616 2157 1658 t'us
2189 1611 2296 1658 erat
2325 1601 2376 1660 in
2413 1600 2761 1660 Hierusalem.

2139 1695 2226 1750 ll.
2268 1695 2476 1751 Docent
2505 1699 2647 1753 enim
2677 1709 2728 1754 te
2762 1697 2832 1754 de
2870 1713 3100 1756 excessu
3126 1699 3245 1770 ejus
3273 1701 3551 1772 mysteria.
3589 1703 3660 1765 Et

1990 1799 2039 1860 Β
2068 1786 2230 1844 hodie
2274 1787 2484 1861 Moyses
2514 1791 2694 1858 docet,
2728 1802 2781 1848 et
2821 1791 2986 1848 hodie
3019 1793 3165 1848 Elias
3195 1793 3450 1864 loquitur,
3479 1803 3536 1851 et
3562 1795 3660 1850 ho-

2063 1879 2150 1934 die
2183 1881 2233 1934 in
2286 1883 2492 1952 majore
2513 1884 2682 1954 gloria
2715 1884 2901 1940 videre
2928 1900 3214 1956 possumus
3239 1888 3482 1958 Moysen.
3529 1889 3660 1954 Quis

2063 1973 2208 2032 enim
2241 1988 2346 2030 non
2384 1984 2578 2046 potest,
2615 1977 2833 2048 quando
2859 1988 2914 2034 et
2946 1978 3504 2050 populnsJudaaorum
3532 1997 3656 2038 eum

2064 2066 2246 2124 videre
2296 2068 2495 2137 potuit,
2543 2068 2709 2122 inuno
2751 2069 2921 2125 vidit?
2977 2071 3120 2138 Vidit
3171 2073 3318 2130 enim
3373 2074 3428 2140 in
3483 2074 3660 2144 gloria

2065 2159 2256 2216 faciem
2280 2160 2451 2233 Moysi
2478 2161 2678 2232 (Exod.
2705 2177 2892 2228 xxxiv,
2920 2163 3010 2230 50,
3035 2174 3082 2220 et
3109 2164 3241 2236 seq.)
3261 2183 3274 2219 :
3296 2165 3391 2234 sed
3414 2167 3664 2230 velamen

2063 2256 2293 2324 accepit,
2319 2255 2411 2314 sed
2437 2255 2490 2310 in
2517 2264 2756 2312 montem
2787 2272 2892 2312 non
2917 2258 3182 2314 ascendit.
3210 2259 3276 2314 Et
3299 2259 3421 2316 ideo
3447 2259 3664 2334 1515

2073 2348 2303 2414 erravit,
2331 2347 2454 2419 quia
2484 2349 2661 2408 solum
2683 2349 2908 2422 Moysen
2938 2351 3097 2419 vidit,
3127 2352 3223 2412 Dei
3247 2352 3489 2416 Verbum
3509 2353 3669 2420 simul

2066 2439 2250 2496 videre
2279 2455 2384 2496 non
2414 2443 2609 2514 potuit.

2140 2536 2229 2594 i2.
2274 2536 2598 2596 Revelemus
2629 2537 2788 2610 igitur
2829 2553 2928 2596 nos
2954 2539 3147 2600 faciem
3198 2521 3461 2607 nostram;
3492 2551 3550 2600 ut
3581 2557 3666 2600 re-

2067 2630 2242 2685 velata
2303 2630 2442 2687 facie
2483 2631 2709 2702 gloriam
2762 2632 2858 2689 Dei
2902 2634 3266 2702 speculantes,
3319 2637 3374 2698 in
3417 2636 3663 2692 eamdem

2069 2722 2360 2794 imaginem
2415 2723 2797 2779 reformemur.
2850 2724 3226 2782 Ascendamus
3279 2727 3334 2792 in
3400 2739 3666 2797 montem,

2070 2815 2426 2886 deprecemur
2457 2816 2552 2872 Dei
2582 2816 2855 2883 Verbum;
2891 2825 2948 2874 ut
2986 2819 3037 2873 in
3076 2821 3258 2890 specie
3286 2828 3342 2878 et
3372 2822 3668 2892 pulchritu-

2071 2909 2198 2966 dine
2226 2926 2322 2966 sua
2356 2910 2515 2968 nobis
2535 2921 2824 2982 appareat,
2851 2921 2906 2969 et
2923 2913 3283 2982 confortetur,
3312 2925 3368 2972 et
3404 2931 3671 2988 prospere

2074 3005 2352 3078 procedat,
2377 3014 2432 3062 et
2463 3014 2672 3078 regnet.
2718 3008 2783 3062 Et
2806 3006 2924 3064 lucc
2950 3011 3094 3066 enim
3124 3012 3384 3081 mysteria
3425 3020 3575 3078 sunt,
3614 3021 3671 3070 et

2073 3100 2232 3154 altius
2262 3100 2590 3168 referuntur;
2614 3100 2817 3157 etenim
2844 3115 2943 3175 pro
2968 3111 3055 3156 tua
3075 3102 3435 3172 possibilitate
3455 3113 3550 3160 aut
3571 3105 3674 3164 mi-

366 3215 509 3255 rem.
549 3199 657 3254 Aut
685 3198 917 3254 fortasse
945 3197 1072 3268 quia
1103 3196 1204 3253 soli
1230 3211 1302 3252 ex
1331 3195 1584 3261 omnibus
1602 3194 1668 3250 ad
1691 3209 1971 3250 resurrec—
1995 3187 2040 3250 C
2075 3194 2258 3248 nnitur
2281 3192 2378 3248 tibi
2408 3192 2676 3259 Verbum,
2706 3202 2800 3250 aut
2824 3195 3042 3261 crescit,
3077 3210 3142 3252 ac
3167 3196 3270 3254 nisi
3299 3195 3506 3258 altioris
3538 3213 3670 3268 pru-

369 3297 536 3352 tiouis
570 3295 856 3366 pervenire
903 3293 1130 3365 gratiam
1161 3292 1250 3362 qui
1280 3290 1556 3346 Christum
1588 3289 1824 3345 confessi
1853 3287 1968 3343 fue-

368 3392 501 3458 rint,
532 3391 905 3456 merebuntur;
933 3389 1057 3461 quia
1083 3386 1231 3456 impii
1273 3385 1326 3442 in
1354 3383 1618 3456 judicium
1650 3398 1756 3439 non
1784 3398 1969 3439 resur-

367 3489 526 3555 gunt,
555 3481 651 3538 sed
695 3491 949 3552 tanquam
992 3481 1178 3536 habito
1215 3477 1420 3550 judicio
1459 3478 1757 3548 puniuntur
1792 3475 1969 3550 (Paul.

369 3591 412 3645 ι,
441 3576 522 3647 5).
552 3574 692 3632 Tres
734 3575 899 3645 igitur
929 3575 1226 3644 eliguntur,
1280 3571 1372 3644 qui
1419 3572 1777 3628 aseenderent
1822 3585 1977 3626 mon-

373 3675 506 3735 tem;
550 3669 675 3740 quia
704 3675 765 3724 et
801 3667 910 3724 duo
937 3667 1213 3738 eliguntur
1265 3665 1355 3736 qui
1402 3679 1524 3721 eum
1558 3664 1789 3719 Domino
1829 3662 1978 3719 vide-

374 3770 586 3816 rentur.
619 3758 884 3830 Utrinque
916 3770 1164 3815 sacratus
1195 3773 1476 3812 numerus.
1510 3756 1576 3811 Et
1612 3755 1716 3812 hoc
1745 3755 1979 3812 fortasse

378 3863 694 3931 propterea,
725 3851 850 3924 quia
891 3867 1052 3909 nemo
1076 3859 1256 3922 potest
1296 3849 1718 3907 resurrectionis
1747 3849 1974 3919 gloriam

375 3951 590 4015 videre,
639 3949 744 4004 nisi
773 3947 865 4020 qui
905 3949 1173 4018 integrum
1217 3945 1531 4018 mysterium
1582 3942 1865 3999 Trinitatis
1896 3942 1978 3996 in-

374 4052 635 4116 corrupta
658 4042 784 4099 ﬁdei
814 4042 1125 4098 sinceritate
1147 4039 1469 4095 sanaverit.
1491 4037 1690 4093 Petrus
1713 4034 1978 4102 ascendit,

377 4139 468 4212 qui
497 4139 681 4195 claves
713 4136 870 4209 regni
912 4136 1178 4192 caelorum
1208 4133 1421 4202 accepit
1457 4129 1675 4205 (Matth.
1720 4145 1830 4195 xvr,
1863 4129 1975 4201 i9):

378 4233 620 4289 Joannes
681 4245 918 4303 quoque,
949 4229 1038 4286 cui
1107 4225 1466 4283 committitur
1527 4223 1738 4279 Domini
1801 4231 1977 4277 mater

378 4323 687 4397 (Icarum,
716 4323 797 4395 2):
834 4321 1068 4378 Iacobus
1109 4319 1298 4387 etiam,
1337 4329 1360 4358 ο
1389 4317 1479 4388 qui
1526 4314 1734 4388 primus
1783 4315 1980 4371 solium

451 4519 477 4547 λ
508 4507 659 4565 Hanc
691 4503 1131 4575 supputationem
1156 4500 1448 4575 Ambrosio
1494 4498 1822 4575 peculiarem
1856 4512 1980 4575 esse

386 4581 547 4637 tradit
569 4570 915 4635 Sixtus‘Sen.
948 4575 1088 4632 Bibl.
1115 4573 1208 4629 lib.
1233 4588 1286 4638 v,
1319 4581 1506 4634 attnot.
1537 4570 1666 4632 190.
1702 4570 1864 4640 Nam,
1899 4572 1982 4624 in-

383 4654 520 4723 quit,
549 4651 836 4723 secundum
865 4645 1136 4723 Hebraicis
1171 4646 1401 4723 veritatis
1431 4643 1690 4723 calculum
1723 4642 1982 4723 Ambrosii

2074 3286 2272 3342 dentice
2298 3301 2557 3342 cacumen
2578 3287 2861 3353 ascendas,
2888 3303 2995 3343 non
3027 3288 3124 3350 tibi
3144 3301 3369 3361 apparet
3385 3291 3670 3361 sapientia,

2075 3395 2179 3438 neu
2213 3381 2555 3453 tibiapparet
2583 3381 2966 3454 mysteriorum
2997 3385 3256 3454 cognitio,
3287 3400 3394 3441 non
3433 3385 3528 3446 tibi
3572 3401 3672 3457 ap-

2076 3480 2232 3542 paret
2253 3484 2450 3542 quanta
2475 3473 2548 3528 sit
2568 3473 2759 3544 gloria,
2787 3484 2986 3545 quanta
3009 3476 3082 3529 sit
3101 3478 3318 3550 species
3339 3479 3391 3532 in
3428 3479 3522 3534 Dei
3543 3478 3676 3536 Ver-

2079 3564 2147 3620 bo
2173 3583 2186 3620 :
2212 3566 2306 3622 scd
2346 3567 2439 3622 Dei
2460 3566 2700 3624 Verbum
2725 3568 2879 3636 quasi
2904 3568 3134 3639 quodam
3161 3572 3454 3642 apparetin
3485 3587 3681 3645 corpo-

2077 3672 2158 3722 re,
2198 3673 2305 3714 non
2335 3657 2543 3714 habens
2578 3673 2730 3714 suam
2779 3661 3045 3730 speciem,
3090 3678 3268 3733 neque
3300 3663 3582 3732 decorem,
3622 3674 3680 3726 et

2073 3763 2300 3830 apparet
2341 3755 2496 3824 quasi
2528 3754 2691 3810 homo
2722 3755 2776 3814 in
2808 3755 2988 3828 plaga,
3015 3755 3110 3828 qui
3138 3755 3284 3813 ferre
3312 3759 3489 3830 possit
3525 3760 3678 3818 inlit-

2075 3850 2295 3906 mitates
2339 3855 2574 3909 nostras:
2619 3858 2851 3924 apparet
2888 3849 2984 3908 tibi
3038 3852 3194 3926 quasi
3235 3853 3456 3923 quidam
3497 3869 3680 3914 sermo

2081 3949 2239 3998 natus
2259 3955 2324 3996 ex
2355 3940 2596 4006 homine,
2626 3940 2928 3998 litterarum
2971 3953 3195 4014 opertus
3220 3945 3536 4013 involucris,
3571 3948 3682 4003 vir-

2081 4041 2198 4090 tute
2224 4033 2455 4103 Spiritus
2502 4046 2611 4088 non
2653 4032 2948 4106 refulgens.
3001 4035 3108 4091 Sed
3132 4034 3180 4092 si
3226 4036 3356 4094 dum
3404 4037 3679 4099 hominem

2081 4121 2424 4200 consideras,
2473 4125 2544 4183 de
2591 4126 2813 4200 Virgine
2845 4128 3038 4185 credas
3080 4144 3206 4186 esse
3244 4142 3585 4202 generatum,
3626 4142 3682 4190 et

2081 4220 2340 4292 paulatim
2386 4221 2589 4292 aspiret
2611 4219 2766 4288 fides,
2796 4220 2942 4292 quod
2979 4221 3049 4278 de
3065 4224 3258 4298 spiritu
3284 4225 3380 4290 Dei
3411 4235 3568 4282 natus
3588 4226 3681 4295 sit,

2083 4316 2280 4388 incipis
2338 4322 2582 4372 montem
2627 4313 2948 4375 ascendere.
3005 4315 3064 4378 Si
3121 4316 3182 4374 in
3225 4333 3393 4375 cruce
3441 4320 3680 4391 positum

2089 4497 2226 4572 iliSt.
2258 4497 2410 4555 Eccl.
2440 4498 2538 4572 lib.
2560 4514 2616 4554 tt.
2642 4512 2764 4572 cap.
2789 4514 2831 4568 ι,
2855 4509 2912 4558 et
2929 4501 3044 4558 alii.
3069 4503 3331 4562 Malnmus
3361 4519 3538 4566 tamen
3560 4525 3684 4567 cum

2089 4559 2398 4654 Maldonato
2437 4571 2526 4654 in.
2555 4585 2679 4654 cap:
2712 4559 2837 4626 'xvn
2860 4645 2871 4654 .
2898 4573 3084 4654 Matth.
3136 4559 3342 4654 lapsum

2089 4658 2248 4712 quem
2280 4642 2421 4697 idem
2452 4642 2618 4698 etiam
2647 4644 2950 4714 Augustino
2977 4642 3260 4712 adscribit,
3303 4651 3358 4704 in
3394 4642 3686 4713 Ambrosio

384 4712 612 4792 tempore
636 4720 864 4775 nondum
890 4713 1581 4792 prwrterierantanniMQt).
1633 4712 1982 4792 verumluec
2008 4718 2064 4779 D
2090 4712 2838 4792 nostroagnoscereuquam
2883 4717 2954 4770 ab
2990 4720 3245 4775 omnibus
3293 4737 3427 4778 mss.
3467 4741 3529 4778 ac
3576 4712 3683 4781 vet.

380 4786 554 4850 sancti
583 4793 836 4848 Praesulis
862 4786 1046 4860 opinio
1079 4789 1288 4857 magnis
1317 4786 1981 4860 auctoribusdefeuditur

383 4867 426 4923 Τ
435 4867 642 4937 heoph-
663 4905 682 4928 ν
711 4865 879 4935 Cypr.
901 4857 929 4928 “,
957 4860 1136 4937 Clem.
1164 4859 1427 4937 [μέθες-,ει
1469 4857 1612 4914 aliis.
1645 4857 1986 4937 Diversitatis

383 4928 567 5000 autem
593 4937 735 4998 ratio
757 4928 851 4998 ὶὲ(
877 4975 894 5002 ,
937 4932 1082 5004 Quod
1111 4929 1206 5004 qui
1230 4928 1376 4986 LXX
1423 4945 1585 4986 senes
1615 4931 1788 5004 secuti
1816 4940 1940 5004 sunt
1967 4970 1983 4995 ,

386 4999 557 5066 multo
575 5006 848 5086 majorem
879 4999 1145 5086 annorum
1177 5017 1462 5086 numerum
1497 4999 1698 5083 mundi
1733 5000 1984 5086 aetati-bus

385 5097 449 5138 ac
479 5071 822 5152 potissiinum
852 5074 1400 5152 primm‘a‘ttribuant.
1455 5088 1616 5142 quam
1746 5075 1838 5152 qui
1879 5071 1985 5152 lie-

386 5142 546 5209 braiis
574 5142 892 5218 Latinisque
935 5147 1216 5203 codicibus
1245 5145 1614 5218 adhaeserunt.
1634 5215 1641 5218 Α
1663 5142 1770 5218 sed
1800 5142 1869 5197 de
1897 5144 1982 5198 his

387 5225 494 5290 adi,
523 5226 568 5279 si
601 5232 777 5290 vacat,
808 5215 1072 5290 Ceuebr.,
1106 5217 1370 5281 Torniel.,
1403 5216 1602 5290 Daren.
1631 5215 1683 5269 in
1702 5216 1983 5290 itpparatu

386 5279 523 5370 nisi.
559 5294 588 5370 ς
617 5279 776 5370 tto:
814 5279 1108 5370 Sc:tlig._de
1134 5279 1363 5370 Emend.
1407 5287 1595 5370 Temp.
1625 5327 1642 5352 ,
1665 5279 1895 5370 “calvis.
1929 5285 1985 5341 in

386 5358 682 5434 (Σισιυιῖιγιη
711 5366 894 5422 Detav.
920 5358 991 5418 de
1020 5361 1275 5416 Doctrina
1303 5359 1519 5434 Temp._,
1545 5358 1782 5434 etalios.

457 5439 486 5480 δ
524 5430 696 5495 (Σαώ.
717 5453 849 5508 tus.,
875 5443 934 5489 ut
958 5451 1047 5508 per
1077 5442 1310 5508 teniporn
1337 5430 1590 5508 mundum
1611 5430 1980 5508 intelligamus.

463 5522 486 5550 ε
529 5512 690 5566 Rom.
716 5507 873 5573 edit.,
901 5501 986 5578 qui
1017 5501 1216 5578 prima}
1246 5503 1551 5578 martyrium
1588 5502 1833 5578 sustinuit
1856 5516 1876 5554 :
1896 5501 1984 5578 ubi

391 5582 765 5653 subitueil-ige,
776 5572 1151 5653 uitandorum.
1168 5576 1332 5653 Recta
1346 5574 1655 5653 emendatio
1670 5588 1686 5638 ;
1714 5587 1824 5638 non
1837 5572 1980 5653 enim

390 5653 480 5710 hic
546 5644 782 5716 lacubus
812 5644 1210 5721 'episeopalem
1266 5645 1758 5721 ierosolymorum
1797 5644 1982 5721 sedem

393 5728 634 5798 mouisse
661 5714 1294 5798 testantesuhrsauod
1319 5717 1390 5798 sic
1417 5714 1858 5798 “somewhat
1875 5714 1989 5798 ωίο

395 5785 671 5869 fratreqne
940 5785 1063 5866 post
1089 5785 1264 5854 Clem.
1303 5789 1458 5860 Alex.
1500 5788 1668 5850 tradit
1696 5785 1990 5860 eiuscuius,

2094 4784 2228 4840 edit.
2259 4785 2585 4842 desciscere.
2629 4785 3324 4850 Caeterumobservandtttu
3351 4795 3529 4852 obiter
3578 4813 3686 4853 non

2093 4856 2295 4938 deesse
2323 4857 2416 4938 qui
2447 4855 2709 4938 iambum
2747 4857 2956 4938 Alphaei
2997 4861 3311 4938 distinctum
3350 4867 3516 4926 velint
3539 4885 3570 4926 a
3598 4870 3690 4930 Ja-

2091 4927 2434 5010 cobonfratre
2459 4927 2697 4994 Domini,
2725 4927 3182 5010 contendantque
3203 4936 3433 5005 primum
3467 4927 3688 5008 aposto-

2091 4999 2202 5055 ium
2237 4999 2426 5065 fuisse,
2457 5015 2566 5056 non
2603 5001 2935 5057 secundum:
2981 4999 3282 5062 secundum
3305 5023 3434 5064 Vero
3470 4999 3693 5067 Jeroso-

2093 5073 2359 5150 lyrpprup
2382 5072 2694 5150 episcopum
2729 5077 3020 5150 exstitisse,
3051 5093 3160 5134 non
3190 5079 3446 5150 primum.
3479 5083 3688 5142 V-idesis

2093 5143 2342 5198 Bollandi
2372 5145 2671 5198 continuat.
2699 5143 2765 5198 ad
2790 5161 2805 5200 t
2828 5145 2971 5201 Maii.

2161 5211 2190 5290 εξ
2222 5213 2588 5290 liadenLedit.
2616 5213 2775 5290 Rom.
2805 5218 3032 5290 videmus
3065 5219 3284 5290 Moysen
3308 5233 3352 5277 et
3375 5223 3547 5280 Etiam
3573 5245 3692 5284 cum

2219 5284 2380 5369 Filio.
2415 5283 2660 5369 Videmus
2684 5288 3064 5369 enirnnMoysen
3084 5282 3467 5369 in_'l'}vangelio.
3502 5282 3692 5367 Melius

2087 5358 2318 5439 ali_:e,_et
2346 5357 2704 5439 cuncti‘mss.
2735 5368 2794 5414 ut
2817 5361 2869 5439 i'n
2901 5357 3083 5439 textu.
3111 5357 3334 5439 Etenim
3362 5371 3592 5439 primum
3623 5365 3692 5428 de

2088 5430 2213 5512 solo.
2235 5427 2421 5500 Moyse
2452 5429 2663 5512 probat,
2694 5430 2838 5512 quod
2887 5449 3009 5493 eum
3040 5435 3339 5512 videamus,
3363 5427 3494 5512 quia
3525 5427 3690 5505 verba

2090 5500 2247 5586 ἔλεψε
2269 5515 2431 5570 quam
2468 5500 2516 5586 .is
2545 5500 2808 5586 “Dimitte
2836 5510 3285 5586 Γεβτπεθηιεξιξεῐ,
3307 5500 3364 5586 in
3390 5500 3692 5586 Evangelii)

2089 5573 2335 5655 legimus:
2363 5573 2752 5655 postea_Eliam
2777 5573 2990 5655 quoque
3020 5593 3052 5655 _a
3081 5581 3236 5640 nobis
3270 5583 3442 5640 videri
3477 5573 3694 5646 asseve-

2093 5653 2196 5727 rat,
2230 5644 2665 5728 quandoquidem
2717 5647 2774 5728 in
2800 5644 3090 5728 Evangelia
3120 5657 3358 5728 occurrit
3389 5644 3691 5728 prophetia,

2095 5715 2580 5804 cujuslindeodem
2629 5726 2817 5775 monte
2866 5715 3017 5792 Elius
3074 5715 3696 5804 quamdam

2097 5787 2592 5860 adutubrationem.
2926 5787 2949 5792 "
3094 5787 3108 5794 '
3499 5787 3504 5790 ’
3524 5787 3529 5788 “
3553 5801 3556 5803 λ
