4186 6358
570 278 710 336 I703

1899 233 2147 332 sanari
2185 266 2513 331 auenosn

3723 264 3865 324 1704

565 392 987 467 triumphantem
1015 393 1084 452 de
1110 400 1286 451 morte
1312 392 1499 451 videas
1517 436 1531 460 ,
1561 406 1666 450 non
1694 403 2035 466 peremptum
2071 413 2083 449 :
2113 394 2158 450 si
2186 398 2237 460 Α
2263 391 2411 446 dium
2441 404 2473 445 e
2503 385 2727 459 regione
2749 385 3035 442 oculorum
3067 381 3441 441 contuentium
3468 394 3729 454 corporea
3762 397 3860 438 ne-

568 488 756 546 videas
778 490 920 562 quod
951 500 1095 547 terra
1117 489 1362 556 tremuit,
1394 490 1476 546 sol
1506 488 1725 561 refugit,
1751 489 1991 546 tenebrae
2016 488 2160 544 offu-

565 595 641 639 sa:
670 592 795 639 sunt
832 584 1003 640 oculis
1030 585 1382 654 perﬁdorum,
1414 594 1766 642 monumenta
1789 594 1978 656 aperta
2012 592 2159 652 sunt,

564 675 767 733 mortui
794 686 1176 741 surrexerunt;
1204 687 1264 733 ut
1283 687 1433 735 esset
1454 678 1657 735 indicio
1677 680 1801 750 quia
1824 678 2042 750 gentilis
2068 692 2162 747 p0-

566 767 726 840 pulus
769 770 860 841 qui
890 779 1135 827 mortuus
1165 779 1285 828 erat
1313 772 1447 837 Deo,
1478 782 1748 844 tamquam
1790 772 2050 828 reseratis
2078 772 2163 829 sui

560 864 806 933 corporis
839 866 1083 932 tumulis,
1112 866 1292 922 infuso
1317 867 1495 925 crucis
1520 868 1725 925 lumine
1756 868 2093 925 resurrexit:
2116 867 2162 923 si

564 954 670 1011 hoc
705 956 888 1013 videas
921 960 1259 1031 mysterium.
1290 960 1343 1016 in
1375 962 1650 1018 excelsum
1682 961 1977 1018 ascendisﬁ
2010 975 2163 1017 mon-

563 1056 695 1115 tem,
728 1050 954 1105 alteram
986 1050 1147 1109 Verbi
1173 1053 1401 1124 gloriam
1430 1055 1631 1111 cernis.

638 1143 726 1199 15.
769 1143 1105 1202 Vestimenta
1127 1145 1245 1217 ejus
1287 1146 1391 1202 alia
1428 1147 1684 1204 deorsum
1714 1156 1861 1216 sunt,
1890 1148 1995 1205 alia
2036 1164 2156 1204 sur-

564 1249 708 1293 sum.
756 1237 825 1293 Et
854 1238 1085 1297 fortasse
1121 1240 1443 1298 vestimenta
1475 1236 1657 1309 Verbi,
1710 1258 1991 1300 sermones
2036 1253 2164 1299 sunt

566 1329 999 1401 Scripturarum,
1034 1341 1089 1389 et
1123 1334 1367 1404 qumdam
1395 1336 1706 1393 intellectus
1734 1336 2044 1393 indumenta
2075 1336 2163 1391 di-

565 1426 697 1493 vini;
730 1427 854 1498 quia
892 1428 1034 1484 sicut
1064 1428 1182 1500 ipse
1205 1429 1391 1498 Petro,
1427 1430 1646 1499 Joanni,
1673 1431 1951 1488 etJacobo
1984 1432 2039 1487 in
2083 1430 2163 1485 al-

564 1528 678 1578 tera
720 1523 903 1593 specie
923 1513 1192 1594 apparuit,
1225 1534 1282 1581 et
1326 1526 1554 1583 vestitus
1598 1526 1719 1597 ejus
1755 1526 1909 1583 albus
1949 1525 2162 1581 refulsit

563 1612 748 1687 (Vers.
770 1615 887 1688 29);
932 1618 1005 1672 ita
1030 1626 1086 1673 et
1114 1618 1286 1674 oculis
1323 1628 1427 1674 tute
1457 1620 1658 1676 mentis
1682 1620 1793 1690 jam
1846 1619 2158 1675 divinarum

558 1708 854 1785 lectionum
883 1727 1076 1768 sensus
1108 1712 1350 1770 albescit.
1384 1714 1548 1771 Fiunt
1588 1716 1753 1787 igitur
1781 1715 1945 1772 verba
1980 1716 2159 1771 divina

2264 486 2378 556 quit
2406 484 2552 540 acies
2583 482 2873 545 sustinere;
2904 480 3176 553 quomodo
3203 480 3297 537 Dei
3340 478 3569 550 gloriam
3598 477 3865 533 humano—

2262 594 2381 633 rum
2425 577 2592 633 ferret
2617 577 2923 648 corruptela
2956 572 3349 631 membrorum?
3376 571 3563 642 quue
3593 570 3782 639 purior
3809 575 3867 625 et

2261 672 2513 728 subtilior
2561 670 2831 727 exhausta
2881 668 3231 725 concretione
3277 665 3553 731 vitiorum,
3615 661 3865 733 corporis

2262 764 2479 820 habitus
2509 765 2560 819 in
2592 763 2992 820 resurrectione
3042 762 3321 816 formatur.
3357 760 3424 813 Et
3467 757 3697 813 fortasse
3738 752 3865 811 ideo

2264 857 2473 929 gravati
2505 865 2661 912 erant
2686 870 2901 923 somno,
2936 863 2993 909 ut
3021 850 3441 909 resurrectionis
3468 849 3717 905 viderent
3737 861 3865 917 spe-

2260 951 2398 1006 ciem
2432 959 2551 1021 post
2587 949 2850 1020 quietem.
2889 947 3074 1018 Itaque
3115 944 3437 1016 evigilantes
3466 940 3720 997 viderunt
3747 952 3866 994 ma-

2258 1043 2513 1116 jestatem
2544 1048 2682 1112 ejus;
2718 1056 2879 1097 nemo
2899 1040 3042 1096 enim
3075 1039 3177 1095 nisi
3202 1037 3431 1109 vigilans
3453 1035 3683 1107 gloriam
3714 1031 3865 1088 videt

2262 1135 2487 1192 Chrisﬁ.
2530 1135 2836 1192 Delectatus
2858 1143 2941 1190 est
2969 1133 3183 1200 Petrus,
3215 1138 3271 1187 et
3296 1144 3455 1202 quem
3488 1126 3674 1183 saeculi
3702 1124 3863 1197 hujus

2264 1231 2585 1287 illecebrosa
2608 1245 2713 1285 non
2732 1237 3008 1300 caperent,
3031 1227 3203 1298 gratia
3225 1221 3643 1281 resurrectionis
3665 1221 3859 1277 illexit.

2337 1348 2424 1404 18.
2459 1347 2639 1419 (Vers.
2668 1344 2783 1419 55.)
2804 1343 3005 1400 Bonum
3028 1353 3124 1410 est,
3144 1340 3336 1413 inquit,
3361 1356 3453 1395 nos
3473 1338 3558 1393 hic
3587 1353 3694 1392 esse
3712 1335 3862 1407 (hinc

2263 1448 2319 1496 ct
2347 1448 2565 1495 sanctus
2594 1437 2793 1493 Paulus
2842 1436 2918 1491 ait
2972 1433 3201 1507 (Philip.
3226 1449 3267 1500 ι,
3290 1431 3407 1503 25);
3437 1429 3660 1485 Dissolvi
3688 1427 3858 1493 enim,

2265 1543 2447 1589 etcum
2478 1531 2683 1588 Christo
2715 1547 2826 1586 esse
2850 1530 3015 1584 multo
3042 1527 3274 1596 melius),
3320 1539 3421 1581 nec
3454 1523 3704 1578 laudasse
3732 1536 3865 1576 con-

2264 1636 2466 1690 tentus,
2498 1641 2601 1682 non
2636 1624 2810 1680 solum
2844 1621 3061 1689 aﬂ‘ectu,
3094 1620 3188 1677 sed
3220 1619 3385 1675 etiam
3416 1617 3679 1672 factorum
3701 1612 3865 1669 devo-

2267 1721 2413 1776 tione
2438 1717 2806 1789 praestantior,
2850 1714 2917 1771 ad
2944 1710 3333 1769 exmdiﬁcanda
3366 1706 3715 1765 tabernacula
3759 1706 3861 1762 tria

563 1800 705 1859 sicut
734 1804 848 1871 nix,
894 1804 1217 1860 vestimenta
1266 1803 1433 1862 Verbi
1478 1807 1706 1863 candida
1748 1806 1933 1875 nimis,
1977 1807 2155 1879 qualia
2187 1808 2233 1869 B
2264 1811 2493 1883 impiger
2534 1809 2819 1881 operarius
2883 1806 3188 1863 communis
3206 1802 3456 1874 obsequii
3496 1800 3861 1856 ministerium

564 1893 698 1951 fullo
723 1912 887 1968 super
916 1908 1114 1954 terram
1142 1897 1325 1955 facere
1348 1913 1455 1955 non
1492 1908 1694 1971 potest.

636 1989 724 2045 14.
767 1989 1090 2059 Quaeramus
1137 1990 1280 2046 hunc
1325 1991 1608 2060 fullonem,
1652 2008 1965 2064 qumramus
2021 1993 2161 2050 hanc

560 2081 761 2139 nivem.
792 2083 1048 2157 Legimus
1068 2084 1135 2141 ad
1157 2086 1339 2141 villam
1362 2087 1579 2143 fullonis
1606 2089 1919 2145 ascendisse
1943 2088 2159 2145 Esaiam

564 2174 736 2247 (Esai.
762 2191 854 2245 vn,
882 2178 963 2249 3).
1006 2179 1137 2247 Quis
1163 2190 1247 2235 est
1268 2181 1371 2236 iste
1405 2180 1561 2249 fullo,
1598 2182 1701 2237 nisi
1745 2181 1887 2238 forte
1939 2183 2031 2238 ille
2070 2183 2160 2255 qui

563 2268 761 2326 delicta
798 2279 985 2326 nostra
1017 2272 1197 2328 lavare
1237 2275 1548 2330 consuevit?
1589 2275 1829 2347 Denique
1856 2275 1973 2347 ipsc
2002 2276 2157 2346 dixit,

564 2359 627 2417 Si
644 2362 831 2432 fuerint
866 2363 1053 2419 delicta
1074 2375 1239 2420 uestra
1260 2367 1393 2421 sicut
1414 2368 1753 2439 phwniceum,
1770 2378 1823 2423 ut
1838 2370 1998 2424 nivem
2015 2369 2160 2425 deal-

565 2455 695 2513 babo
716 2456 890 2533 (Esai.
920 2475 958 2528 t,
990 2458 1103 2531 18).
1146 2460 1279 2529 Quis
1320 2473 1404 2519 est
1430 2464 1531 2521 iste
1574 2464 1723 2532 fullo,
1756 2465 1860 2520 nisi
1883 2465 1973 2535 qui
2007 2464 2162 2520 indu-

565 2560 746 2609 menta
779 2555 948 2634 nostri
980 2554 1291 2612 intellectus
1326 2556 1522 2623 abluit,
1548 2565 1603 2614 et
1644 2557 1819 2613 induit
1859 2573 1956 2612 uos
2006 2556 2165 2613 indu-

564 2652 749 2701 menta
792 2646 1077 2716 virtutum,
1131 2648 1436 2722 ablutisque
1476 2649 1703 2706 maculis
1762 2649 2156 2721 corporalibus,

561 2736 681 2795 Soli
708 2738 847 2795 solet
871 2738 1076 2798 offerre
1102 2740 1314 2798 divino?

635 2832 724 2889 15.
767 2833 960 2890 Audivi
1012 2834 1175 2892 etiam
1235 2838 1322 2906 (ut
1348 2835 1414 2891 ad
1471 2836 1876 2909 redarguendos
1943 2852 2039 2894 eos
2091 2836 2161 2894 de

555 2928 848 2984 contrariis
878 2924 1157 2987 Sumamus
1183 2933 1499 3001 exemplum
1530 2933 1549 3003 )
1590 2941 1616 2970 α
1645 2932 1874 2988 duorum
1921 2932 2161 3003 pruden—

563 3017 698 3074 tium
726 3018 1031 3077 facundiam
1079 3024 1188 3078 nivi
1216 3034 1271 3080 et
1299 3024 1495 3093 apibus
1545 3040 1913 3097 comparasse.
1973 3024 2161 3082 Inveni

557 3126 777 3183 quoque
807 3113 1013 3171 dixisse
1038 3115 1224 3187 gDavid
1261 3134 1275 3172 :
1319 3116 1490 3183 Quam
1518 3117 1695 3173 dulcia
1739 3118 1978 3188 faucibus
2031 3120 2161 3173 meis

564 3206 716 3261 verba
751 3216 856 3272 tua,
881 3225 1038 3279 super
1084 3211 1183 3265 mel
1203 3222 1249 3266 et
1281 3210 1457 3282 [avum
1486 3213 1564 3266 ori
1609 3229 1721 3267 meo
1764 3211 1938 3286 (Psal.
1972 3227 2156 3280 cxrm,
2186 3202 2230 3266 C

564 3299 714 3372 403)!
751 3301 819 3357 Et
846 3302 1008 3359 infra:
1038 3304 1277 3361 Lucerna
1325 3307 1538 3374 pedibus
1582 3308 1707 3363 meis
1753 3308 1962 3363 verbum
1989 3317 2157 3375 tuum,

562 3391 806 3461 Domine,
843 3406 891 3451 et
912 3396 1005 3452 lux
1024 3398 1216 3453 semitis
1243 3399 1366 3453 meis
1400 3397 1588 3470 (Ibid.,
1622 3398 1769 3475 105).
1804 3400 2039 3457 Verbum
2065 3400 2161 3457 Dei

562 3485 657 3542 lux
702 3496 805 3551 est,
855 3487 1067 3563 1415
1126 3493 1372 3561 verbum;
1396 3493 1489 3549 Dei
1517 3498 1607 3548 nix
1660 3502 1764 3549 est.
1814 3493 1991 3564 Super
2053 3494 2161 3550 mel

561 3592 779 3649 quoque
820 3591 875 3636 et
913 3581 1096 3638 favum
1145 3591 1231 3639 est
1258 3584 1355 3641 Dei
1389 3585 1636 3652 verbum,
1681 3586 1824 3658 quod
1855 3601 1952 3643 ore
1977 3585 2160 3644 divino

561 3671 728 3729 melle
764 3672 979 3731 dulcior
1010 3674 1166 3731 ﬂuxit
1196 3678 1395 3744 oratio,
1436 3686 1492 3734 ct
1523 3681 1832 3749 perSpicua,
1859 3680 2003 3736 nivis
2029 3682 2157 3748 ritu,

563 3765 908 3824 mollioribus
946 3767 1146 3824 cadunt
1173 3768 1339 3826 verba
1368 3771 1673 3827 sententiis.
1708 3771 1849 3829 Vere
1885 3772 1972 3828 hic
2013 3774 2162 3829 solus

556 3871 743 3915 sermo
783 3860 996 3918 nivibus
1024 3863 1445 3934 comparandus,
1481 3866 1570 3937 qui
1604 3864 1671 3921 de
1699 3868 1843 3923 caelo
1867 3867 2067 3922 missus
2107 3866 2160 3921 in

564 3960 776 4023 terras,
812 3953 1001 4027 jejuna
1039 3968 1353 4014 nostrorum
1396 3974 1527 4015 arva
1574 3970 1854 4031 pectorum
1909 3959 2163 4017 fecunda-

560 4051 661 4105 vlt.
693 4048 852 4118 Quod
876 4065 983 4105 non
1010 4052 1359 4123 usurpatorie
1386 4062 1798 4127 praesumptum,
1829 4053 1924 4111 sed
1948 4069 2015 4110 ex
2056 4055 2164 4110 lec-

562 4140 729 4198 tionis
769 4143 911 4200 serie
944 4143 1247 4201 derivatum
1296 4147 1438 4203 Deus
1480 4147 1597 4221 ipse
1640 4155 1891 4216 testatur,
1936 4148 2159 4205 dicens:

564 4234 907 4310 Exspectatur
934 4240 1066 4295 sicut
1114 4242 1291 4313 pluvia
1334 4243 1595 4314 eloquium
1625 4260 1814 4313 meum,
1864 4253 1914 4299 et
1956 4244 2165 4299 descen-

561 4332 689 4402 dant
718 4334 854 4390 velut
894 4351 978 4392 ros
1001 4334 1154 4391 verba
1180 4353 1315 4406 mea,
1348 4338 1484 4393 sicut
1512 4338 1670 4393 imber
1727 4354 1883 4409 super
1928 4355 2160 4409 gramen,

561 4434 611 4482 et
638 4428 770 4483 sicut
799 4428 893 4484 nia:
917 4446 1073 4500 super
1099 4433 1274 4502 fenum
1305 4430 1488 4504 (Deut.
1520 4447 1692 4501 xxxtt,
1722 4431 1802 4503 2).

636 4519 728 4577 16.
774 4520 1013 4589 Utinam,
1047 4522 1276 4579 Domine
1297 4522 1450 4591 Jesu,
1487 4538 1642 4579 mens
1670 4538 1787 4579 mea
1835 4522 2033 4595 pluvia:
2058 4529 2164 4579 tua:

563 4610 795 4671 humore
822 4613 1133 4672 viridescat:
1164 4616 1366 4672 utinam
1400 4625 1599 4672 terram
1630 4631 1807 4673 meam
1836 4616 1979 4672 nivis

561 4702 800 4761 candore
823 4720 1139 4779 respergas;
1164 4723 1233 4764 ne
1276 4723 1627 4782 praepropero
1663 4710 1846 4766 calore
1886 4710 2163 4765 vernantis

561 4795 810 4867 corporis
833 4813 961 4854 arva
984 4798 1284 4868 luxurient,
1307 4800 1403 4857 sed
1427 4804 1607 4872 potius
1637 4804 1750 4859 fotu
1772 4802 1934 4858 nivali
1956 4801 2161 4858 semina

560 4890 713 4948 verbi
733 4891 973 4950 cmlestis
997 4909 1186 4964 pressa
1212 4894 1542 4952 fmcundent!
1569 4897 1667 4953 Nix
1695 4914 1817 4955 cum
1840 4897 2006 4963 cadit,
2030 4912 2163 4955 aves

559 4983 685 5040 cceli
716 4984 806 5040 ubi
837 4985 1142 5044 inhabitent
1171 5003 1279 5045 non
1305 4988 1527 5059 habent,
1544 5001 1599 5048 et
1631 4993 1806 5048 laetior
1830 4992 1991 5048 solito
2014 4992 2157 5047 triti-

556 5074 609 5132 ci
645 5087 942 5148 proventus
966 5081 1248 5138 exuberat.

632 5170 722 5227 17.
762 5171 943 5245 (Vers.
995 5175 1113 5244 32.)
1143 5173 1291 5232 Vidit
1317 5173 1347 5215 ι’
1382 5175 1522 5233 hanc
1569 5177 1798 5249 gratiam
1835 5175 2051 5245 Petrus,
2080 5178 2160 5233 vi-

559 5262 757 5323 derunt
781 5276 839 5325 et
881 5268 976 5340 qui
1005 5284 1129 5326 cum
1169 5271 1263 5327 illo
1308 5281 1482 5340 erant,
1533 5273 1665 5329 licet
1714 5287 1909 5328 somno
1956 5273 2159 5344 gravati

556 5355 808 5427 fuissent;
843 5364 1044 5433 premit
1080 5364 1227 5420 enim
1271 5364 1847 5436 incomprehensibilis
1903 5365 2164 5437 Splendor

552 5448 851 5509 divinitatis
877 5455 1047 5512 nostri
1093 5457 1343 5524 corporis
1367 5472 1585 5515 sensus.
1626 5458 1762 5515 Nam
1810 5461 1856 5515 si
1904 5458 2038 5515 solis
2069 5473 2163 5515 ra-

628 5600 657 5630 ιι
689 5590 931 5668 Ιῃεθιζίκθ
958 5590 1210 5666 Ulyssem
1242 5608 1307 5651 ac
1354 5593 1661 5663 Nestorem,
1704 5595 1773 5653 de
1812 5595 2013 5668 quibus
2036 5593 2147 5649 Ho-

556 5677 695 5721 mer.
720 5662 873 5721 lliad.
902 5673 943 5722 Δ
961 5672 1018 5721 et
1032 5662 1099 5730 Τ,
1129 5681 1229 5724 nec
1252 5682 1359 5723 non
1392 5674 1516 5740 post
1543 5662 1667 5725 eum
1710 5662 1913 5725 Cicide
1937 5666 2143 5724 Senert.

557 5744 617 5792 et
638 5735 825 5795 Quint.
856 5736 951 5792 lib.
984 5753 1078 5795 xu.
1098 5753 1218 5795 can.
1250 5738 1338 5795 10.

557 5744 617 5792 et
638 5735 825 5805 Quint.
856 5736 951 5792 lib.
984 5753 1078 5805 xu,
1098 5753 1218 5808 cap.
1250 5738 1338 5795 10.
1393 5735 1411 5740 ’

571 5806 957 5894 “PHQuaadam
983 5809 1102 5894 edit
1123 5808 1297 5894 Paris.
1330 5826 1394 5870 ac
1436 5827 1570 5872 mss.
1614 5811 1882 5882 nonnulli,
1911 5810 2009 5871 sed
2056 5823 2143 5868 re-

562 5880 856 5952 centiores,
885 5880 1020 5938 hanc
1048 5882 1289 5954 gloriam.

2266 1905 2570 1976 pollicetur.
2603 1904 2673 1959 Et
2697 1902 2944 1974 quamvis
2973 1900 3211 1956 nesciret
3256 1897 3385 1967 quid
3413 1897 3649 1960 diceret;
3680 1903 3860 1949 tamen

2267 1999 2621 2070 pollicebatur
2661 1997 2897 2053 ofﬁcium
2918 2013 2929 2049 :
2948 2011 3056 2066 quo
3078 2010 3183 2050 non
3206 1992 3513 2049 inconsulta
3536 1988 3856 2062 petulantia,

2264 2096 2358 2151 sed
2400 2103 2725 2165 pricmatura
2769 2092 2989 2148 devotio
3033 2091 3239 2146 fructus
3270 2089 3485 2162 pietatis
3531 2085 3857 2144 accumulat.

2263 2187 2569 2260 Nam'quod
2602 2187 2906 2258 ignorabat,
2940 2183 3269 2241 conditionis
3299 2183 3419 2239 fuit:
3452 2182 3597 2255 quod
3626 2182 3857 2253 promit-

2263 2284 2433 2350 tebat,
2461 2282 2784 2338 devotionis.
2817 2280 2925 2338 Sed
2958 2296 3064 2335 non
3096 2278 3241 2350 capit
3268 2278 3499 2333 humana
3529 2276 3769 2332 conditio
3804 2274 3859 2330 in

2262 2376 2367 2433 hoc
2398 2374 2762 2446 corruptibili,
2811 2373 2863 2428 in
2900 2374 2999 2429 hoc
3050 2372 3263 2428 mortali
3294 2384 3525 2441 corpore
3565 2369 3748 2426 facere
3780 2378 3861 2425 ta-

2260 2471 2611 2528 bernaculum
2666 2470 2797 2524 Deo.
2840 2468 2966 2525 Sive
3015 2468 3067 2522 in
3099 2466 3305 2533 animo,
3358 2465 3477 2521 sive
3509 2464 3561 2520 in
3606 2478 3856 2535 corpore,

2263 2567 2380 2623 sive
2428 2568 2538 2622 alio
2569 2565 2750 2634 aliquo
2778 2564 2898 2621 loco
2942 2562 3067 2633 fuge
3119 2576 3365 2632 quaerere
3396 2559 3541 2631 quod
3579 2574 3684 2614 non
3730 2556 3859 2614 licet

2268 2661 2433 2716 scire.
2467 2657 2525 2714 Si
2570 2657 2762 2713 Petrus
2814 2654 3047 2711 nescivit
3109 2651 3563 2724 quemadmodum
3615 2660 3671 2706 tu
3704 2659 3858 2722 potes

2262 2752 2429 2809 scire?
2468 2751 2523 2809 Si
2554 2750 2807 2816 nescivit,
2838 2749 2929 2804 ille
2957 2748 3050 2819 qui
3079 2746 3346 2818 promisit,
3393 2753 3449 2802 et
3475 2745 3568 2817 qui
3615 2743 3861 2814 corporis

2263 2850 2529 2906 terminos
2573 2845 2945 2918 magnitudine
2969 2843 3133 2899 animi
3167 2841 3475 2907 nesciebat;
3509 2838 3859 2911 quemadmo-

2262 2946 2389 3003 dum
2412 2947 2555 3003 scire
2609 2959 2706 3000 nos
2763 2954 3069 3012 possumus,
3118 2937 3325 2993 desidia
3374 2935 3605 3008 quadam
3658 2933 3859 2990 mentis

2262 3043 2408 3099 intra
2436 3050 2749 3112 proseptum
2770 3034 2948 3092 carnis
2974 3032 3205 3091 inclusi?
3233 3032 3477 3103 Denique
3503 3028 3703 3100 placuit
3735 3037 3855 3083 tan-

2264 3147 2314 3194 ta
2341 3137 2557 3193 devotio
2581 3134 2715 3190 Deo.

2337 3223 2703 3325 (Vers..34.)
2735 3245 2800 3301 Et
2833 3248 2967 3302 inter
3014 3244 3123 3301 haec
3167 3244 3319 3301 uerba
3363 3243 3504 3315 facta
3549 3250 3626 3298 est
3677 3238 3857 3309 nubes,

2262 3358 2312 3403 et
2340 3343 2657 3400 obumbravit
2685 3358 2790 3397 eos.

2337 3437 2425 3495 i9.
2468 3436 2642 3492 Divini
2666 3435 2887 3507 spiritus
2903 3440 2989 3491 est
3003 3431 3348 3489 obumbratio
3369 3429 3623 3501 ista,qu:e
3645 3442 3753 3483 non
3769 3442 3860 3481 ca-

2264 3530 2397 3603 ligat
2417 3528 2701 3585 affectibus
2719 3527 3024 3594 hominum,
3052 3525 3148 3582 sed
3169 3523 3373 3581 revelat
3393 3522 3624 3577 occulta.
3648 3517 3862 3593 15.16

2264 3625 2397 3693 Quae
2416 3626 2581 3680 etiam
2603 3622 2710 3678 alio
2730 3629 3007 3693 comperta
3031 3628 3114 3677 est
3142 3619 3285 3683 loco,
3305 3617 3522 3673 dicente
3549 3615 3773 3684 angelo:
3791 3609 3863 3665 Ει

2264 3719 2688 3777 uirtusAltissimi
2706 3714 3129 3772 obumbrabittibi
3174 3711 3329 3785 (Luc.
3354 3726 3391 3777 l,
3417 3706 3531 3780 '55).
3548 3705 3714 3777 Cujus
3733 3720 3862 3777 pro-

2263 3814 2439 3872 fectus
2466 3811 2798 3875 ostenditur,
2833 3809 3019 3866 audita
3046 3807 3143 3863 Dei
3170 3820 3303 3861 voce
3332 3803 3564 3859 dicentis
3594 3819 3607 3854 :

2270 3907 2447 3976 (Vers.
2480 3905 2597 3976 55.)
2632 3904 2730 3959 Hic
2758 3913 2831 3958 est
2854 3902 2997 3973 ﬁlius
3023 3917 3165 3957 meus
3192 3900 3432 3963 dilectus,
3464 3897 3633 3969 ipsum
3660 3893 3855 3949 audite.

2334 4021 2428 4077 20.
2470 4020 2583 4075 Hoc
2620 4027 2725 4086 est,
2773 4032 2884 4072 non
2928 4015 3074 4072 Elias
3109 4012 3274 4080 ﬁlius,
3308 4028 3415 4067 non
3451 4010 3663 4081 Moyses
3694 4007 3857 4063 ﬁlius:

2264 4114 2359 4171 sed
2408 4115 2498 4171 hic
2523 4122 2607 4171 est
2634 4112 2824 4179 Filius,
2857 4125 3018 4183 quem
3048 4108 3222 4164 solum
3272 4105 3491 4172 videtis;
3521 4106 3863 4159 recesserant

2265 4209 2411 4267 enim
2439 4208 2541 4273 illi,
2575 4206 2665 4262 ubi
2690 4205 2860 4275 cmpit
2890 4203 3150 4260 Dominus
3176 4198 3473 4270 designari.
3524 4194 3684 4251 Vides
3719 4193 3862 4248 hanc

2266 4318 2374 4359 non
2400 4300 2575 4358 solum
2600 4296 2993 4369 insipientium,
3025 4294 3121 4351 sed
3149 4294 3314 4349 etiam
3346 4290 3735 4362 perfectorum,
3760 4287 3863 4342 im-

2267 4411 2357 4451 mo
2378 4392 2545 4450 etiam
2591 4391 2893 4448 cmlestium
2938 4386 3099 4443 ﬁdem
3128 4400 3250 4443 esse
3297 4383 3611 4455 perfectam,
3662 4374 3860 4436 Filium

2266 4486 2363 4544 Dei
2390 4485 2550 4542 scire.
2591 4483 2699 4541 Sed
2727 4482 2982 4555 quoniam
3015 4480 3130 4536 haec
3153 4478 3265 4549 jam
3290 4491 3455 4547 supra
3480 4475 3735 4542 diximus,
3764 4488 3858 4529 co-

2008 4570 2164 4673 {sli-II;
2189 4609 2241 4671 ι)
2266 4594 2468 4652 guosce
2505 4577 2704 4634 nubem
2744 4576 2900 4632 istam
2943 4589 3053 4630 non
3098 4570 3473 4642 fumigantium
3534 4581 3657 4624 esse
3706 4580 3861 4622 mon-

2270 4674 2401 4731 tium
2434 4672 2696 4729 nebuloso
2728 4668 2960 4725 humore
3002 4674 3338 4731 concretam,
3391 4674 3447 4719 et
3493 4660 3667 4718 coacti
3718 4659 3862 4716 aeris

2266 4770 2549 4840 caliginem
2580 4767 2809 4839 piceam,
2850 4779 2971 4836 quae
3000 4762 3201 4819 cmlum
3253 4759 3605 4816 tenebrarum
3635 4758 3862 4812 horrore

2265 4863 2517 4917 subtexat
2560 4878 2574 4915 :
2604 4858 2697 4915 sed
2730 4856 2963 4913 lucidam
2986 4858 3208 4921 nubem,
3236 4868 3357 4923 qua:
3386 4868 3484 4907 nos
3511 4865 3619 4907 non
3648 4849 3861 4922 pluvia-

2267 4954 2409 5011 libus
2437 4952 2613 5024 aquis,
2639 4962 2692 5008 et
2717 4950 2992 5006 humentis
3012 4947 3285 5003 alluvione
3307 4944 3497 5002 imbris
3522 4943 3856 5009 immadidet;

2265 5048 2363 5106 sed
2392 5048 2461 5104 de
2489 5062 2594 5119 qua
2622 5056 2833 5101 mentes
2864 5042 3169 5110 hominum,
3192 5054 3326 5096 voce
3350 5039 3445 5095 Dei
3466 5036 3861 5110 omnipotentis

2266 5146 2486 5215 emissa,
2516 5159 2610 5200 ros
2640 5142 2765 5199 ﬁdei
2793 5139 3004 5211 rigavit.

2266 5261 2448 5335 (Vers.
2478 5259 2596 5332 36.)
2640 5236 2872 5313 Et‘dum
2898 5256 2957 5327 ﬁt
2986 5271 3107 5322 vox,
3153 5253 3386 5313 inventus
3413 5258 3488 5307 est
3509 5247 3668 5306 Iesus
3693 5247 3855 5305 solus.

2333 5358 2426 5412 21.
2466 5355 2653 5426 Itaque
2679 5368 2803 5409 cum
2830 5360 2940 5407 tres
2969 5358 3175 5419 essent,
3205 5362 3347 5403 unus
3373 5354 3459 5402 est
3487 5344 3683 5401 factus.
3724 5343 3861 5400 Tres

2267 5456 2321 5512 in
2348 5450 2615 5536 principio
2650 5447 2923 5515 videntur,
2951 5460 3091 5503 unus
3119 5445 3172 5499 in
3214 5442 3343 5509 ﬁne;
3382 5452 3404 5480 ο
3436 5439 3672 5513 perfecta
3712 5438 3858 5494 enim

2328 5600 2350 5629 ο
2394 5589 2503 5647 Sex
2549 5602 2705 5654 mss.,
2758 5572 2985 5657 perfecta
3027 5583 3162 5639 enim
3203 5597 3365 5657 unum
3389 5587 3525 5657 sunt.
3568 5577 3855 5648 Quinque,

2260 5662 2497 5735 perfecta;
2520 5661 2658 5717 enim
2688 5651 2809 5735 ﬁdei
2837 5651 2997 5735 unum
3026 5664 3144 5735 sunt
3176 5696 3189 5708 .
3235 5652 3339 5709 Alii
3368 5651 3692 5735 aliquothe‘t
3734 5663 3855 5703 om-

2258 5724 2363 5791 hes
2406 5732 2561 5800 edit.,
2622 5724 2851 5804 perfecta
2883 5730 3020 5804 enim
3064 5726 3166 5797 ﬁde
3209 5740 3376 5804 unum
3414 5732 3555 5804 sunt.
3610 5724 3683 5804 ᾼι
3738 5734 3858 5804 0m-

2247 5805 2398 5863 nium
2424 5794 2634 5873 Optime
2660 5794 2803 5859 unus
2827 5816 2860 5858 e
2888 5794 3073 5865 Colb.,
3100 5799 3329 5873 perfecta
3354 5795 3492 5873 enim
3510 5794 3721 5873 in‘ﬁne,
3750 5800 3858 5850 etc.

2251 5877 2351 5936 Est
2376 5865 2523 5935 enim
2553 5874 2695 5934 ratio
2725 5873 2873 5932 illius
2900 5865 3277 5930 antecedentis
3297 5883 3452 5940 ,unus
3474 5866 3529 5923 in
3559 5865 3679 5937 ﬁne.
