4186 6358
319 343 455 400 i705

1269 339 1635 400 EXPOSI'I‘IO
1674 338 1930 398 EVANG.
1971 339 2118 398 SEC.
2160 340 2317 400 LUC.
2359 340 2491 399 LIB.
2535 340 2647 399 VII.

3478 338 3618 397 £706

315 462 368 516 in
392 460 501 516 ﬁne
526 472 689 516 unum
717 464 865 516 sunt.
904 456 1149 531 Denique
1182 458 1286 515 hoc
1310 460 1472 515 etiam
1520 460 1779 515 Dominus
1813 458 1907 514 Pa-
1937 461 1990 522 Α
2015 475 2170 515 suum
2225 460 2321 515 tibi
2370 459 2609 514 officium
2660 471 2767 515 non
2820 464 3101 530 negarunt.
3134 456 3242 515 Sed
3286 464 3465 514 tamen
3496 448 3625 529 quia

316 563 454 611 trem
484 566 624 621 orat,
664 565 721 610 ut
760 569 953 611 omnes
998 569 1164 610 unum
1216 555 1388 609 simus
1423 554 1609 625 (Joan.
1641 570 1771 619 xvu,
1797 554 1914 626 2|).

315 646 425 705 Nec
453 647 631 704 solum
682 648 895 720 Moyses
921 656 978 703 et
1008 646 1155 703 Elias
1201 647 1254 702 in
1283 646 1503 703 Christo
1557 662 1720 702 unum
1766 656 1917 713 sunt,

316 739 409 797 sed
434 741 603 797 etiam
635 756 732 797 nos
766 756 931 798 unum
959 755 1157 811 corpus
1204 755 1395 797 sumus
1431 740 1655 798 Christi.
1696 740 1840 813 Ergo
1866 748 1923 797 et

316 832 398 891 illi
432 844 455 871 ³
487 844 758 906 tamquam
798 834 1136 905 recipiuntur
1183 834 1237 888 in
1283 831 1489 889 Christi
1525 847 1745 904 corpus;
1792 832 1922 904 quia

317 940 373 986 et
404 946 505 986 nos
541 945 706 986 unum
734 930 941 986 erimus
973 929 1029 984 in
1053 927 1273 984 Christo
1322 926 1473 983 Jesu.
1517 929 1625 983 Aut
1677 926 1925 982 lortassis

318 1024 445 1097 quia
472 1023 585 1080 Lex
612 1032 668 1079 et
695 1024 960 1095 propheta
991 1037 1059 1079 ex
1092 1020 1272 1077 Verbo
1298 1034 1454 1091 :qna:
1474 1029 1656 1077 autem
1686 1035 1751 1076 ex
1792 1019 1928 1076 Ver-

322 1117 717 1189 bocceperunt,
748 1115 801 1171 in
832 1114 1013 1171 Verbo
1032 1113 1307 1169 desinunt:
1334 1110 1488 1166 Finis
1517 1113 1652 1166 enim
1681 1111 1834 1184 Legi:
1854 1122 1926 1167 est

323 1210 581 1278 Christus,
609 1211 678 1265 ad
694 1210 958 1284 justitiam
985 1208 1124 1265 omni
1147 1208 1377 1265 credenti
1417 1205 1595 1280 (Rom.
1630 1222 1687 1271 x,
1709 1204 1791 1277 4).

396 1306 581 1379 (Vers.
609 1304 728 1374 58.)
756 1302 784 1343 ι)
823 1303 1019 1376 Vulpes
1050 1305 1223 1376 faueas
1244 1302 1453 1369 habent,
1493 1314 1538 1357 et
1570 1302 1804 1357 volucres
1820 1303 1931 1356 catli

330 1400 506 1466 nidos,
535 1398 623 1453 ubi
659 1398 1008 1470 requiescant:
1057 1413 1175 1452 nam
1203 1393 1375 1452 Filius
1400 1395 1629 1451 hominis
1659 1412 1761 1450 non
1782 1393 1935 1450 habet

330 1494 417 1550 ubi
445 1504 599 1565 caput
625 1510 779 1549 suum
802 1493 1035 1549 reclinet.
1472 1492 1481 1503 '

402 1586 496 1641 22.
538 1585 653 1641 Non
704 1585 925 1642 videtur
953 1584 1252 1641 convenire
1277 1584 1502 1650 rationi,
1534 1592 1593 1638 ut
1633 1581 1935 1652 simplicem

332 1680 655 1752 ﬁdelemque
683 1681 843 1736 istum
876 1680 1226 1747 arbitremur,
1268 1664 1360 1750 Qui
1384 1678 1595 1734 Domini
1627 1676 1940 1749 dignatione

334 1772 637 1847 respuitur;
661 1788 785 1827 cum
819 1770 1076 1827 indefessi
1109 1770 1400 1826 famulatus
1440 1770 1763 1840 obsequium
1809 1784 1940 1840 spo-

2019 556 2148 612 alibi
2196 553 2380 609 dixisti
2413 570 2426 608 :
2458 552 2559 620 Qui
2606 568 2710 606 non
2737 561 2810 606 est
2837 568 3068 617 mecum,
3101 552 3369 605 adversum
3395 568 3474 605 me
3501 560 3573 605 est
3606 566 3625 603 :

2018 662 2067 707 et
2094 651 2181 723 qui
2210 665 2405 704 mecum
2430 664 2533 703 non
2559 646 2794 717 colligit,
2824 646 3115 717 dispergit;
3142 644 3290 714 aperi
3339 643 3527 709 nobis,
3557 656 3628 698 ne

2021 746 2270 802 videatur
2297 758 2421 801 esse
2461 741 2817 798 contrarium.
2851 739 2919 795 Et
2949 751 3079 808 puto
3101 739 3225 811 quia
3255 738 3301 795 si
3329 736 3450 811 quis
3476 752 3630 794 men-

2023 840 2157 896 tium
2206 838 2515 893 consideret
2560 842 2960 897 scrutatorem,
2991 832 3241 888 dubitare.
3280 846 3386 887 non
3434 830 3633 888 debeat

2025 934 2453 1004 uniuscujusque
2496 930 2698 986 factum
2729 936 2912 984 mente
2953 927 3217 982 discerni.
3253 925 3493 995 Denique
3541 923 3635 979 alii

2027 1028 2197 1097 dicit,
2228 1042 2437 1099 sequere
2466 1041 2546 1079 me
2579 1040 2596 1078 :
2629 1022 2747 1088 alii,
2780 1022 2955 1093 vulpes
2986 1024 3159 1092 foveas
3186 1018 3393 1074 habent.
3421 1017 3515 1073 llle
3540 1032 3634 1073 co-

2026 1129 2204 1197 gitur,
2238 1124 2343 1180 iste
2371 1130 2715 1187 removetur;
2746 1130 2805 1175 ut
2829 1118 2969 1176 scias
3017 1119 3143 1189 quia
3173 1116 3402 1173 devotus
3441 1116 3639 1172 admit-

2032 1218 2185 1283 titur,
2217 1217 2504 1273 indevotus
2531 1214 2858 1271 excluditur.

2102 1313 2195 1368 Ἦ.
2248 1311 2430 1384 (Vers.
2478 1309 2697 1380 55-59.)
2739 1307 2892 1377 Quod
2942 1322 3071 1363 vero
3121 1306 3416 1377 discipulos
3466 1306 3640 1362 incre-

2035 1405 2182 1476 pavit
2224 1406 2350 1477 quia
2399 1404 2579 1475 ignem
2612 1418 2775 1473 super
2804 1417 2898 1457 eos
2922 1400 3257 1457 descendere
3294 1400 3600 1471 gestiebant
3626 1443 3640 1463 ,

2037 1499 2129 1569 qui
2163 1513 2267 1552 non
2290 1506 2613 1567 receperant
2656 1494 2930 1551 Christum
2963 1510 2977 1547 :
3008 1494 3313 1549 ostenditur
3350 1493 3505 1547 nobis
3536 1508 3644 1546 non

2040 1607 2260 1664 semper
2311 1593 2363 1647 in
2413 1606 2507 1646 eos
2550 1591 2643 1661 qui
2693 1588 3035 1661 peccaverint
3076 1587 3493 1649 vindicandum;
3523 1585 3647 1657 quia

2043 1700 2431 1756 nonnunquam
2475 1684 2708 1755 amplius
2738 1684 2963 1754 prodest
2994 1682 3288 1737 clementia
3319 1681 3415 1735 tibi
3447 1680 3511 1734 ad
3562 1694 3653 1749 pa-

2047 1779 2328 1845 tientiam,
2382 1778 2537 1848 lapso
2588 1777 2655 1833 ad
2704 1778 3099 1832 correctionem
3150 1774 3291 1848 (95,
3325 1794 3375 1847 q.
3426 1776 3494 1843 4,
3532 1790 3645 1843 cap.

338 1867 621 1939 pondisset
644 1883 659 1921 :
683 1866 779 1924 sed
809 1867 1071 1922 Dominus
1114 1881 1220 1921 non
1258 1865 1647 1935 obsequiorum
1679 1861 1938 1934 Speciem,

2058 1870 2532 1942 QuodChristus).
2569 1870 2809 1939 Denique
2838 1868 3162 1927 Samaritani
3211 1869 3371 1925 citius
3409 1868 3659 1927 credide-

340 1962 436 2017 sed
469 1962 755 2032 puritatem
783 1961 973 2030 quierit
997 1959 1244 2015 allectus.
1288 1959 1533 2031 Denique
1563 1973 1727 2030 supra
1763 1958 1866 2012 ait:

418 2054 598 2126 (Vers.
624 2052 738 2128 i8.)
769 2054 1089 2128 Quicumque
1116 2053 1359 2125 receperit
1373 2068 1590 2125 puerum
1602 2053 1758 2107 istum
1780 2052 1833 2106 in
1854 2068 1947 2105 n0—

347 2148 486 2204 mine
512 2164 643 2204 meo.

420 2244 637 2314 25.Quo
669 2243 790 2299 loco
818 2244 1078 2300 Dominus
1102 2243 1505 2315 simplicitatem
1542 2242 1660 2299 sine
1691 2257 1952 2315 arrogan-

351 2339 427 2392 tia
453 2337 635 2405 docet,
669 2336 990 2393 charitatem
1018 2337 1137 2393 sine
1181 2336 1405 2404 invidia,
1443 2336 1785 2393 devotionem
1834 2336 1953 2392 sine

351 2431 625 2489 iracundia
653 2446 774 2487 esse
800 2430 1174 2489 debereznam
1199 2441 1252 2487 et
1282 2431 1435 2503 pueri
1468 2446 1623 2488 mens
1652 2430 1954 2502 provecdo-

353 2523 429 2579 iis
456 2522 655 2579 affectu
686 2522 996 2595 recipienda
1024 2523 1300 2591 suadetur;
1332 2524 1457 2593 quia
1484 2524 1615 2580 dum
1654 2540 1788 2596 puer
1818 2523 1956 2580 nihil

352 2618 455 2674 sibi
476 2617 735 2685 vindieat,
764 2617 996 2675 formam
1027 2619 1240 2674 virtutis
1264 2618 1612 2690 exsequitur:
1637 2626 1692 2674 et
1712 2619 1757 2673 si
1786 2619 1955 2673 ratio-

2046 1973 2207 2031 runt,
2240 1980 2269 2019 a
2300 1964 2496 2036 quibus
2528 1964 2631 2019 hoc
2685 1964 2807 2020 loco
2858 1964 2996 2035 ignis
3019 1974 3259 2019 arcetur.
3289 1962 3464 2019 Simul
3504 1964 3659 2020 disce

2046 2060 2171 2131 quia
2200 2055 2225 2096 ά
2255 2059 2423 2129 recipi
2456 2058 2629 2114 noluit
2655 2058 2724 2114 ab
2751 2058 2854 2126 his,
2880 2074 3019 2130 quos
3040 2059 3248 2115 sciebat
3282 2075 3386 2113 non
3420 2056 3659 2127 simplici
3728 2042 3735 2049 i

2048 2163 2231 2210 mente
2288 2168 2629 2220 conversos;
2669 2169 2792 2209 nam
2840 2155 2884 2208 si
2935 2153 3228 2219 voluisset,
3270 2168 3344 2208 ex
3387 2150 3662 2207 indevotis

2048 2247 2278 2304 devotos
2326 2246 2572 2304 fecisset.
2617 2248 2726 2303 Cur
2754 2258 2939 2304 autem
2986 2263 3091 2301 non
3144 2245 3452 2318 receperint
3501 2260 3662 2311 eum,

2052 2344 2384 2415 evangelista
2419 2344 2534 2415 ipse
2565 2344 2887 2399 memoravit
2930 2344 3114 2400 dicens
3151 2360 3164 2396 :
3198 2343 3332 2409 Quia
3368 2342 3527 2412 [acies
3553 2344 3665 2414 ejus

2055 2446 2161 2492 erat
2192 2437 2392 2492 cunctis
2440 2437 2494 2491 in
2524 2434 2840 2491 Jerusalem.
2881 2435 3136 2506 Discipuli
3184 2444 3364 2490 autem
3419 2432 3527 2505 (Cf.
3559 2434 3667 2487 Au»

2056 2538 2195 2601 gust.
2225 2528 2317 2582 lib.
2373 2543 2389 2582 ι
2434 2529 2497 2581 de
2543 2526 2727 2582 Gratia
2775 2526 2989 2593 Christi,
3043 2543 3158 2595 cap.
3189 2525 3284 2597 46)
3314 2526 3481 2594 recipi
3526 2525 3668 2577 intra

2058 2620 2359 2677 Samariam
2381 2620 2687 2691 gestiebant
2713 2639 2726 2673 :
2756 2620 2851 2675 sed
2876 2620 3018 2674 Deus
3043 2634 3178 2689 quos
3199 2619 3455 2689 dignatur
3481 2624 3663 2679 vocat.

360 2726 486 2768 nem
526 2711 728 2777 nescit,
771 2711 987 2783 culpam
1026 2711 1257 2782 ignorat.
1290 2709 1496 2767 Tamen
1532 2711 1655 2781 quia
1685 2710 1961 2782 plerisque
2060 2725 2117 2772 et
2142 2732 2305 2787 quem
2328 2716 2441 2771 vult
2474 2716 2787 2786 religiosum
2830 2714 2976 2770 facit.
3012 2713 3122 2768 Nec
3149 2713 3399 2782 discipuli
3435 2722 3667 2780 peccant

361 2820 468 2859 non
500 2805 703 2875 virtus,
738 2804 834 2861 sed
874 2804 1161 2861 inﬁrmitas
1198 2803 1409 2859 videtur
1437 2803 1556 2857 sine
1587 2803 1797 2859 ratione
1831 2802 1961 2857 sim-

358 2898 602 2969 plicitas;
640 2906 699 2954 ut
721 2908 777 2953 tn
817 2913 998 2954 veram
1043 2896 1276 2968 recipias
1316 2895 1651 2959 admoneris,
1686 2896 1738 2950 id
1766 2902 1873 2959 est,
1905 2902 1964 2950 ut

361 2993 686 3064 exsequaris
716 3002 738 3031 ο
768 2990 1028 3047 industria
1081 3005 1276 3045 munus
1330 2998 1560 3045 naturae.
1592 2990 1659 3044 Et
1688 2988 1810 3045 ideo
1843 2987 1919 3043 ait
1947 3005 1962 3045 :

440 3086 627 3158 (lbid.)
651 3066 972 3156 Quicumque
993 3086 1241 3157 receperit
1270 3100 1489 3154 puerum
1510 3084 1666 3140 istum
1687 3083 1740 3137 in
1762 3081 1969 3137 nomine

364 3198 495 3250 meo,
539 3196 617 3236 me
645 3180 845 3251 recipit.
900 3177 970 3234 Et
1015 3181 1105 3249 qui
1153 3196 1233 3235 me
1255 3180 1465 3250 recipit,
1513 3179 1699 3252 recipit
1738 3194 1853 3233 eum
1882 3178 1969 3250 qui

363 3293 445 3332 me
472 3275 633 3331 misit.

432 3370 526 3427 24.
568 3370 668 3441 Qui
691 3371 836 3427 enim
861 3369 1189 3426 imitatorem
1215 3366 1416 3426 Christi
1446 3368 1656 3439 recipit,
1690 3365 1966 3424 Christum

366 3464 590 3535 recipit:
618 3462 829 3537 141⁵1
840 3471 896 3519 et
913 3464 1004 3535 qui
1029 3462 1316 3535 imaginem
1339 3463 1437 3519 Dei
1467 3462 1756 3534 receperit,
1777 3461 1973 3533 recipit

366 3558 561 3615 Deum.
588 3556 694 3614 Sed
716 3560 840 3629 quis
863 3556 1153 3628 imaginem
1179 3555 1272 3611 Dei
1303 3570 1407 3611 non
1426 3564 1739 3625 poteramus
1761 3553 1967 3619 videre,

369 3651 509 3708 facta
544 3660 629 3707 est
656 3650 722 3706 ad
752 3666 850 3707 nos
877 3666 975 3722 per
1005 3648 1437 3705 incarnationem
1465 3647 1631 3703 Verbi
1660 3647 1967 3719 praesentia;

370 3758 431 3805 ut
461 3746 905 3805 reconciliaretur
934 3746 1091 3802 nobis
1116 3761 1236 3817 qua:
1260 3760 1422 3813 supra
1457 3758 1556 3799 nos
1584 3753 1669 3799 est
1695 3742 1968 3799 divinitas.

443 3841 537 3898 25.
565 3840 719 3907 Quod
749 3848 927 3897 autem
953 3839 1272 3910 propensius
1297 3836 1477 3893 studio
1502 3837 1782 3894 charitatis
1810 3836 1975 3893 Joan-

373 3950 474 3993 nes
498 3933 785 4006 plurimum
803 3933 1054 4006 diligens,
1081 3941 1137 3989 et
1164 3929 1286 3988 ideo
1317 3930 1625 3987 redamatus
1656 3930 1969 4001 plurimum,

368 4027 771 4085 excludendum
800 4037 952 4099 putat
996 4042 1026 4082 a
1057 4025 1319 4082 beneﬁcio
1345 4040 1469 4081 enm
1493 4066 1509 4093 ,
1539 4024 1628 4095 qui
1657 4040 1763 4079 non
1792 4032 1975 4079 utatur

366 4125 671 4197 obsequio,
709 4132 857 4180 recte
904 4138 1014 4179 non
1062 4119 1518 4199 reprehenditur,
1554 4117 1651 4174 sed
1698 4117 1970 4173 docetur:

368 4234 481 4275 non
529 4216 975 4289 reprehenditur,
1007 4215 1132 4288 quia
1181 4227 1365 4271 amore
1390 4213 1655 4281 faciebat,
1685 4210 1781 4269 sed
1812 4212 1975 4267 doce-

367 4323 495 4380 tur;
525 4322 583 4368 ut
630 4311 845 4368 noverit
896 4309 1237 4368 inﬁrmorum
1295 4323 1415 4365 esse
1460 4306 1854 4379 ﬁrmorumque
1893 4306 1975 4363 di-

366 4406 651 4463 stantiam.
684 4404 750 4460 Et
775 4403 899 4462 ideo
919 4403 1179 4459 Dominus
1206 4401 1310 4458 etsi
1338 4401 1591 4457 fortiores
1619 4408 1971 4465 remunerat;

369 4512 559 4558 tamen
590 4515 696 4556 non
722 4498 964 4557 excludit
993 4498 1260 4554 infirmos.

444 4594 632 4667 (Vers.
661 4592 778 4664 50).
809 4592 979 4649 Sinite
1008 4608 1124 4658 eos,
1152 4599 1199 4645 et
1226 4589 1386 4645 nolite
1412 4588 1703 4661 prohibere;
1726 4589 1815 4660 qui
1839 4587 1975 4644 enim

367 4706 477 4746 non
507 4699 580 4744 est
609 4688 880 4743 adversum
910 4703 1020 4753 vos,
1050 4701 1145 4758 pro
1170 4685 1312 4740 vobis
1338 4692 1430 4741 est.

2062 2813 2153 2884 qui
2185 2811 2383 2883 Legem
2414 2818 2751 2879 sequuntur;
2785 2808 3029 2865 sciebant
3054 2808 3198 2862 cnim
3228 2818 3281 2862 et
3306 2806 3541 2862 Phinees
3582 2820 3672 2860 re-

2068 2914 2312 2977 putatum
2343 2903 2410 2959 ad
2444 2904 2745 2975 justitiam,
2778 2903 2902 2973 quia
2944 2902 3237 2972 sacrilegos
3282 2900 3673 2966 interemerat,

2068 3004 2125 3053 et
2170 2996 2236 3052 ad
2279 3012 2468 3067 preces
2518 2996 2652 3051 Elia:
2684 2996 2862 3067 ignem
2909 2995 3260 3050 descendisse
3307 2993 3378 3050 de
3412 2992 3585 3058 ιωιο,
3620 2998 3679 3046 υι

2072 3090 2358 3161 prapheta:
2387 3089 2756 3145 vindicaretur
2780 3099 2802 3127 θ
2828 3087 3020 3159 injuria
3054 3104 3069 3143 :
3102 3085 3201 3142 sed
3250 3086 3553 3161 vindicetur
3586 3082 3679 3153 qui

2074 3184 2230 3241 timet
2262 3202 2276 3239 :
2307 3182 2602 3239 vindictam
2634 3200 2740 3239 non
2768 3185 2963 3254 quaerit
2989 3223 3004 3250 ,
3035 3180 3128 3252 qui
3159 3196 3266 3235 non
3298 3181 3470 3235 timet.
3503 3175 3679 3231 Simul

1991 3246 2038 3310 Ο
2072 3278 2380 3335 ostenditur
2408 3278 2568 3333 nobis
2615 3278 2668 3333 in
2694 3246 2962 3347 apostolis
2991 3246 3163 3332 luisse
3212 3276 3404 3331 merita
3434 3273 3677 3345 prophe-

2077 3379 2287 3438 tarum;
2318 3375 2537 3444 quando
2567 3370 2814 3427 eamdem
2862 3370 2965 3426 sibi
2994 3380 3317 3442 potestatem
3364 3383 3523 3439 quam
3556 3380 3681 3439 pro—

2078 3465 2236 3537 pheta
2268 3482 2495 3539 magnus
2520 3465 2787 3531 emeruit,
2818 3463 3145 3536 impetrandi
3166 3463 3291 3533 jure
3320 3470 3679 3534 praesumunt.
3724 3504 3728 3527 ς

2075 3558 2146 3615 Ει
2171 3559 2307 3619 bene
2354 3568 2692 3631 praesumunt
2732 3556 2859 3629 quia
2885 3558 2952 3613 ad
2984 3572 3291 3613 sermonem
3334 3571 3492 3611 suum
3545 3554 3683 3627 ignis

2074 3656 2142 3714 de
2166 3655 2307 3712 ctelo
2332 3654 2724 3719 descenderet;
2751 3653 3008 3723 qu0niam
3041 3662 3169 3707 sunt
3200 3650 3297 3706 lilii
3330 3650 3569 3705 tonitrui.

2145 3751 2237 3807 28.
2279 3750 2545 3805 Dominus
2570 3758 2749 3803 autem
2774 3748 2909 3801 mire
2939 3747 3147 3814 omnia,
3172 3762 3271 3801 nec
3294 3744 3445 3799 illum
3477 3753 3682 3798 temere

2075 3860 2135 3902 se
2182 3845 2499 3901 offerentem
2533 3842 2742 3914 recepit
2776 3859 2789 3896 :
2825 3858 2926 3897 nec
2971 3843 3023 3896 in
3057 3842 3154 3897 hos
3204 3839 3457 3895 indevote
3495 3838 3684 3893 Domi—

2078 3957 2204 3996 num
2256 3941 2557 3995 refutantes
2599 3938 2913 4009 proprium,
2947 3945 3360 4001 commovetur;
3389 3943 3447 3989 ut
3492 3942 3683 3989 osten-

2076 4033 2231 4088 deret
2272 4031 2399 4103 quia
2467 4046 2576 4086 non
2650 4028 2816 4085 habet
2863 4028 3087 4083 ultionis
3144 4026 3385 4082 studium
3445 4024 3684 4096 perfecta

2076 4125 2247 4180 virtus
2299 4140 2312 4177 :
2362 4138 2465 4180 nec
2505 4123 2612 4178 ulla
2662 4120 2731 4177 sit
2780 4120 3091 4188 iracundia,
3138 4120 3224 4176 ubi
3276 4118 3556 4190 plenitudo
3601 4127 3687 4175 est

2076 4220 2357 4276 charitatis
2389 4238 2402 4274 :
2433 4233 2535 4274 nec
2577 4216 2920 4274 excludenda
2969 4217 3257 4272 inﬁrmitas
3279 4257 3294 4282 ,
3330 4213 3544 4288 1418
3588 4215 3685 4271 sed

2072 4311 2328 4384 juvanda.
2381 4312 2579 4369 Procul
2627 4326 2655 4366 a
2690 4311 2960 4382 religiosis
3000 4309 3297 4381 indignatio
3345 4327 3357 4362 :
3420 4308 3605 4378 procul
3654 4324 3686 4363 a

2080 4405 2437 4477 magnanimis
2501 4403 2768 4476 cupiditas
2818 4403 3041 4459 ultionis
3100 4421 3113 4457 :
3183 4401 3370 4473 procul
3441 4400 3603 4458 etiam
3653 4416 3684 4455 a

2079 4497 2487 4570 prudentibqu
2533 4498 2934 4554 inconsiderata
2982 4495 3327 4567 conjunctio,
3371 4504 3425 4550 et
3466 4494 3683 4549 incauta

2078 4592 2422 4664 simplicitas.
2455 4589 2608 4648 Unde
2631 4601 2686 4647 et
2732 4592 2808 4647 illi
2854 4590 3095 4646 dicitur:
3139 4586 3329 4659 Vulpes
3366 4591 3537 4658 foveas
3591 4588 3686 4640 ha-

2083 4684 2244 4740 bent:
2294 4700 2394 4741 nec
2446 4684 2770 4756 obsequium
2818 4683 2937 4754 ejus
2984 4682 3323 4747 admittitur,
3369 4683 3524 4754 cujus
3574 4695 3682 4739 non

444 4782 543 4840 26.
585 4782 732 4839 Bene
750 4824 765 4849 ,
796 4780 1053 4845 Domine,
1087 4795 1211 4834 nam
1238 4784 1296 4835 et
1320 4776 1525 4851 Joseph
1550 4787 1606 4835 et
1652 4778 1977 4836 Nicodemus
2005 4796 2060 4858 Ι)
2083 4779 2345 4853 probatur
2365 4778 2624 4833 ofﬁcium.
2649 4778 3120 4848 Circumspectum
3144 4777 3347 4834 etenim
3371 4778 3494 4834 ﬁdei
3522 4778 3686 4836 debet

369 4875 578 4934 occulti
605 4875 855 4947 discipuli
886 4882 1112 4947 propter
1140 4881 1343 4930 metum
1367 4913 1381 4938 ,
1410 4871 1463 4928 in
1501 4881 1747 4945 tempore
1796 4883 1977 4932 tamen

457 5096 481 5123 ε
522 5085 723 5141 Omnes
748 5082 906 5147 edit.,
923 5091 1187 5152 tamquam
1214 5079 1269 5133 in
1297 5094 1403 5133 uno
1424 5075 1779 5146 corpore.Sed
1801 5076 1982 5134 nullus

379 5181 490 5223 ms.
525 5179 690 5220 voces
710 5205 724 5229 ,
751 5163 804 5217 in
830 5178 935 5217 uno
961 5178 1178 5233 corpore
1195 5202 1210 5225 ,
1241 5158 1508 5231 agnoscit.

458 5245 486 5285 δ
530 5246 611 5302 Ab
631 5243 716 5300 his
739 5242 919 5297 verbis
953 5258 1122 5312 usque
1151 5240 1217 5297 ad
1242 5255 1392 5295 num.
1415 5236 1511 5301 50,
1534 5234 1713 5291 omnia
1740 5235 1793 5291 in
1827 5236 1984 5291 llum.

381 5327 523 5385 edit.
557 5324 710 5381 fuere
736 5324 1095 5392 lransposila,
1129 5329 1188 5377 nt
1213 5320 1278 5375 ad
1319 5318 1565 5375 ordinem
1596 5317 1989 5379 versiculorum

382 5408 686 5477 Scriptum
715 5402 1277 5459 acconunodarentnr.
1308 5398 1415 5456 Sed
1447 5408 1809 5477 praeterquam
1846 5396 1991 5477 quod

388 5476 697 5545 reclamant
726 5496 916 5537 omnes
951 5498 1083 5539 mss.
1115 5497 1181 5538 ac
1206 5493 1313 5537 vet.
1338 5478 1498 5544 edit.,
1531 5476 1702 5532 series
1728 5476 1991 5534 orationis

390 5566 774 5624 Ambrosiana:
806 5563 1094 5617 manifeste
1125 5561 1524 5631 corrumpitur,
1572 5566 1629 5610 nt
1674 5556 1878 5623 patebit
1917 5556 1987 5611 il-

391 5648 505 5704 lam
540 5643 796 5698 attentius
844 5639 1173 5712 dispicienti.
1205 5641 1375 5696 Porro
1400 5637 1643 5708 ejusdem
1673 5635 1832 5691 Rom.
1858 5637 1991 5693 edit.

394 5727 729 5785 mutationes
755 5742 862 5780 non
889 5723 1195 5795 putavimus
1215 5721 1321 5776 hoc
1347 5720 1469 5775 loco
1491 5716 1993 5795 m'priﬁsentandas,

397 5815 471 5857 ne
503 5799 625 5868 plus
650 5798 817 5853 nimio
846 5786 1118 5868 margines
1147 5803 1462 5849 onereutur.
1493 5786 1713 5856 Confer,
1743 5788 1789 5843 si
1817 5786 1997 5858 lubet,

395 5874 543 5930 inter
572 5884 634 5929 se
662 5868 908 5928 eamdem
930 5867 1063 5925 edit.
1093 5880 1158 5923 ac
1179 5875 1288 5922 vet.

932 5966 1213 6027 Ριτιιοι..
1272 5959 1414 6024 XV.

2085 4889 2209 4932 esse
2256 4873 2582 4945 hospitium;
2615 4887 2683 4929 ne
2713 4872 2865 4944 dum,
2890 4871 3202 4929 inﬁdelibus
3249 4881 3452 4930 nostra:
3492 4875 3687 4933 domus

2164 5091 2184 5118 ο
2228 5080 2356 5135 Mss.
2389 5078 2619 5149 aliquot,
2644 5078 2961 5134 industriam
2991 5080 3146 5134 unius
3175 5090 3396 5135 natura.

2164 5157 2191 5197 ἀ
2221 5160 2446 5216 Amerb.
2475 5176 2597 5215 cum
2648 5160 2921 5231 plerisque
2970 5176 3128 5233 mss.,
3170 5162 3333 5231 τιντὶρὶ
3379 5162 3541 5216 noluit
3585 5178 3691 5217 non

2091 5241 2319 5315 simplici
2362 5250 2531 5295 mente
2570 5240 3079 5306 conversos.‘Rom.,
3116 5244 3343 5310 recipere
3372 5242 3555 5304 noluit,
3580 5250 3689 5296 etc.

2092 5321 2306 5391 Optime
2356 5321 2487 5376 Era.
2519 5336 2583 5377 ac
2604 5319 2731 5378 Gill.
2756 5320 2888 5378 licet
2923 5336 3046 5377 cunt
3090 5322 3433 5393 paucioribus
3455 5334 3585 5377 tnss.
3634 5328 3694 5377 ut

2095 5416 2195 5457 nos
2218 5402 2269 5456 in
2301 5408 2476 5457 textu.

2173 5492 2197 5519 θ
2226 5481 2454 5547 Quidum
2485 5495 2643 5547 mss.,
2674 5482 2891 5556 injuria.
2926 5482 3032 5550 Qui
3070 5482 3239 5544 timet,
3272 5481 3553 5537 vindictam
3596 5494 3700 5535 non

2096 5563 2279 5629 quaerit
2307 5577 2325 5616 :
2354 5561 2445 5627 qui
2473 5577 2574 5615 non
2597 5561 2760 5626 timet,
2788 5560 3033 5616 ultionem
3058 5561 3298 5617 ostendit.
3335 5560 3527 5618 Simul.
3583 5568 3690 5614 etc.

2038 5644 2043 5645 ⁷
2098 5644 2275 5701 Minus
2298 5642 2604 5698 commode.

2178 5724 2197 5763 ί
2228 5724 2356 5784 Mss.
2383 5725 2584 5795 aliquot
2605 5766 2620 5790 ,
2646 5724 3029 5779 inconsiderata
3054 5722 3347 5780 commotio.
3374 5721 3565 5795 Melius
3586 5718 3699 5795 alii,

2104 5806 2266 5868 atque
2290 5797 2446 5861 edit.,
2476 5790 2862 5868 inconsiderata
2888 5798 3226 5866 coniunctio;
3248 5804 3307 5851 ut
3354 5794 3610 5867 nimirum
3635 5790 3707 5849 ad

2109 5867 2393 5938 sequentia
2424 5867 2714 5924 referatur.

3109 5961 3186 6022 1⁸7
