4014 6488
524 332 664 393 1707

1890 323 2137 387 sane“
2172 291 2491 384 uenusti

3697 333 3830 391 1708

518 446 822 519 penetralia
852 459 1193 511 reseramus,
1224 444 1279 500 in
1311 442 1508 500 aliena:
1534 443 1777 514 perﬁdiae
1804 459 1991 504 casses
2018 447 2121 503 im-
2150 446 2204 505 A
2229 446 2358 501 dere
2400 452 2669 500 conentur
2716 445 2956 510 alienos,
3007 445 3293 502 latratibus
3316 456 3344 489 ι
3386 448 3566 521 magis
3613 453 3786 505 sonori
3814 492 3829 509 .

520 540 746 614 provida
775 541 1097 598 credulitate
1125 538 1391 595 labamur.

592 638 682 695 29.
726 636 834 693 Sed
860 651 930 695 ne
958 633 1093 699 illud
1125 633 1428 704 improvide
1456 634 1783 704 praeteriisse
1818 635 2119 705 videamur,

514 746 614 789 cur
657 730 745 789 hic
791 746 885 787 eos
913 728 1008 799 qui
1055 726 1280 798 possunt
1328 743 1424 796 per
1473 743 1666 786 manus
1711 730 2121 800 impositionem

516 821 809 881 immundis
835 820 1107 891 imperare
1137 820 1419 891 spiritibus
1450 820 1503 883 in
1534 823 1758 879 nomine
1783 822 1935 888 Jesu,
1962 836 2125 895 neget

512 931 637 979 esse
709 914 1077 985 prohibendos
1124 932 1139 969 :
1186 914 1486 973 secundum
1552 917 1863 975 llatthaeum
1938 930 2120 977 autem

511 1008 654 1075 dicat
684 1008 771 1075 his
798 1027 811 1061 :
847 1006 972 1073 Non
1018 1009 1140 1073 novi
1168 1024 1257 1065 vos
1280 1025 1299 1064 :
1326 1008 1576 1067 discedite
1603 1028 1636 1065 a
1664 1028 1758 1077 me,
1790 1028 1967 1069 omnes
1994 1030 2120 1083 ope-

510 1102 639 1169 rarii
662 1100 953 1172 iniquitatis
988 1100 1208 1173 (Matth.
1244 1116 1339 1170 vn,
1370 1100 1487 1173 23).
1518 1101 1819 1160 Advertere
1860 1104 2122 1163 debemus

508 1209 618 1249 non
664 1208 786 1249 esse
834 1194 1149 1250 distantiam
1190 1209 1422 1260 sensus,
1453 1197 1961 1269 sententiarumque
2009 1200 2121 1256 dis-

506 1286 750 1345 cordiam
788 1306 801 1342 :
843 1287 939 1344 sed
967 1288 1101 1344 illud
1132 1289 1350 1345 censeri
1384 1304 1451 1344 eo
1481 1291 1624 1361 quod
1661 1308 1769 1347 non
1796 1291 1971 1347 solum
2003 1292 2123 1347 olli—

504 1382 574 1438 cii
607 1382 661 1437 in
690 1380 905 1438 clericis
927 1425 941 1451 ,
970 1383 1070 1440 sed
1096 1383 1263 1439 etiam
1295 1384 1509 1445 virtutis
1537 1400 1701 1456 opera
1728 1386 2076 1457 requirantur
2106 1404 2119 1439 :

505 1487 827 1549 tantumque
870 1492 995 1533 esse
1042 1477 1246 1533 Christi
1296 1494 1492 1535 nomen
1526 1521 1544 1544 ,
1594 1490 1652 1535 ut
1712 1480 1877 1535 etiam
1928 1495 2119 1552 parum

506 1571 711 1633 sanctis
737 1571 1037 1643 opituletur
1066 1571 1134 1627 ad
1161 1571 1474 1644 prmsidium
1498 1590 1513 1639 ;
1543 1574 1646 1629 etsi
1678 1588 1786 1629 non
1824 1574 2123 1644 opituletur

506 1664 575 1721 ad
602 1666 851 1737 gratiam.
885 1664 1041 1721 Unde
1090 1680 1251 1721 nemo
1294 1665 1502 1737 jactare
1551 1681 1611 1723 se
1638 1667 1829 1735 debet,
1862 1682 1967 1724 nec
1997 1684 2122 1737 pur-

504 1758 615 1832 gati
670 1758 906 1814 hominis
954 1758 1057 1819 sibi
1088 1759 1315 1831 gratiam
1350 1759 1628 1816 vindicare
1650 1802 1665 1826 ,
1700 1761 1756 1816 in
1787 1775 1896 1833 quo
1926 1761 2119 1817 aeterni

2228 554 2389 607 quam
2419 539 2642 595 vocibus
2674 539 2895 608 expoliti
2923 539 3037 611 (qui
3067 541 3212 595 enim
3243 540 3484 596 Verbum
3516 552 3705 614 negat,
3734 559 3833 598 nec

2226 646 2417 687 vocem
2445 631 2669 704 habet),
2696 632 2761 686 ad
2795 647 3037 703 praesens
3059 632 3087 671 δ
3118 650 3212 689 ore
3234 634 3408 691 libero
3432 678 3446 701 ,
3473 635 3571 690 sed
3618 636 3672 691 in
3698 636 3835 691 futu-

2226 741 2347 785 rum
2379 726 2486 783 fine
2518 725 2733 799 1519
2757 727 2866 796 jam
2912 728 3094 783 vincto
3134 728 3322 783 caudas
3364 727 3600 795 facibus,
3630 730 3825 800 signiti-

2222 831 2414 877 cantes
2436 822 2519 876 sui
2553 822 2674 876 linis
2704 823 3035 878 incendium.

2299 914 2389 969 52.
2431 913 2697 971 Volucres
2745 932 2964 987 quoque
3016 918 3176 982 cmli,
3224 934 3347 990 quas
3394 918 3713 991 frequenter
3768 922 3835 975 ad

2225 1008 2485 1077 nequitiae
2537 1008 2802 1077 spiritalis
2846 1008 3260 1065 similitudinem
3286 1010 3639 1077 derivantur,
3670 1012 3836 1068 veluti

2224 1105 2384 1161 nidos
2411 1105 2674 1177 quosdam
2702 1107 2975 1161 instruunt
3007 1107 3060 1161 in
3088 1106 3403 1179 pectoribus
3436 1108 3833 1177 improborum;

2225 1208 2281 1256 et
2312 1199 2433 1255 ideo
2485 1199 2657 1255 Filius
2703 1200 2972 1268 hominis,
3023 1201 3145 1271 quia
3197 1201 3500 1255 abundavit
3545 1202 3835 1272 iniquitas,

2223 1308 2330 1348 non
2377 1292 2543 1348 habet
2590 1293 2678 1348 ubi
2722 1304 2885 1363 caput
2926 1308 3083 1350 suum
3132 1294 3381 1349 reclinet.
3413 1294 3631 1349 Etenim
3661 1295 3833 1350 domi-

2223 1395 2389 1441 nante
2438 1386 2711 1451 versutia,
2742 1401 2865 1441 cum
2913 1387 3249 1456 simplicitati
3302 1388 3489 1442 nullus
3535 1389 3609 1442 sit
3656 1389 3831 1457 locus,

2225 1478 2371 1532 nulla
2403 1487 2579 1547 potest
2621 1478 2672 1532 in
2704 1477 2987 1534 alfectihus
3014 1479 3350 1550 singulorum
3383 1480 3688 1535 divinitatis
3714 1497 3831 1538 esse

2225 1570 2501 1643 possessio
2533 1589 2546 1624 :
2574 1568 2744 1640 Caput
2774 1572 2918 1627 enim
2942 1571 3139 1626 Christi
3168 1571 3307 1626 Deus
3338 1582 3421 1626 est
3444 1571 3491 1643 (l
3517 1571 3645 1626 Cor.
3662 1574 3824 1643 xt,5),

2222 1664 2315 1735 qui
2362 1664 2451 1720 ubi
2510 1674 2746 1719 mentem
2794 1663 3041 1733 probarit
3088 1664 3401 1731 innoxiam,
3450 1679 3614 1735 supra
3665 1666 3826 1735 ipsam

2224 1757 2629 1830 quodammodo
2656 1759 2762 1813 vim
2781 1775 2894 1815 suae
2922 1759 3222 1826 maiestatis
3247 1758 3478 1815 reclinat
3509 1778 3522 1813 :
3548 1759 3693 1830 quod
3718 1775 3832 1815 esse

508 1849 747 1921 nominis
779 1851 979 1919 virtus,
1009 1867 1122 1907 non
1148 1852 1327 1923 aliqua
1357 1853 1694 1923 possibilitas
1722 1852 1977 1909 humanae
2011 1854 2121 1910 fra-
2149 1840 2198 1903 Β
2224 1852 2439 1906 videtur
2465 1852 2699 1918 indicio,
2729 1852 2854 1923 quia
2887 1851 3157 1921 profusior
3185 1851 3440 1923 quaedam
3468 1853 3642 1924 gratia
3670 1852 3830 1908 hono-

502 1943 731 2021 gilitatis
778 1953 1000 2014 operata
1020 1944 1123 2013 sit;
1153 1960 1263 2002 non
1294 1946 1438 2002 enim
1467 1948 1664 2005 merito
1696 1956 1789 2009 tuo
1834 1948 2081 2011 diabolus
2101 1990 2117 2015 ,

504 2036 603 2105 sed
628 2036 755 2091 odio
782 2037 865 2092 sui
893 2037 1146 2094 vincitur.

577 2130 668 2186 30.
708 2129 863 2201 Quod
896 2140 1072 2200 potest
1103 2130 1301 2201 homo,
1331 2133 1603 2195 sinceram
1630 2133 1883 2191 exhibeat
1915 2134 2076 2190 ﬁdem
2103 2176 2118 2201 ,

506 2230 563 2287 et
590 2222 997 2285 observantiam
1024 2223 1401 2289 mandatorum
1434 2226 1689 2296 religiosa
1728 2236 1909 2283 mente
1939 2237 2123 2283 custo-

506 2312 653 2380 diat;
706 2330 774 2369 ne
827 2312 1041 2370 dicatur
1068 2315 1161 2371 ei:
1201 2314 1393 2388 Vulpes
1445 2321 1620 2388 foveas
1673 2319 1881 2385 habent.
1933 2319 2122 2376 Fallax

506 2411 710 2480 quippe
737 2408 963 2479 animal,
994 2419 1047 2465 et
1074 2409 1285 2467 insidiis
1316 2427 1533 2484 semper
1562 2413 1855 2481 intentum,
1876 2414 2120 2485 rapinam

505 2500 714 2558 fraudis
758 2514 998 2559 exercet.
1028 2502 1173 2561 Nihil
1221 2514 1428 2572 tutum,
1480 2507 1613 2575 nihil
1662 2510 1929 2575 otiosum,
1986 2511 2121 2567 nihil

504 2596 710 2675 patitur
738 2610 862 2657 esse
890 2611 1145 2661 securum
1172 2639 1188 2665 ,
1217 2598 1363 2671 quod
1406 2599 1552 2656 inter
1600 2600 1718 2672 ipsa
1749 2602 1984 2673 hospitia
2018 2604 2119 2661 ho-

504 2689 713 2749 minum
743 2690 985 2763 praedam
1020 2692 1290 2762 requirat.

574 2805 665 2861 3L
711 2804 995 2863 lltereticis
1023 2814 1225 2869 ,autem
1274 2807 1469 2878 vulpes
1514 2819 1820 2880 comparat.
1868 2808 2122 2881 Denique

502 2914 626 2956 cum
654 2910 851 2970 gentes
898 2908 1091 2965 vocet,
1124 2899 1417 2958 hazreticos
1460 2903 1722 2961 excludit.
1754 2903 1946 2974 Vulpis
1975 2904 2121 2959 enim

501 2991 723 3058 plenum
774 2990 991 3051 fraudis
1032 3003 1115 3049 est
1159 2992 1398 3060 animal,
1428 2993 1643 3049 foveam
1700 3010 1931 3067 parans,
1966 3006 2024 3051 et
2065 2996 2122 3051 in

504 3080 662 3139 fovea
694 3098 913 3153 semper
942 3082 1114 3139 latere
1153 3084 1475 3141 desiderans
1505 3103 1519 3137 :
1550 3086 1624 3141 ita
1663 3094 1793 3141 sunt
1840 3086 2083 3142 haeretici
2103 3129 2119 3154 ,

503 3175 597 3245 qui
634 3160 868 3229 'domum
899 3176 1001 3233 sibi
1047 3190 1243 3246 parare
1292 3192 1402 3232 non
1456 3188 1690 3243 norunt,
1736 3178 1835 3234 sed
1884 3178 2120 3234 circum—

2226 1963 2345 2003 rum
2381 1947 2692 2018 pectoribus
2720 1947 3014 2003 inseratur.

2297 2064 2387 2123 5'5.
2429 2062 2612 2137 (Vers.
2642 2062 2764 2137 59.)
2792 2064 2980 2135 Itaque
3012 2074 3068 2119 ut
3099 2063 3353 2121 advertas
3383 2063 3557 2119 Deum
3588 2079 3694 2119 non
3719 2064 3829 2119 cul-

2225 2166 2311 2213 tus
2361 2167 2746 2228 aspernantem
2795 2173 2949 2224 esse,
3008 2159 3104 2214 sed
3152 2157 3358 2213 fraudis
3404 2159 3541 2229 :qui
3584 2158 3829 2229 repudia-

2223 2265 2380 2308 verat
2409 2252 2811 2309 fraudulentum
2834 2296 2849 2320 ,
2881 2254 3041 2324 elegit
3085 2253 3433 2311 innocentem
3467 2254 3659 2311 dicens
3690 2274 3701 2308 :
3738 2255 3828 2312 Se-

2224 2363 2379 2417 quere
2402 2363 2500 2400 me.
2530 2346 2637 2402 Sed
2682 2345 2788 2400 hoc
2833 2344 2971 2401 dixit
3016 2345 3064 2401 ei
3085 2389 3099 2412 ,
3130 2347 3285 2417 Cujus
3315 2358 3526 2419 patrem
3552 2347 3665 2419 jam
3697 2348 3829 2403 scie—

2224 2438 2316 2493 bat
2344 2451 2651 2505 mortuum,
2683 2439 2833 2493 illum
2876 2440 3061 2508 utique
3104 2449 3314 2512 patrem
3360 2440 3429 2495 de
3478 2457 3588 2512 quo
3634 2440 3828 2495 dictum

2224 2543 2310 2590 est
2350 2534 2469 2589 illi:
2510 2532 2839 2588 Obliviscere.
2888 2572 2901 2586 .
2948 2572 2962 2587 .
3008 2576 3021 2587 .
3064 2533 3273 2588 domum
3319 2535 3483 2605 patris
3531 2536 3608 2589 tui
3653 2534 3827 2607 (Psal.

2224 2645 2371 2696 xuv,
2404 2630 2518 2699 ll).
2547 2628 2681 2684 Vide
2708 2628 2875 2698 igitur
2902 2629 3026 2698 quia
3059 2628 3323 2683 Dominus
3353 2644 3489 2698 quos
3523 2629 3827 2687 miseratur.

2224 2724 2388 2779 etiam
2437 2722 2809 2793 imprudentes
2852 2723 3113 2789 advocat,
3142 2730 3198 2778 et
3251 2722 3549 2796 posmlauti
3598 2731 3831 2792 paterna:

2219 2818 2434 2875 veniam
2460 2819 2756 2885 sepultura:
2785 2817 3067 2888 respondit
3101 2836 3113 2870 :

2296 2935 2477 3009 (Vers.
2507 2935 2622 3007 60.)
2654 2936 2802 3001 Sine,
2834 2936 3023 2990 mortui
3050 2934 3303 3006 sepeliant
3328 2944 3561 2990 mortuos
3583 2951 3703 2990 suos
3732 2951 3750 2988 .'
3780 2943 3830 2986 tu

2223 3042 2392 3084 autem
2423 3030 2572 3098 vade,
2600 3030 2856 3083 annuntia
2880 3046 3094 3100 regnum
3125 3026 3244 3083 Dei.

2295 3144 2386 3205 54η
2425 3144 2613 3216 Itaque
2653 3159 2777 3199 cum
2803 3142 3117 3215 religiosum
3149 3141 3413 3209 humandi
3466 3139 3830 3211 acceperimus

502 3228 1071 3335 scriptionihussui;
1102 3228 1242 3324 ait;
1293 3228 2119 3338 Ῑιὲὲίρὲὲξῖοὶέιῖἶυτῗιξιῖᾇι)
2144 3228 2192 3293 C
2225 3238 2491 3338 °“‘°‘_“‘“'
2524 3233 3346 3338 q““f‘?;‘d‘“°d“f“_hi°_l’a“?f“i
3376 3250 3595 3338 ίῖξ¹⁰ί³¹³θ
3634 3232 3831 3338 “meris

496 3359 724 3416 domum
756 3360 968 3417 habitat
1001 3380 1013 3416 :
1046 3362 1337 3418 haereticus
1380 3364 1435 3419 in
1469 3362 1627 3419 fovea
1654 3373 1776 3428 est,
1802 3375 1865 3420 ut
1890 3350 2114 3420 fraudul

503 3450 651 3508 lenta
682 3453 861 3525 vulpis
907 3455 1123 3523 gallinae
1176 3456 1252 3511 illi
1299 3456 1630 3528 evangelica
1678 3459 1863 3513 dolum
1901 3475 2119 3529 semper

504 3543 800 3609 intendens
822 3588 837 3612 ,
864 3546 934 3603 de
963 3563 1067 3617 qua
1099 3549 1360 3617 scriptum
1395 3557 1479 3604 est
1513 3567 1527 3603 :
1562 3549 1774 3616 Quoties
1818 3552 1955 3606 volui
1998 3570 2121 3609 con-

504 3655 720 3709 gregare
741 3638 880 3709 ﬁlios
909 3649 1025 3695 tuos
1053 3641 1188 3695 sicut
1207 3641 1407 3714 gallina
1433 3641 1605 3713 pullos
1632 3660 1775 3710 suos,
1796 3652 1845 3697 et
1873 3645 2119 3700 noluisti?

501 3730 640 3786 Ecce
674 3732 991 3803 relinquetur
1030 3732 1214 3789 domus
1257 3742 1424 3793 vestra
1452 3732 1655 3791 deserta
1688 3733 1906 3805 (Matth.
1943 3722 2112 3805 mn,

509 3824 579 3879 37
608 3834 654 3879 et
681 3826 793 3895 '58).
824 3825 1015 3883 Merito
1060 3842 1190 3897 ergo
1242 3828 1430 3883 foveas
1478 3828 1680 3885 habent
1700 3873 1714 3895 ,
1747 3832 1870 3901 quia
1896 3833 2117 3888 domum

502 3934 665 3990 quam
718 3919 1056 3987 habuerant,
1104 3918 1478 4007 perdiderunt.
1529 3923 1645 3979 Hoc
1689 3926 1893 3981 animal
1942 3942 2119 3997 neque

500 4014 840 4079 mansuescit
869 4028 1162 4084 utuquam;
1190 4015 1333 4069 unde
1360 4024 1417 4070 et
1444 4015 1743 4086 Apostolus
1772 4018 1849 4073 ait
1884 4036 1898 4073 :
1933 4018 2119 4074 Hiere-

501 4106 659 4163 tt'cunt
690 4107 949 4163 hominem
980 4117 1097 4181 post
1128 4126 1306 4164 unant.
1353 4150 1366 4163 .
1416 4151 1428 4162 .
1475 4151 1489 4165 .
1535 4112 1913 4182 correptionem
1948 4112 2119 4167 devita

504 4199 636 4273 (Tit.
666 4216 747 4279 nt,
779 4202 912 4273 10):
952 4218 1131 4274 neque
1182 4203 1282 4259 ulli
1326 4204 1447 4259 usui
1490 4213 1612 4269 est,
1641 4214 1736 4259 aut
1780 4205 1905 4261 cibo
1952 4206 2113 4271 utile;

502 4311 614 4353 non
641 4298 785 4351 enim
811 4296 879 4352 de
910 4296 1179 4373 hoc‘dicit
1222 4297 1472 4353 Christus
1506 4313 1521 4353 :
1553 4296 1702 4353 Meus
1730 4297 1871 4353 cibus
1910 4308 2017 4362 est,
2062 4310 2118 4353 ut

507 4392 696 4464 faciam
742 4391 1055 4447 uoluntatem
1100 4389 1276 4447 Patris
1308 4391 1406 4445 mei
1436 4391 1525 4460 qui
1572 4391 1627 4451 in
1656 4390 1795 4445 caelis
1831 4400 1906 4447 est
1929 4390 2116 4471 (Joan.

506 4497 591 4550 tv,
624 4484 744 4552 δι).
771 4485 911 4551 Quin
961 4483 1123 4543 etiam
1172 4498 1268 4539 eas
1312 4498 1343 4543 a
1394 4481 1665 4547 fructibus
1712 4483 1825 4541 suis
1870 4484 2116 4554 relegat:

506 4573 688 4645 Capite
733 4576 880 4632 nobis
943 4578 1119 4647 uulpes
1166 4574 1387 4648 pusillas
1413 4617 1427 4641 ,
1487 4578 1882 4633 exterminantes
1945 4578 2115 4634 vineas

2222 3332 2501 3401 sepultura
2534 3330 2874 3401 prohibetur,
2898 3329 3002 3393 nisi
3031 3340 3087 3387 ιιι
3117 3329 3389 3399 intelligas
3418 3328 3652 3389 humana
3684 3336 3830 3399 post-

2223 3422 2472 3485 habenda
2495 3423 2732 3483 divinis?
2758 3423 2967 3479 Bonum
3014 3423 3254 3487 studium
3279 3464 3294 3484 ,
3322 3422 3421 3493 sed
3452 3422 3629 3491 majus
3666 3422 3832 3491 impe-

2222 3516 2559 3583 dimentum;
2595 3531 2718 3575 nam
2747 3518 2839 3590 qui
2873 3517 3103 3589 partitur
3130 3516 3397 3583 studium,
3430 3514 3648 3571 derivat
3673 3513 3831 3577 allec—

2222 3616 2337 3665 tum
2366 3608 2516 3681 (Act.
2545 3626 2599 3665 vt
2619 3652 2632 3673 ,
2659 3609 2695 3664 2
2722 3622 2768 3665 et
2799 3608 2933 3683 seq.)
2964 3620 3057 3666 :et
3077 3610 3166 3683 qui
3191 3609 3388 3667 dividit
3409 3624 3629 3674 curam,
3659 3606 3831 3665 ὤσει-ι

2223 3702 2526 3775 profectum
2580 3702 2734 3775 (Luc.
2780 3720 2846 3772 x,
2876 3703 2957 3775 4).
3017 3704 3161 3774 Ergo
3214 3704 3368 3775 prius
3420 3702 3671 3771 obeunda
3717 3716 3831 3772 quae

2224 3799 2462 3855 maxima
2484 3810 2646 3867 sunt;
2677 3816 2802 3865 nam
2831 3809 2885 3856 et
2911 3798 3186 3873 apostoli,
3218 3809 3239 3837 ε
3274 3813 3344 3854 ne
3370 3807 3699 3869 occuparent
3722 3804 3830 3849 stu-

2222 3892 2371 3948 dium
2400 3894 2777 3963 diSpcnsandi,
2808 3893 3091 3953 ministros
3122 3891 3453 3964 pauperibus
3480 3890 3826 3945 ordinarunt:

2224 3996 2277 4043 et
2308 3987 2441 4058 ipsis
2470 4003 2591 4043 cum
2619 4001 2650 4040 a
2681 3987 2909 4042 Domino
2938 3986 3289 4041 mitterentur
3314 4026 3329 4053 ,
3362 3984 3640 4043 neminem
3668 3982 3721 4036 in
3749 3980 3829 4033 via

2171 4124 2179 4133 .
2222 4080 2460 4135 salutare
2506 4080 2881 4153 praescriptum
2932 4086 3015 4134 est
3049 4096 3062 4134 :
3092 4092 3197 4133 n0u
3242 4076 3386 4147 quod
3438 4072 3831 4132 benevolentia:

2222 4172 2538 4245 diSpliceret
2564 4171 2827 4240 ofﬁcium,
2856 4170 2951 4227 sed
2978 4169 3122 4240 quod
3155 4168 3549 4240 persequenda:
3580 4164 3828 4225 devotio-

2222 4268 2309 4323 nis
2342 4268 2571 4341 intentio
2602 4268 2721 4340 plus
2750 4267 3008 4337 placeret.

2293 4384 2380 4438 55.
2414 4382 2698 4451 Quomodo
2724 4392 2906 4437 autem
2939 4380 3136 4435 mortui
3160 4378 3400 4449 sepelire
3426 4385 3677 4434 mortuos
3708 4389 3827 4444 pos-

2222 4474 2439 4539 sunt,d
2483 4478 2583 4532 nisi
2628 4492 2751 4531 cum
2800 4475 2869 4529 ab
2916 4473 3226 4530 inﬁdelibus
3257 4472 3516 4529 humatur
3562 4469 3826 4532 cadaver,

2221 4574 2377 4643 cujus
2424 4574 2493 4627 ita
2542 4588 2639 4628 cor
2679 4573 2919 4627 animam
2962 4569 3231 4642 perdidit,
3265 4576 3324 4623 ut
3367 4568 3583 4624 illorum
3637 4565 3828 4618 animm

506 4666 687 4740 (Cant.
712 4686 775 4738 ιι,
806 4670 920 4742 15),
952 4670 1055 4727 hoc
1084 4680 1170 4729 est
1190 4714 1204 4737 ,
1236 4686 1359 4740 (ωε
1406 4670 1673 4729 minorem
1722 4672 1935 4727 vineam
1957 4714 1972 4737 ,
2006 4691 2114 4728 nnn
2140 4680 2194 4741 D
2226 4668 2391 4722 Deum
2426 4684 2439 4719 :
2474 4666 2589 4721 sive
2618 4665 2737 4737 quia
2769 4664 2973 4735 duplex
3008 4662 3094 4718 hic
3124 4659 3478 4731 intelligenda
3521 4666 3610 4715 est
3651 4671 3827 4717 mors,

508 4764 772 4834 majorem
820 4767 1205 4827 exterminant.
1244 4766 1312 4823 Et
1356 4766 1480 4825 ideo
1524 4765 1753 4824 Samson
1794 4767 1862 4822 ad
1910 4768 2111 4824 caudas

509 4872 697 4913 earum
729 4857 873 4913 iaces
901 4858 1123 4928 ligavit,
1153 4861 1286 4915 etin
1320 4875 1528 4917 messes
1564 4860 1996 4932 alienigenarum
2030 4862 2113 4917 di—

513 4949 660 5003 misit
692 4946 893 5017 (Judic.
924 4964 1018 5017 xv,
1044 4950 1121 5020 4);
1154 4966 1219 5005 eo
1250 4952 1394 5021 quod
1423 4952 1659 5008 lucretici
1691 4953 1901 5011 fructus
1926 4956 2112 5012 incen-

585 5137 611 5166 ι
638 5129 865 5196 Quidam
892 5144 1049 5195 mss.,
1077 5131 1240 5203 magis
1268 5134 1470 5188 onerosi
1496 5149 1649 5205 quam
1698 5134 1909 5190 vocibus
1950 5151 2107 5204 expo-

510 5210 624 5275 liti;
652 5208 809 5266 Rom.
843 5211 974 5267 edit.
1006 5228 1129 5267 cum
1178 5212 1301 5269 aliis
1332 5213 1462 5269 edit.
1491 5228 1558 5268 ac
1588 5229 1723 5271 mss.
1750 5214 1909 5286 legit,
1940 5217 2107 5288 magis

508 5290 706 5354 sonori,
740 5290 835 5345 sed
858 5306 1043 5347 vocem
1072 5294 1282 5363 expoliti
1309 5297 1569 5351 resecuit.

578 5367 607 5407 δ
634 5368 776 5424 Edit.
807 5386 1017 5433 omnes,
1048 5388 1135 5424 ore
1162 5372 1328 5435 liberi,
1358 5375 1447 5427 sed
1471 5392 1526 5428 tn
1557 5377 1789 5445 futurum
1815 5376 1970 5445 ﬁnem
1988 5377 2107 5445 jam

507 5449 693 5519 vincti,
725 5450 906 5505 cauda:
944 5450 1174 5523 facibus,
1206 5461 1314 5507 etc.
1346 5455 1473 5511 Mss.
1502 5470 1631 5509 vero
1657 5455 1897 5511 universi
1927 5457 1995 5509 ab
2025 5455 2107 5512 his

506 5527 834 5586 dissidentes
864 5530 1047 5599 legunt
1073 5529 1209 5587 utin
1239 5540 1392 5587 textu
1421 5575 1435 5599 ,
1468 5535 1573 5590 nisi
1602 5534 1744 5605 quod
1778 5551 1918 5592 unus
1946 5532 2102 5604 fune,

510 5624 607 5675 pro
634 5611 755 5679 ﬁne,
790 5611 927 5665 alter
946 5609 1148 5671 vinctis.
1180 5626 1275 5678 pro
1300 5613 1493 5678 vincto,
1526 5614 1761 5681 prmfert.
1793 5614 1962 5669 Porro
2010 5630 2108 5673 no-

507 5685 591 5742 bis
618 5692 790 5761 magis
814 5690 1019 5755 arridet
1044 5692 1345 5747 Communis
1387 5692 1547 5749 lectio
1592 5709 1722 5755 mss.
1750 5696 1976 5751 aliorum
2000 5738 2013 5761 ,
2050 5705 2107 5750 ut

507 5784 698 5824 sensus
725 5772 830 5837 sit,
862 5786 958 5841 per
981 5780 1283 5837 extremam
1314 5782 1521 5842 partem
1547 5776 1732 5833 cauda:
1754 5774 1990 5842 vulpina:
2020 5769 2103 5833 fa:

507 5846 659 5901 cibus
698 5849 970 5922 alligatam
1019 5860 1319 5905 extremum
1370 5853 1745 5910 haereticorum
1794 5855 2102 5912 incendium

508 5926 819 5998 significari.

2216 4776 2323 4819 una
2357 4770 2599 4828 naturae,
2630 4761 2802 4817 altera
2848 4757 3063 4830 culpae?
3089 4757 3187 4813 Est
3229 4757 3393 4812 etiam
3440 4767 3591 4811 mors
3638 4749 3827 4815 tertia,

2217 4856 2271 4911 in
2318 4870 2421 4927 qua
2480 4863 2706 4926 peccato
2755 4855 3061 4919 morimur,
3112 4862 3168 4907 et
3220 4852 3331 4906 Deo
3377 4850 3653 4913 vivimus,
3691 4847 3831 4901 sicut

2218 4952 2467 5009 Christus
2497 4952 2586 5022 qui
2620 4959 2843 5021 peccato
2893 4957 3140 5003 mortuus
3186 4954 3311 5003 est:
3346 4944 3500 5011 Quod
3525 4943 3664 4998 enim
3691 4956 3828 4995 mor-

2293 5145 2313 5172 ε
2341 5132 2483 5187 Edit.
2513 5130 2731 5188 Gill.ac
2778 5128 2937 5185 Rom.
2991 5142 3113 5184 cum
3161 5126 3347 5195 paucis
3386 5124 3565 5194 iisque
3615 5128 3821 5179 recent.

2217 5227 2373 5275 mss.,
2400 5230 2463 5267 ne
2489 5219 2865 5278 occuparentur
2908 5209 3081 5264 studio
3118 5206 3483 5277 dispensandi.
3516 5205 3743 5261 Amerh.
3772 5210 3828 5257 et

2216 5295 2345 5354 Era.
2375 5310 2496 5351 cum
2526 5292 2751 5363 reliquis
2770 5333 2784 5355 ,
2817 5308 2879 5346 nc
2908 5300 3223 5358 occuparent
3254 5289 3523 5352 studium;
3553 5286 3607 5343 id
3635 5294 3741 5352 est,
3770 5284 3823 5339 in

2214 5390 2275 5431 se
2299 5376 2667 5442 susciperent,
2698 5381 3145 5437 exercerentque.
3742 5422 3745 5423 ν

2288 5453 2312 5492 α
2338 5456 2411 5509 Ita
2451 5454 2572 5507 cod.
2599 5451 2762 5507 Corb.
2787 5467 2909 5507 cum
2959 5449 3082 5504 aliis
3106 5465 3202 5504 sex
3232 5446 3478 5503 melioris
3504 5456 3653 5501 uotae
3676 5486 3691 5510 ,
3723 5442 3825 5498 nisi

2213 5534 2355 5603 quod
2387 5534 2525 5586 idem
2547 5532 2715 5587 Curh.
2760 5545 2855 5600 per
2887 5530 3285 5585 correctionem
3331 5543 3463 5593 pro,
3503 5543 3618 5590 cor,
3655 5525 3820 5595 legit,

2211 5631 2421 5683 corpus.
2444 5613 2618 5669 Minus
2650 5612 2821 5675 bene;
2850 5610 3033 5666 cordis
3079 5609 3223 5663 enim
3272 5605 3357 5659 hic
3386 5608 3595 5660 mentio
3643 5606 3732 5671 fit,
3761 5618 3827 5659 eo

2212 5695 2355 5761 quod
2384 5694 2492 5751 illic
2516 5693 2749 5747 animam
2778 5691 3050 5758 praecipua
3078 5686 3311 5757 quadam
3337 5685 3555 5741 ratione
3577 5687 3828 5742 residere

2212 5775 2498 5832 docuerint
2542 5774 2728 5842 plures
2784 5768 3114 5838 philosophi.
3168 5767 3377 5836 Reliqui
3430 5777 3615 5827 autem
3662 5777 3829 5835 atque

2213 5856 2344 5911 edit.
2378 5853 2712 5908 contractius
2759 5849 2990 5913 habent,
3019 5849 3120 5902 nisi
3146 5848 3404 5919 geminam
3442 5848 3525 5901 hic
3560 5847 3827 5919 intelligas

2216 5941 2451 6002 mortem,
2483 5948 2636 5987 unam
2666 5937 2888 5999 natura,
2920 5929 3136 5993 alterum
3160 5925 3347 5995 culpis.
