4014 6474
289 284 458 367 ιτοε

1317 293 1682 364 EXPOSITIO
1712 295 1970 375 EVM.
2008 299 2158 375 $26.
2197 301 2359 366 LUC.
2398 305 2529 366 LIB.
2576 297 2686 368 γιι.

3481 319 3624 384 mo

292 451 432 502 ηηη
465 460 546 506 εει
569 464 810 522 penam,
837 453 1066 513 marum
1092 464 1166 514 εει
1189 461 1348 516 “me,
1376 475 1396 516 ε
1424 463 1560 532 quod
1583 472 1750 521 (Mem
1776 467 1922 521 vim,
1949 421 2007 502 ,A
2031 447 2139 504 tur,
2164 441 2259 495 sed
2289 440 2672 497 necessitudini
2698 439 2912 512 generis
2931 439 3135 498 divina
3151 440 3436 510 religionis
3453 441 3627 513 pietas

288 539 435 598 vivit
469 544 586 601 Deo
614 547 788 617 (Rom.
825 567 898 612 vr.
932 551 1042 625 10).

379 635 487 692 36.
532 637 646 695 Una
679 651 761 697 est
810 643 973 710 igitur
1023 661 1206 713 mors,
1234 666 1338 720 qua
1379 654 1568 722 copula
1599 656 1842 724 corporis
1869 666 1924 712 et

293 728 522 787 animm
565 745 876 806 separatur,
906 754 1012 795 non
1062 740 1453 812 formidabilis,
1483 763 1589 803 non
1642 748 1919 814 timenda;

293 831 441 878 cum
493 823 755 884 discessio
802 831 1049 900 quaedam
1092 837 1264 892 nostri
1314 838 1560 895 videatur
1604 855 1762 907 esse,
1814 858 1920 898 non

293 923 480 981 pmna
528 936 541 972 :
569 933 678 974 non
710 924 1000 980 metuenda
1030 926 1260 986 fortibus
1284 973 1299 997 ,
1329 931 1682 988 desideranda
1707 935 1923 1000 sapien-

293 1003 503 1076 tibus,
537 1013 754 1072 miseris
781 1021 1109 1088 expetenda,
1139 1023 1210 1080 de
1235 1040 1337 1095 qua
1368 1026 1570 1082 dictum
1601 1035 1686 1083 est
1715 1044 1734 1083 :
1760 1027 1920 1095 Quar-

238 1138 243 1142 .
292 1110 427 1158 rent
449 1105 688 1164 homines
701 1122 934 1180 mortem,
953 1125 1002 1171 et
1018 1133 1122 1172 non
1141 1118 1398 1175 invenient
1411 1135 1519 1175 eam
1533 1121 1718 1194 (Apoc.
1737 1138 1814 1187 ιιι,
1838 1122 1919 1192 6).

379 1197 488 1253 57.
531 1200 630 1256 Est
656 1213 712 1259 et
741 1205 846 1261 alia
889 1225 1011 1279 qum
1056 1213 1394 1269 saecularium
1426 1213 1618 1270 afferat
1644 1215 1919 1272 interitum

295 1289 664 1363 voluptatum
699 1315 714 1352 :
743 1299 796 1354 in
822 1317 924 1372 qua
955 1318 1063 1359 non
1095 1314 1305 1369 natura,
1336 1306 1430 1361 scd
1460 1308 1652 1364 delicta
1678 1311 1919 1365 moriun-

298 1392 428 1442 tur.
468 1389 618 1446 lianc
647 1404 876 1452 mortem
899 1399 1144 1456 subimus
1164 1402 1468 1472 eonscpuiti
1500 1403 1844 1473 baptismate,
1866 1414 1920 1460 et

299 1481 528 1536 mortui
549 1498 670 1539 cum
687 1484 908 1546 Christo
921 1489 988 1545 ab
1010 1492 1292 1549 elementis
1310 1495 1694 1570 lﬁzohujus
1709 1496 1916 1566 mundi,

301 1584 448 1636 cum
479 1585 635 1634 actus
660 1581 894 1649 patimur
913 1584 1110 1652 prioris
1136 1587 1359 1644 oblivia.
1387 1589 1536 1645 lianc
1561 1599 1791 1646 mortem
1821 1606 1918 1647 vo-

304 1661 460 1731 luit,
494 1684 616 1726 cum
664 1673 1014 1742 prophetaret
1052 1677 1303 1748 Balaam,
1335 1691 1396 1737 ut
1439 1682 1554 1738 Deo
1591 1684 1833 1747 viveret,
1865 1669 1922 1740 et

305 1758 452 1814 ideo
481 1762 613 1845 dixit
645 1782 665 1819 .·
700 1766 958 1825 Moriatur
986 1773 1159 1828 anima
1187 1791 1300 1830 mea
1337 1777 1390 1831 in
1420 1777 1607 1832 animis
1629 1782 1886 1845 iustorum

2026 536 2326 591 antefertur
2355 553 2369 591 :
2400 535 2529 592 illud
2560 536 2906 592 consortibus
2947 536 3294 608 relinquitur,
3327 533 3432 591 hoc
3476 550 3630 592 man-

2025 626 2188 683 datur
2215 629 2426 684 electis.
2460 628 2571 684 Aut
2608 629 2730 700 quia
2760 629 3063 699 sepulcrum
3105 637 3296 700 patens
3333 638 3517 699 guttur
3544 635 3630 683 est

2026 720 2314 791 impiorum
2362 722 2536 796 (Psat.
2570 739 2626 792 v,
2658 724 2783 794 ll),
2812 725 3075 782 memoria
3121 739 3308 780 eorum
3358 723 3626 779 abolenda

2026 815 2432 884 praescribitur,
2461 831 2692 887 quorum
2743 818 2901 873 simul
2946 833 3070 874 cum
3095 831 3326 887 corpore
3370 816 3622 872 meritum

2025 907 2268 972 occidit;
2303 923 2403 964 nec
2433 919 2716 968 revocatur
2763 912 2831 968 ab
2879 911 3064 968 olﬁcio
3109 911 3273 982 patris
3319 911 3497 978 ﬁlius,
3529 909 3624 968 sed

2026 997 2207 1053 ﬁdelis
2234 1015 2262 1052 a
2290 999 2480 1070 perlidi
2504 1004 2883 1059 communione
2913 1003 3236 1060 secernitur.

2097 1089 2186 1146 ιε.
2230 1091 2326 1150 Est
2363 1094 2506 1148 enim
2555 1096 2770 1164 propria
2819 1097 3066 1167 quaedam
3120 1097 3402 1168 sepultura
3451 1097 3627 1167 justo-

2026 1197 2146 1240 rum
2166 1225 2181 1252 ,
2214 1184 2388 1255 qualis
2419 1185 2505 1242 illa
2537 1185 2604 1242 de
2647 1203 2750 1258 qua
2781 1187 2984 1250 dictum
3033 1199 3117 1252 est
3146 1210 3158 1244 :
3190 1189 3320 1248 Ilwc
3345 1191 3481 1250 enim
3510 1189 3627 1244 mit-

2025 1283 2135 1330 tens
2157 1275 2252 1333 hoc
2293 1288 2609 1349 unguentum
2638 1281 2690 1334 in
2720 1289 2905 1351 corpus
2947 1299 3147 1350 nteant,
3179 1283 3248 1337 ad
3277 1282 3628 1354 sepeliendum

2026 1384 2106 1428 the
2131 1370 2251 1441 fecit
2277 1368 2492 1442 (Matth.
2523 1387 2645 1440 xxvi
2668 1413 2683 1440 ,
2716 1373 2841 1445 li);
2871 1383 2928 1436 et
2952 1374 3075 1432 ideo
3103 1375 3195 1447 qui
3241 1375 3379 1432 bona
3430 1375 3536 1434 ﬁde
3577 1376 3629 1430 in

2024 1473 2085 1515 se
2111 1461 2307 1530 sepelit
2329 1461 2626 1530 Christum,
2654 1473 2710 1519 ut
2737 1480 2858 1521 cum
2881 1481 2948 1534 eo
2977 1478 3246 1540 resurgat,
3279 1466 3482 1524 diaboli
3506 1482 3630 1540 per-

2026 1551 2207 1616 ﬁdiam
2240 1553 2296 1612 in
2322 1568 2380 1610 se
2408 1557 2644 1628 sepelire
2672 1573 2778 1624 non
2805 1558 2987 1624 debet.

2097 1646 2189 1704 ιδ.
2236 1648 2329 1704 Est
2375 1658 2434 1708 et
2482 1650 2571 1708 illa
2618 1653 2973 1723 prophetica,
3025 1662 3084 1710 ut
3127 1669 3291 1724 supra
3318 1653 3346 1708 b
3375 1653 3626 1726 sepulcra

2027 1740 2294 1812 majorum
2335 1743 2580 1812 quaedam
2622 1760 2888 1816 ponamus
2935 1744 3339 1819 (Tob.1v,18),
3369 1763 3492 1823 qua:
3520 1747 3630 1808 lec-

301 1858 358 1906 et
386 1853 490 1921 ﬁat
517 1842 684 1918 εεῖπεη
713 1820 1165 1931 men—QG,
1947 1821 1998 1899 Β
2029 1843 2114 1896 lor
2154 1837 2407 1944 agnoscis
2431 1881 2444 1904 ,
2473 1838 2709 1944 inﬁdelis
2753 1839 3057 1913 intelligere
3103 1856 3210 1944 non
3256 1820 3480 1944 debet-:-
3519 1856 3626 1944 non

387 1946 489 2004 58.
531 1949 626 2007 Est
667 1962 722 2008 et
753 1956 907 2014 tertia
938 1975 1116 2024 mors.
1149 1963 1364 2032 quando
1403 1962 1678 2034 Christus,
1708 1967 1799 2037 qui
1839 1975 1924 2023 est

303 2037 429 2092 vita
484 2051 704 2111 nostra,
755 2050 1211 2110 nescitur:scire
1255 2064 1436 2115 autem
1483 2055 1755 2115 Christum
1810 2059 1921 2115 vita

302 2144 400 2190 est
435 2138 800 2205 sempiterna,
826 2158 944 2214 qum
976 2162 1121 2202 nunc
1143 2147 1304 2218 justis
1332 2159 1531 2220 pasto
1579 2159 1665 2208 est
1708 2156 1763 2208 in
1805 2169 1924 2208 um—

301 2226 443 2293 bra,
476 2231 528 2284 in
560 2231 795 2290 futurum
825 2245 1003 2296 autem
1031 2241 1135 2298 erit
1163 2239 1298 2298 facie
1326 2243 1394 2300 ad
1429 2243 1660 2312 faciem;
1691 2245 1924 2318 Spiritus

305 2320 469 2379 enim
497 2333 614 2379 ante
641 2328 825 2400 faciem
874 2341 1106 2388 nostram
1135 2332 1369 2392 Christus
1405 2335 1659 2392 Dominus
1685 2336 1920 2410 (Thren.

307 2430 391 2480 ιν,
432 2415 531 2488 90)
551 2459 566 2484 ,
595 2418 663 2475 de
694 2435 801 2491 qna
827 2423 963 2479 dixit
994 2444 1007 2482 :
1037 2425 1106 2488 In
1131 2427 1313 2486 umbra
1342 2432 1455 2502 ejus
1480 2432 1696 2487 uiuimus
1719 2430 1775 2485 in
1802 2448 1925 2503 gen-

310 2508 465 2566 tibus
513 2510 688 2582 (Psal.
718 2531 803 2582 ut
829 2557 844 2583 ,
872 2516 952 2588 2).
987 2518 1042 2574 ln
1091 2521 1281 2580 umbra
1306 2523 1515 2579 alarum
1541 2524 1660 2595 ejus
1687 2525 1929 2595 speravit

310 2602 523 2674 David,
565 2607 617 2668 in
651 2609 840 2674 tunbra
869 2611 990 2683 ejus
1033 2619 1372 2687 concupivit,
1400 2629 1455 2675 et
1501 2619 1647 2676 sedit
1683 2619 1925 2676 Ecclesia

314 2697 508 2772 (Cant.
540 2719 598 2768 ιι,
629 2704 706 2778 5).

399 2792 494 2850 '59.
535 2795 594 2852 Si
625 2804 867 2870 tantum,
899 2798 1125 2864 Domine
1153 2804 1280 2861 Jesn
1303 2848 1318 2873 ,
1351 2808 1566 2864 confert
1594 2809 1781 2865 umbra
1815 2821 1927 2878 tua,

316 2895 596 2954 quantum
658 2890 844 2962 utique
907 2894 1108 2952 veritas
1182 2897 1406 2956 atteret?
1460 2881 1928 2969 Quemadmodum

318 2977 605 3044 vivemus.
636 2985 852 3053 quando
873 2985 986 3056 jam
1020 3003 1124 3048 non
1163 2991 1365 3050 erimus
1397 2993 1448 3048 in
1480 2995 1669 3051 umbra
1694 3037 1708 3060 ,
1738 2994 1832 3051 sed
1877 2995 1930 3052 iu

319 3068 446 3142 ipsa
481 3073 630 3134 vita?
662 3075 819 3136 Nunc
848 3081 983 3138 enim
1014 3083 1115 3136 vita
1147 3095 1323 3142 nostra
1363 3086 1663 3144 abscondita
1698 3100 1772 3145 est
1817 3106 1931 3144 cum

321 3160 540 3268 Christo
579 3171 639 3270 in
689 3169 816 3232 Deo.
859 3170 988 3232 Cum
1036 3185 1206 3236 autem
1243 3176 1509 3246 Christus,
1542 3181 1740 3254 inquit,
1769 3199 1934 3253 appa-
1957 3209 2006 3276 Β

2025 1930 2168 2001 quod
2197 1930 2347 1988 cibus
2383 1934 2680 2002 imperetur
2720 1944 2809 1990 aut
2842 1943 3003 2006 potus
3023 1975 3037 1998 .
3068 1933 3168 1996 sed
3194 1949 3364 1992 sacra:
3394 1932 3630 1996 oblatio-

2023 2023 2115 2080 nis
2145 2023 2454 2084 veneranda
2485 2027 2796 2091 communio
2836 2028 3124 2084 reveletur.
3155 2027 3270 2084 Non
3309 2042 3439 2101 ergo
3463 2027 3634 2082 inter-

2024 2114 2226 2172 dictum
2245 2117 2606 2184 estmuneris,
2625 2117 2720 2176 sed
2745 2118 3025 2191 religionis
3048 2119 3387 2194 mysterium,
3417 2117 3624 2198 1421

2024 2209 2464 2272 communionem
2510 2209 2671 2270 nobis
2712 2227 2832 2266 cum
2861 2213 3116 2284 gentibus
3156 2213 3387 2274 mortuis
3413 2229 3520 2267 non
3549 2214 3632 2268 lu-

2026 2312 2225 2362 turam.
2255 2303 2391 2364 Nam
2431 2320 2553 2360 cum
2579 2315 2916 2374 sacramenta
2947 2307 3190 2374 vivorum
3226 2308 3335 2378 sint
3356 2349 3373 2382 ,
3404 2322 3510 2366 non
3553 2308 3634 2370 vi-

2026 2395 2226 2451 dentur
2253 2399 2474 2476 mortui,
2504 2399 2596 2470 qui
2624 2399 2822 2454 habent
2852 2399 3040 2457 vitam.

2101 2488 2255 2562 (Cap.
2280 2488 2350 2545 Χ.
2375 2520 2448 2531 -
2472 2489 2630 2546 Vers.
2663 2490 2743 2566 '5.)
2778 2491 2910 2550 Ecce
2930 2511 3023 2567 ego
3043 2495 3187 2550 mitto
3203 2510 3288 2549 vos
3308 2494 3441 2549 sicut
3464 2507 3624 2566 agnas

2027 2583 2163 2640 inter
2187 2585 2358 2659 lupos.
2959 2625 2967 2634 ο

2101 2677 2192 2733 44.
2235 2680 2317 2738 Ad
2349 2681 2690 2754 septuaginta
2719 2681 3017 2756 discipulos
3043 2682 3198 2762 dicit,
3231 2681 3333 2739 hos
3371 2697 3507 2756 quos
3537 2682 3631 2739 de-

2030 2773 2296 2843 signavit,
2345 2785 2399 2831 et
2431 2775 2579 2831 misit
2611 2777 2767 2832 binos
2797 2787 2924 2832 ante
2962 2776 3157 2834 faciem
3199 2793 3374 2833 suam.
3420 2779 3486 2834 Et
3525 2794 3630 2852 qua

2032 2865 2246 2921 ratione
2277 2866 2432 2924 binos
2462 2869 2654 2932 misit?
2695 2870 2829 2938 Quia
2869 2871 2990 2926 bina
3023 2872 3189 2926 missa
3219 2879 3348 2927 sunt
3375 2871 3632 2926 animalia

2033 2959 2087 3016 in
2119 2977 2333 3050 arcam,
2367 2963 2471 3020 hoc
2500 2976 2617 3036 est,
2656 2981 2779 3021 cum
2823 2981 2974 3023 mare
3017 2964 3261 3032 femina:
3297 2977 3319 3005 ε
3355 2965 3634 3034 immunda

2034 3071 2133 3128 per
2164 3074 2448 3115 numerum
2472 3101 2486 3128 ,
2521 3061 2616 3118 sed
2666 3062 2924 3124 mundata
2965 3061 3223 3128 Ecclesiae
3262 3070 3632 3118 sacramento.

2035 3147 2191 3216 Quod
2228 3153 2558 3224 completum
2609 3165 2692 3210 est
2727 3155 2949 3212 oraculo
2989 3157 3132 3236 quod
3175 3166 3396 3218 sanctus
3437 3157 3634 3220 Petrus

318 3259 514 3324 ruerit,
541 3261 643 3315 vita
686 3269 892 3326 nostra,
918 3275 1040 3322 tunc
1059 3278 1106 3325 et
1147 3286 1241 3332 nos
1265 3289 1384 3328 cum
1403 3291 1464 3330 eo
1489 3247 1854 3348 apparebimus
1878 3277 1931 3332 in
1957 3247 2006 3300 Ψ
2037 3247 2288 3348 δεθθρίιξ
2336 3249 2554 3305 dicente
2600 3249 2704 3320 sibi
2747 3250 2950 3348 Spiritu
2974 3260 3191 3348 ,saﬂcm
3217 3267 3230 3305 ³
3287 3249 3634 3348 aliain“?

318 3353 502 3423 gloria
533 3354 750 3420 (Coloss.
786 3376 874 3426 ιιι,
903 3362 938 3417 5
961 3373 1012 3418 et
1054 3363 1130 3437 4).
1162 3367 1340 3424 Dulcis
1374 3369 1464 3428 illa
1506 3371 1610 3425 vita
1661 3381 1743 3427 est
1765 3413 1778 3437 ,
1809 3388 1932 3443 qua:

321 3461 441 3502 non
489 3446 655 3506 habet
684 3462 912 3510 mortem
944 3473 956 3509 :
991 3457 1106 3514 haec
1129 3472 1308 3517 autem
1345 3462 1454 3522 vita
1487 3465 1730 3534 corporis
1756 3464 1928 3535 habet

323 3551 565 3606 mortem
608 3553 634 3581 α
677 3550 1120 3616 praevaricatione
1164 3565 1401 3623 natura},
1442 3573 1563 3628 quae
1609 3559 1933 3634 plerumque

325 3636 498 3692 etiam
520 3637 882 3698 desideratur.
915 3645 1087 3703 liabet
1115 3649 1276 3704 etiam
1323 3649 1440 3719 ipsa
1487 3652 1662 3710 anima
1697 3653 1932 3726 plerum-

329 3747 442 3804 que
464 3742 687 3790 mortem
713 3736 830 3793 labe
847 3741 1054 3811 peccati
1077 3760 1090 3798 :
1113 3742 1296 3798 Anima
1312 3745 1455 3799 enim
1473 3761 1589 3814 quae
1606 3755 1800 3816 peccat,
1818 3746 1933 3816 ipso

330 3826 582 3880 morietur
607 3827 821 3900 (Ezech.
855 3848 1014 3904 xvut,
1041 3832 1121 3906 4).
1150 3833 1284 3902 Cum
1319 3846 1496 3896 autem
1527 3838 1783 3895 ﬁrmitate
1809 3839 1935 3896 bea-

333 3920 586 3986 titudinis
609 3927 860 3992 roborata
899 3930 1129 3999 coeperit
1147 3930 1380 3986 obnoxia
1408 3947 1512 3996 non
1531 3946 1652 3988 esse
1677 3941 1900 4003 peccato
1917 3975 1932 3998 ,

331 4013 449 4086 jam
489 4031 595 4071 non
627 4018 732 4072 erit
779 4021 1057 4087 mortalis,
1091 4022 1183 4077 sed
1232 4025 1394 4078 vitam
1447 4033 1628 4094 carpet
1653 4035 1932 4088 :cternam.

413 4107 504 4163 40.
544 4108 626 4163 Ad
679 4109 818 4166 hanc
858 4112 1056 4177 vitam,
1097 4113 1322 4182 fratres,
1375 4115 1724 4186 festinemus,
1759 4119 1936 4176 mmsti

342 4198 398 4253 in
427 4200 657 4266 saeculo,
690 4203 814 4271 quia
861 4205 1250 4274 peregrinantur
1277 4225 1308 4260 a
1353 4207 1575 4266 Domino
1621 4210 1708 4281 (ll
1731 4211 1851 4266 Cor.
1885 4227 1938 4278 v,

265 4335 284 4351 ,
346 4289 442 4358 6);
472 4291 561 4361 qui
588 4293 732 4346 enim
772 4311 878 4349 non
929 4299 1304 4368 peregrinatur
1349 4317 1379 4356 a
1409 4317 1670 4373 corpore,
1702 4304 1942 4378 peregri-

346 4391 509 4438 natur
533 4399 561 4438 a
590 4384 840 4442 Domino.
871 4389 1038 4445 Multo
1063 4399 1244 4446 autem
1276 4394 1466 4449 melius
1493 4394 1719 4451 dissolvi
1753 4413 1780 4451 a
1823 4413 1945 4452 cor-

347 4488 511 4545 pore,
541 4486 596 4533 et
621 4479 904 4539 adhaerere
935 4483 1079 4551 Deo;
1109 4495 1167 4540 ut
1191 4497 1244 4541 et
1271 4503 1372 4543 nos
1402 4505 1566 4544 unum
1599 4490 1767 4546 simus
1803 4492 1942 4565 apud

343 4569 777 4642 omnipotentem
842 4577 1049 4647 Deum,
1099 4589 1155 4635 et
1203 4583 1540 4653 unigenitum
1588 4585 1676 4640 Dei
1746 4585 1942 4642 Filium

346 4659 627 4718 videamus
646 4707 660 4728 ,
691 4681 790 4736 per
817 4672 1234 4727 resurrectionis
1259 4673 1484 4743 gloriam
1517 4675 1570 4730 in
1601 4686 1806 4734 natura?
1837 4679 1947 4732 cla-

346 4753 560 4810 ritatem
592 4762 852 4831 assumpti
878 4773 932 4818 et
963 4763 1286 4821 inviolabilis
1309 4767 1616 4824 concordior
1639 4770 1942 4826 animorum

346 4846 550 4904 laedere
575 4853 909 4921 sempiterno
937 4857 1196 4913 unitatem
1221 4859 1490 4916 diuturna:
1521 4863 1667 4932 pacis
1707 4864 1899 4918 imitati
1926 4881 1941 4931 ;

348 4949 406 4996 ut
442 4944 780 5014 compleatur
825 4947 875 5002 id
923 4950 1066 5018 quod
1111 4950 1182 5007 de
1235 4952 1390 5009 nobis
1435 4953 1531 5009 Dei
1578 4953 1746 5011 Filius
1799 4955 1943 5012 Patri

346 5037 555 5093 orando
601 5039 847 5108 promisit
878 5059 891 5094 :
924 5041 992 5096 Ut
1035 5053 1086 5099 et
1130 5044 1231 5115 ipsi
1262 5063 1421 5100 unum
1449 5047 1580 5112 sint,
1608 5048 1740 5102 sicut
1777 5057 1824 5102 et
1851 5065 1944 5104 nos

348 5146 506 5204 unum
535 5150 713 5196 sumus
740 5132 919 5206 (Joan.
948 5153 1079 5206 xvu,
1109 5139 1224 5212 25).
1373 5121 1375 5126 1

384 5219 509 5282 ’41.
551 5227 666 5284 Non
693 5242 828 5300 ergo
872 5233 1078 5301 paterni
1125 5233 1331 5292 funeris
1368 5235 1646 5307 sepultura
1692 5235 1941 5306 prohibe-

422 5350 450 5380 ι
472 5340 673 5425 Omnes
684 5344 826 5425 edit.
853 5359 919 5400 ac
944 5347 1179 5425 plerique
1217 5365 1373 5425 mss,
1409 5361 1550 5414 sorte
1588 5362 1798 5410 natum.
1831 5355 1946 5425 Ap-

351 5413 455 5471 tins
481 5423 656 5472 tamen
679 5411 842 5472 Cori).
872 5411 992 5474 cum
1019 5419 1137 5474 aliis
1157 5411 1499 5492 quibusdem,
1525 5411 1947 5494 prteuaricalione

354 5495 568 5540 naturae.
1035 5534 1040 5538 .

423 5555 451 5594 ι)
480 5555 594 5620 Vet.
625 5558 754 5641 edit.
784 5561 834 5616 in
859 5577 1107 5641 corpore,
1132 5566 1449 5635 sepulturam
1479 5569 1751 5626 malorum.
1785 5568 1944 5626 Rom.

353 5642 484 5710 cum~
497 5634 702 5710 “paucis
757 5649 916 5710 mss_.,
943 5634 1262 5705 sepulturam
1307 5641 1589 5710 justorum.
1615 5642 1737 5696 Era.
1760 5652 1947 5697 autem

355 5707 410 5758 et
445 5695 662 5779 Gill.‘in
713 5695 1009 5779 margine;
1035 5723 1098 5760 ac
1143 5723 1271 5779 utss.
1307 5695 1756 5779 quatuordecim,
1796 5695 1949 5769 utin

359 5779 526 5825 textu.
571 5772 761 5855 Paucis
819 5772 948 5831 vero
997 5772 1430 5855 inter-jactis,'ulii
1477 5783 1607 5837 edit.
1652 5772 1772 5839 cum
1796 5795 1953 5855 parte

361 5856 516 5921 ιιιδξ.2
556 5860 655 5912 quo
705 5845 907 5921 (mss.,
949 5848 1089 5917 quod
1109 5845 1298 5921 )Jcibns
1343 5852 1651 5921 imperetur;
1679 5855 1772 5909 alii
1798 5845 1953 5912 'bene

362 5913 547 5978 multi,
591 5915 727 5981 quod
756 5913 1220 5987 intpetretttr;dtto
1260 5913 1450 5992 etiam',
1493 5941 1591 5995 quo
1619 5913 1732 5982 cibo
1773 5927 1956 6000 imple-

2035 3343 2321 3412 mnndavit,
2352 3353 2407 3412 tu
2431 3360 2493 3398 ne
2522 3359 2790 3400 commune
2819 3343 3011 3410 dixeris
3039 3344 3176 3406 (Act.
3211 3360 3267 3416 ξ,
3301 3345 3417 3415 l5).
3451 3343 3515 3398 Et
3537 3342 3638 3398 ad-

2035 3436 2202 3506 vertit
2227 3435 2429 3492 dictum
2458 3451 2580 3492 esse
2607 3435 2676 3492 de
2697 3435 2972 3508 gentibus,
3005 3452 3125 3508 qum
3156 3452 3438 3510 corporea:
3465 3438 3638 3509 magis

2033 3532 2410 3604 generationis
2458 3533 2867 3589 successionem
2915 3547 3074 3604 quam
3134 3532 3399 3608 spiritalis
3445 3532 3636 3608 gratia:

2033 3627 2423 3700 sequebantur.
2476 3625 2586 3682 Hos
2626 3624 2908 3686 mundavit
2949 3624 3246 3694 Dominus,
3277 3633 3333 3680 et
3370 3623 3641 3696 passionis

2033 3737 2151 3778 sum
2177 3721 2305 3778 fecit
2337 3719 2602 3776 haeredes.

2107 3813 2198 3868 45.
2241 3815 2461 3869 Mittens
2486 3827 2620 3882 ergo
2641 3811 2942 3882 discipulos
2970 3812 3022 3866 in
3056 3825 3290 3866 messem
3313 3825 3490 3876 suam,
3517 3825 3640 3886 quae

2038 3909 2170 3965 licet
2214 3910 2383 3964 verbo
2432 3908 2525 3963 Dei
2559 3908 2755 3974 insita,
2800 3918 2983 3963 tamen
3022 3906 3251 3962 culturae
3291 3905 3539 3962 laborem
3585 3910 3642 3958 et

2039 4001 2335 4056 sollicitum
2367 4015 2562 4054 munus
2591 4001 2829 4069 operarii
2860 3999 3204 4069 requirebat;
3258 4012 3326 4054 ne
3355 4011 3485 4052 aves
3515 3995 3641 4054 ςωιι

2041 4108 2228 4162 sparsa
2261 4091 2471 4146 semina
2501 4091 2858 4161 dissiparent,
2907 4092 3018 4146 ita:
3067 4090 3200 4145 Ecce
3229 4106 3322 4164 ego
3371 4089 3516 4144 mitto
3555 4104 3644 4144 vos

2042 4186 2175 4241 sicut
2201 4201 2360 4259 agnos
2390 4185 2521 4240 inter
2551 4186 2702 4254 lupos
2731 4185 2898 4257 (Esai.
2929 4201 3054 4249 va,
3089 4183 3206 4252 25).
3261 4173 3264 4177 ’

2117 4278 2207 4334 46.
2241 4277 2527 4334 Contraria
2575 4288 2700 4334 sunt
2733 4277 2832 4333 ista
2875 4277 2977 4333 sibi
3013 4276 3308 4345 animalia,
3340 4284 3402 4332 ut
3440 4276 3544 4331 alia
3575 4277 3644 4332 ab

2046 4371 2168 4426 aliis
2195 4371 2550 4429 devorentur.
2582 4371 2689 4429 Sed
2730 4373 2911 4428 bonus
2940 4380 3128 4441 pastor
3158 4371 3314 4440 lupos
3352 4370 3504 4442 gregi
3543 4386 3644 4426 suo

2049 4465 2244 4522 timere
2273 4481 2376 4521 non
2406 4467 2592 4520 novit:
2627 4465 2856 4535 ideoque
2885 4465 2972 4520 isti
3005 4464 3254 4535 discipuli
3284 4479 3392 4519 non
3423 4465 3477 4518 in
3506 4479 3642 4534 prae-

2051 4560 2200 4627 dam,
2248 4560 2343 4615 sed
2385 4559 2725 4631 ad’gratiam
2769 4559 3106 4629 diriguntur;
3140 4556 3453 4614 sollicitudo
3498 4556 3645 4613 enim

2050 4655 2180 4712 boni
2213 4655 2448 4725 pastoris
2494 4653 2692 4719 efﬁcit,
2735 4662 2794 4707 ut
2829 4653 2939 4724 lupi
2970 4652 3023 4706 in
3055 4667 3227 4722 agnos
3263 4653 3466 4708 audere
3508 4651 3640 4707 nihil

2051 4750 2283 4820 possint.
2323 4747 2484 4803 Mittit
2511 4762 2642 4817 ergo
2669 4761 2842 4818 agnos
2874 4747 3014 4801 inter
3046 4746 3222 4817 lupos,
3257 4755 3314 4800 ut
3340 4746 3647 4818 complere-

2051 4852 2138 4896 tur
2167 4841 2300 4896 illud
2334 4862 2345 4896 :
2382 4839 2526 4895 Tunc
2554 4840 2666 4910 lupi
2693 4851 2737 4895 et
2766 4841 2888 4912 agni
2913 4839 3068 4894 simul
3096 4851 3387 4912 pascentur.

2123 4936 2216 4989 s7.
2260 4934 2324 4988 Et
2354 4933 2612 5004 quoniam
2659 4930 2904 5012 proxime
2931 4932 2999 4988 de
3017 4917 3196 5010 ‘vulpe
3225 4933 3383 4988 nobis
3425 4947 3531 5002 non
3561 4934 3641 4988 in-

2049 5036 2238 5100 gratus
2275 5035 2538 5084 tractatus
2569 5027 2776 5094 evasit,
2805 5026 2850 5084 si
2887 5025 3152 5097 judicium
3197 5034 3436 5082 vestrum
3482 5019 3645 5082 ﬁdele

2048 5121 2104 5180 in
2131 5121 2302 5193 ﬁgura
2327 5119 2615 5180 minusculi
2640 5120 2935 5176 animantis
2959 5132 3217 5192 expertus
3242 5135 3360 5176 sum
3388 5117 3480 5193 (In
3509 5117 3645 5174 Luc.

2049 5231 2165 5291 cap.
2201 5213 2302 5286 rx),
2339 5228 2610 5286 praesumo
2641 5212 2784 5285 quod
2832 5213 3096 5284 profunda
3124 5214 3378 5289 mysteria
3410 5229 3532 5285 qua:
3570 5213 3648 5268 lu-

2053 5370 2194 5417 retur
2221 5365 2308 5410 aut
2338 5364 2480 5420 potu.

2132 5442 2152 5468 α
2199 5426 2473 5482 lmmunda
2494 5443 2585 5498 per
2609 5443 2878 5482 numerum
2896 5472 2909 5494 ,
2937 5428 3058 5483 ideo
3084 5427 3365 5492 dicuntur,
3388 5424 3508 5496 quia
3548 5438 3644 5494 per

2055 5503 2322 5558 binarintn
2357 5502 2553 5552 tnixtio
2579 5507 2634 5553 et
2658 5500 2986 5568 compositio
3013 5500 3366 5570 signiﬁcatur,
3399 5509 3646 5570 qu:e__«_»p-

2056 5575 2275 5642 ponitur
2317 5570 2672 5642 simplicitati,
2698 5566 2880 5642 _cujus
2929 5566 3097 5642 ﬁgura
3134 5580 3217 5627 est
3263 5566 3458 5624 unitas.
3487 5566 3646 5642 _llinc

2055 5636 2211 5702 Philo
2233 5643 2356 5698 Jutl.
2382 5642 2476 5718 lib.
2501 5636 2666 5718 Quod
2686 5636 2828 5718 Durus
2841 5636 3119 5718 εἱιὶηῖηιηι.
3139 5645 3259 5718 ΞΔΚαὶ
3280 5644 3380 5718 γὰρ
3401 5642 3458 5694 τὸ
3478 5636 3641 5718 ἄκρα-

2056 5741 2146 5777 τον
2167 5718 2346 5793 μνὰς,
2371 5716 2456 5793 tofi
2535 5716 2692 5787 μονὰς
2717 5711 2938 5793 ἄκρατοι(
2954 5732 2966 5744 ⁸
2999 5715 3056 5793 cf)
3073 5713 3126 5793 de"
3149 5711 3225 5774 δὶς
3249 5711 3323 5793 τῷ
3347 5711 3638 5793 stupeas?

2497 5769 2732 5864 interseptis
2749 5769 2993 5864 ja‘thoiix
3013 5769 3244 5852 ardoris,
3278 5769 3368 5852 ἄτᾳ
3406 5769 3651 5852 uitiati);-

2060 5856 2230 5939 izpto'tv
2259 5863 2347 5916 καὶ
2373 5856 2629 5933 διάκρισιν
2645 5856 3050 5930 "(ml-ritimis».
3389 5879 3394 5885 -
