4186 6358
536 264 671 323 ιτιι

541 472 754 542 aperire
781 470 1055 541 sull‘ragio.
1083 469 1139 523 ln
1172 467 1354 538 specie
1391 464 1629 535 vulpium
1657 462 1943 517 hmreticos
1972 462 2137 531 signi-

541 564 690 619 ficari
740 577 905 632 supra
954 559 1363 631 expressimus,
1404 556 1496 624 qui
1545 554 1868 626 promittunt
1917 552 2138 607 nomine

537 656 688 728 quod
729 654 1003 711 Christum
1035 662 1367 720 sequantur,
1400 648 1495 703 sed
1524 647 1704 703 studio
1746 644 1954 701 fraudis
1986 645 2139 715 ahjn-

541 761 684 807 rant.
719 750 830 806 llos
858 764 966 804 non
999 747 1228 818 suscipit
1261 745 1541 806 Dtuninus,
1575 742 1671 798 sed
1699 759 1727 798 a
1759 758 1856 796 suo
1887 740 2015 796 nido
2047 755 2137 794 ar-

538 857 625 904 cet
653 856 706 902 et
734 844 1004 915 prohibet.
1061 840 1194 913 Lupi
1222 840 1355 912 quid
1381 838 1693 911 significare
1725 836 2012 893 videantur
2042 835 2137 890 de-

542 939 732 996 bemus
756 936 1062 992 advertere.

608 1051 700 1108 48.
743 1049 938 1106 Bestia:
967 1064 1162 1120 nempe
1190 1057 1317 1103 sunt
1356 1064 1475 1119 qnzc
1508 1047 1834 1103 insidiantur
1864 1044 2133 1112 ovilibus,

533 1146 675 1202 circa
702 1143 1002 1216 pastorales
1024 1152 1315 1199 versantur
1339 1157 1517 1208 casas,
1552 1152 1579 1180 ει
1611 1142 1919 1197 habitacula
1946 1141 2137 1197 domo-

534 1253 656 1294 rum
689 1237 893 1291 intrare
925 1250 1029 1289 non
1057 1236 1278 1296 audent.
1310 1249 1560 1290 somnum
1585 1248 1806 1299 canum,
1832 1233 2133 1288 absentiam

537 1338 632 1387 aut
658 1329 921 1386 desidiam
949 1329 1185 1400 pastoris
1210 1328 1522 1399 explorant,
1554 1329 1733 1383 ovium
1762 1336 1950 1397 guttur
1981 1327 2137 1381 inva-

536 1425 673 1481 dttnt
698 1468 713 1492 ,
756 1436 813 1478 ιιι
860 1426 970 1478 cito
1001 1424 1378 1494 strangulent:
1413 1420 1533 1487 feri,
1577 1435 1821 1490 rapaces,
1859 1420 2133 1489 iidemque

529 1530 717 1574 natura
758 1516 1005 1587 corporis
1034 1517 1321 1587 rigidiores
1346 1532 1361 1581 ;
1390 1524 1449 1569 ut
1479 1529 1540 1570 se
1572 1514 1732 1569 facile
1775 1530 1883 1568 non
1917 1512 2131 1583 possint

530 1612 842 1678 inflectere,
890 1612 1092 1681 impetu
1124 1610 1357 1681 quodam
1405 1624 1504 1664 suo
1543 1610 1826 1675 feruntur,
1857 1618 1913 1664 et
1951 1609 2074 1664 ideo
2102 1606 2129 1645 δ

529 1720 676 1775 saepe
707 1704 983 1760 luduntur.
1026 1703 1163 1758 Tum
1212 1713 1473 1774 pnetcrca
1507 1703 1549 1755 si
1583 1717 1742 1771 quem
1777 1702 1990 1770 priores
2032 1699 2128 1755 ho-

1862 250 2111 315 SANCTl
2149 249 2473 315 AMBROSII
3568 327 3577 333 _

541 392 732 450 parum
760 376 943 449 specie
965 376 1237 440 velantur,
1267 372 1567 429 studiorum
1598 378 1899 426 vestrorum
1929 369 2132 440 possim
2162 387 2210 443 Α
2239 366 2532 436 Scripturrc
2560 379 2723 421 verus
2741 364 3013 437 interpres
3033 365 3284 424 Christus
3313 364 3527 439 illudit;
3555 374 3617 424 ut
3646 368 3835 426 inanes

3696 256 3835 314 1712

2240 473 2366 514 suos
2418 459 2467 513 iu
2512 475 2713 514 vanum
2748 459 3028 516 effundant
3078 462 3343 534 impetus,
3393 472 3448 518 et
3487 478 3685 518 nocere
3728 479 3833 519 non

2240 554 2469 623 possint.

2312 671 2402 728 5i.
2444 670 2543 738 Qui
2567 672 2614 727 si
2635 688 2795 742 quem
2820 683 3037 731 versuta
3061 674 3445 745 disputationis
3468 690 3580 732 sure
3605 676 3838 731 circum-

2239 766 2535 836 scriptione
2565 770 2948 837 prmvenerint,
2979 770 3183 825 faciunt
3207 771 3588 827 obmutescere
3612 787 3627 837 ;
3654 781 3837 826 mutus

2238 865 2326 913 est
2349 858 2492 912 enim
2526 860 2617 931 qui
2656 860 2893 916 Verbum
2929 862 3020 919 Dei
3054 879 3159 917 non
3190 863 3381 919 eadem
3411 880 3512 933 qua
3553 872 3641 919 est
3665 864 3836 936 gloria

2238 951 2544 1006 confitetur.
2573 952 2715 1008 Cave
2742 969 2874 1023 ergo
2904 970 2972 1011 ne
3004 955 3098 1011 tibi
3130 971 3315 1010 vocem
3342 956 3491 1010 tollat
3520 954 3835 1023 haereticus,

2236 1044 2282 1098 si
2318 1046 2465 1115 prior
2495 1062 2617 1103 cum
2650 1062 2755 1102 non
2785 1047 2903 1118 ipse
2930 1049 3402 1121 deprehenderis;
3453 1052 3624 1121 serpit
3664 1051 3831 1120 enim,

2236 1136 2364 1193 dum
2394 1139 2523 1195 latet
2562 1142 2681 1211 ejus
2712 1142 2935 1209 perfidia
2964 1160 2977 1197 :
3007 1144 3050 1198 si
3083 1158 3263 1199 autem
3303 1155 3608 1200 commenta
3645 1145 3839 1216 impie-

2238 1231 2362 1285 tatis
2394 1231 2509 1301 ejus
2535 1235 2849 1304 agnoveris,
2877 1235 3144 1307 iacturam
3186 1237 3288 1307 pia:
3327 1236 3474 1293 vocis
3503 1238 3697 1293 timere
3725 1252 3834 1294 non

2236 1325 2460 1394 poteris.
2494 1327 2635 1383 Cave
2683 1330 2847 1399 igitur
2886 1340 3119 1384 versuta:
3162 1329 3546 1400 disputationis
3583 1347 3833 1391 venena:

2234 1417 2471 1473 animam
2518 1428 2735 1488 petunt,
2774 1431 2959 1491 guttur
3000 1422 3291 1489 invadunt,
3340 1423 3594 1481 vitalibus
3639 1426 3836 1483 vulnus

2233 1509 2478 1582 afligunt.
2509 1511 2718 1569 Graves
2748 1524 2875 1569 sunt
2907 1530 3120 1571 morsus
3142 1515 3545 1582 haereticorum,
3578 1519 3667 1588 qui
3698 1519 3833 1592 ipsis

2229 1608 2510 1677 graviores
2532 1619 2583 1662 et
2603 1610 2916 1679 rapaciores
2941 1609 3148 1679 bestiis,
3175 1612 3377 1668 nullum
3399 1613 3646 1669 avaritia:
3670 1614 3831 1672 linem

2231 1700 2301 1753 im
2312 1701 2633 1772 pietatisque
2672 1713 2965 1760 noverunt.
3531 1786 3562 1812 ο

530 1800 729 1856 minent
762 1798 1032 1864 viderint,
1066 1812 1252 1853 vocem
1286 1797 1403 1866 ejus
1434 1794 1667 1865 quadam
1700 1795 2127 1895 natum-ferun-
2157 1804 2204 1865 B
2301 1814 2391 1869 δε,
2432 1814 2543 1871 Nec
2574 1832 2667 1872 vos
2698 1829 2913 1874 ηιονρτη
2938 1820 3083 1891 quod
3115 1820 3342 1878 formam
3370 1794 3714 1895 prmio-"dere
3751 1828 3831 1883 vi-

527 1901 629 1948 tur
666 1893 715 1948 vi
744 1893 993 1963 eripere:
1043 1892 1087 1945 si
1120 1900 1302 1946 autem
1355 1890 1520 1944 homo
1568 1888 1718 1960 prius
1760 1903 1855 1943 eos
1886 1885 2122 1952 viderit,

524 1984 787 2057 exagitari
833 1992 1225 2040 memorantur.
1260 1984 1330 2038 Et
1360 1982 1484 2038 ideo
1528 1982 1825 2036 cavendum
1869 1979 1999 2034 mihi
2039 1990 2126 2036 est

522 2094 592 2135 tte
617 2080 664 2135 si
708 2079 761 2134 in
809 2078 1076 2133 hodierno
1107 2087 1336 2133 tractatu
1373 2075 1702 2148 spiritalium
1738 2077 2120 2146 mysteriorum

517 2172 688 2244 gratia
723 2188 827 2226 non
862 2174 1106 2243 potuerit
1132 2170 1422 2239 refulgere,
1468 2171 1577 2237 lupi
1599 2185 1697 2223 me
1723 2171 1877 2239 prius
1917 2168 2120 2223 vidisse

513 2268 810 2324 credantur
831 2306 847 2333 ,
879 2278 934 2322 et
964 2266 1209 2321 solemne
1238 2266 1392 2321 vocis
1437 2264 1749 2319 extorsisse-
1779 2261 2117 2333 suffragium.

588 2384 677 2438 lit).
720 2381 911 2438 Nonne
943 2382 1084 2453 lupis
1124 2382 1242 2438 istis
1275 2382 1519 2437 Innretici
1564 2379 1916 2448 comparandi
1965 2387 2114 2444 sunt,

515 2476 604 2547 qui
625 2476 951 2532 insidiantur
971 2475 1205 2532 milibus
1220 2475 1447 2543 Christi,
1476 2475 1713 2531 fremunt
1735 2475 1880 2529 circa
1906 2472 2117 2546 1422

514 2569 700 2627 caulas
733 2578 999 2625 nocturno
1032 2571 1200 2641 magis
1232 2578 1481 2640 tempore
1503 2583 1663 2638 quam
1694 2569 1890 2623 diurno
1914 2569 1936 2621 ?
1960 2567 2114 2624 Sem-

514 2677 612 2734 per
652 2662 796 2719 enim
828 2640 1197 2732 perﬁdismox
1230 2672 1332 2730 est,
1376 2663 1465 2733 qui
1497 2663 1669 2717 lucem
1701 2661 1906 2717 Christi
1955 2676 2114 2715 s;cv."e

512 2755 728 2812 nebulis
771 2756 1241 2826 interpretationis
1288 2756 1601 2824 obducere,
1655 2766 1708 2812 et
1741 2769 2006 2827 quantum
2059 2755 2109 2808 itt

511 2848 641 2919 ipsis
685 2860 771 2904 est
814 2849 1051 2917 fuscare,
1103 2860 1390 2905 conantur.
1447 2848 1747 2907 Versantur
1789 2864 1919 2921 ergo
1963 2854 2109 2903 circa

506 2943 726 3008 caulas;
774 2943 981 2998 stabula
1024 2953 1203 2998 tamen
1235 2944 1433 2999 Christi
1472 2945 1680 2999 intrare
1724 2958 1833 2997 non
1877 2940 2106 2998 audent.

507 3035 574 3091 Et
621 3036 742 3091 ideo
790 3054 900 3091 non
938 3050 1223 3103 sanantur,
1258 3038 1382 3109 quia
1412 3039 1465 3092 in
1498 3038 1768 3094 stabulum
1796 3053 1953 3093 suum
1999 3054 2113 3093 non

505 3131 623 3185 vult
652 3145 749 3187 eos
777 3130 1031 3187 Christus
1061 3132 1320 3188 inducere
1340 3173 1355 3196 ,
1406 3134 1461 3187 in
1502 3149 1608 3202 quo
1640 3141 1862 3188 curatus
1888 3141 1974 3188 est
2016 3133 2108 3187 ille

2226 1906 2426 1963 dentur
2472 1908 2800 1965 humanam:
2832 1923 2887 1966 et
2913 1913 2958 1968 si
2997 1912 3131 1969 foris
3178 1916 3340 1973 homo
3367 1919 3610 1974 cernitur
3636 1963 3650 1988 ,
3682 1919 3828 1979 intus

2224 1998 2395 2055 bestia
2444 2000 2651 2059 fremit.
2683 2003 2754 2058 Et
2800 2005 2921 2061 ideo
2961 2022 3056 2063 eos
3098 2008 3253 2079 lupos
3282 2026 3405 2068 esse
3454 2029 3558 2069 non
3600 2015 3826 2074 dubium

2220 2100 2322 2159 est,
2350 2092 2501 2162 juxta
2533 2095 2744 2151 Doinini
2773 2096 2900 2153 Jesu
2931 2100 3169 2156 divinam
3198 2107 3553 2174 sententiam,
3586 2110 3676 2180 qui
3708 2112 3823 2167 ait:

2220 2186 2482 2241 Attendite
2510 2189 2649 2243 vobis
2681 2208 2710 2243 a
2739 2190 2887 2260 falsis
2935 2197 3224 2268 prophetis,
3268 2200 3357 2264 qui
3386 2205 3593 2256 veniunt
3624 2203 3692 2257 ad
3736 2218 3827 2259 vos

2218 2277 2274 2331 in
2303 2281 2481 2336 vestita
2513 2283 2718 2338 ovium:
2763 2286 2905 2341 intus
2944 2300 3116 2344 autem
3152 2304 3269 2346 sunt
3313 2294 3427 2363 lupi
3470 2312 3723 2366 rapaces;
3763 2316 3827 2355 ea:

2219 2373 2472 2441 fructibus
2503 2392 2681 2431 eorum
2704 2383 3020 2450 cognoscetis
3041 2400 3130 2439 eos
3154 2384 3371 2455 (Matth.
3405 2404 3498 2456 vn,
3532 2391 3601 2446 15
3630 2402 3677 2446 et
3706 2390 3818 2465 16).

2216 2464 2272 2519 Si
2318 2469 2439 2536 quis
2482 2483 2612 2539 ergo
2654 2474 2837 2540 specie
2876 2486 3154 2545 movetur,
3210 2480 3444 2537 fructum
3495 2464 3818 2557 interroget.

2216 2558 2385 2614 Audis
2408 2563 2638 2633 aliquem
2658 2568 3001 2626 sacerdotem
3029 2572 3160 2639 dici,
3198 2586 3219 2613 ε
3247 2577 3465 2647 rapinas
3494 2578 3610 2648 ejus
3632 2595 3801 2652 agnos

2215 2654 2313 2708 cis.
2348 2654 2610 2714 Vestitum
2644 2663 2760 2717 ovis
2790 2662 2973 2733 habet,
3002 2668 3139 2723 facta
3170 2670 3466 2737 praedonis.
3498 2674 3653 2732 Foris
3676 2677 3818 2745 ovis,

2216 2746 2359 2803 intus
2405 2750 2559 2821 lupus
2589 2762 2710 2810 est:
2744 2759 2832 2827 qui
2866 2760 3085 2816 modum
3120 2779 3227 2819 non
3270 2766 3432 2823 habet
3477 2770 3818 2839 rapinarum,

2213 2844 2302 2913 qui
2360 2855 2631 2917 tamquam
2683 2850 2733 2906 in
2784 2864 2943 2911 nocte
2992 2855 3252 2930 Scythico
3298 2863 3544 2921 membra
3589 2864 3821 2925 duratus

2211 2949 2356 3005 gelu,
2406 2953 2665 2999 cruentus
2703 2949 3208 3015 orm-circumvolat
3236 2971 3490 3024 quaerens
3518 2974 3678 3029 quem
3717 2960 3819 3017 de-

2212 3040 2387 3087 voret.
2427 3032 2621 3090 Nonne
2666 3039 2822 3093 vobis
2851 3042 3069 3099 videtur
3098 3046 3276 3117 lupus,
3307 3050 3395 3119 qui
3429 3048 3679 3107 humana:
3720 3070 3819 3111 ne-

2209 3121 2289 3176 cis
2318 3123 2656 3183 iusaturabili
2683 3131 3002 3189 crudelitate
3026 3136 3264 3194 fidelium
3291 3150 3468 3199 morte
3489 3145 3816 3217 populorum

503 3222 593 3294 qui
635 3222 704 3278 de
739 3221 1075 3279 Hierusalem
1121 3224 1459 3299 descendens
1500 3200 1691 3279 incidit
1729 3225 1782 3280 in
1824 3226 2105 3281 latrones:
2138 3200 2183 3267 (ἶ
2216 3217 2421 3274 rabiem
2448 3235 2601 3277 sum“
2627 3227 2848 3295 θιιιιθτθ
2874 3227 3169 3287 desueta!-

503 3333 664 3389 qnem
688 3318 1006 3374 vulneribus
1028 3319 1287 3391 alligatis,
1324 3319 1503 3374 infuso
1531 3320 1655 3375 oleo
1677 3329 1731 3375 et
1754 3322 1903 3389 vino,
1935 3321 2110 3395 impo-

505 3424 641 3466 nens
682 3411 734 3466 in
769 3410 1076 3482 jumentum
1108 3428 1267 3469 suum
1316 3413 1689 3469 Samaritanus
1738 3414 1830 3471 ille
1867 3415 2021 3472 duxit
2054 3417 2105 3473 in

502 3502 800 3570 stabulum,
842 3513 898 3561 et
936 3506 1236 3576 sanandum
1286 3507 1587 3561 stabulario
1629 3506 2101 3584 dereliquit(Luc.

499 3612 532 3651 ι
558 3637 573 3662 ,
604 3595 675 3655 3)
715 3608 763 3654 et
790 3598 948 3671 seq.).
990 3597 1107 3655 Non
1135 3600 1407 3671 accipiunt
1436 3616 1568 3671 ergo
1601 3601 1926 3658 medicinam
1953 3646 1968 3671 ,
2012 3605 2105 3676 qui

503 3691 772 3748 medicum
807 3710 912 3748 nun
962 3694 1242 3765 requirunt
1271 3710 1286 3760 ;
1316 3694 1366 3750 si
1394 3696 1538 3751 enim
1581 3698 1947 3767 requirerent,
1994 3714 2102 3755 non

503 3786 852 3859 derogarent.

570 3902 662 3960 50.
705 3904 1004 3974 Explorant
1032 3910 1267 3979 pastoris
1293 3910 1621 3981 absentiam,
1672 3920 1729 3969 et
1760 3913 1886 3971 ideo
1921 3925 2105 3986 pasto-

496 4011 587 4052 res
632 3996 1002 4054 ECt-lesiarum
1049 4002 1136 4058 vel
1170 4018 1399 4071 necare,
1431 4005 1517 4060 vel
1562 4005 1614 4060 in
1652 4008 1903 4061 exsilium
1938 4023 2102 4080 agere

494 4089 826 4146 contendunt
851 4092 1006 4161 ;quia
1029 4096 1386 4161 praesentibus
1411 4097 1722 4163 pastoribus
1742 4114 1873 4156 oves
1895 4097 2101 4156 Christi

494 4184 771 4243 incursare
820 4203 927 4243 non
975 4202 1221 4260 possunt.
1262 4193 1513 4259 Spoliare
1555 4210 1686 4267 ergo
1722 4212 1942 4267 gregem
1995 4198 2101 4255 Do-

497 4279 627 4334 tnini
656 4291 898 4351 raptores
926 4294 1193 4341 conantur
1214 4330 1229 4351 ,
1262 4289 1350 4358 qui
1382 4304 1647 4355 corporea
1678 4293 1910 4361 quadam
1942 4310 2099 4350 men-

493 4375 563 4429 tis
592 4374 894 4431 inteutioue
915 4376 1036 4432 duri
1065 4394 1128 4433 ac
1151 4380 1330 4451 rigidi,
1361 4397 1703 4454 nequaquam
1734 4386 1915 4441 solent
1946 4404 1975 4442 a
1998 4404 2099 4444 suo

494 4482 683 4524 errore
707 4469 1017 4526 deﬂectere.
1055 4472 1119 4527 Et
1151 4473 1273 4528 ideo
1307 4477 1603 4545 ApoStolus
1640 4479 1754 4532 ait:
1780 4480 2099 4538 ereticum

496 4560 751 4617 hominem
778 4573 892 4634 post
922 4582 1174 4621 unam....
1208 4570 1582 4638 correptionem
1620 4571 1788 4626 devita
1828 4572 1968 4644 (Tit.
2000 4592 2088 4642 ιιι,

493 4655 577 4728 x),
608 4658 788 4715 sciens
812 4659 936 4729 quia
964 4661 1258 4718 subversus
1288 4671 1392 4729 est,
1425 4666 1517 4736 qui
1546 4665 1813 4737 ejusmodi
1837 4680 1940 4725 est.
1978 4671 2087 4730 llos
2114 4677 2169 4739 D

560 4857 584 4930 ξι
628 4847 790 4930 Pauci
828 4865 999 4930 λικε..
1049 4851 1345 4930 habitacula
1395 4864 1662 4926 pastorum
1716 4861 1931 4930 intrare,
1975 4877 2083 4924 etc.

560 4917 588 5009 ξ’
629 4919 754 5009 Mss.
792 4923 1017 5005 aliquot,
1069 4939 1203 5009 stupe
1232 4917 1510 5009 lwdviit'tnr.
1560 4930 1753 5009 Melius
1794 4917 2089 5009 sua'sliﬁé

487 4990 783 5068 luduntur;
816 4990 896 5047 ut“
919 4996 1048 5068 satis
1080 4990 1203 5068 inde
1234 4997 1525 5068 intelligas.
1555 5004 1695 5059 quod
1728 4990 1905 5068 infra:
1934 4990 2082 5065 ιέιῖιῆζ

604 5066 893 5147 scribitur:
932 5065 1039 5121 llos
1069 5066 1359 5136 Scriptura:
1394 5060 1541 5125 vverus
1572 5074 1822 5147 interpres
1848 5060 2083 5137 Citristits

484 5148 500 5185 ι
547 5143 676 5187 adst.

481 5135 676 5189 illttdt't.

558 5218 581 5245 ε
613 5208 992 5292 (Σιιιιοιτιιηςόὶι.
1020 5222 1069 5266 et
1105 5226 1237 5266 mss.
1289 5215 1557 5292 nonnulli,
1586 5218 1795 5289 rapinas
1836 5222 1947 5292 ejus
1974 5240 2073 5281 non

484 5283 740 5349 agnoscis.
785 5281 886 5336 Alii
921 5284 1098 5357 plures
1123 5300 1185 5335 ar.
1216 5284 1555 5357 probatiores
1609 5281 1947 5357 negationem
1980 5312 2070 5352 re-

483 5363 703 5424 5pttun',
724 5368 842 5415 qu:t-
862 5354 1008 5407 nullo
1035 5357 1195 5407 modo
1222 5355 1430 5409 tidetur
1454 5354 1942 5420 esseatlmittt-tnla.
1977 5368 2072 5424 llic

476 5434 641 5505 porto
662 5422 988 5505 ᾼιιξυιιιιὶριιι
1029 5430 1271 5505 arianttm
1295 5427 1650 5505 designarit-1t
1674 5450 1741 5486 eo
1776 5422 2062 5505 intelligas,

472 5494 615 5556 quod
665 5494 850 5551 indetn
902 5496 1072 5550 ferme
1109 5497 1286 5553 verbis
1327 5494 1439 5553 illev
1460 5503 1784 5561 describitur
1811 5510 1874 5560 tle
1894 5494 2061 5568 Boisil:

473 5579 573 5646 non
628 5568 762 5619 trait.
815 5567 903 5622 ubi
950 5568 1197 5646 legimus,
1238 5570 1480 5646 Attxentii
1519 5576 1682 5646 ipsius
1726 5580 1813 5642 qui
1846 5598 1900 5633 se
1938 5567 2063 5636 dicit

470 5636 783 5720 ςρὶξςοριρρι,
818 5652 922 5693 etc.
958 5639 1044 5720 ubi
1077 5642 1236 5720 t'iialll
1270 5643 1430 5720 quod
1452 5636 1671 5707 dicitur.
1708 5636 1913 5704 Minora
1940 5649 2060 5720 fecit

465 5705 519 5795 in
551 5705 790 5795 siin/qq,
824 5720 929 5765 etc.
964 5710 1168 5795 liquido
1201 5705 1490 5795 respondet
1519 5705 1699 5775 verbis
1739 5722 1876 5778 infra
1904 5705 2055 5795 posis

463 5776 552 5843 tis,
583 5776 825 5851 .Sbytltico
856 5776 1080 5840 membra
1106 5776 1325 5842 duratus
1350 5788 1493 5863 gelu,
1525 5799 1632 5847 etc.

2281 3332 2373 3389 55.
2418 3335 2599 3393 Ululat
2642 3340 2767 3406 iste,
2819 3339 2846 3380 ά
2903 3361 3010 3401 non
3065 3357 3279 3417 tractat,
3326 3352 3418 3424 qui
3462 3366 3621 3428 negat
3660 3357 3812 3416 vocis

2208 3436 2509 3485 auctorem.
2535 3441 2589 3487 et
2620 3434 2885 3508 sacrilego
2916 3454 3169 3497 sermone
3200 3443 3427 3501 bestiale
3460 3464 3705 3505 murmur
3732 3452 3815 3507 in-

2208 3522 2506 3592 terstrcpit,
2532 3525 2619 3595 qui
2638 3543 2741 3581 non
2763 3529 3057 3588 confitetur
3078 3534 3364 3593 Dominum
3388 3538 3573 3596 Jesum
3600 3541 3809 3617 1423

2206 3622 2425 3671 :cternae
2470 3624 2761 3688 praesidem
2816 3627 2955 3682 vita}.
3010 3630 3329 3688 Audivimus
3380 3635 3498 3701 ejus
3551 3638 3808 3707 ululatus,

2205 3721 2326 3762 cum
2358 3708 2410 3763 in
2446 3719 2469 3747 ο
2500 3712 2684 3769 orbem
2715 3716 2929 3785 gladius
2967 3720 3294 3779 mitteretur.
3330 3724 3530 3783 Dentes
3558 3744 3806 3799 asperos,

2204 3815 2297 3854 ora
2343 3802 2545 3858 tumida
2578 3803 2921 3877 praeferebat,
2952 3820 3008 3868 et
3039 3814 3257 3883 putabat
3285 3816 3427 3888 quod
3455 3834 3642 3875 vocem
3689 3837 3809 3879 om-

2205 3892 2366 3949 nibus
2394 3897 2731 3967 abstulisset,
2764 3920 2924 3974 quam
2975 3907 3123 3963 solus
3166 3909 3445 3967 amiserat.
3491 3912 3561 3968 Et
3598 3914 3718 3970 ideo
3747 3926 3808 3973 ut

2205 3984 2305 4042 bos
2346 3988 2506 4059 lupos
2556 3991 2792 4064 effugere
2832 3999 3127 4069 possimus,
3171 4001 3330 4059 docet
3376 4003 3634 4063 Dominus
3674 4009 3803 4081 quid

2204 4095 2514 4151 sequamur,
2549 4085 2735 4144 dicens
2763 4106 2777 4143 :

2268 4193 2446 4268 (Vers.
2490 4198 2575 4271 4.)
2610 4200 2789 4279 Nolite
2814 4218 3020 4275 portare
3045 4212 3328 4282 sacculum,
3384 4231 3543 4285 neque
3588 4233 3799 4289 peram,

2203 4301 2362 4358 neque
2397 4292 2761 4350 calceamenta.

2273 4404 2363 4461 54.
2405 4407 2544 4476 Quid
2577 4412 2668 4479 sit,
2695 4414 2971 4472 sacculum
3004 4433 3111 4474 non
3142 4434 3265 4476 esse
3296 4422 3641 4491 portandum,
3668 4424 3797 4483 alibi

2201 4498 2485 4558 evidenter
2505 4508 2811 4577 expressit;
2835 4510 3053 4582 scripsit
3071 4514 3216 4569 enim
3234 4514 3519 4573 Matthmus
3539 4518 3797 4589 quoniam

2198 4594 2332 4651 dixit
2362 4598 2427 4652 ad
2451 4598 2749 4671 discipulos
2772 4604 3072 4669 Dominus:
3104 4608 3284 4665 Nolite
3305 4611 3566 4680 possidere
3587 4630 3792 4683 aurum,

2193 4704 2353 4759 neque
2395 4704 2664 4765 argentum
2712 4696 2947 4766 (Matth.
2982 4716 3039 4769 κ,
3070 4700 3157 4771 9).
3199 4702 3256 4760 Si
3299 4704 3651 4776 prohibemur
3696 4722 3792 4762 au-

2264 4869 2288 4910 d
2334 4874 2456 4930 Non
2503 4887 2710 4965 tractat,
2743 4881 2845 4965 hoc
2877 4893 2999 4965 est,»
3017 4885 3354 4965 Scriptor-am
3382 4906 3512 4965 _non
3536 4895 3787 4965 exponit,

2189 4961 2296 5073 quin
2342 4962 2502 5005 sensu
2546 4952 2648 5007 huc
2692 4955 2916 5010 verbum
2965 4952 3212 5015 Patribus
3252 4962 3485 5019 maxime
3526 4952 3789 5024 familiare

2189 5031 2245 5071 es
2277 5060 2289 5071 .

2187 5031 2289 5071 (35L

2264 5100 2286 5170 ξ’
2329 5090 2455 5147 Mss.
2491 5111 2615 5170 non
2663 5098 2839 5170 pauci,
2882 5114 2983 5155 nec
3035 5100 3312 5159 inferioris
3361 5116 3526 5170 noue,
3570 5125 3687 5164 cum
3730 5111 3785 5167 in

2185 5161 2384 5239 urbem,
2428 5166 2637 5221 scilicet
2663 5161 3062 5239 'lliediolauum,
3113 5190 3218 5230 non
3271 5161 3525 5239 Romam,
3568 5161 3781 5238 utalib—i

2182 5235 2322 5302 apud
2367 5246 2638 5322 auctor-os.
2682 5238 2872 5322 Melius
2900 5235 3101 5322 tamen,
3130 5248 3182 5301 in
3198 5249 3401 5322 orbem.
3449 5235 3657 5306 Etenim

2182 5319 2394 5387 vocem,
2428 5309 2656 5391 gladius,
2685 5313 2958 5368 crudelem
3006 5316 3365 5391 ill:tntjegent
3396 5321 3651 5378 Auxentii
3688 5309 3782 5391 ’ἰρ-

2178 5378 2291 5456 sius
2312 5378 2491 5464 manu
2516 5382 2796 5464 scriptam,
2828 5396 2883 5438 et
2923 5401 2993 5441 xu
3020 5385 3132 5464 ital.
3167 5378 3327 5445 Febr.
3380 5378 3773 5464 promulgatam

2176 5446 2348 5533 innnit
2371 5446 2715 5533 Ambrosius,
2748 5446 2817 5533 de
2844 5472 2946 5526 qua
2974 5459 3121 5533 idem
3144 5477 3359 5533 quoque
3380 5446 3452 5519 'de
3479 5446 3640 5521 Blt—Sﬁ.

2169 5520 2306 5607 trqu.
2342 5523 2551 5607 scribit,
2590 5520 2881 5607 Ιᾼιιεεςηιὲιιὲ
2928 5520 3446 5607 θιαιῖἰιιιιιύοιὶιιιιεηι
3478 5556 3568 5607 per
3597 5520 3772 5596 suis};

2167 5592 2550 5676 urbes-ilirexit.
2585 5595 2786 5653 Confer
2809 5592 3094 5676 utrubique
3124 5605 3299 5659 locum
3333 5592 3593 5676 inter'se;
3619 5592 3772 5667 nam;

2163 5664 2381 5753 qttepilli
2413 5680 2599 5753 mutuo
2626 5684 2749 5726 sese
2795 5674 2989 5729 mirum
3010 5664 3019 5669 ’
3041 5675 3092 5729 itt
3138 5678 3357 5734 modum
3390 5664 3771 5753 explicant—ct

2159 5734 2500 5792 confirmant.
