4014 6466
255 420 412 480 Υἱιὸ

1292 417 1655 476 exeosmo
1693 418 1952 477 avsus.
1995 419 2145 478 sec.
2188 420 2344 480 LUC.
2387 421 2516 481 LIB.
2558 421 2708 479 ιιι-ε
2806 386 2808 388 ’

3433 427 3571 485 1714

254 551 388 595 rum
465 539 784 611 possidere,
841 537 968 610 quid
1031 536 1288 608 eripere,
1343 534 1473 607 quid
1521 532 1777 590 auferre?
1823 531 1880 590 Si
1907 538 1962 599 Α
2057 535 2146 592 58.
2177 536 2328 605 Quod
2360 535 2407 592 si
2453 552 2612 609 quem
2641 547 2823 594 movet
2850 552 2954 610 qua
2984 539 3194 596 ratione
3238 539 3293 597 in
3337 538 3576 615 Egypto

256 631 417 702 quod
474 633 696 696 habeas,
745 632 948 688 donare
1012 630 1378 702 praeceperis,
1422 625 1878 699 quemadmodum

259 738 288 766 "
303 731 571 800 congeris
587 727 731 800 quod
755 743 860 784 non
887 725 1158 782 habebas?
1176 724 1276 792 Qui
1297 725 1548 797 praedicas
1571 738 1673 776 non
1691 725 1846 793 [ιιι-(ιη
1861 747 1878 758 -

256 815 424 889 slum,
462 824 656 894 furoris
678 823 704 877 ?
737 822 839 891 Qui
866 822 997 876 dicis
1027 838 1128 875 non
1158 818 1532 878 mmchattdum.
1568 817 1882 872 utaeeharis?

256 915 373 986 Qui
419 917 710 972 exsecraris
749 915 917 982 idola,
959 915 1290 985 sacrilegium
1327 912 1504 984 facis?
1535 911 1636 980 Qui
1666 914 1717 965 in
1747 910 1882 983 Lege

253 1008 546 1080 gloriaris,
573 1025 662 1082 per
691 1008 1165 1082 pravuricationem
1189 1004 1338 1077 Legis
1367 1003 1533 1059 Deum
1561 1003 1882 1060 inhonorus?

254 1099 486 1159 Nomen
540 1104 676 1159 enim
729 1101 828 1158 Dei
875 1118 967 1174 per
1015 1117 1105 1156 vos
1148 1099 1534 1171 blasphematur
1574 1097 1776 1171 (Rom.
1816 1113 1877 1166 ιι,

256 1197 446 1257 9.1-9.4
471 1200 516 1272 ).
904 1254 906 1258 ,

337 1291 442 1350 55.
486 1293 604 1350 Non
637 1293 718 1349 sic
763 1292 1045 1365 apostolus
1068 1292 1262 1348 Petrus
1283 1332 1298 1356 ,
1328 1289 1418 1361 qui
1464 1289 1669 1359 primus
1699 1288 1880 1343 Domi-

259 1387 414 1444 nica:
462 1398 754 1444 exsecutor
782 1386 1100 1451 sententias,
1131 1393 1189 1440 ut
1217 1382 1532 1439 ostenderet
1561 1397 1668 1437 non
1702 1382 1755 1436 in
1789 1397 1878 1436 va-

260 1495 441 1537 cuum
493 1479 708 1536 Domini
755 1478 923 1536 effusa
973 1477 1264 1544 mandata;
1313 1491 1437 1533 cum
1487 1485 1806 1546 posceretur
1845 1490 1877 1530 a

266 1589 559 1646 paupere,
593 1583 650 1628 ut
678 1571 958 1644 ei‘aliquid
989 1571 1230 1642 pecuniae
1261 1571 1571 1641 largiretur,
1617 1570 1692 1624 ait
1720 1587 1732 1622 :
1777 1568 1878 1623 Ar-

260 1678 490 1740 gentum
525 1677 678 1740 atque
704 1674 891 1722 aurum
919 1681 1020 1722 non
1046 1664 1207 1720 habeo
1232 1665 1366 1737 (Art.
1397 1679 1477 1730 ιιι,
1503 1663 1537 1720 6
1561 1662 1604 1734 ).
1636 1662 1734 1718 Ille
1761 1663 1878 1735 glo-

261 1760 456 1817 riatur
482 1759 624 1829 quod
657 1775 762 1815 nou
791 1759 987 1815 habeat
1013 1767 1297 1830 argentum
1322 1773 1498 1830 neque
1523 1772 1747 1812 aurum:
1777 1771 1874 1812 vo.

261 1852 358 1909 bis
399 1853 594 1924 pudori
635 1864 719 1910 est
772 1857 950 1909 minus
998 1853 1176 1910 adhuc
1209 1853 1408 1909 habere
1440 1863 1600 1924 quam
1634 1853 1874 1922 cupitis?

1983 628 2204 684 calceati
2250 631 2511 700 jubentur
2560 632 2727 689 edere
2779 647 2974 704 agnum
3032 632 3250 706 (Exod.
3293 651 3386 702 xu,
3420 637 3482 695 11
3513 637 3577 705 ):

1981 722 2212 790 apostoli
2257 731 2436 780 autem
2479 726 2596 782 siue
2634 726 3017 782 calceamentis
3063 729 3128 782 ad
3170 729 3574 798 pra-dicandum

1982 813 2332 885 Evangelium
2363 817 2691 888 diriguntur,
2722 819 2770 874 is
2804 820 3154 878 considerare
3185 822 3345 878 debet
3370 825 3496 893 quia
3525 823 3580 880 in

1983 906 2217 980 Egypto
2246 910 2473 978 positus,
2497 911 2656 968 debet
2679 915 2856 969 adhuc
2887 931 3098 969 morsus
3126 931 3319 972 cavere
3349 932 3577 987 serpen-

1985 1003 2090 1068 tis;
2140 1003 2306 1058 multa
2346 1005 2488 1059 enim
2521 1021 2728 1062 venena
2762 1007 2815 1063 in
2856 1006 3116 1081 IEgypto,
3141 1017 3196 1064 et
3224 1010 3314 1080 qui
3359 1010 3410 1065 iu
3451 1020 3580 1082 typo

1986 1096 2184 1168 pascha
2225 1095 2497 1159 celebrat.
2540 1109 2724 1168 patere
2774 1109 2949 1170 potest
2999 1101 3204 1157 vulneri
3231 1120 3246 1158 :
3277 1104 3370 1173 qui
3397 1112 3580 1158 autem

1983 1191 2227 1246 minister
2243 1199 2326 1246 est
2348 1191 2613 1257 veritatis,
2640 1191 2667 1231 δ
2693 1191 2910 1250 hebetat
2932 1210 3165 1262 venena,
3189 1211 3294 1252 n0n
3322 1196 3581 1268 trepidat.

1984 1286 2225 1356 Denique
2256 1286 2551 1342 momordit
2581 1287 2806 1343 Paulum
2836 1290 3019 1360 vipera
3061 1291 3112 1345 in
3156 1291 3336 1348 Melita
3384 1292 3579 1352 insula.

1978 1389 2035 1437 et
2075 1379 2316 1435 videntes
2352 1379 2677 1450 pendentem
2707 1381 2778 1436 de
2804 1396 2964 1436 manu
2994 1383 3115 1451 ejus
3162 1385 3400 1456 viperam
3430 1388 3584 1442 inco-

1981 1473 2048 1528 la:
2073 1474 2177 1529 luci
2205 1473 2350 1528 illius
2377 1473 2638 1544 putabant
2665 1488 2790 1530 eum
2819 1489 2944 1531 esse
2975 1475 3295 1532 moriturum
3325 1497 3339 1534 :
3373 1480 3466 1535 sed
3491 1481 3581 1536 ubi

1981 1565 2306 1623 iuoll'ensum
2334 1578 2482 1621 Stare
2525 1565 2800 1633 viderunt,
2847 1567 3012 1622 Deum
3041 1582 3165 1624 e~se
3191 1569 3463 1638 dicebant,
3493 1573 3584 1628 cui

1980 1675 2251 1716 venenum
2286 1675 2482 1717 nocere
2519 1677 2626 1716 non
2654 1671 2868 1732 poterat
2896 1663 3034 1733 (Act.
3062 1663 3259 1732 xx‘vm,
3289 1667 3323 1721 5
3348 1677 3396 1720 et
3421 1669 3579 1739 seq.).

1979 1753 2049 1811 Et
2078 1763 2135 1810 ut
2163 1755 2303 1810 scias
2331 1753 2434 1809 bo‘e
2459 1770 2646 1810 vermn
2676 1771 2822 1819 esse.
2856 1756 2972 1827 ipse
3006 1758 3266 1813 Dominus
3291 1759 3367 1814 ait
3395 1777 3409 1814 :
3440 1758 3576 1816 Ecce

1981 1848 2100 1902 dedi
2124 1849 2262 1902 vobis
2291 1858 2594 1921 potestatem
2618 1849 2856 1903 calcandi
2887 1865 3044 1922 supra
3069 1862 3329 1921 serpentes
3357 1862 3402 1906 et
3433 1868 3579 1906 scor-

263 1946 371 2005 Est
402 1962 533 2017 ergo
555 1956 609 2003 et
635 1947 922 2019 pauperies
949 1948 1204 2018 gloriosa;
1231 1947 1352 2016 quia
1373 1957 1458 2002 est
1485 1957 1541 2001 et
1571 1945 1750 2013 beata,
1777 1945 1883 2002 sic-
1911 1937 1960 1998 B
1986 1943 2187 2013 piones,
2217 1949 2264 1995 et
2289 1959 2448 2014 supra
2478 1959 2680 1997 onmem
2704 1943 2942 1998 virtutem
2967 1943 3182 2012 inimici,
3211 1955 3257 2000 et
3284 1945 3416 2000 nihil
3443 1945 3582 2002 vobis

261 2051 328 2097 ut
352 2044 618 2113 scriptum
641 2053 726 2100 est
765 2061 780 2100 :
812 2041 961 2099 Beati
981 2060 1232 2116 pauperes
1253 2044 1440 2114 spiritu
1460 2041 1480 2115 (
1501 2041 1688 2101 Matth.
1720 2039 1874 2111 v,5).

261 2133 484 2192 Tamen
515 2152 624 2192 non
647 2148 756 2193 tam
778 2136 881 2192 hoc
899 2137 1159 2206 gloriatur
1180 2137 1394 2203 Petrus,
1417 2135 1560 2208 quod
1590 2146 1875 2208 argentum

262 2241 325 2286 et
353 2246 553 2287 aurum
583 2247 688 2288 non
734 2231 948 2300 habeat,
977 2247 1138 2303 quam
1170 2231 1312 2304 quod
1352 2239 1530 2289 servet
1565 2229 1876 2286 mandatum

264 2323 518 2391 Domini,
551 2326 641 2397 qui
671 2326 967 2397 pratcepit:
1012 2323 1190 2380 Nolite
1217 2323 1483 2398 possidere
1508 2340 1728 2389 aurum;
1772 2322 1878 2378 hoc

261 2429 358 2475 est
405 2419 630 2476 dicere:
673 2419 840 2476 Vides
886 2435 972 2476 me
1013 2417 1213 2476 Christi
1259 2434 1381 2475 esse
1427 2418 1776 2489 discipulum,
1821 2427 1878 2474 et

266 2527 472 2568 aurum
498 2529 527 2568 a
552 2528 642 2568 me
675 2513 950 2584 requiris?
980 2512 1139 2568 Aliud
1190 2511 1346 2567 nobis
1375 2511 1547 2567 multo
1586 2511 1876 2582 pretiosius

265 2618 412 2661 auro
458 2604 706 2670 donavit,
748 2613 807 2660 ut
843 2606 896 2661 in
936 2606 1156 2660 nomine
1197 2605 1315 2676 ejus
1340 2620 1652 2676 operemur.
1693 2605 1878 2674 Itaque

268 2713 388 2756 non
430 2698 605 2755 habeo
634 2699 776 2770 quod
809 2714 917 2754 non
946 2698 1118 2764 dedit,
1166 2699 1261 2754 sed
1299 2699 1438 2768 quod
1474 2689 1630 2752 dedit.
1657 2698 1831 2754 habeo
1861 2717 1874 2753 :

272 2790 346 2848 In
374 2792 581 2846 nomine
606 2791 814 2847 Domini
837 2789 985 2856 Jesu,
1011 2809 1182 2865 surge,
1213 2803 1260 2846 et
1303 2790 1664 2863 ambula(Act.
1694 2807 1769 2853 tu,
1794 2790 1874 2847 6i.

349 2885 447 2940 56.
487 2883 638 2940 Sicut
680 2899 809 2955 ergo
833 2885 924 2956 qui
956 2884 1146 2940 horrea
1191 2884 1306 2940 vult
1348 2884 1709 2955 congerendis
1749 2885 1878 2940 tedi-

269 2979 448 3034 ticare
474 2975 782 3047 frumentis,
814 2979 1108 3035 Dominica:
1130 2979 1417 3035 sententia:
1442 2981 1764 3035 auctoritate
1793 2995 1881 3036 re-

269 3069 640 3143 prehenditur
665 3073 684 3144 (
709 3070 839 3128 Luc.
884 3087 998 3138 ιιι,
1031 3070 1178 3143 26);
1211 3073 1281 3127 ita
1323 3073 1414 3142 qui
1460 3071 1730 3128 saeculum
1768 3072 1880 3128 vult

268 3179 415 3219 auro
456 3178 654 3234 parare
689 3163 1003 3232 condendo,
1055 3178 1268 3220 naevum
1310 3164 1754 3237 reprehensionis
1796 3166 1882 3223 in—

268 3257 470 3314 currit.

1984 2034 2231 2089 nocebunt
2261 2038 2280 2110 ς
2304 2033 2431 2090 Luc.
2462 2051 2516 2102 ιι,
2545 2035 2613 2092 l9
2636 2035 2681 2108 ).

2055 2129 2145 2184 59.
2190 2128 2304 2183 Nou
2338 2128 2520 2200 virgas
2548 2129 2600 2184 in
2625 2144 2785 2184 manu
2807 2129 3062 2200 jubentur
3086 2130 3280 2187 tollere
3308 2132 3584 2201 apostoli;

1981 2223 2061 2277 sic
2086 2223 2231 2276 enim
2252 2221 2535 2276 Manlia-us
2554 2223 2898 2278 scribendum
2922 2224 3122 2295 putavit
3142 2223 3358 2298 (Matth.
3383 2242 3438 2293 κ,
3463 2224 3580 2296 ιο).

1981 2317 2120 2384 Quid
2150 2325 2236 2372 est
2271 2326 2456 2372 autem
2487 2318 2633 2389 virga
2661 2360 2676 2385 ,
2725 2330 2746 2357 ε
2781 2319 2884 2374 nisi
2918 2320 3268 2390 praeferenda:
3299 2323 3582 2390 potestatis

1981 2410 2216 2481 insigne.
2266 2422 2322 2468 et
2352 2411 2643 2468 ulciscendi
2692 2399 3110 2468 instrumentum
3142 2413 3393 2469 doloris?
3437 2415 3580 2486 Ergo

1985 2504 2204 2559 humifis
2251 2504 2460 2560 Domini
2488 2507 2507 2576 (
2532 2507 2586 2560 in
2633 2507 2926 2561 humilitate
2967 2506 3110 2562 enim
3136 2509 3156 2582 (
3179 2507 3323 2563 Esai.
3357 2523 3474 2572 Lm,
3507 2509 3582 2580 8)

1981 2595 2008 2635 ιι
2024 2598 2284 2672 judicium
2311 2601 2422 2670 ejus
2446 2598 2778 2654 sublimatum
2795 2600 2915 2672 est),
2937 2600 3179 2667 humilis,
3206 2603 3444 2672 inquam,
3471 2600 3576 2656 Do-

1983 2695 2115 2749 mini
2167 2704 2494 2765 prteceptum
2544 2695 2799 2766 discipuli
2851 2697 2968 2766 ejus
3017 2695 3340 2753 humilitatis
3388 2696 3582 2753 olﬂcils

1983 2800 2357 2857 exsequuntur
2381 2803 2397 2854 ;
2427 2804 2520 2846 eos
2553 2791 2696 2845 enim
2729 2791 2876 2847 misit
2902 2793 2967 2846 ad
2995 2791 3368 2848 seminaudam
3394 2792 3580 2858 tidem,

1982 2881 2074 2951 qui
2126 2897 2232 2936 non
2282 2893 2563 2953 cogerent,
2614 2884 2708 2939 sed
2749 2883 3050 2941 docerent:
3088 2895 3111 2923 θ
3144 2901 3246 2943 nec
3291 2895 3584 2957 potestates

1985 2987 2311 3044 esererent,
2359 2979 2455 3034 sed
2512 2979 2815 3036 doctrinam
2873 2981 3192 3039 humilitatis
3243 2982 3580 3038 attollerent.

1983 3069 2100 3139 Quo
2127 3070 2248 3126 lo’co
2273 3070 2562 3128 humilitati
2609 3076 2816 3145 putavit
2852 3077 3014 3131 etiam
3054 3077 3366 3146 patientiam
3391 3078 3582 3145 ‘c0pu-

1985 3163 2200 3218 landam
2227 3183 2241 3230 ;
2273 3165 2400 3234 quia
2421 3166 2536 3235 ipse
2564 3182 2801 3239 quoque,
2830 3169 2978 3240 juxta
3012 3171 3379 3226 testimonium
3407 3170 3577 3240 Petri,

1985 3271 2108 3310 cum
2141 3258 2580 3324 melediceretur,
2613 3275 2720 3316 non
2747 3262 3089 3318 remalediin
3121 3280 3136 3317 :
3176 3278 3299 3319 eum
3333 3275 3577 3331 percule-

349 3351 442 3407 57.
489 3350 610 3406 Non
642 3367 841 3422 peram,
876 3359 1037 3422 negae
1064 3351 1432 3407 calceamenta.
1474 3351 1775 3418 Utrumque
1805 3351 1874 3409 de
1900 3342 1946 3405 C
1979 3361 2150 3418 retur,
2176 3368 2284 3408 non
2317 3355 2642 3423 repercussit
2671 3353 2732 3426 (l
2765 3353 2910 3411 Petr.
2938 3371 3000 3422 ιι,
3029 3355 3163 3428 23).
3197 3357 3310 3414 lloc
3335 3367 3418 3412 est
3447 3373 3580 3430 ergo

271 3445 431 3500 corio
458 3445 654 3500 mortui
681 3446 975 3501 animantis
1003 3444 1197 3501 conﬁci
1230 3447 1407 3502 solet:
1433 3447 1568 3502 nihil
1599 3456 1778 3503 autem
1823 3447 1876 3504 in

274 3537 440 3594 nobis
468 3521 730 3593 Dominus
757 3538 914 3594 Jesus
957 3540 1186 3595 mortale
1217 3539 1331 3596 vult
1353 3555 1498 3597 esse.
1533 3539 1778 3610 Denique
1806 3540 1874 3597 ad

271 3629 498 3700 Moysen
545 3630 715 3686 dicit:
760 3629 914 3687 Solve
953 3631 1360 3685 calceamentum
1403 3630 1593 3703 pedum
1633 3641 1875 3697 tuorum;

276 3724 425 3778 locus
452 3724 587 3778 enim
610 3723 663 3778 in
689 3740 790 3794 quo
817 3733 946 3804 stas,
981 3734 1120 3779 terra
1145 3735 1324 3780 sancta
1351 3734 1424 3779 est
1450 3724 1648 3795 (Exod.
1685 3741 1760 3792 ιιι,
1793 3724 1871 3796 5).

277 3816 506 3872 Mortale
536 3817 696 3888 igitur
741 3829 902 3890 atque
932 3827 1206 3875 terrenum
1253 3819 1678 3875 calecamentum
1718 3820 1878 3890 jube-

276 3919 367 3966 tur
397 3911 630 3978 solvere,
654 3927 775 3968 cum
799 3911 1104 3968 mitteretur
1128 3913 1195 3968 ad
1227 3915 1478 3983 populum
1504 3914 1877 3980 liberandum;

275 4004 443 4075 hujus
471 4005 616 4060 enim
649 4005 895 4060 minister
917 4007 1158 4060 muneris
1187 4005 1380 4061 timere
1405 4007 1539 4061 nihil
1568 4007 1753 4072 debet,
1777 4023 1878 4064 nec

275 4113 307 4151 a
354 4107 609 4166 suscepto
646 4095 845 4158 ofﬁcio,
890 4098 1082 4151 mortis
1125 4096 1372 4166 periculo
1416 4097 1708 4154 retardari.
1759 4100 1877 4168 Ipse

277 4192 426 4247 enim
456 4205 579 4245 cum
607 4190 975 4246 defensionem
1009 4191 1258 4255 fratrum,
1293 4190 1396 4246 hoc
1425 4201 1526 4250 est,
1560 4191 1875 4246 Iudaeorum

277 4282 618 4338 Vttltltllttl‘ltts
646 4281 961 4351 recepisset,
990 4281 1280 4337 ealumniae
1309 4281 1524 4356 1424
1552 4295 1760 4339 terrore
1792 4299 1880 4340 re-

281 4385 504 4430 vocatus
531 4387 614 4431 est
651 4374 720 4430 ab
751 4376 1008 4444 incmpto,
1036 4385 1091 4429 et
1121 4375 1254 4444 iu-o'it
1280 4393 1344 4430 ex
1377 4375 1615 4448 .‘Egypto
1657 4378 1675 4436 l
1701 4376 1873 4433 Exod.

282 4485 343 4535 ιι,
374 4468 442 4525 15
463 4467 503 4540 ).
537 4469 598 4524 Et
627 4468 749 4523 ideo
777 4482 898 4523 cum
931 4468 1191 4523 Dominus
1217 4467 1466 4524 allectum
1487 4470 1622 4538 .ejns
1654 4469 1878 4540 probas-

281 4574 388 4630 set,
435 4563 805 4618 conditionem
856 4572 1036 4617 autem
1094 4561 1320 4617 vidisset
1365 4563 1656 4628 inlirtnam,
1707 4563 1875 4619 animi

273 4657 396 4728 ejus
429 4658 732 4729 ruentisque
763 4656 1046 4728 vestigium
1075 4656 1396 4712 mortalibus
1418 4655 1650 4712 vinculis
1665 4659 1878 4713 censuit

277 4751 607 4809 exuendum.

351 4903 378 4932 ει
417 4892 506 4950 Sic
533 4908 664 4948 mss.
695 4892 1026 4963 complures,
1059 4907 1124 4949 ac
1151 4892 1393 4948 melioris
1417 4901 1579 4947 notae.
1605 4891 1712 4948 "Alii
1742 4907 1878 4946 noo-

281 4964 430 5031 nulli,
454 4974 508 5020 et
537 4965 668 5020 edit.
697 4965 1108 5036 ant..congeris,
1127 4965 1263 5034 quod
1282 4965 1545 5037 possidere
1570 4963 1876 5036 prohiberis.

281 5037 437 5092 Rom.
473 5039 730 5092 resecatis
760 5039 934 5091 tribus
965 5038 1170 5092 ultimis
1210 5038 1392 5092 verbis
1426 5046 1566 5107 post,
1618 5039 1874 5106 congeris,

277 5109 567 5180 subnectit,
607 5108 710 5175 Qui
739 5109 1011 5180 prtedicas,
1037 5118 1141 5164 etc.

349 5177 378 5218 δ
417 5181 619 5236 Omnes
662 5177 793 5234 edit.
829 5195 892 5234 ac
921 5197 1052 5234 mss.
1088 5180 1313 5250 aliquot,
1345 5180 1498 5233 evitat
1523 5194 1740 5250 venena.
1768 5177 1878 5235 Me-

279 5252 384 5308 lius
411 5253 500 5308 alii
531 5251 724 5322 majnti
747 5266 974 5307 numero
996 5262 1048 5308 et
1072 5252 1418 5322 antiquitate,
1444 5250 1664 5313 hebetat,
1694 5249 1749 5305 id
1769 5260 1874 5318 est,

279 5325 544 5390 retundit,
574 5335 818 5395 superat,
850 5334 957 5377 etc.

359 5407 380 5436 ο
423 5395 582 5450 Rom.
641 5393 797 5461 edit.,
851 5396 952 5450 nisi
1004 5396 1328 5464 proferenda:
1376 5393 1660 5462 potestatis.
1710 5393 1885 5451 Minus

281 5469 606 5530 commode;
634 5484 741 5521 non
771 5468 915 5522 enim
957 5467 1025 5518 ad
1056 5469 1438 5590 prplerendam,
1473 5466 1522 5533 id
1551 5476 1656 5528 est,
1685 5468 1882 5534 ampli-

284 5538 548 5590 ﬁcandam
592 5549 941 5590 potestatem.
970 5538 1062 5590 sed
1093 5552 1119 5587 a
1189 5553 1306 5590 eam
1341 5539 1735 5590 praeferendum.
1780 5536 1882 5590 ltoc

284 5538 548 5595 ﬁcandam
592 5549 941 5609 potestatem,
970 5538 1062 5593 sed
1093 5536 1159 5590 ad
1189 5553 1306 5590 eam
1330 5539 1735 5609 praeferendum,
1780 5536 1884 5592 hoc

282 5623 390 5674 est,
424 5607 836 5681 significandam
863 5620 1026 5680 atque
1051 5607 1457 5681 ostentandam,
1482 5609 1756 5677 virgarum
1782 5609 1887 5663 fas-

282 5698 377 5752 ces
420 5679 658 5750 antiquis
707 5679 1113 5752 magistratibus
1170 5679 1414 5750 pratlerri
1464 5692 1884 5734 consueverant.

358 5751 386 5792 ἀ
426 5753 628 5810 Omnes
673 5751 815 5806 edit.
856 5769 919 5823 ac
963 5769 1132 5821 pr0pe
1173 5765 1365 5805 omnes
1409 5766 1540 5823 mss.
1566 5794 1580 5814 ,
1625 5752 1887 5823 jud'cium

287 5829 402 5898 ejus
446 5823 708 5880 sublatum
736 5835 832 5879 est.
881 5822 1042 5880 Corb.
1093 5821 1743 5898 tatnetn...‘sublimatum
1791 5835 1884 5898 est.

291 5895 520 5962 Melius;
552 5911 782 5963 namque
812 5898 866 5950 in
902 5899 1064 5965 epist.
1089 5896 1154 5952 ad
1185 5895 1416 5952 Vercell.
1448 5895 1589 5952 idem
1633 5897 1785 5952 locus
1815 5896 1888 5952 ita

293 5967 548 6032 refertur,
603 5968 855 6029 iudicium
896 5969 1008 6037 eius
1052 5968 1332 6022 exaltatum
1381 5978 1496 6022 est:
1541 5971 1626 6025 cui
1669 5967 1888 6025 lectioni

1980 3443 2166 3500 dicere
2193 3466 2206 3503 :
2247 3443 2557 3502 Imitatores
2584 3450 2689 3502 mei
2717 3459 2916 3515 estote,
2964 3449 3189 3505 ultionis
3214 3449 3390 3505 studia
3415 3450 3586 3521 depo-

1981 3538 2113 3604 nite,
2164 3538 2508 3594 insolentiam
2553 3541 2959 3596 verberantium
3019 3557 3125 3598 non
3177 3542 3392 3612 injuria:
3443 3543 3582 3598 rela-

1977 3635 2162 3698 tione,
2225 3630 2242 3670 ί
2303 3634 2396 3688 sed
2450 3635 2894 3705 magnanimitate
2945 3637 3219 3706 patientia:
3270 3636 3572 3693 verberate.

1976 3725 2149 3781 Nemo
2176 3725 2339 3782 debet
2376 3729 2521 3798 quod
2553 3727 2671 3799 ipse
2698 3729 2751 3784 in
2794 3729 2902 3784 alio
2929 3729 3299 3798 reprehendit,
3341 3730 3579 3785 imitari:

1978 3822 2224 3890 gratiora
2255 3824 3068 3879 contumacibus-man~uetudo
3112 3823 3338 3879 vulnera
3387 3822 3571 3880 refert.

1980 3917 2094 3971 lloe
2139 3931 2318 3987 pugno
2360 3919 2692 3985 repercussit
2744 3919 3008 3973 Dominus
3043 3917 3456 3984 verberantem,
3487 3916 3576 3972 di-

1980 4007 2154 4061 cendo
2182 4025 2195 4062 :
2226 4008 2329 4070 Qui
2356 4018 2404 4062 te
2442 4009 2657 4076 percutit
2686 4009 2738 4062 in
2768 4009 3037 4062 maxillam
3058 4048 3074 4075 ,
3105 4008 3275 4072 prwbe
3301 4008 3382 4063 illi
3412 4017 3458 4062 et
3487 4007 3569 4063 al-

1983 4110 2142 4154 teram
2171 4101 2190 4171 (
2216 4099 2406 4156 Matth.
2437 4116 2493 4166 v,
2539 4100 2608 4157 39
2631 4100 2674 4171 ).
2705 4101 2793 4157 Fit
2832 4103 2976 4157 enim
3007 4113 3066 4156 ut
3088 4102 3294 4172 judicio
3334 4116 3435 4157 suo
3461 4101 3578 4172 ipse

1981 4207 2043 4248 se
2071 4193 2323 4258 damnet,
2352 4203 2406 4248 et
2445 4193 2678 4264 quodam
2708 4195 2929 4249 stimulo
2959 4195 3042 4249 sui
3071 4203 3466 4264 compungatur
3491 4194 3576 4250 al-

1981 4283 2178 4350 lecuts,
2202 4288 2292 4356 qui
2319 4287 2542 4342 relatam
2566 4286 2668 4342 sibi
2697 4287 3040 4343 sedulitatem
3071 4303 3172 4358 pro
3199 4287 3392 4360 injuria
3415 4303 3574 4360 quam

1983 4378 2107 4436 fecit
2127 4379 2452 4458 adverterit.

2051 4472 2142 4529 60.
2187 4473 2356 4529 Habet
2388 4482 2566 4530 tamen
2597 4489 2734 4545 quos
2755 4485 2809 4530 et
2839 4489 2963 4530 cum
2989 4474 3138 4546 virga
3169 4475 3445 4546 apo<tolos
3471 4477 3573 4532 mi-

1981 4566 2138 4631 serit,
2170 4566 2308 4622 sicut
2341 4567 2539 4622 Panlus
2583 4567 2926 4632 testiﬁcatur,
2957 4567 3178 4623 dicens:
3214 4567 3355 4636 Quid
3387 4568 3575 4636 vultis,

1978 4660 2034 4714 in
2063 4660 2204 4734 virga
2230 4663 2428 4713 veniam
2457 4660 2527 4714 ad
2551 4677 2658 4725 vos,
2693 4677 2760 4715 an
2781 4661 2834 4715 in
2865 4662 3117 4716 charitate
3140 4671 3192 4716 et
3220 4663 3406 4735 spiritu
3433 4679 3580 4717 man-

1900 4741 1956 4804 D
1981 4753 2269 4808 suetudinis
2300 4752 2345 4826 (ι
2371 4751 2492 4808 Cor.
2523 4769 2602 4818 tv,
2623 4753 2719 4825 21)
2740 4755 2764 4808 ?
2789 4753 2938 4810 Hauc
2970 4755 3174 4827 virgam
3203 4757 3366 4812 etiam
3398 4756 3580 4816 Timo—

1985 4893 2132 4969 lavet
2179 4895 2359 4969 versio
2385 4895 2619 4969 Arabica
2660 4899 2958 4952 secundum
3006 4895 3204 4969 lnterp.
3238 4895 3392 4963 Lat;
3423 4896 3585 4954 habet

1986 4965 2131 5022 enim
2155 4976 2211 5043 et
2235 4968 2345 5032 illa,
2368 4968 2622 5041 judicium
2649 4971 2760 5043 ejus
2783 4971 2943 5043 altum
2963 4981 3058 5043 est.
3089 4965 3221 5043 lliitc
3249 4979 3430 5024 autem
3454 4983 3582 5039 pro-

1988 5041 2226 5118 ntanavit
2255 5041 2837 5118 eantliversitas,quod
2872 5042 3096 5118 verbum
3139 5041 3290 5118 ᾕρθη,
3317 5056 3426 5111 quo
3454 5055 3582 5118 usos

1987 5110 2236 5184 videmus
2269 5111 2431 5184 LXX.
2465 5113 2689 5182 perinde.
2716 5128 2764 5169 et
2791 5129 2887 5184 per
2913 5110 3217 5177 exaltatum,
3251 5123 3306 5168 et
3337 5110 3430 5181 per
3458 5113 3582 5166 sub-

1988 5183 2150 5258 latum
2208 5183 2760 5258 reddi_potesgt.AHeb.
2806 5201 2957 5250 vero,
2997 5185 3122 5258 Syr.
3157 5199 3240 5239 ac.
3279 5185 3434 5255 Vulg.
3459 5184 3578 5240 Lat.

1985 5253 2280 5329 pratel'et'mtt
2304 5297 2319 5322 ,
2347 5253 2411 5309 de
2429 5255 2636 5329 judicio
2665 5258 2894 5310 sublatus
2925 5259 2943 5326 (
2975 5253 3090 5312 sive
3117 5259 3340 5329 raptus)
3379 5253 3472 5311 est.

2062 5335 2086 5363 ε
2127 5326 2257 5381 Mss.
2291 5342 2398 5382 non
2432 5326 2612 5392 pauci,
2651 5339 2814 5397 atque
2843 5343 3034 5384 omnes
3055 5326 3211 5392 edit..
3244 5345 3336 5383 nec
3361 5329 3462 5382 vim
3486 5343 3584 5395 po-

1986 5399 2180 5452 testatis
2209 5409 2541 5465 exercerent;
2582 5401 2766 5460 Rom..
2805 5411 3082 5454 exererent.
3115 5400 3190 5456 Ex
3235 5400 3356 5455 aliis
3400 5413 3582 5455 autem

1987 5483 2118 5544 mss.
2171 5470 2351 5538 plores
2383 5469 2604 5538 habent,
2653 5487 2744 5526 nec
2773 5481 3044 5544 potestates
3081 5483 3420 5528 exercerent:
3448 5470 3588 5526 anti-

1986 5542 2303 5611 quiorem...
2331 5553 2614 5598 exerat-ent.
2717 5548 2736 5560 '
2774 5542 2782 5544 “
2916 5583 2924 5589 -

2068 5610 2087 5649 τ
2132 5611 2271 5686 Edit.
2300 5627 2514 5686 omnes,
2568 5613 2750 5669 sed....
2801 5622 3119 5686 supportate.
3163 5614 3292 5669 Mss.
3339 5626 3589 5686 omnese

1990 5685 2302 5744 contrario.
2351 5684 2534 5738 κάη..
2588 5683 2875 5740 νειύεινηιεξ
2911 5686 3258 5753 Elegantius,
3292 5685 3336 5736 si
3369 5683 3586 5737 cuidem

1991 5758 2122 5812 illud
2159 5756 2258 5810 hoc
2282 5758 2398 5808 loco
2427 5757 2783 5826 signiﬁcatur,
2803 5758 2944 5824 quod
2983 5757 3074 5808 Itb.
3100 5772 3148 5808 v.
3181 5753 3445 5826 num.‘_7ti,
3476 5754 3592 5826 cla-

1992 5829 2231 5885 ri0ribns
2279 5828 2459 5882 verbis
2478 5822 2837 5896 imprimitur,
2873 5829 2957 5882 Itis
2984 5826 3228 5880 Vltlt'liCt'l
3258 5843 3270 5876 :
3315 5823 3503 5878 Nonne
3526 5822 3590 5892 ﬁt

1993 5917 2084 5973 per
2110 5899 2433 5969 patientiam,
2467 5910 2613 5954 ut....
2647 5901 2932 5955 reverberes
2959 5899 3322 5953 verberanam.
