4014 6468
504 411 647 476 ms
1857 401 2107 471 sancit
2140 397 2462 470 iussos]:
2885 467 2888 470 ,
3675 403 3811 470 me

504 535 632 590 theo
657 533 806 590 dedit
831 531 1142 604 Apostolus,
1173 531 1403 587 dicens:
1433 530 1617 603 Argue,
1666 527 1897 592 obsecro,
1932 529 2100 581 incre-
2123 529 2174 590 Α
2205 529 2344 582 taret
2376 542 2389 592 ;
2433 525 2779 582 festinantem
2821 528 2967 582 enim
3011 542 3134 582 eum
3176 527 3402 598 iubebat
3455 540 3715 599 pergere,
3753 534 3813 585 ut

505 639 573 700 pa
606 623 676 702 (ll
711 627 844 683 Tim.
888 633 965 693 tv,
996 625 1078 693 2).
1110 626 1216 681 Aut
1242 625 1474 679 fortasse
1497 631 1624 677 ante
1650 621 1964 694 passionem
1999 619 2104 675 Do-
2206 619 2549 675 celebranda:
2571 620 2994 675 resurrectionis
3020 627 3414 691 exsequeretur
3437 620 3675 675 officium
3701 663 3715 686 ,
3744 627 3815 678 ne

506 721 661 788 mini,
697 729 814 793 quae
859 719 1071 793 1525
1104 719 1404 773 Illitanllllm
1437 719 1760 788 populorum
1801 715 1963 772 corda
2014 713 2106 770 tiro
2206 712 2646 769 confabulatione
2669 713 2900 783 alicujus
2928 713 3110 779 obvii,
3141 714 3403 769 mandato
3432 714 3811 771 reticeteretur

504 818 691 884 mavit,
724 815 1030 870 necessaria
1061 812 1178 868 sola
1207 812 1367 867 fuerit
1391 811 1755 867 mansuetudo
1781 825 1796 876 ;
1830 818 1952 880 post
1984 824 2106 879 pas-
2209 817 2238 862 a
2271 817 2520 862 munere.
2558 808 2699 878 Ergo
2729 816 2781 863 et
2807 806 2896 862 hic
2923 821 3031 862 non
3061 800 3408 862 salutationis
3431 808 3694 862 sedulitas
3719 818 3816 861 au-

507 912 715 968 sionem
760 909 1048 963 correCtio.
1079 905 1241 962 Certe
1273 905 1508 961 tnuiceat
1538 905 1819 969 Dominus,
1865 903 2108 972 increpet
2209 903 2420 958 fertur:
2449 902 2543 958 sed
2574 902 2918 958 obstaculum
2945 901 3309 973 impedienda!
3335 903 3650 958 devotionis
3685 903 3816 959 abo-

508 1003 704 1061 Pau‘lus
730 1019 744 1056 :
774 1001 999 1056 suadeat
1025 1000 1114 1072 qui
1148 1007 1328 1071 putest
1359 1009 1579 1070 pectora
1609 998 1772 1054 etiam
1801 998 1938 1052 dura
1971 995 2108 1050 moi.

457 1151 465 1157 .
508 1097 644 1152 lire:
695 1098 884 1168 arguat
923 1097 1015 1166 qui
1050 1111 1154 1150 non
1195 1101 1375 1166 potest
1411 1095 1665 1149 universa
1698 1094 1946 1148 suadere.
1985 1091 2109 1147 Vir-

507 1199 630 1261 gatn
677 1189 842 1261 Igitur
884 1189 1082 1244 Paulus
1122 1203 1188 1244 ex
1224 1187 1471 1243 doctrina
1505 1187 1666 1258 Legis
1710 1191 2099 1257 assumpserat.

506 1283 738 1354 Legerat
784 1284 972 1338 enim:
1023 1281 1126 1350 Qui
1175 1282 1340 1352 parcit
1371 1281 1574 1349 baculo,
1617 1280 1726 1335 odit
1754 1280 1923 1350 ﬁlium
1963 1284 2114 1334 suum

508 1375 529 1449 (
555 1375 713 1430 Prov.
737 1389 852 1441 χιιι,
881 1373 953 1430 24
975 1378 1016 1446 ).
1065 1375 1292 1446 Legerat
1321 1376 1481 1430 etiam
1510 1374 1634 1443 quia
1659 1379 1854 1444 agnum
1887 1372 2118 1428 mandu-

507 1481 714 1534 cantes,
741 1469 993 1526 baculum
1024 1469 1078 1525 in
1115 1469 1362 1524 manibus
1411 1467 1611 1524 habere
1658 1475 1931 1536 prazcepto
1983 1479 2117 1536 pros

510 1564 725 1634 phetico
756 1561 1098 1634 jubebantur
1147 1561 1168 1636 (
1197 1559 1365 1618 Exod.
1399 1577 1494 1628 xu,
1529 1562 1589 1617 li
1614 1561 1654 1633 ).
1686 1562 1750 1616 Et
1778 1560 1898 1616 ideo
1939 1560 2119 1615 Domi-

513 1671 613 1715 nus
652 1660 706 1715 in
738 1660 904 1715 veteri
932 1657 1285 1716 Testamento
1311 1659 1383 1713 ait
1411 1657 1694 1721 :Yisita'bo
1737 1658 1792 1712 in
1829 1657 1974 1730 virga
2015 1656 2116 1711 ini-

2211 995 2355 1052 letur
2387 1012 2402 1063 ;
2437 1004 2494 1051 ut
2532 997 2749 1067 quando
2794 995 2976 1052 divina
3022 997 3376 1062 mandantur,
3413 997 3694 1066 paulisper
3730 1011 3816 1052 se-

2213 1097 2566 1158 questrentur
2614 1091 2874 1143 hutnana.
2924 1083 3161 1145 Pulchra
3207 1096 3292 1144 est
3338 1089 3628 1156 salutatio,
3661 1096 3687 1126 ι
3719 1089 3817 1146 sed

2217 1180 2496 1252 pulchrior
2523 1190 2732 1237 matura
2764 1184 3048 1237 exsecutio
3069 1182 3376 1238 divinorum
3395 1225 3409 1250 ,
3438 1199 3558 1251 quae
3581 1193 3680 1254 per
3699 1198 3815 1239 mo-

2216 1287 2331 1329 ram
2375 1288 2522 1346 saepe
2570 1276 2735 1330 traxit
2776 1275 3062 1332 offensam.
3116 1274 3248 1332 Ideo
3275 1284 3459 1331 autem
3503 1284 3560 1331 et
3587 1271 3816 1334 honesu

2218 1367 2613 1438 prohibentur,
2658 1385 2727 1426 ne
2784 1371 3048 1426 solemnis
3102 1370 3278 1441 gratia
3333 1368 3549 1442 ιιεο
3594 1371 3822 1441 obrepat

2219 1461 2415 1529 officii,
2447 1473 2504 1519 et
2547 1463 2806 1534 impediat
2850 1459 3256 1534 ministerium)
3287 1467 3446 1536 cujus
3471 1467 3622 1520 more
3663 1465 3818 1536 culpa

2293 1647 2385 1708 64.
2428 1651 2608 1726 (Vers.
2637 1652 2721 1726 8.)
2751 1652 2871 1710 tam
2895 1652 2925 1693 ιι
2953 1654 3090 1710 illud
3113 1655 3285 1710 virtus
3314 1654 3418 1710 alia
3440 1681 3454 1720 ε
3479 1663 3549 1710 ne
3577 1653 3822 1711 dedomo

511 1754 732 1824 quitate‘s
775 1757 947 1808 eorum
975 1753 997 1824 (
1025 1751 1168 1808 Paul.
1213 1764 1477 1819 Lxxxvm,
1511 1752 1582 1809 55
1603 1749 1642 1823 ).
1679 1750 1734 1806 In
1765 1765 1906 1806 novo
1936 1751 2116 1806 autem
2220 1745 2290 1800 ad
2321 1744 2541 1800 domum
2572 1747 2694 1817 quis
2742 1759 2873 1817 vaga
2908 1748 3168 1804 facilitate
3196 1747 3462 1819 demigret
3493 1759 3508 1814 ;
3539 1755 3602 1802 ut
3638 1757 3823 1804 serve.

515 1855 575 1902 se
606 1847 782 1916 ipsum
811 1845 1024 1912 obtulit,
1061 1853 1122 1900 ut
1145 1845 1450 1916 ignosceret
1476 1831 1764 1911 universis,
1799 1844 2026 1900 dicens:
2058 1843 2120 1899 Si
2223 1849 2344 1894 mus
2371 1840 2533 1896 etiam
2560 1839 2814 1910 haspitali
2842 1842 2895 1896 in
2924 1849 3112 1897 amore
3133 1842 3500 1897 constantiam
3523 1883 3539 1907 ,
3565 1855 3672 1897 nec
3699 1855 3820 1896 coa-

424 2001 437 2013 ,
511 1943 592 1993 me
628 1939 876 2009 queritis,
907 1940 1060 1992 sinite
1089 1939 1181 1993 nos
1205 1937 1346 1992 abire
1370 1937 1388 2010 (
1413 1936 1573 1992 lauri.
1598 1945 1752 2004 xvnt,
1786 1937 1820 1993 8
1843 1935 1885 2011 ).
1921 1937 1990 1992 Et
2016 1938 2119 1992 alio
2148 1923 2197 1999 Β
2227 1931 2380 1986 litam
2402 1933 2659 1987 amicitiae
2687 1933 3147 1990 necessitudinem
3175 1934 3335 1989 facile
3360 1935 3704 1990 resolvantus
3726 1939 3824 2000 ;.ut

514 2031 568 2086 bi
610 2030 776 2086 habes
821 2029 943 2101 quia
989 2046 1110 2086 cum
1154 2032 1383 2101 apostoli
1427 2032 1603 2102 ignem
1646 2031 1714 2086 de
1753 2031 1894 2086 cutio
1935 2035 2121 2101 petere

515 2121 738 2190 Vellent,
772 2131 830 2177 ut
872 2123 1216 2179 ronSumeret
1241 2124 1634 2191 Samaritanus,
1663 2123 1754 2194 qui
1785 2123 1968 2178 Jesum
2014 2123 2121 2179 Do-

519 2206 720 2274 minnm
771 2215 910 2272 intra
957 2218 1231 2273 civitatem
1286 2230 1436 2273 suam
1495 2219 1736 2286 recipere
1791 2218 2117 2274 noiuerum:

519 2307 805 2368 Conversus
842 2313 1122 2384 increpavit
1155 2312 1299 2377 illas,
1340 2320 1396 2366 et
1421 2312 1496 2365 ait
1525 2329 1538 2366 :
1575 2310 1802 2366 Nescitis
1832 2315 1979 2384 cujus
2008 2311 2120 2383 spi-

519 2407 652 2461 ritus
678 2407 838 2472 estis;
871 2403 1044 2459 Filius
1073 2407 1207 2459 enim
1239 2405 1457 2460 hominis
1488 2421 1590 2459 non
1613 2405 1749 2459 venit
1773 2406 1976 2458 animus
1999 2420 2119 2474 per-

517 2497 638 2554 dm
675 2497 957 2562 hominum,
990 2495 1082 2552 sed
1108 2497 1275 2552 salvas
1300 2497 1469 2568 facere
1495 2495 1513 2569 (
1539 2493 1668 2550 Luc.
1699 2504 1774 2561 is,
1817 2494 1888 2550 55
1912 2507 1959 2551 et
1983 2494 2116 2568 56).

592 2585 683 2645 iii.
727 2588 1091 2644 Perfectiores
1114 2599 1248 2661 ergo
1271 2591 1393 2645 sine
1419 2590 1570 2659 virga
1597 2587 1942 2660 diriguntur,
1971 2590 2123 2646 infir-

520 2684 725 2739 miores
760 2691 884 2739 cum
915 2681 1110 2740 baculo
1141 2683 1488 2738 manducant.
1531 2682 1640 2739 Sed
1670 2691 1728 2738 et
1768 2683 1968 2738 Paulus
2008 2685 2120 2739 vir-

520 2792 644 2848 gam
674 2776 892 2846 Quidam
937 2777 1172 2830 ntinatur
1203 2794 1217 2829 :
1246 2775 1340 2830 sed
1375 2777 1429 2830 in
1459 2777 1655 2846 spiritu
1686 2775 2124 2833 mansuetudinis

521 2869 708 2926 visitat
751 2867 1154 2940 delinquentes.
1209 2868 1457 2938 Denique
1497 2877 1552 2923 ut
1597 2869 1740 2924 scias
1779 2870 1966 2926 mitem
2001 2878 2126 2926 esse

489 2977 496 2980 ’
522 2962 804 3018 doctorem
824 3003 838 3025 ,
863 2975 1054 3016 eorum
1083 2962 1329 3032 ipsorum
1359 2964 1497 3032 quos
1522 2962 1728 3032 arguit,
1763 2963 2001 3017 consulit
2025 2976 2122 3017 vo-

524 3057 788 3110 luntatem
826 3055 1004 3120 :Quid
1053 3054 1237 3120 uultis,
1273 3055 1480 3125 inquit,
1523 3056 1578 3109 in
1624 3057 1772 3129 uirga
1817 3059 2015 3112 ueniam
2055 3057 2126 3112 ad

527 3164 634 3212 vos,
660 3161 727 3200 an
751 3147 806 3200 in
829 3147 1081 3200 charitate
1105 3156 1154 3200 et
1181 3149 1369 3218 spiritu
1397 3150 1807 3204 mansuetudinis
1824 3151 1868 3224 (Ι
1891 3152 2012 3207 Cor.
2045 3165 2117 3220 tv,

523 3241 663 3304 ﬁt)?
691 3240 873 3297 Semel
900 3241 1107 3311 virgam
1138 3241 1304 3307 dixit,
1335 3242 1417 3297 his
1446 3244 1664 3298 mitiora
1691 3241 1952 3315 subjecit,
1985 3246 2122 3316 adji-

2228 2026 2375 2096 p‘ucis
2396 2029 2752 2106 praeferamus
2776 2028 3024 2083 nuntium
3047 2069 3062 2095 ,
3093 2038 3152 2083 ut
3181 2030 3297 2098 ipse
3319 2027 3524 2098 primus
3545 2027 3824 2098 ingressus

2226 2121 2375 2190 pacis
2412 2120 2798 2178 benedictione
2835 2121 3141 2196 celebretur
3170 2139 3184 2179 :
3217 2124 3339 2179 cibo
3370 2131 3608 2195 potuque
3641 2123 3824 2180 oblato

2225 2224 2480 2287 oportere
2509 2227 2608 2272 nos
2649 2230 2775 2273 esse
2807 2228 3126 2287 contentus,
3157 2218 3362 2274 vexilla
3393 2218 3521 2273 fidei
3559 2231 3668 2272 non
3705 2233 3823 2288 pres

2226 2309 2447 2378 menda,
2476 2319 2530 2366 et
2560 2305 2712 2381 regni
2733 2311 2970 2368 scelestis
2999 2312 3356 2383 Etangelium
3387 2310 3822 2382 praedicandum,

2225 2403 2613 2459 excutiendum
2644 2404 2711 2460 de
2734 2406 2966 2476 pedibus
2995 2405 3302 2476 pulverem,
3338 2405 3386 2460 si
3411 2405 3538 2476 quis
3558 2402 3825 2473 recipiens

2225 2495 2325 2552 dos
2345 2496 2582 2554 civitatis
2616 2498 2855 2569 ltOSpitio
2890 2515 2996 2555 non
3032 2499 3322 2570 putaverit.
3414 2554 3425 2566 ,

2299 2589 2388 2645 65.
2433 2590 2616 2662 (Vers.
2667 2590 2882 2664 ts-st.)
2937 2593 3296 2648 Doeetctiam
3351 2591 3595 2663 graviori
3654 2603 3826 2663 piens

2226 2686 2494 2742 obnoxios
2552 2685 2672 2743 fore
2723 2689 2813 2760 qui
2865 2688 3221 2758 Evangelium
3271 2697 3380 2743 non
3449 2687 3824 2758 sequendum,

2226 2789 2389 2852 quam
2429 2781 2520 2852 qui
2564 2780 2768 2854 Legem
2810 2782 3182 2852 judicarerint
3211 2791 3333 2838 esse”
3357 2782 3682 2839 solvendam
3717 2797 3730 2847 ;
3761 2797 3827 2838 eo

2228 2871 2372 2942 quod
2399 2872 2575 2945 Tyrus
2603 2884 2660 2931 et
2682 2875 2855 2931 Sidon
2874 2877 2919 2930 si
2945 2885 3090 2930 tanta
3122 2878 3501 2946 operatiouutn
3522 2877 3825 2932 ctelestium

2228 2967 2496 3022 vidissent
2520 2969 2780 3024 miracula
2800 3010 2813 3036 ,
2847 2983 2954 3024 non
2982 2968 3364 3039 despexissent
3384 2971 3688 3025 remedium
3717 2979 3828 3038 pte-

2230 3060 2489 3116 uitemize.
2532 3059 2697 3117 Istam
2733 3077 2950 3132 quoque
2987 3055 3069 3117 ve‘i
3097 3061 3434 3118 affluentiam
3461 3063 3545 3118 Vel
3591 3063 3828 3118 insolen-

2232 3155 2362 3209 tia‘tn
2403 3155 2725 3211 saecularem
2777 3167 2955 3226 neque
2993 3156 3200 3212 caelesti
3248 3156 3456 3212 mu'neri
3502 3167 3827 3227 comparan-

2233 3252 2355 3306 dant
2383 3292 2398 3312 ,
2436 3266 2611 3321 neque
2659 3265 2849 3306 rursus
2898 3251 3017 3305 sine
3048 3250 3296 3306 remedio
3334 3250 3676 3322 derelinqui,
3710 3263 3828 3305 cum

525 3337 678 3391 ciens
702 3334 1172 3389 mansuetudinem
1198 3334 1475 3392 charitati.
1500 3336 1656 3392 Prius
1680 3348 1858 3395 tamen
1887 3341 2126 3398 minatus
2154 3341 2197 3402 C
2233 3345 2524 3412 unicuique
2554 3343 2627 3398 sit
2655 3343 2960 3398 subsidium
2990 3343 3317 3410 ρωιιῑιοιιόιι
3367 3344 3653 3400 Postremo
3700 3359 3827 3407 ape-

524 3441 610 3487 εει
649 3430 890 3499 virgam,
923 3430 1020 3484 scd
1063 3429 1310 3484 e‘xhihuit
1341 3432 1816 3488 mansuetudinem
1851 3449 1866 3500 ;
1906 3445 2029 3489 nam
2073 3437 2126 3490 in

524 3523 764 3578 secunda
794 3521 1023 3591 epistola
1051 3520 1116 3576 ad
1145 3522 1372 3578 eosdem
1393 3520 1709 3578 Corinthios
1734 3527 1984 3582 scribens
2009 3527 2082 3582 ait
2109 3545 2124 3586 :

530 3617 732 3673 Testem
759 3598 928 3671 Deum
971 3616 1153 3671 invoco
1172 3617 1227 3670 in
1251 3616 1480 3671 animum
1505 3629 1669 3673 meum
1692 3663 1706 3686 ,
1738 3620 1878 3692 quod
1903 3627 2126 3692 parcen's

525 3711 670 3765 vobis
696 3725 797 3763 non
833 3710 948 3763 veni
988 3709 1129 3763 ultra
1157 3709 1464 3765 Corinthum
1492 3707 1572 3784 (ll
1599 3711 1719 3767 Cor.
1759 3729 1806 3782 ι,
1836 3709 1954 3786 25).
1981 3708 2126 3772 Audi

526 3817 632 3874 qua
683 3803 897 3858 ratione
934 3802 1208 3872 putaverit
1238 3817 1361 3859 esse
1393 3805 1724 3874 parcendum
1757 3823 1770 3860 :
1810 3806 1891 3862 Ne
1915 3809 2124 3876 iterum,

523 3898 731 3969 inQuit,
764 3897 818 3952 in
844 3897 1055 3952 tristitia
1080 3899 1304 3952 uenirem
1328 3900 1398 3952 ad
1425 3903 1511 3954 uos
1535 3899 1556 3973 (
1578 3900 1624 3955 ll
1652 3901 1770 3958 Cor.
1803 3918 1872 3972 tt,
1907 3902 1986 3975 1).
2018 3904 2128 3961 Ab-

516 3994 655 4064 iecit.
681 3990 913 4062 virgam,
945 4001 1000 4046 et
1027 3990 1282 4048 affectum
1311 3992 1594 4050 charitatis
1630 3998 1943 4068 assumpsit.

593 4084 778 4150 (Vers.
808 4083 895 4154 4.)
936 4082 1002 4138 Et
1027 4085 1280 4139 neminem
1305 4084 1654 4144 salutaveritis
1675 4090 1730 4143 in
1762 4091 1869 4145 cio.

596 4177 689 4234 ϐᾶ.
730 4176 989 4232 Fortasse
1011 4177 1338 4247 quibusdam
1369 4178 1474 4234 hoc
1502 4179 1700 4236 durum
1729 4192 1786 4237 et
1806 4184 2124 4255 superbum,

524 4287 626 4330 nec
652 4267 923 4330 mansueti
950 4276 1007 4324 et
1035 4267 1256 4326 humilis
1290 4271 1504 4328 Domini
1531 4284 1808 4345 praecepto
1832 4278 2128 4336 convenire

519 4367 800 4437 videatur,
829 4371 974 4441 quod
1004 4372 1095 4428 ille
1125 4370 1216 4442 qui
1243 4369 1407 4426 etiam
1441 4368 1804 4426 accubitionis
1832 4371 1959 4426 loco
1988 4383 2128 4440 prius

519 4463 666 4534 cepit
700 4469 824 4520 esse
859 4457 1163 4521 cedendum
1185 4508 1201 4532 ,
1233 4463 1338 4519 hoc
1378 4465 1498 4520 loco
1533 4463 1756 4519 mandet
1797 4455 2120 4535 discipulis:

524 4555 798 4612 Neminem
841 4557 1190 4613 salutaveritis
1227 4557 1282 4611 in
1319 4553 1402 4611 ulti
1432 4555 1588 4629 (Luc.
1621 4571 1650 4610 x
1670 4599 1684 4624 ,
1717 4548 1778 4628 4)
1809 4567 1823 4622 ;'
1854 4565 1975 4611 cuin
2022 4557 2126 4614 iste

2233 3437 2302 3492 rit
2337 3439 2564 3493 caeleste
2607 3437 2962 3508 mysterium,
2991 3437 3139 3508 quod
3171 3437 3433 3507 placuerit
3478 3438 3594 3494 Deo
3627 3444 3684 3492 ut
3716 3453 3831 3506 par-

2233 3530 2373 3584 vulis
2416 3531 2586 3600 magis
2624 3543 2785 3599 quam
2835 3530 3190 3598 prudentibus
3238 3525 3397 3585 istius
3443 3520 3632 3586 mundi
3680 3545 3827 3586 suam

2231 3622 2462 3693 gratiam
2489 3623 2779 3677 reVelaret.
2806 3622 2962 3690 Quod
3007 3624 3292 3692 aposwlus
3322 3620 3520 3679 Paulus
3549 3625 3695 3696 st'ylo
3724 3627 3832 3695 ple-

2233 3705 2387 3770 niore
2418 3714 2643 3786 digessit
2670 3716 2857 3771 dicens
2894 3731 2906 3770 :
2945 3715 3132 3770 Nonne
3173 3718 3387 3771 stultam
3419 3719 3539 3789 fecit
3566 3710 3711 3774 Deus
3747 3737 3829 3773 sa-

2233 3807 2478 3877 pientiam
2501 3807 2663 3878 'hujus
2689 3807 2913 3862 mundi?
2939 3807 3080 3862 Nam
3107 3809 3347 3879 quoniam
3371 3811 3424 3864 in
3453 3807 3552 3864 Dei
3582 3812 3830 3880 sapientia

2232 3915 2334 3954 non
2374 3899 2610 3970 cognovit
2660 3897 2744 3953 Itic
2772 3901 2998 3954 mundus
3028 3917 3118 3971 per
3143 3901 3451 3971 sapientium
3481 3900 3678 3971 Deam,
3724 3905 3831 3974 ple-

2229 3994 2336 4048 euit
2360 3992 2470 4048 Deo
2494 4009 2586 4064 per
2608 3992 2886 4047 stultitiam
2915 3993 3302 4065 prwdicatianis
3331 3995 3500 4050 salsos
3529 3999 3704 4068 facere
3728 4011 3831 4049 cre-

2210 4087 2407 4141 ‘dentes
2437 4085 2492 4154 (Ι
2521 4083 2645 4141 Cor.
2677 4101 2728 4154 ι,
2751 4085 2826 4141 20
2853 4095 2899 4139 et
2924 4085 3040 4158 21).
3113 4077 3120 4084 ”

2303 4179 2392 4236 66.
2436 4179 2727 4235 Parvulum
2769 4195 2900 4251 ergo
2943 4179 3306 4251 accipiamus,
3352 4181 3444 4251 qui
3487 4195 3548 4237 se
3591 4181 3827 4238 exaltare

2233 4289 2341 4328 nun
2375 4273 2622 4340 noverit,
2653 4279 2707 4327 et
2755 4271 3071 4343 phaleratis
3101 4271 3447 4328 sermonibus
3495 4284 3672 4329 artem
3723 4285 3826 4328 sua:

2227 4364 2437 4436 jactare
2462 4364 2786 4435 prudentiae,
2817 4365 2960 4436 qttod
2989 4365 3300 4437 philosophi
3329 4367 3577 4439 plerique
3609 4369 3822 4423 faciunt.

2231 4456 2502 4512 Parvulus
2547 4467 2666 4512 erat
2714 4457 2806 4529 qui
2853 4457 3040 4514 dixit:
3077 4457 3310 4525 Domine,
3371 4475 3473 4514 non
3520 4470 3594 4514 est
3633 4461 3826 4514 exalta-

2231 4559 2341 4605 tum
2390 4568 2478 4605 cor
2518 4565 2720 4619 meum,
2789 4566 2951 4622 neque
2999 4552 3120 4606 elati
3161 4562 3277 4607 sunt
3324 4552 3462 4606 oculi
3505 4553 3635 4621 mei,
3675 4568 3827 4623 neque

520 4654 827 4709 communis
848 4656 920 4709 sit
951 4667 1085 4709 usus
1108 4652 1320 4724 gratiae.
1346 4651 1439 4707 Sic
1463 4651 1752 4706 interiores
1779 4652 2123 4722 superiorum
2229 4643 2488 4698 ambulavi
2514 4644 2570 4698 in
2610 4645 2849 4717 magnis.
2884 4659 3044 4714 neque
3086 4645 3140 4697 in
3185 4643 3506 4699 mirabilibus
3557 4660 3716 4716 super
3755 4659 3828 4698 me

523 4745 627 4801 sibi
675 4739 916 4802 favorem
944 4739 1237 4804 conciliare
1266 4753 1690 4802 consueverunt.
1722 4744 1967 4803 Gentiles
1991 4738 2407 4817 duo-D(Psal.
2449 4755 2623 4806 cxxx,
2667 4741 2734 4810 i).
2783 4738 2853 4794 Et
2881 4748 2939 4794 ut
2980 4738 3151 4795 scires
3200 4740 3503 4810 parvulum.
3534 4739 3679 4794 hunc
3723 4751 3827 4794 nou

520 4830 624 4920 que
668 4856 790 4897 cum
835 4841 1161 4920 Christianis
1206 4841 1409 4896 habent
1453 4839 1767 4912 hujusmodi
1817 4839 2123 4896 officiorum
2227 4843 2417 4900 aetate,
2473 4849 2580 4890 non
2640 4827 2805 4889 sensu
2858 4833 3064 4902 fuisse,
3107 4834 3205 4890 sed
3260 4833 3570 4889 humilitate
3619 4841 3829 4899 sua,et

520 4919 875 4992 cuminercia.
911 4919 1196 5002 Quomodo
1225 4934 1485 4989 Dominus
1514 4933 1657 4989 hune
1681 4947 1838 4988 usum
1867 4931 2123 4988 humani-

525 5026 650 5081 tatis
675 5024 901 5080 avellit?

589 5110 680 5175 65.
721 5115 829 5174 Sed
852 5110 1134 5175 considera
1165 5135 1272 5173 non
1306 5117 1412 5174 hoc
1442 5132 1567 5174 esse
1597 5115 1774 5171 soltim
1802 5137 1815 5171 :
1843 5117 2120 5174 Neminem

517 5203 863 5268 salutaveritis
897 5233 910 5270 :
945 5213 1040 5270 sed
1073 5230 1180 5269 non
1220 5205 1423 5269 frustra
1463 5211 1741 5278 additum,
1771 5197 1838 5268 ln
1880 5214 1985 5268 via.
2023 5215 2125 5270 fle-

519 5307 685 5375 nique
714 5314 770 5362 et
801 5306 1030 5362 Elisatus
1056 5307 1075 5378 (
1101 5306 1165 5361 IV
1194 5305 1320 5378 Reg.
1357 5321 1412 5361 tv
1431 5344 1446 5372 ,
1473 5305 1568 5376 ‘29)
1597 5320 1722 5361 eum
1745 5305 1986 5362 mitteret
2006 5319 2124 5362 ser-

517 5395 644 5452 vtin‘t
673 5397 831 5455 suam
857 5440 870 5465 ,
906 5397 962 5455 tit
1009 5395 1264 5455 baculum
1292 5399 1412 5469 ejus
1456 5397 1683 5467 poneret
1725 5400 1888 5469 supra
1919 5401 2121 5470 corpus

512 5481 757 5547 defuncti
787 5492 980 5562 pueri,
1013 5487 1291 5547 mandavit
1316 5493 1366 5548 ei
1399 5507 1466 5545 ne
1498 5490 1550 5546 in
1588 5487 1670 5546 via
1698 5491 1936 5564 aliquem
1971 5493 2122 5549 salu-

581 5655 606 5683 α
630 5646 774 5702 Edit.
795 5647 1017 5702 Amerb.
1041 5662 1164 5700 cum
1187 5647 1316 5701 mss.
1343 5661 1450 5701 non
1475 5641 1684 5714 paucis,
1707 5645 1799 5700 sed
1819 5649 2110 5718 pulchrior,

507 5734 607 5787 quo
631 5719 879 5773 maturior
903 5719 1166 5773 exsecutio
1191 5719 1502 5772 diuinorum.
1522 5717 1674 5785 Era.,
1693 5718 1818 5773 Gill.
1845 5733 1908 5774 ac
1929 5719 2110 5787 Rom.,

508 5791 598 5862 sed
612 5807 670 5844 eo
682 5789 969 5859 pulchrior,
982 5807 1081 5862 quo
1095 5802 1471 5862 praceptorum
1484 5789 1735 5862 maturior
1751 5792 2008 5846 exsecutio
2032 5791 2113 5845 di-

509 5859 759 5940 uinorum.
802 5863 904 5918 Alii
947 5859 1104 5920 nt'ss.'
1131 5862 1226 5940 qui
1270 5873 1327 5918 et
1372 5870 1512 5921 nota:
1559 5861 1916 5936 probatioris,
1948 5871 2008 5920 ut
2055 5863 2109 5920 in

516 5939 682 5990 textu.

2226 4927 2458 4999 quatiant
2481 4927 2846 4984 declinatione
2867 4925 3147 4996 iactantiae
3165 4967 3180 4993 ,
3206 4926 3413 4982 addidit
3439 4944 3451 4979 :
3478 4927 3586 4982 Sed
3608 4927 3828 4982 exaltari

2224 5025 2452 5076 animam
2475 5037 2643 5076 meam
2676 5020 2842 5092 (Ibid.
2866 5021 2978 5091 ,2).
3015 5021 3175 5076 Vides
3202 5035 3365 5092 quam
3396 5020 3648 5076 excelsus
3671 5019 3828 5075 fuerit

2228 5116 2317 5172 hic
2350 5115 2607 5187 parvulus
2625 5157 2639 5182 ,
2664 5123 2869 5187 quanto
2896 5115 3157 5169 virtutum
3186 5111 3434 5170 sublimis
3457 5113 3709 5170 vertice?
3733 5101 3828 5168 Ta-

2227 5191 2306 5265 les
2352 5226 2453 5266 nos
2499 5209 2760 5280 parvulos
2796 5207 2910 5262 vult
2960 5223 3084 5265 esse
3115 5208 3450 5279 Apostolus,
3480 5223 3606 5263 cum
3654 5205 3823 5263 dicit:

2227 5302 2288 5358 Si
2330 5306 2446 5374 quis
2475 5303 2677 5357 videtur
2700 5304 2905 5373 sapiens
2934 5319 3044 5357 esse
3072 5303 3204 5357 inter
3229 5317 3317 5356 vos
3357 5302 3408 5355 in
3446 5299 3546 5355 hoc
3595 5303 3785 5356 sceulo
3807 5337 3823 5367 ,

2223 5395 2409 5450 stultus
2431 5395 2523 5462 ﬁat
2541 5435 2556 5462 ,
2583 5403 2639 5448 ut
2666 5395 2728 5448 sit
2757 5395 2962 5464 sapiens
2988 5411 3006 5460 ;
3035 5395 3292 5464 sapientia
3311 5395 3446 5448 enim
3468 5393 3630 5467 hujus
3650 5392 3824 5449 s’wculi

2218 5487 2443 5544 stultitia
2469 5497 2543 5543 est
2571 5483 2712 5559 apud
2736 5475 2899 5543 Deum
2920 5475 2981 5559 (l
3008 5487 3128 5543 Cor.
3164 5504 3260 5558 tn,
3289 5487 3355 5544 18
3382 5497 3429 5542 ει
3459 5475 3571 5559 19).

2293 5645 2320 5685 ι’
2368 5645 2572 5701 Omnes
2621 5646 2782 5711 edit..
2814 5647 2909 5702 illa
2960 5649 3200 5703 moralia.
3249 5647 3453 5704 Omnes
3505 5649 3820 5715 mss.,illttrl

2223 5719 2470 5791 (unicus,
2501 5717 2617 5791 illa)
2647 5719 2807 5774 uirtus
2837 5719 2964 5774 alia.
2995 5719 3143 5775 ldotn
3170 5731 3253 5775 est
3280 5730 3460 5775 autem
3488 5735 3553 5774 ac
3593 5721 3638 5773 si
3681 5720 3821 5789 lege-

2223 5790 2370 5852 retur
2394 5831 2408 5853 ,
2446 5790 2581 5864 illud
2606 5792 2669 5844 de
2705 5807 2806 5862 quo
2832 5793 2951 5864 jam
2986 5793 3243 5860 dicemus,
3273 5792 3342 5848 ad
3387 5791 3547 5853 aliam
3585 5792 3818 5853 uirtutem

2219 5863 2547 5940 referendum
2572 5874 2667 5926 est.
