4186 6358
336 326 475 383 1717

1301 320 1670 382 exrosmo
1708 322 1964 384 nunc.
2002 312 2148 382 Sec.
2191 312 2345 384 LUC.
2389 327 2519 384 LIB.
2556 327 2666 383 vn.

3494 322 3635 380 1718

398 428 490 496 61.
535 436 717 511 (Vera.
746 436 866 507 22.)
898 436 1312 493 Pulcherrimus
1337 436 1677 492 connectitur
1721 434 1789 492 de
1820 434 1925 493 ﬁde
1952 438 2001 499 Α
2030 440 2253 493 servare
2278 440 2440 509 quani
2465 438 2721 504 vincere,
2756 434 3063 493 Meretricis
3092 433 3245 507 prius
3282 426 3506 490 mandat
3548 438 3635 490 sa-

329 535 513 600 locus,
546 528 767 605 quando
811 532 992 585 omnia
1020 531 1123 585 sibi
1157 530 1356 585 tradita
1387 528 1519 585 dicit
1541 544 1572 584 a
1603 528 1764 585 Patre
1807 540 1926 585 suo.

326 627 462 683 Cum
495 627 671 681 omnia
708 625 871 696 legis,
904 625 1338 693 omnipotentem
1379 625 1663 695 agnoscis,
1698 638 1805 677 non
1836 624 1933 678 de.-

326 722 601 785 colorem,
636 735 742 775 non
772 720 1098 781 degenerem
1130 718 1309 773 Patris
1340 736 1353 771 :
1386 734 1508 773 cum
1540 719 1733 772 tradita
1764 718 1927 789 legis,

328 816 528 871 Filium
582 806 889 879 conﬁteris,
930 813 1017 866 cui
1072 826 1169 882 per
1224 820 1473 866 naturam
1532 813 1717 866 omnia
1769 812 1931 867 unius

325 908 647 966 substantia:
671 908 794 976 iure
822 905 929 962 sint
968 906 1219 977 propria,
1255 921 1364 960 non
1408 904 1554 960 dono
1593 905 1793 961 collata
1835 919 1931 976 per

322 1003 580 1074 gratiam.
612 1000 835 1056 Addidit
865 1018 879 1055 :
1862 1024 1863 1027 η

395 1093 591 1168 (lbid.)
632 1094 804 1149 Nemo
834 1095 929 1149 scit
974 1095 1091 1161 quis
1136 1104 1208 1150 est
1257 1093 1433 1148 Filius
1458 1136 1472 1159 ,
1506 1096 1605 1149 nisi
1644 1093 1803 1149 Pater
1834 1110 1852 1149 :
1884 1105 1933 1151 et

323 1190 438 1258 quis
474 1198 550 1243 est
580 1187 739 1243 Pater
759 1228 774 1256 ,
806 1189 911 1243 nisi
948 1185 997 1239 F
1002 1188 1123 1243 ilius
1150 1231 1163 1255 ,
1194 1198 1244 1243 et
1274 1190 1358 1242 cui
1388 1189 1608 1243 valuerit
1640 1186 1813 1245 Filius
1850 1205 1932 1244 re-

326 1283 517 1338 velare.

399 1375 491 1432 68.
532 1374 705 1442 Quem
738 1374 913 1430 locum
946 1375 1000 1429 in
1034 1375 1097 1430 iis
1126 1389 1263 1445 quos
1292 1374 1361 1430 de
1390 1374 1523 1430 Fide
1551 1374 1745 1447 scripsi
1775 1376 1931 1431 libel-

324 1468 415 1536 iis,
463 1468 682 1523 memini
726 1478 831 1522 tto"
865 1482 989 1523 esse
1031 1468 1369 1538 prmteritum
1406 1464 1541 1539 (Lib.
1582 1482 1634 1523 tv
1664 1470 1727 1522 de
1756 1465 1923 1537 Fide,

321 1577 439 1631 cap.
474 1560 555 1631 6).
589 1560 656 1617 Ut
685 1561 826 1616 scias
850 1571 1031 1617 autem
1063 1560 1188 1631 quia
1212 1561 1355 1615 sicut
1378 1560 1549 1616 Filius
1573 1561 1786 1616 Patrem
1812 1563 1931 1632 qui-

323 1655 426 1709 bus
465 1656 587 1709 vult
635 1654 876 1724 revelat,
907 1656 1071 1709 etiam
1121 1653 1534 1711 Pater‘revelat
1576 1656 1770 1725 quibus
1816 1658 1930 1711 vult

323 1747 521 1803 Filium
542 1788 559 1815 ,
589 1748 719 1803 audi
749 1748 1024 1803 dicentem
1056 1747 1229 1819 ipsum
1260 1746 1551 1801 Dominum
1580 1747 1764 1802 .lesum
1802 1758 1925 1803 cum

2037 532 2203 586 lutem
2234 574 2247 596 ,
2282 546 2441 601 quam
2487 530 2757 587 excidium
2804 528 3044 587 civitatis
3077 547 3092 586 :
3125 524 3407 599 religienis
3452 528 3636 584 autem

2038 624 2266 695 insignia
2307 636 2455 679 arma
2496 631 2622 679 sunt
2664 622 2990 679 sacerdotis.
3023 621 3143 678 Jam’
3190 617 3321 675 illud
3353 621 3475 690 quis
3526 632 3637 676 non

2037 718 2257 791 plenum
2286 729 2437 789 putet
2460 734 2586 775 esse
2614 716 2900 781 miraculi,
2930 717 3076 789 quod
3100 730 3166 772 ex
3189 723 3298 770 tota
3323 712 3459 770 urbe
3480 716 3645 769 uenio

2038 822 2289 871 servatus
2320 822 2439 882 est,
2476 814 2578 869 nisi
2606 820 2767 885 quem
2798 814 3057 868 meretris
3088 809 3385 866 liberavit?

2108 911 2197 966 75.
2244 910 2369 965 lltec
2410 909 2677 979 simplicis
2726 907 2953 961 historia
3005 905 3252 960 veritatis
3282 911 3367 959 εει
3398 921 3410 956 :
3442 916 3566 974 quae
3592 903 3637 958 sl

2036 1005 2199 1059 altius
2229 1002 2639 1067 consideretur,
2661 999 2980 1056 admiranda
3005 999 3185 1070 signat
3205 998 3485 1070 mysteria.
3514 998 3662 1054 liiei‘

2035 1097 2189 1154 richo
2220 1098 2365 1152 enim
2391 1097 2559 1167 ﬁgura
2583 1095 2739 1149 istius
2764 1092 2951 1147 mundi
2979 1100 3093 1155 est,
3124 1091 3177 1145 in
3197 1104 3358 1161 quam
3389 1090 3457 1145 de
3480 1105 3638 1161 para-

2035 1192 2185 1257 diso,
2222 1191 2323 1246 hoc
2378 1197 2497 1256 est,
2529 1188 2598 1243 de
2648 1187 2984 1243 Hierusalem
3040 1185 3136 1240 illa
3180 1184 3391 1241 etnlesti
3430 1183 3638 1255 ejecttts

2035 1285 2207 1339 Adam
2262 1282 2729 1354 praevaricationis
2782 1280 3128 1351 prolapsione
3176 1277 3497 1343 descendit,
3532 1276 3635 1331 hoc

2034 1387 2117 1433 est
2137 1419 2151 1442 ,
2184 1376 2252 1432 de
2281 1376 2538 1431 vitalibus
2566 1373 2593 1413 1³
2624 1374 2690 1428 ad
2737 1373 2952 1427 inﬁrma
3000 1371 3316 1441 demigrans
3347 1386 3359 1423 ε
3388 1372 3473 1424 eui
3524 1382 3631 1424 non

2034 1471 2140 1526 loci
2162 1513 2176 1537 ,
2210 1471 2304 1526 sed
2330 1485 2540 1524 morum
2571 1468 2802 1523 mutatio
2832 1470 3041 1522 naturae
3071 1476 3183 1519 suae
3210 1465 3335 1519 fecit
3359 1463 3632 1519 exsiliunt.

2033 1565 2219 1634 Longe
2268 1564 2411 1618 enim
2464 1570 2703 1617 mutatus
2748 1561 2816 1616 ab
2864 1560 2955 1615 illo
3000 1558 3205 1621 Adam,
3249 1559 3339 1628 qui
3373 1555 3635 1611 inoiiehsa

2033 1658 2372 1717 beatitudine
2401 1654 2683 1714 fruebatur
2707 1699 2720 1721 ,
2749 1656 2838 1711 ubi
2880 1655 2933 1709 in
2976 1652 3257 1709 saecularia
3284 1658 3508 1722 peccata
3544 1650 3640 1705 de-

2034 1756 2225 1821 ﬂuxit,
2266 1754 2460 1811 incidit
2501 1754 2552 1808 in
2603 1751 2848 1807 latrones
2878 1768 2891 1804 :
2924 1752 2977 1803 in
3004 1760 3142 1820 quos
3174 1756 3281 1803 non
3312 1745 3599 1801 incidisset
3622 1785 3637 1811 ,

322 1840 571 1895 laudaret
593 1839 813 1896 Petrum
834 1883 847 1905 ,
875 1842 1018 1913 quod
1042 1852 1168 1896 eum
1198 1839 1397 1895 Filium
1435 1841 1531 1896 Dei
1560 1848 1683 1897 esse
1714 1840 1927 1897 confes-

2035 1853 2139 1907 nisi
2163 1852 2246 1906 his
2270 1850 2507 1905 mandati
2531 1848 2772 1905 caelestis
2793 1846 2983 1902 devius
3005 1858 3064 1900 se
3082 1843 3299 1899 iecisset
3319 1842 3636 1899 obnoxium.

321 1949 416 1988 sus
456 1934 573 1989 sit:
604 1932 800 1987 Beatus
845 1948 897 1988 es
922 1974 937 2000 ,
984 1934 1165 1988 Simon
1197 1932 1463 2007 Barjona,
1501 1937 1621 2003 quia
1666 1948 1767 1987 non
1805 1949 1926 1987 caro

321 2037 371 2081 et
417 2029 631 2097 sanguis
658 2028 901 2082 reuelauit
922 2027 1016 2082 tibi
1036 2068 1051 2095 ,
1085 2028 1174 2083 sed
1215 2027 1380 2083 Pater
1409 2042 1551 2082 meus
1594 2028 1681 2097 qui
1709 2028 1761 2080 in
1789 2027 1928 2082 ctelis

321 2130 399 2175 est
424 2119 643 2194 (Matth.
674 2137 794 2189 xvt,
827 2122 939 2193 17).

400 2212 610 2287 1427
650 2213 740 2269 69.
783 2213 965 2286 (Vers.
990 2212 1115 2285 25.)
1146 2213 1407 2269 Adbteret
1431 2214 1514 2269 his
1536 2214 1734 2281 lectio,
1767 2224 1794 2253 ⁸
1823 2228 1931 2286 qua

320 2318 668 2378 exponuntur
692 2308 749 2362 hi
770 2310 859 2379 qui
882 2308 986 2363 sibi
1017 2308 1314 2379 legisperiti
1340 2310 1624 2377 videntur,
1650 2310 1742 2382 qui
1764 2312 1928 2368 'verba

323 2401 725 2472 LegiStenent,
754 2403 866 2456 vim
896 2402 1058 2473 Legis
1088 2403 1343 2473 ignorant
1376 2421 1389 2458 :
1423 2414 1477 2459 et
1508 2418 1573 2459 ex
1607 2407 1727 2476 ipso
1754 2406 1930 2476 primo

324 2496 485 2567 Legis
531 2495 771 2565 capitulo
822 2496 983 2553 docet
1028 2511 1152 2553 esse
1197 2497 1359 2568 Legis
1410 2498 1658 2570 ignaros,
1693 2488 1930 2571 probans

322 2590 466 2661 quod
497 2590 552 2645 in
588 2590 857 2661 principio
888 2593 1071 2646 statim
1124 2592 1237 2648 Lex
1277 2604 1331 2647 et
1372 2593 1589 2650 Patrem
1634 2604 1689 2651 et
1731 2596 1928 2653 Filium

322 2684 737 2755 praedicaverit,
784 2686 1178 2743 incarnationis
1226 2703 1440 2760 quoque
1493 2688 1785 2746 Dominiea:
1833 2707 1931 2747 an;

322 2779 656 2834 nuntiaverit
686 2791 1127 2849 sacramentum,
1157 2780 1346 2837 dicens
1378 2798 1391 2835 :
1421 2779 1623 2854 Diliges
1645 2781 1931 2839 Dominum

322 2869 486 2924 Deum
512 2880 748 2925 Μυκη..
768 2870 836 2926 Ει
860 2871 1047 2943 diliges
1070 2875 1364 2943 proximum
1386 2884 1531 2929 tuum
1547 2876 1677 2929 sicut
1695 2883 1742 2930 te
1756 2875 1929 2946 ipsum

322 2961 502 3034 (Deut.
537 2979 591 3018 vr
612 3006 625 3029 ,
670 2963 748 3037 5).

395 3057 483 3113 70.
529 3056 712 3129 (Vers.
754 3056 873 3133 28.)
924 3057 1081 3115 Unde
1123 3060 1386 3115 Dominus
1417 3061 1495 3115 ait
1523 3060 1589 3115 ad
1639 3060 1928 3131 legisperi—

324 3159 433 3204 tum
456 3169 469 3204 :
496 3149 617 3205 Hoc
638 3148 745 3223 fac,
769 3162 816 3205 et
842 3152 998 3207 cives.
1023 3156 1091 3208 At
1122 3154 1215 3209 ille
1234 3156 1326 3225 qui
1357 3156 1593 3211 nesciret
1617 3156 1925 3225 proximum

2032 1946 2131 2011 Qui
2162 1954 2288 1998 sunt
2310 1943 2396 1998 isti
2432 1944 2695 2007 latrones,
2725 1940 2828 1994 nisi
2869 1937 3041 2009 angeli
3073 1936 3247 1991 noctis
3292 1943 3457 2006 atque
3484 1940 3637 1989 tene-

2031 2038 2276 2101 brarum,
2307 2034 2396 2105 qui
2424 2047 2481 2088 se
2504 2044 2909 2101 nonnumquam
2943 2026 3336 2098 transfigurant
3382 2024 3439 2081 in
3467 2038 3630 2095 ange-

2034 2130 2115 2184 lus
2135 2127 2294 2195 lucis,
2324 2127 2416 2181 sed
2448 2132 2802 2197 pcheverare
2835 2134 2943 2177 non
2982 2116 3250 2192 possunt?
3299 2118 3364 2175 lii
3393 2127 3519 2173 ante
3547 2117 3635 2172 dl-

2034 2223 2271 2293 spoliant
2300 2236 2419 2290 quae
2451 2216 2762 2288 accepimus
2790 2215 3107 2271 ihdutncnta
3133 2211 3324 2284 gratiae
3353 2211 3633 2282 spiritalis,

2034 2325 2088 2370 et
2118 2314 2195 2369 sic
2234 2313 2455 2367 vulnera
2519 2302 2733 2384 1328
2775 2308 2980 2365 inferre
3022 2308 3387 2371 censuerunt;
3420 2318 3545 2360 nam
3591 2306 3637 2359 si

2034 2407 2353 2461 intemerata
2367 2420 2487 2475 quae
2506 2404 2835 2473 sumpsimus
2860 2401 3179 2455 indumcnts
3199 2404 3499 2460 servemus,
3522 2395 3642 2465 pla‘

2026 2515 2130 2570 gas
2188 2496 2456 2552 latronum
2510 2497 2719 2551 sentire
2778 2504 2883 2547 non
2944 2502 3254 2565 possumus.
3309 2489 3451 2545 Cave
3505 2488 3639 2559 ergo

2037 2592 2147 2667 (Cf.
2188 2594 2323 2664 Aug.
2367 2592 2455 2647 lib.
2490 2608 2505 2646 ι
2536 2599 2716 2645 contra
2753 2586 2868 2642 Jul.
2916 2586 3131 2656 Pelag,
3172 2601 3287 2649 cap.
3331 2584 3388 2654 ὃ)
3418 2594 3487 2655 ne
3513 2592 3642 2637 suto

2033 2687 2291 2753 nuderis,
2322 2686 2460 2741 sicut
2485 2685 2657 2740 Adam
2702 2692 2831 2738 ante
2858 2680 3087 2737 nudatus
3116 2688 3230 2745 est,
3259 2677 3497 2733 mandati
3523 2688 3637 2732 cm-

2034 2783 2186 2840 lestis
2207 2780 2452 2839 custodia
2476 2780 2768 2837 destitutus
2788 2820 2803 2846 ,
2827 2786 2882 2833 et
2904 2782 3099 2832 exutus
3128 2774 3253 2829 ﬁdei
3277 2773 3604 2828 vestimento
3622 2813 3635 2835 ,

2032 2886 2088 2936 et
2117 2878 2195 2933 sic
2225 2877 2425 2932 lcthale
2454 2875 2651 2929 vulnus
2681 2870 2891 2943 accepit
2917 2887 2930 2925 :
2956 2872 3009 2925 in
3035 2878 3143 2940 quo
3166 2870 3328 2923 omne
3354 2876 3526 2938 genus
3546 2880 3637 2921 occ

2032 2973 2254 3029 cidisset
2279 2972 2599 3035 humanum,
2629 2967 2735 3023 nisi
2756 2965 3131 3023 Samaritanus
3161 2962 3254 3019 ille
3272 2959 3636 3026 descendetis,

2032 3067 2255 3122 vulnera
2288 3064 2404 3135 eius
2431 3063 2627 3118 acerba
2651 3069 2918 3117 curasset.

2105 3158 2193 3215 74.
2236 3157 2353 3213 Non
2407 3154 2703 3212 mediocris
2756 3152 3314 3216 iSteBamaritanus,
3366 3146 3458 3218 qui
3510 3144 3637 3201 eum

322 3259 481 3299 suum
510 3260 525 3309 ;
559 3246 686 3315 quia
724 3261 833 3300 non
874 3246 1135 3302 credebat
1169 3248 1218 3301 in
1248 3248 1560 3311 Christum,
1592 3244 1875 3319 respondit
1906 3264 1921 3302 :
1952 3242 1999 3314 C
2031 3269 2190 3325 quem
2223 3249 2512 3315 sacerdos,
2542 3256 2707 3319 quem
2740 3246 2902 3302 levita
2936 3244 3297 3313 despexerat,
3330 3244 3437 3294 non
3469 3226 3637 3294 etiam

325 3338 451 3405 Quis
480 3350 553 3393 est
580 3356 722 3393 meus
748 3340 1059 3410 proximus?
1085 3340 1270 3411 Itaque
1299 3342 1389 3410 qui
1413 3340 1690 3395 Christum
1718 3338 1923 3409 nescit,

326 3435 492 3489 nescit
526 3442 582 3488 et
605 3434 824 3505 Legem.
851 3434 1137 3501 Quomodo
1160 3434 1304 3489 enim
1336 3442 1518 3505 potest
1539 3434 1682 3490 scire
1703 3435 1923 3506 Legem,

322 3534 443 3584 cum
469 3528 751 3583 veritatem
782 3527 1018 3598 ignoret,
1033 3543 1153 3583 cum
1173 3527 1286 3582 Lex
1306 3528 1589 3583 aununtiet
1611 3526 1925 3583 veritatem?

392 3622 557 3696 (Vers
585 3622 703 3695 50.)
742 3621 920 3677 Homo
947 3623 1161 3695 quidam
1187 3639 1249 3678 ea.
1282 3622 1616 3680 Hierusalem
1642 3624 1925 3679 descende-

322 3719 404 3772 bat
428 3719 482 3772 in
510 3716 788 3783 Hiericho,
820 3728 869 3772 et
898 3719 1081 3772 incidit
1106 3720 1160 3771 in
1191 3719 1441 3787 latrones.

396 3814 485 3867 71.
532 3811 597 3869 Ut
626 3828 751 3869 eum
784 3813 960 3867 locum
991 3813 1081 3883 qui
1114 3812 1428 3882 propositus
1472 3821 1557 3866 εει
1585 3810 1779 3876 nobis,
1814 3811 1928 3881 pla-

323 3910 446 3964 nius
476 3911 750 3980 possimus
776 3908 1062 3964 absolvere
1083 3949 1097 3974 ,
1130 3920 1373 3964 veterem
1402 3908 1643 3963 civitatis
1670 3906 1929 3963 Hiericho

321 4016 634 4076 repetamus
661 4004 970 4061 historiam.
1003 4005 1346 4061 Meminimus
1378 4006 1557 4075 itaque
1577 4004 1721 4073 quod
1750 4003 1927 4059 Hieri-

322 4101 429 4156 cho
445 4138 458 4165 ,
483 4101 625 4154 sicut
652 4100 879 4168 legimus
904 4100 955 4153 iu
978 4099 1117 4154 libro
1138 4099 1230 4169 qui
1254 4098 1569 4153 inscribitur
1591 4097 1717 4153 lesu
1740 4096 1889 4153 Nave
1908 4137 1922 4163 ,

324 4208 521 4265 magna
566 4194 759 4248 civitas
812 4193 1008 4257 fuerit,
1052 4192 1351 4247 muralibus
1394 4202 1546 4263 septa
1596 4191 1921 4261 parietibus,

323 4303 446 4359 qua:
476 4298 584 4341 non
608 4286 757 4341 ferro
785 4287 965 4356 pervia
986 4326 999 4353 ,
1031 4302 1143 4341 non
1173 4287 1330 4341 arieti
1380 4295 1564 4357 posset
1606 4298 1729 4340 esse
1760 4298 1925 4353 pene-

325 4383 537 4438 trabilis
586 4380 774 4455 (Iosue
802 4398 854 4437 vt
875 4424 889 4449 ,
920 4380 960 4455 ι)
992 4400 1004 4435 :
1036 4378 1089 4437 in
1130 4397 1190 4438 ea
1226 4382 1415 4436 Bhaab
1442 4381 1721 4435 habitasse
1750 4394 1927 4434 mere-

325 4479 515 4533 tricem
539 4492 659 4549 quae
680 4478 1059 4547 exploratores
1082 4492 1223 4548 quos
1243 4475 1445 4532 direxit
1465 4475 1624 4531 lesus
1645 4514 1659 4540 ,
1691 4472 1927 4543 hospitio

2030 3350 2147 3419 ipse
2174 3345 2443 3417 despexit.
2487 3341 2597 3398 Nec
2625 3339 2893 3396 vocabulo
2924 3342 3087 3393 sectte
3132 3333 3441 3405 despicias,
3470 3336 3635 3400 quem

2031 3440 2181 3495 verbi
2214 3435 2667 3507 interpretatione
2704 3431 3032 3495 miraberis;
3065 3425 3395 3485 Samaritsni
3432 3419 3636 3478 etenim

2033 3536 2299 3593 vocabulo
2321 3539 2505 3589 custos
2529 3529 2888 3602 signillcatttr.
2915 3518 3029 3581 Hoc
3052 3524 3213 3578 habet
3234 3517 3629 3590 interpretatio;

2031 3633 2097 3686 Et
2123 3628 2242 3700 quis
2273 3632 2357 3681 cst
2387 3630 2576 3680 ctistos
2600 3666 2613 3688 ,
2644 3621 2747 3677 nisi
2770 3620 2865 3675 ille
2893 3619 2963 3673 de
2993 3628 3103 3688 quo
3134 3612 3335 3670 dictum
3360 3620 3442 3667 est
3467 3627 3480 3664 :
3506 3608 3627 3665 Gus-

2029 3725 2235 3783 todiens,
2259 3721 2502 3793 parvulos
2535 3714 2975 3787 Dominus(Psal.
2995 3726 3120 3767 cxtv
3141 3752 3156 3777 ,
3186 3708 3285 3781 6)?
3318 3708 3503 3786 Itaque
3529 3702 3636 3759 sio-

2029 3827 2083 3874 ut
2122 3816 2340 3873 Judzeus
2379 3814 2517 3868 alius
2554 3812 2607 3866 in
2652 3812 2857 3875 littera,
2916 3806 3054 3861 alius
3096 3804 3149 3859 iu
3194 3802 3390 3875 spiritu
3422 3817 3435 3854 :
3470 3799 3543 3855 ita
3581 3808 3637 3853 et

2031 3910 2407 3970 Samaritanus
2429 3949 2443 3973 ,
2471 3906 2611 3960 alius
2644 3903 2806 3969 foris,
2840 3902 2978 3955 alius
3020 3900 3075 3954 in
3115 3896 3349 3954 occulto.
3377 3892 3475 3948 liis
3505 3905 3639 3961 ergo

2031 4008 2407 4065 Samaritanus
2456 3999 2793 4056 descendens
2844 3998 2965 4066 quis
3016 3992 3139 4049 est?
3192 3988 3413 4047 Scilicet
3465 4003 3479 4038 ι
3533 3984 3637 4049 ραι

2029 4098 2289 4165 descendit
2331 4100 2394 4152 de
2420 4095 2578 4157 caelo,
2618 4099 2665 4147 el
2709 4091 2793 4162 qui
2836 4086 3066 4143 ascendit
3109 4086 3164 4137 in
3209 4084 3426 4147 emittm,
3460 4076 3637 4131 Filiits

2030 4193 2251 4248 hominis
2276 4192 2363 4261 qui
2395 4196 2467 4245 est
2490 4189 2543 4243 in
2573 4187 2699 4242 cazlo
2740 4183 2921 4256 (Joan.
2955 4196 3041 4246 ιιι,
3080 4176 3212 4248 15)?
3242 4171 3446 4230 Videris
3473 4168 3635 4225 semi-

2029 4290 2210 4343 vivum
2230 4329 2245 4354 ,
2271 4301 2431 4357 quem
2462 4298 2621 4338 nemo
2644 4286 2900 4350 powerat
2919 4288 3048 4329 ante
3069 4284 3293 4333 curare,
3319 4266 3461 4322 sicut
3486 4264 3633 4320 illam

2028 4392 2152 4453 qua:
2191 4392 2350 4436 cursu
2383 4374 2663 4447 sanguinis
2693 4369 2969 4443 proﬂuens
2989 4409 3002 4432 ,
3036 4367 3091 4421 in
3123 4360 3349 4419 medicis
3376 4364 3638 4453 ertigave-

2030 4448 2116 4531 rat
2136 4487 2298 4529 omne
2332 4468 2717 4542 patrimonium
2750 4477 2908 4519 suum
2936 4478 2949 4516 :
2987 4456 3137 4513 Venit
3163 4468 3308 4510 secus
3332 4466 3447 4507 sum
3474 4448 3633 4523 (Luc.

324 4574 571 4645 recepit,
619 4572 851 4629 consilio
919 4542 1216 4638 instruxit,
1263 4568 1669 4640 postulantibus
1712 4542 1926 4621 civibus
1954 4643 1973 4645 ᾗ
2031 4582 2159 4636 vin,
2197 4562 2270 4623 45
2314 4574 2360 4620 et
2412 4562 2541 4635 45),
2576 4563 2678 4615 hoc
2723 4566 2837 4622 est,
2879 4554 3054 4610 factus
3104 4560 3189 4607 est
3240 4542 3638 4617 compassionis

321 4639 528 4723 abiisse
552 4666 836 4737 reSpondit
857 4709 870 4731 ,
899 4667 1184 4722 abscondit
1213 4639 1272 4720 ini
1295 4674 1439 4721 tecto
1474 4681 1486 4719 :
1516 4672 1571 4720 et
1599 4672 1656 4718 ut
1679 4679 1737 4718 se
1766 4678 1925 4718 suos-
1952 4643 2006 4703 D
2033 4674 2231 4719 nostra:
2263 4658 2607 4728 susceptione
2638 4653 2929 4719 ﬁnitimus,
2960 4659 3015 4705 et
3042 4639 3435 4703 misericordias
3471 4639 3639 4695 colls-

322 4778 429 4833 que
454 4763 606 4818 urbis
632 4762 845 4818 excidio
868 4768 1054 4831 posset
1075 4762 1287 4828 eripere
1304 4802 1319 4827 ,
1344 4774 1570 4815 coccum
1602 4758 1651 4813 in
1683 4756 1925 4813 ienestra

322 4856 512 4927 ligavit
540 4853 721 4925 (Iosue
747 4870 814 4922 ιι,
842 4852 877 4908 4
903 4862 947 4908 et
973 4853 1108 4925 seq.)
1136 4872 1149 4909 :
1183 4854 1334 4909 urbis
1360 4863 1543 4908 autem
1576 4853 1747 4922 ipsius
1776 4853 1927 4907 inex-

322 4951 651 5023 pugnabiles
706 4960 892 5005 muros
947 4934 1157 5021 septem
1210 4948 1457 5003 tubarum
1510 4946 1927 5027 sacerdotalium

323 5062 461 5101 sono
487 5050 544 5100 et
578 5046 761 5116 populi
800 5044 1081 5117 jubilatttis
1126 5043 1331 5100 ululatu
1362 5057 1608 5099 consono
1656 5043 1930 5097 corruisse

325 5138 385 5211 (Ι
388 5155 514 5194 osus
542 5154 593 5194 vr
612 5180 627 5206 ,
664 5139 780 5211 20).

396 5235 488 5289 7i.
536 5232 726 5289 Videte
754 5233 1213 5304 quemadmodum
1246 5232 1615 5301 unusquisque
1647 5230 1928 5300 proprium

324 5335 509 5383 servet
537 5326 774 5381 oilicium
811 5344 823 5380 :
855 5328 1232 5396 esplora‘torcs
1276 5325 1566 5391 excubias,
1612 5324 1929 5396 mysterium

327 5423 630 5489 meretrix,
682 5422 845 5477 iidem
899 5424 1110 5487 victor,
1160 5422 1485 5492 religionem
1535 5419 1813 5475 sacerdos.
1868 5418 1933 5474 Hi

328 5516 632 5588 periculum
684 5531 780 5586 pro
832 5516 991 5572 laude
1039 5532 1146 5570 non
1191 5513 1600 5570 metuuntrilla
1650 5522 1936 5583 susceptos

329 5625 431 5667 nec
455 5612 507 5665 in
538 5610 798 5679 periculis
840 5610 1061 5680 prodit:
1097 5608 1201 5664 iste
1248 5609 1513 5663 sollicitus
1554 5607 1715 5663 iidem
1760 5606 1933 5675 magis

403 5759 427 5787 ι
470 5750 629 5804 Rom.
660 5748 791 5804 edit.
828 5749 982 5817 sola,
1008 5764 1108 5820 qua
1137 5748 1486 5817 exploduntur
1521 5747 1603 5811 Iti,
1636 5756 1743 5802 etc.

402 5822 429 5861 δ
470 5822 670 5875 Omnes
709 5820 843 5875 edit.
881 5826 936 5876 et
965 5816 1109 5876 mss.
1157 5816 1393 5892 aliquot,
1422 5821 1489 5874 ad
1528 5820 1732 5892 inferna
1762 5816 1926 5892 demi-

333 5911 512 5971 grans.
550 5893 660 5960 Alii
689 5893 872 5969 plures
901 5891 1280 5973 potioresque,
1312 5893 1380 5949 ad
1411 5893 1644 5973 inﬁrma.
1687 5891 1876 5951 Melius
1908 5906 1926 5962 ;

2033 4760 2179 4813 tione
2209 4754 2446 4809 vicinus.

2106 4848 2289 4921 (Vers.
2335 4842 2453 4912 34.)
2495 4841 2561 4897 Et
2609 4839 2844 4911 alligavit
2898 4837 3111 4891 vulnera
3165 4835 3306 4906 ejus,
3360 4824 3640 4900 infundens

2029 4943 2201 5000 oleum
2226 4952 2273 4996 et
2315 4940 2509 4994 uinum.

2107 5036 2197 5093 75.
2242 5034 2407 5090 Multa
2442 5030 2834 5087 medicamenta
2868 5025 3109 5081 medicus
3153 5021 3315 5077 habet
3344 5019 3476 5083 iste,
3512 5012 3637 5087 qui-

2036 5133 2135 5187 bus
2176 5143 2372 5184 sanare
2417 5125 2718 5182 consuevit.
2772 5122 2964 5179 Sermo
3010 5118 3130 5187 ejus
3180 5112 3638 5169 medicamentum

2034 5235 2141 5284 est.
2173 5226 2326 5281 Alius
2357 5224 2474 5294 ejus
2496 5236 2676 5277 sermo
2706 5214 3034 5284 constringit
3058 5210 3313 5274 Vulnera,
3341 5204 3482 5259 alios
3511 5198 3641 5256 oleo

2035 5323 2181 5376 fovet
2200 5362 2214 5386 ,
2238 5319 2379 5373 alius
2401 5318 2585 5371 vinum
2615 5311 2869 5367 infundit.
2894 5302 3229 5374 Constringit
3253 5300 3481 5356 vulnera
3512 5306 3639 5351 aus-

2038 5418 2239 5473 teriore
2288 5420 2598 5485 praecepto,
2643 5407 2787 5462 fovet
2838 5402 3162 5460 remissione
3209 5394 3450 5468 peccati,
3497 5392 3667 5483 sicut.

2038 5511 2161 5566 vino
2185 5505 2500 5577 compungit
2522 5498 2935 5556 denuntiatione
2956 5492 3163 5566 iudicii.

2108 5600 2297 5675 (lbid.)
2336 5599 2407 5654 Et
2434 5598 2713 5670 imposuit,
2742 5591 2949 5664 inquit,
2977 5590 3031 5643 in
3062 5590 3352 5661 jumentum
3392 5592 3561 5633 suum.

2034 5750 2093 5825 ut
2123 5745 2377 5801 nimirum
2402 5741 2676 5803 uitalibus,
2704 5736 2939 5807 inﬁrma,
2975 5745 3071 5787 seu
3102 5724 3442 5783 inhrmitstes
3470 5732 3640 5789 oppo-

2037 5822 2249 5874 nitntur.
3118 5836 3119 5839 η
3486 5822 3497 5831 ‘
