4014 6500
478 311 616 368 iii.
726 342 752 369 ο

1873 302 2121 361 ΒΑΝΟΤΙ
2158 304 2485 367 ΑΜΒΒΟΒΙῙ

3646 307 3791 364 1720

544 428 638 486 76.
680 430 821 487 Audi
851 430 1126 502 quomodo
1158 437 1210 485 te
1240 428 1484 499 imponat
1512 440 1526 479 :
1563 423 1665 479 llic
1692 432 1904 495 peccata
1947 435 2071 475 nos-
2096 428 2151 488 Α
2171 421 2406 491 Quando
2428 423 2746 490 reverteris,
2782 421 3030 491 Domine,
3063 423 3167 479 nisi
3199 424 3253 479 in
3275 422 3472 496 judicii
3494 422 3625 480 die?
3648 421 3788 480 Nam

476 540 556 583 tra
582 534 791 598 portat,
827 534 878 580 et
908 540 1004 597 pro
1031 522 1174 577 nobis
1202 520 1340 575 dolet
1372 518 1546 591 (Esai.
1576 531 1666 572 un
1685 557 1699 581 ,
1732 514 1788 586 4)
1822 532 1838 571 :
1868 523 1925 570 et
1953 530 2076 585 pas-

475 633 565 678 tor
594 620 850 693 imposuit
873 634 1030 675 ovem
1061 618 1259 673 lassam
1287 628 1451 684 super
1484 616 1739 667 humeros
1765 624 1894 665 suos
1918 607 2073 681 (Luc.

478 732 591 782 xv,
621 716 699 786 5).
734 714 907 769 llomo
936 712 1079 767 enim
1115 709 1359 778 jumento
1403 704 1599 761 similis
1644 703 1820 759 factus
1869 714 1990 768 est;
2022 710 2078 758 et

476 810 601 867 ideo
653 823 816 879 supra
858 807 1161 878 jumentum
1195 818 1354 858 suum
1407 816 1508 856 nos
1549 799 1834 871 imposuit,
1866 813 1934 853 ne
1979 811 2077 853 nos

480 920 727 962 essemus
763 904 903 957 sicut
931 914 1104 972 equus
1135 908 1189 954 et
1219 900 1439 962 mulus;
1472 905 1530 951 ttt
1556 911 1653 967 per
1682 895 1855 950 nostri
1883 907 2081 967 corpo-

475 999 553 1055 ris
574 996 1001 1069 assumptionem
1022 992 1368 1050 infirmitates
1391 999 1589 1046 nostrae
1609 989 1789 1044 carnis
1809 987 2074 1043 aboleret.

550 1091 640 1144 77.
682 1088 925 1159 Denique
960 1086 1117 1142 duxit
1150 1099 1250 1141 nos
1291 1084 1345 1139 in
1392 1083 1696 1145 stabulum,
1726 1082 1816 1153 qui
1862 1095 2079 1135 eramus

471 1186 741 1257 jumenta.
771 1181 869 1237 Est
891 1190 1072 1236 autem
1104 1180 1409 1244 stabulum,
1436 1179 1488 1233 in
1518 1191 1626 1248 quo
1654 1175 1783 1231 fessi
1809 1175 1968 1245 longo
1992 1173 2081 1228 iti-

474 1294 608 1337 nere
638 1275 933 1333 succedere
962 1277 1163 1331 solent.
1194 1274 1355 1330 Duxit
1377 1274 1560 1343 itaque
1592 1272 1645 1326 in
1673 1268 1949 1326 stabulum
1980 1268 2083 1323 Do-

474 1374 694 1440 minus,
737 1372 843 1441 Qui
886 1371 1102 1426 suscitat
1143 1388 1175 1425 a
1222 1380 1360 1424 terra
1398 1369 1635 1437 inopem,
1680 1374 1726 1420 et
1766 1362 1828 1418 de
1858 1372 2082 1417 stercore

475 1467 627 1539 erigit
656 1480 941 1537 pauperem
967 1462 1143 1537 (Psal.
1191 1477 1330 1525 cxu,
1363 1462 1441 1532 7).
1518 1492 1521 1497 -

549 1558 642 1615 78.
688 1556 756 1612 Et
785 1574 968 1612 curam
1001 1557 1100 1629 egit
1129 1553 1371 1627 (lbid.);
1403 1568 1472 1609 ne
1498 1566 1642 1623 aeger
1668 1565 1732 1606 ea
1763 1563 1883 1620 quae
1930 1561 2085 1604 acce-

476 1661 663 1725 perat,
690 1665 1032 1722 nequaquam
1064 1656 1385 1720 praecepta}l
1414 1654 1680 1702 servaret.
1719 1641 1827 1699 Sed
1852 1656 1962 1698 non
1992 1654 2085 1693 va-

477 1746 637 1804 cabat
665 1744 1009 1802 Samaritano
1031 1742 1157 1797 huic
1184 1741 1277 1797 diu
1300 1741 1353 1796 in
1385 1739 1544 1796 terris
1572 1736 1773 1809 degere
1804 1754 1816 1790 :
1851 1734 2084 1791 redeun-

479 1838 609 1895 dum
638 1852 705 1894 eo
726 1846 879 1902 erat,
911 1836 1055 1891 unde
1086 1832 1466 1891 descenderat.
1493 1829 1682 1902 Itaque
1708 1847 1721 1883 :

550 1932 734 2006 (γει-8.
762 1928 882 2003 '55.)
921 1931 1099 1985 Altero
1120 1929 1223 1983 die.

552 2027 643 2083 79.
685 2026 817 2094 Quis
850 2035 939 2081 est
985 2024 1086 2079 iste
1113 2024 1254 2079 alter
1283 2021 1402 2076 dies
1425 2062 1439 2087 ,
1470 2019 1574 2075 nisi
1602 2017 1743 2074 forte
1772 2017 1863 2071 ille
1901 2013 2086 2071 Domi-

479 2118 619 2176 nica:
646 2116 1102 2183 resurrectionis,
1131 2113 1200 2170 de
1221 2128 1328 2184 quo
1355 2112 1561 2168 dictum
1589 2121 1674 2166 est
1699 2125 1713 2163 :
1753 2108 1851 2164 llic
1880 2116 1953 2165 est
1982 2107 2090 2161 dies

479 2227 635 2285 quem
655 2212 776 2283 fecit
800 2208 1056 2265 Dominus
1079 2207 1254 2279 (Psal.
1282 2221 1456 2271 cxvtt,
1484 2203 1625 2275 24)?

554 2306 745 2379 (ιδιά.)
786 2304 1018 2361 Protulit
1042 2303 1175 2358 duos
1201 2301 1444 2357 denarios
1465 2341 1479 2367 ,
1510 2308 1557 2354 et
1600 2296 1743 2353 dedit
1770 2293 2056 2351 stabulario
2075 2336 2091 2361 ,

483 2414 532 2459 et
562 2403 635 2457 ait
663 2419 682 2458 :
710 2400 903 2456 Curam
932 2399 1075 2454 illius
1106 2397 1256 2453 habe.

560 2493 773 2570 1529
818 2493 909 2550 80.
956 2493 1059 2561 Qui
1104 2500 1233 2547 sunt
1273 2489 1365 2545 isti
1406 2486 1514 2543 duo
1544 2484 1790 2550 denarii,
1824 2484 1929 2540 nisi
1956 2482 2098 2538 forte

480 2590 591 2645 duo
623 2588 993 2655 Testamenta,
1017 2601 1138 2658 qua:
1164 2584 1454 2656 imaginem
1492 2581 1544 2636 in
1582 2594 1643 2636 se
1673 2578 1878 2635 habent
1906 2575 2097 2632 aeterni

481 2683 629 2756 regis
674 2697 990 2754 expressam
1010 2724 1023 2748 ,
1052 2695 1285 2753 quorum
1329 2678 1505 2750 pretio
1530 2677 1757 2732 vulnera
1788 2683 1974 2730 nostra
2005 2687 2099 2729 cu-

481 2779 711 2836 rantur?
732 2776 1022 2850 Redempti
1052 2777 1200 2833 enim
1227 2788 1415 2831 sumus
1437 2772 1680 2845 pretioso
1706 2770 1973 2842 sanguine
1998 2786 2013 2837 ;
2044 2776 2099 2825 ut

482 2873 691 2929 ultimm
718 2871 912 2928 mortis
942 2870 1121 2927 ulcera
1151 2870 1467 2925 vitarcmus.

556 2968 648 3026 8i.
694 2967 801 3024 Hos
837 2982 968 3037 ergo
1008 2966 1145 3021 duos
1175 2963 1433 3020 denarios
1476 2962 1633 3035 (licet
1658 2963 1852 3016 horum
1884 2970 2101 3029 quoque

483 3060 751 3118 librorum
787 3070 1019 3132 quatuor
1064 3057 1268 3113 formas
1307 3072 1416 3111 non
1461 3054 1756 3111 absurdum
1802 3052 1873 3108 sit
1902 3049 2105 3106 intelli-

487 3151 640 3227 gere)
668 3153 864 3221 accipit
905 3150 1253 3207 stabularios.
1283 3148 1451 3218 Quis?
1478 3148 1569 3203 ille
1597 3145 1824 3202 forsitan
1848 3144 1941 3214 qui
1979 3144 2056 3197 ait
2086 3161 2099 3198 :

2176 519 2306 574 licet
2334 517 2532 589 ubique
2568 518 2643 574 sis
2672 533 2919 590 semper,
2961 528 3016 575 et
3042 530 3190 576 stans
3227 520 3281 575 in
3310 519 3493 578 medio
3515 531 3790 585 nostrum,

2179 626 2286 667 non
2336 614 2582 667 cernaris
2621 627 2651 666 a
2700 613 2881 681 nobis,
2915 613 3021 669 erit
3052 622 3230 669 tamen
3262 622 3479 685 tempus
3522 629 3633 685 quo
3670 615 3793 669 uni-

2180 719 2338 762 versa
2387 720 2518 760 caro
2561 716 2613 761 te
2658 704 2889 776 aspiciat
2941 716 3328 763 revertentem.
3386 707 3609 764 Reddes
3657 721 3797 778 ergo

2180 800 2323 867 quod
2370 798 2558 854 debes.
2592 798 2746 855 Beati
2790 800 2988 871 quibus
3030 814 3091 857 es
3135 800 3379 857 debitor!
3430 799 3653 857 Utinam
3694 815 3799 855 nos

2180 893 2352 949 simus
2405 893 2585 949 idonei
2617 893 2892 949 debitores
2921 894 2936 948 l
3002 895 3207 949 utinam
3239 892 3383 965 quod
3431 894 3760 966 accepimus
3782 935 3796 957 ,

2182 987 2457 1059 possimus
2492 987 2818 1049 exsolvere;
2851 1001 2952 1042 nec
2994 1004 3094 1042 nos
3128 996 3223 1042 aut
3247 987 3540 1043 sacerdotii
3572 996 3666 1042 aut
3695 989 3800 1043 mi-

2184 1081 2397 1135 nisterii
2429 1096 2626 1137 munus
2673 1081 2905 1137 extollat
2935 1082 2947 1135 !
2979 1081 3261 1150 Quomodo
3286 1080 3484 1137 reddes
3507 1124 3523 1149 ,
3570 1081 3802 1137 Domine

2181 1171 2349 1252 Jesu?
2369 1172 2674 1229 Promisiin
2697 1173 2917 1245 quidem
2946 1175 2999 1229 in
3026 1174 3168 1231 coelo
3185 1173 3343 1230 bonis
3365 1174 3648 1244 copiosam
3672 1187 3801 1229 esse

2184 1265 2500 1323 mercedem
2531 1266 2748 1339 (Matth.
2776 1284 2832 1333 v,
2868 1266 2982 1340 12).
3010 1267 3227 1323 Reddas
3260 1276 3441 1323 tamen
3469 1276 3528 1322 et
3554 1280 3680 1321 cum
3717 1264 3803 1320 di-

2185 1360 2266 1418 cis
2313 1378 2327 1414 :
2375 1360 2547 1431 Euge,
2591 1361 2721 1417 bone
2766 1378 2936 1430 serve,
2982 1362 3225 1435 quoniam
3246 1377 3405 1431 super
3432 1377 3602 1431 pauca
3632 1362 3804 1431 ﬁdelis

2186 1454 2364 1526 fuisti,
2409 1469 2563 1525 super
2602 1454 2765 1509 multa
2810 1465 2858 1509 te
2894 1456 3205 1510 constituam
3230 1471 3249 1509 :
3278 1454 3419 1509 intra
3455 1454 3514 1508 in
3550 1453 3802 1526 gaudium

2188 1547 2401 1604 Domini
2432 1550 2508 1603 tui
2528 1547 2747 1622 (Matth.
2780 1563 2911 1617 xxv,
2941 1550 3059 1623 21).

2260 1642 2351 1699 84.
2394 1641 2538 1714 Ergo
2578 1642 2836 1716 quoniam
2888 1657 3050 1699 nemo
3088 1643 3260 1716 magis
3306 1643 3599 1714 proximus
3646 1658 3807 1715 quam

2188 1738 2278 1808 qui
2302 1737 2531 1792 vulnera
2557 1747 2746 1792 nostra
2777 1736 3008 1804 curavit,
3041 1737 3329 1809 diligamus
3360 1753 3484 1794 eum
3516 1738 3677 1810 quasi
3706 1738 3807 1792 do-

2113 1835 2163 1895 B
2187 1831 2419 1896 minum,
2448 1829 2741 1902 diligamus
2770 1845 2897 1886 eum
2929 1831 3085 1902 quasi
3114 1833 3425 1902 proximum
3445 1872 3461 1900 ,
3501 1831 3638 1886 nihil
3660 1832 3803 1888 enim

2193 1933 2303 1979 tam
2350 1924 2691 1994 proximum,
2740 1939 2902 1994 quam
2949 1930 3115 1995 caput
3164 1924 3471 1981 membris:
3522 1926 3810 1997 diligamus

2192 2017 2356 2073 etiam
2403 2032 2527 2073 eum
2572 2017 2664 2089 qui
2703 2018 2946 2074 imitator
2970 2028 3053 2073 est
3088 2017 3334 2074 Christi:
3378 2018 3670 2091 diligamus
3688 2033 3809 2075 eum

2196 2111 2289 2183 qui
2321 2112 2521 2181 inopiae
2546 2112 2776 2168 alterius
2803 2115 3053 2183 corporis
3083 2114 3288 2171 unitate
3310 2115 3667 2185 compatitur.
3697 2113 3809 2171 Non

2196 2206 2340 2262 enim
2388 2206 2645 2277 cognatio
2692 2207 2823 2263 facit
2863 2206 3201 2278 proximum,
3234 2208 3330 2265 sed
3380 2209 3757 2266 misericordia
3792 2229 3807 2265 :

2196 2299 2325 2372 quia
2353 2300 2727 2357 misericordia
2749 2301 3052 2358 secundum
3073 2312 3349 2370 naturam;
3379 2303 3515 2360 nihil
3540 2306 3688 2360 enim
3709 2315 3807 2361 tam

2198 2394 2497 2451 secundum
2525 2404 2797 2463 naturam,
2822 2411 2985 2467 quam
3016 2396 3209 2467 juvare
3237 2408 3553 2454 consortem
3586 2408 3807 2454 naturte.

2273 2488 2364 2544 85.
2414 2486 2596 2561 (Vers.
2642 2489 2713 2545 38
2735 2530 2748 2555 ,
2781 2488 2901 2561 42.)
2952 2489 3165 2545 Dictum
3196 2500 3284 2547 est
3309 2490 3471 2562 igitur
3499 2491 3573 2546 de
3600 2491 3809 2548 miseri-

2200 2580 2410 2648 cordia,
2459 2580 2555 2637 sed
2601 2596 2709 2637 non
2754 2596 2859 2637 una
2901 2592 2986 2637 est
3026 2583 3198 2639 forma
3240 2583 3476 2639 virtutis.
3520 2583 3811 2654 Subjicitur

2200 2675 2426 2733 Martha:
2446 2676 2703 2749 exemplo
2729 2687 2787 2734 et
2812 2677 2994 2734 Maria:
3019 2698 3033 2733 :
3063 2679 3291 2735 alterius
3313 2680 3575 2750 operibus
3597 2692 3809 2735 actuosa

2204 2770 2454 2840 devotio,
2479 2771 2703 2828 alterius
2728 2772 2978 2843 religiosa
3006 2775 3207 2829 mentis
3236 2772 3466 2829 intentio
3490 2773 3590 2830 Dei
3625 2773 3807 2841 verbo,

2204 2882 2328 2939 quae
2357 2866 2404 2922 si
2443 2882 2567 2924 cum
2599 2867 2706 2924 fide
2734 2877 3032 2938 congruat,
3062 2868 3227 2923 etiam
3267 2868 3399 2939 ipsis
3428 2868 3693 2939 operibus
3718 2883 3810 2922 an-

2208 2961 2471 3025 tefertur,
2501 2960 2656 3030 juxta
2687 2960 2833 3032 quod
2875 2960 3140 3031 scriptum
3183 2969 3309 3016 est:
3352 2960 3527 3015 Maria
3575 2962 3811 3034 optimam

2208 3066 2408 3124 partem
2434 3056 2533 3112 sibi
2561 3056 2712 3129 elegit
2739 3097 2754 3122 ,
2782 3072 2898 3127 quae
2923 3073 3027 3111 non
3059 3055 3326 3126 auferetur
3353 3057 3455 3113 illi.
3485 3055 3809 3113 Studeamus

2206 3149 2373 3221 igitur
2392 3160 2449 3206 et
2480 3166 2580 3206 nos
2611 3150 2812 3207 habere
2840 3150 2983 3221 quod
3008 3166 3170 3206 nemo
3192 3151 3351 3207 nobis
3385 3151 3559 3217 possit
3578 3150 3807 3219 auferre,

491 3244 726 3302 Estimo
754 3254 811 3300 ut
849 3253 1105 3306 stercora.
1134 3254 1189 3297 ut
1214 3240 1478 3296 Christum
1507 3239 1836 3310 lucrifaciam
1870 3236 2098 3309 (Philip.
2130 3239 2174 3303 C
2214 3242 2427 3317 15,30
2469 3260 2577 3299 non
2625 3254 2691 3299 ut,
2714 3244 3115 3314 perfunctoria,
3158 3245 3252 3300 sed
3283 3244 3516 3316 diligens
3544 3246 3808 3301 audienti:

487 3353 573 3406 lli,
604 3338 699 3410 8);
728 3354 836 3409 quo
865 3351 1051 3392 curam
1072 3334 1303 3393 haberet
1329 3333 1561 3389 hominis
1586 3331 1877 3387 vulnerati.
1910 3330 2107 3386 Stabu-

486 3433 662 3489 larius
705 3432 890 3504 itaque
939 3432 1033 3488 ille
1076 3439 1162 3487 est
1204 3428 1297 3499 qui
1339 3428 1518 3483 dixit:
1564 3425 1712 3481 Misit
1750 3441 1830 3480 me
1871 3422 2105 3480 Christus

490 3525 843 3598 evangelisare
875 3524 920 3596 (l
950 3523 1070 3579 Cor.
1104 3539 1145 3590 t,
1176 3522 1292 3592 17).
1323 3520 1621 3578 Stabularii
1645 3530 1771 3575 sunt
1804 3520 1881 3575 illi
1910 3519 2107 3591 quibus

492 3621 696 3678 dicitur
727 3636 741 3673 :
778 3617 861 3675 Ite
884 3621 939 3673 in
964 3617 1133 3673 orbem
1178 3617 1509 3683 universum,
1551 3626 1597 3671 et
1627 3615 1902 3687 proedicate
1932 3612 2107 3668 Evan-

490 3715 683 3788 gelinm
728 3714 982 3768 universa:
1021 3720 1278 3773 creatura:
1307 3725 1327 3764 :
1358 3719 1405 3764 et
1441 3710 1529 3781 qui
1558 3707 1835 3764 crediderit
1861 3719 1906 3762 et
1939 3707 2107 3777 bapti-

493 3820 644 3865 sutus
672 3808 850 3880 fuerit,
880 3804 964 3860 hic
985 3804 1158 3859 salvus
1184 3802 1280 3858 erit
1309 3801 1505 3873 (Marc.
1535 3818 1651 3869 va,
1686 3801 1754 3857 15
1773 3812 1829 3857 et
1856 3798 1972 3872 16),
1997 3799 2107 3855 sal—

491 3918 597 3960 vus
640 3903 823 3973 utique
864 3916 894 3955 a
928 3909 1135 3962 morte,
1164 3898 1348 3953 salvus
1386 3912 1415 3951 a
1450 3900 1676 3953 vulnere
1704 3896 1845 3968 quod
1878 3896 2105 3953 inlisum

492 4004 579 4052 est
604 4010 635 4051 a
666 3993 988 4050 latronibus.
1023 3991 1223 4046 Beatus
1252 3989 1343 4045 ille
1368 3988 1735 4056 stabularius,
1762 3988 1852 4061 qui
1880 3989 2109 4045 alterius

494 4088 724 4146 vulnera
754 4101 949 4144 curare
982 4094 1177 4157 potest.
1211 4084 1413 4140 Beatus
1443 4084 1534 4139 ille
1560 4084 1646 4139 cui
1669 4084 1802 4139 dicit
1829 4082 1984 4139 Ιθριιε
2020 4103 2032 4139 :

568 4181 750 4255 (Vers.
782 4178 901 4251 35.)
944 4179 1315 4249 Quodcumque
1350 4176 1821 4251 supererogaveris,
1854 4186 2108 4232 revertens

494 4276 713 4334 reddam
731 4276 845 4331 tibi.

568 4370 659 4427 82.
691 4370 875 4425 Bonus
899 4368 1267 4437 dispensator,
1291 4365 1570 4437 quietiam
1597 4374 1974 4436 supererogat.
2004 4364 2112 4420 Bo-

498 4481 603 4521 nus
630 4464 982 4535 dispensator
1020 4461 1246 4529 Paulus,
1276 4459 1432 4528 cujus
1461 4473 1745 4515 sermones
1772 4466 1829 4514 et
1865 4458 2107 4528 epistola:

497 4558 665 4615 veluti
694 4558 746 4614 ei
770 4557 969 4614 rationi
1000 4571 1161 4626 quam
1196 4561 1516 4624 acceperat,
1547 4550 1965 4622 snperefllnunt.
1994 4551 2108 4607 Mo-

2209 3336 2515 3401 deferatur;
2545 3335 2720 3392 solent
2745 3337 2889 3392 enim
2917 3338 3080 3393 etiam
3108 3338 3278 3406 ipsius
3305 3337 3513 3393 semina
3537 3337 3691 3394 verbi
3710 3352 3809 3394 οω-

2208 3430 2363 3488 leStis
2402 3430 2624 3496 auferri,
2656 3431 2701 3486 si
2730 3445 2890 3487 secus
2915 3433 3052 3487 viam
3085 3431 3196 3487 sint
3222 3431 3485 3487 seminata
3514 3429 3669 3504 (Luc.
3701 3445 3806 3499 vta,

2211 3523 2327 3594 12).
2365 3535 2387 3563 ο
2430 3525 2570 3596 Agat
2612 3534 2665 3580 te
2709 3524 2852 3581 sicut
2897 3525 3121 3581 Mariam
3150 3525 3481 3581 desiderium
3507 3524 3805 3597 sapientia;

2209 3617 2315 3674 hoc
2342 3618 2485 3674 enim
2519 3618 2718 3689 majus,
2744 3618 2849 3675 hoc
2874 3619 3167 3690 perfectius
3194 3635 3334 3691 opus
3359 3638 3373 3675 :
3403 3634 3504 3676 nec
3532 3620 3805 3675 ministerii

2210 3726 2339 3766 cura
2380 3712 2744 3783 cognitionem
2788 3713 2941 3769 verbi
2964 3713 3206 3770 ctelestis
3232 3724 3462 3780 avertat,
3495 3730 3597 3770 nec
3624 3729 3807 3786 arguas

2209 3819 2324 3871 eos,
2344 3813 2400 3861 et
2426 3805 2875 3877 otiososjudices,
2889 3822 3027 3879 quos
3049 3806 3237 3864 videas
3256 3808 3480 3864 studere
3499 3807 3803 3879 sapientiae;

2209 3896 2349 3952 hanc
2386 3898 2534 3954 enim
2564 3898 2669 3956 sibi
2697 3899 3103 3958 cohabitantem
3139 3900 3401 3958 Salomon
3431 3900 3527 3958 ille
3560 3900 3804 3974 paciﬁcus

2208 3990 2461 4049 adscivit.

2282 4086 2372 4144 86.
2406 4086 2517 4145 Nec
2557 4089 2767 4147 Martha
2799 4099 2977 4147 tamen
3022 4091 3074 4147 in
3100 4090 3244 4148 bono
3280 4091 3586 4149 ministerio
3627 4107 3802 4165 repre-

2211 4180 2504 4238 henditur:
2557 4183 2654 4239 sed
2694 4182 2895 4253 Maria,
2943 4185 3090 4255 quod
3133 4185 3416 4243 meliorem
3465 4196 3676 4257 partem
3713 4186 3801 4243 sibi

2210 4275 2471 4345 elegerit,
2501 4275 2803 4334 antefertur
2827 4294 2842 4345 ;
2871 4276 3031 4334 lesus
3069 4279 3216 4336 enim
3250 4280 3435 4336 multis
3460 4280 3729 4347 abundat,
3758 4289 3803 4335 cl

2210 4370 2379 4425 multa
2430 4370 2656 4443 largitur
2694 4388 2707 4425 :
2759 4380 2814 4426 et
2858 4370 2982 4427 ideo
3013 4373 3314 4443 sapientior
3338 4372 3647 4445 judicatur;
3688 4374 3799 4445 quis

2208 4465 2353 4535 quod
2399 4464 2695 4535 principale
2747 4465 3014 4532 advertit,
3064 4466 3251 4537 elegit.
3299 4466 3540 4537 Denique
3587 4465 3801 4538 apostoli

2211 4558 2473 4627 optimum
2514 4574 2622 4613 non
2651 4568 2975 4629 putaverunt
3004 4560 3314 4632 relinquere
3345 4559 3442 4616 Dei
3467 4560 3727 4627 verbum,
3755 4568 3802 4614 et

500 4653 747 4709 deratum
772 4650 984 4706 Domini
1009 4647 1321 4704 mandatum
1353 4660 1521 4717 prope
1542 4643 1902 4701 immoderato
1924 4643 2111 4700 labore
2137 4637 2191 4698 D
2216 4650 2527 4719 ministrare
2556 4652 2760 4708 mensis
2785 4652 2931 4725 (Act.
2964 4669 3038 4719 vt,
3061 4653 3141 4726 2).
3169 4653 3277 4711 Sed
3302 4663 3592 4725 utrumque
3622 4669 3801 4710 munus

502 4742 706 4800 mentis
753 4752 807 4796 et
831 4743 1078 4812 corporis
1111 4751 1435 4807 exsecutus;
1462 4745 1521 4793 ut
1559 4738 1760 4794 multos
1787 4736 1857 4792 ab
1887 4738 2105 4809 aegritu-

502 4836 632 4891 diue
662 4833 815 4905 gravi
844 4834 1100 4904 spiritalis
1120 4833 1343 4905 alloquii
1373 4832 1783 4903 dispensatione
1812 4826 2102 4889 relevaret.

501 4930 688 4986 Bonus
731 4942 861 4999 ergo
901 4928 1226 4982 stabularius
1259 4927 1457 4982 stabuli
1503 4927 1621 4995 ejus
1652 4926 1707 4982 in
1738 4943 1847 4997 quo
1887 4929 2108 4999 agnovit

504 5022 657 5078 asina
707 5036 951 5092 praesepe
976 5019 1191 5075 Domini
1236 5021 1343 5087 sui,
1376 5028 1433 5075 et
1458 5019 1510 5073 in
1536 5034 1645 5089 quo
1673 5035 1803 5090 grex
1836 5018 2110 5076 clauditur

504 5127 768 5185 agnorum
796 5128 811 5179 ;
846 5127 916 5168 ne
950 5110 1306 5167 frementibus
1329 5111 1396 5166 ad
1415 5110 1601 5166 caulas
1631 5110 1917 5181 rapacibus
1943 5110 2104 5183 lupis,

505 5206 683 5263 facilis
704 5206 758 5262 iu
787 5206 954 5262 ovilia
981 5208 1054 5261 sit
1080 5206 1349 5262 incursus.

578 5307 671 5365 83.
717 5304 747 5346 ι’
800 5305 1047 5379 Spondet
1093 5320 1223 5377 ergo
1285 5302 1590 5361 mercedem
1644 5316 1705 5357 se
1748 5300 2104 5357 redditurum.

582 5458 609 5487 ἰ
649 5446 831 5504 Verbo
851 5452 1073 5500 servaret
1091 5487 1106 5508 ,
1131 5443 1459 5512 subjungnnt
1486 5439 1727 5496 nonnulli
1752 5453 1882 5496 mss.
1902 5482 1917 5503 ,
1935 5440 1991 5494 in
2009 5455 2110 5512 quo

506 5522 717 5594 agnovit
745 5519 1148 5594 asina_prtesepe
1410 5514 1511 5567 sui.
1541 5512 1749 5594 Quibus
1773 5509 2110 5594 insuperad-

500 5586 623 5664 jicit
649 5606 786 5646 unus
812 5603 843 5644 e
872 5586 1026 5643 coll).
1051 5629 1066 5651 ,
1087 5600 1133 5641 et
1164 5586 1250 5664 ubi
1281 5586 1345 5664 de
1379 5596 1518 5639 terra
1558 5586 1737 5664 inopes
1758 5586 2102 5664 suscitantur,

505 5654 555 5718 et
583 5665 647 5718 de
676 5672 902 5717 stercore
939 5675 1135 5731 pauper
1159 5660 1427 5731 erigitur»;
1461 5668 1597 5731 certe
1626 5654 1711 5709 ubi
1729 5670 1925 5731 greges
1961 5655 2107 5731 clau-

507 5735 703 5789 duntur
742 5725 995 5804 agnorum
1018 5725 1132 5797 {ne
1160 5725 1491 5802 frementibus
1524 5727 1591 5804 ad
1620 5725 1798 5804 caulas
1834 5725 2109 5804 rapacibus

505 5806 642 5878 lupis
671 5797 842 5874 facilis
866 5806 923 5859 in
948 5806 1103 5878 ovilia
1131 5797 1196 5858 sit
1222 5804 1509 5878 ingressus.
1540 5800 1738 5878 \_leru_t_n
1772 5797 1964 5873 isthtec
1983 5804 2106 5878 etne

505 5867 729 5949 proprio
770 5879 889 5933 loco
931 5877 1152 5943 avulsa,
1185 5885 1241 5931 et
1277 5867 1600 5928 adulterinis
1638 5872 1843 5941 aliquot
1879 5867 2106 5924 vocibus

2212 4742 2493 4811 sapientia:
2546 4755 2663 4811 est;
2715 4761 2838 4801 nam
2887 4756 2943 4801 et
2982 4745 3294 4817 Stephanus
3331 4747 3525 4818 plenus
3553 4747 3800 4819 sapientia

2212 4836 2461 4895 minister
2486 4838 2692 4895 electus
2727 4850 2811 4897 est
2837 4838 3027 4912 (Ibid.,
3060 4841 3141 4914 5).
3170 4840 3239 4897 Et
3261 4840 3382 4897 ideo
3408 4842 3501 4911 qtti
3534 4842 3792 4897 ministrat

2210 4929 2419 4985 doctori
2457 4931 2664 4989 deferat
2697 4951 2709 4985 :
2751 4944 2806 4987 et
2836 4934 3236 4990 ministrantem
3279 4932 3469 4989 doctor
3510 4932 3703 4988 invitet
3744 4942 3792 4989 et

2211 5035 2505 5094 provocet;
2539 5041 2704 5081 unum
2734 5025 2878 5082 enim
2923 5034 3009 5082 est
3043 5040 3244 5098 corpus
3283 5025 3566 5093 Ecclesiae,
3597 5027 3700 5083 etsi
3726 5027 3797 5083 di-

2210 5130 2365 5172 versa
2395 5117 2638 5173 membra
2672 5135 2684 5171 :
2714 5119 2948 5174 alterum
2980 5118 3151 5175 altero
3191 5128 3335 5191 eget.
3378 5119 3495 5177 Non
3525 5129 3703 5188 potest
3726 5118 3798 5174 di-

2210 5223 2339 5266 cere
2378 5209 2569 5266 oculus
2615 5211 2843 5265 manui:
2883 5211 3061 5283 Opera
3101 5222 3192 5268 tua
3234 5229 3343 5269 non
3387 5214 3641 5270 desidero
3674 5232 3688 5268 :
3716 5222 3799 5269 aut

2210 5303 2407 5360 iterum
2429 5317 2587 5377 caput
2611 5306 2861 5378 pedibus,
2890 5318 2985 5365 aut
3012 5308 3254 5365 auricula
3286 5324 3345 5365 se
3370 5324 3567 5382 negare
3594 5324 3715 5366 esse
3738 5308 3798 5364 de

2212 5439 2537 5517 interpolata
2575 5457 2699 5517 esse
2737 5458 2807 5499 ex
2840 5443 2909 5499 iis
2941 5458 3063 5515 qua:
3096 5459 3203 5501 non
3242 5444 3415 5501 multo
3469 5456 3593 5517 post
3640 5444 3793 5516 subji-

2212 5512 2462 5587 ciuntur,
2493 5514 2867 5587 intelligimus.

2283 5582 2311 5622 δ
2354 5585 2511 5662 liora.
2558 5582 2710 5662 edit;
2746 5587 2883 5662 sola,
2918 5587 3156 5662 Spondet
3201 5605 3323 5662 ergo
3369 5606 3424 5645 se
3456 5605 3789 5645 reversurum.

2216 5655 2440 5722 Quando
2466 5660 2761 5725 reverteris,
2790 5655 3033 5725 Domine,
3058 5673 3164 5716 etc.

2288 5740 2309 5766 ο
2351 5728 2611 5816 Quinque
2652 5746 2809 5816 mss,
2849 5728 3121 5816 Laudatur
3162 5748 3281 5816 ergo
3309 5731 3574 5816 ianuariu
3603 5732 3792 5787 deside-

2210 5800 2347 5857 rium
2387 5800 2676 5873 sapientiar.
2722 5804 2889 5869 Unus,
2923 5803 3087 5860 Acuat
3114 5815 3163 5861 te
3187 5800 3319 5861 sicut
3347 5802 3594 5872 Mariam,
3623 5816 3729 5861 etc.
