4186 6358
358 347 495 405 1791

1304 343 1670 403 EXPOSITIO
1706 343 1965 403 EVANG.
2004 344 2159 404 SEC.
2197 344 2353 403 LUC.
2395 343 2529 401 LIB.
2573 343 2688 402 Vll.

3512 349 3658 408 1⁸32

355 475 628 533 corpore;
682 472 806 515 nam
844 457 947 515 etsi
977 457 1084 516 alia
1126 457 1465 531 principalia,
1498 468 1674 515 tamen
1712 459 1816 516 alia
1859 451 1955 517 ne-
1980 464 2033 529 Α
2057 469 2106 515 et
2130 458 2399 515 ostendam
2426 458 2516 515 tibi
2534 475 2651 532 qua:
2669 466 2901 531 oporteat
2924 459 3043 530 ﬁeri
3065 461 3248 534 (Apoc.
3278 476 3355 530 tv,
3384 462 3458 535 1).
3485 464 3659 534 Aper-

356 553 616 610 cessaria.
664 550 942 623 Sapientia
984 559 1038 608 ln
1086 554 1303 625 capite,
1354 564 1511 610 actus
1555 555 1609 609 in
1660 554 1951 610 manibus:

361 648 515 704 Oculi
544 646 689 703 enim
716 646 964 717 sapientis
1000 646 1054 700 in
1083 647 1251 716 capite
1281 649 1394 720 ejus
1448 644 1676 719 (Eccles.
1734 664 1793 715 ιι,
1829 646 1951 720 14);

357 743 481 816 quia
514 741 609 798 ille
632 757 760 798 vere
788 742 948 812 sapit,
979 740 1137 811 cujus
1164 741 1378 795 animus
1405 742 1458 796 in
1506 739 1727 796 Christo
1757 754 1864 807 εει,
1899 750 1957 797 et

357 840 513 910 cujus
559 837 789 893 interior
828 837 1018 891 oculus
1045 836 1273 908 erigitur
1299 834 1370 891 ad
1397 850 1653 905 superna.
1684 832 1754 890 Et
1789 834 1951 890 ideo:

358 931 627 1004 Sapientis
652 930 800 987 'oculi
835 931 888 985 in
918 930 1086 1001 capite
1110 930 1276 1000 ipsius
1306 946 1325 986 :
1357 928 1510 985 stulti
1540 939 1721 985 autem
1752 928 1805 984 in
1844 928 1957 983 cal-

359 1039 553 1081 caneo.

432 1118 596 1193 (Cap.
626 1119 718 1177 ια.
741 1149 815 1160 —
840 1118 999 1177 Vers.
1031 1118 1123 1187 5.)
1166 1118 1295 1188 Quis
1324 1127 1549 1174 vestrum
1591 1120 1783 1174 habens
1818 1118 1955 1173 ami-

359 1232 497 1283 cum,
538 1218 629 1271 ibit
658 1214 727 1269 ad
758 1216 905 1271 illum
939 1214 1111 1270 media
1148 1223 1318 1283 nocte,
1364 1222 1411 1270 et
1439 1213 1566 1269 dicit
1608 1213 1731 1269 illi:
1756 1213 1955 1281 Amice,

358 1312 630 1368 commoda
648 1311 778 1367 milii
804 1320 908 1366 tres
934 1326 1115 1383 panes.

429 1406 523 1462 87.
552 1405 705 1461 Alius
732 1404 988 1476 pmepti
1010 1405 1159 1461 locus
1182 1414 1287 1470 est,
1312 1412 1372 1459 ut
1391 1390 1647 1459 omnibus
1668 1404 1958 1460 momentis

356 1513 469 1555 non
497 1499 677 1555 solum
702 1497 918 1568 diebus,
961 1498 1056 1555 sed
1086 1499 1248 1555 etiam
1292 1498 1544 1553 noctibus
1594 1498 1770 1553 oratio
1808 1496 1960 1553 defe-

357 1600 532 1647 ratur.
563 1589 728 1646 Vides
764 1590 908 1647 enim
939 1591 1081 1662 quod
1125 1590 1230 1647 iste
1257 1590 1348 1662 qui
1379 1590 1554 1646 media
1583 1601 1744 1645 nocte
1772 1604 1959 1661 perre-

354 1684 460 1750 xit,
503 1694 617 1740 tres
660 1698 828 1753 panes
857 1682 927 1738 ab
972 1683 1152 1739 amico
1182 1698 1284 1740 suo
1329 1684 1630 1754 postulans,
1661 1693 1714 1739 et
1754 1684 1806 1738 in
1840 1683 1959 1754 ipsa

354 1776 580 1850 petendi
610 1776 914 1834 intentione
951 1778 1272 1849 persistens,
1305 1791 1415 1833 non
1446 1775 1798 1832 defraudatur
1833 1790 1958 1831 ora-

2057 562 2174 609 tum
2220 562 2307 610 est
2353 554 2517 625 igitur
2546 553 2746 609 omium
2785 552 3007 621 Joanni,
3041 565 3290 625 apertum
3325 564 3411 612 est
3455 557 3655 616 ostium

2058 644 2258 711 Paulo;
2291 655 2351 700 ιιι
2381 646 2539 702 nobis
2566 660 2760 719 panes,
2791 662 2928 717 quos
2958 646 3272 718 ederemus,
3320 650 3657 721 acciperent.

2059 738 2439 795 Perseveravit
2464 740 2664 796 ostium
2698 741 2921 811 pulsans
2951 752 3277 813 opportune,
3308 743 3655 813 importune;

2059 842 2119 886 ut
2143 841 2336 903 gentes
2356 834 2615 888 mundani
2645 833 2877 889 tramitis
2898 834 3085 891 labore
3111 845 3355 903 vexatas,
3380 836 3658 893 alimonia:

2058 923 2299 981 cmleStis
2327 925 2575 981 ubertate
2604 936 2897 982 recrearet.

2130 1016 2222 1074 90.
2264 1016 2410 1090 Ergo
2460 1017 2824 1090 prtcceptivus
2870 1019 3022 1075 locus
3073 1019 3389 1093 frequenter
3440 1022 3657 1087 orandi,

2058 1122 2185 1180 spes
2226 1110 2575 1181 impetrandi,
2626 1112 2766 1167 ratio
2808 1112 3193 1182 persuadendi,
3240 1114 3389 1185 prius
3434 1115 3488 1170 iu
3521 1131 3660 1185 prce-

2058 1215 2218 1276 cepto
2246 1208 2489 1276 ponitur,
2523 1214 2651 1278 post
2677 1204 2733 1262 in
2761 1208 3038 1277 exemplo.
3072 1208 3174 1275 Qui
3216 1208 3362 1265 enim
3397 1208 3663 1280 promittit

2060 1298 2291 1371 aliquid,
2339 1315 2494 1373 spem
2549 1300 2716 1357 debet
2759 1301 2957 1357 all'erre
3007 1301 3307 1372 promissi;
3347 1312 3406 1358 ut
3436 1303 3662 1359 monitis

2060 1393 2371 1449 obedientia
2400 1392 2704 1462 deferatur,
2754 1394 3038 1465 promissis
3078 1394 3234 1463 fides,
3259 1410 3381 1467 quae
3411 1395 3663 1452 humana:

2061 1488 2531 1558 contemplatione
2572 1487 2793 1559 pietatis
2822 1488 2873 1542 in
2907 1488 3082 1558 majus
3107 1498 3330 1544 interna:
3364 1503 3516 1561 spem
3549 1491 3665 1560 pie-

2062 1580 2188 1637 tatis
2218 1583 2486 1652 acquirit;
2514 1580 2561 1637 si
2591 1589 2770 1636 tameu
2804 1595 2958 1650 aequa
3001 1590 3316 1651 poscantur,
3348 1596 3416 1637 ne
3442 1584 3496 1637 in
3540 1598 3667 1653 pec-

2061 1680 2242 1728 catum
2289 1682 2532 1730 vertatur
2560 1679 2759 1730 oratio.
2806 1672 2919 1729 Nec
2961 1673 3175 1729 erubuit
3215 1673 3417 1746 aliquid
3466 1676 3668 1745 saepius

2064 1766 2362 1837 postulare,
2395 1782 2465 1822 ne
2511 1767 2595 1822 vel
2634 1766 2889 1822 diffidere
2933 1766 3001 1822 de
3034 1765 3245 1821 Domini
3289 1766 3665 1823 misericordia

355 1871 446 1927 tis.
488 1869 592 1939 Qui
635 1879 763 1926 sunt
793 1871 880 1927 isti
911 1880 1025 1928 tres
1054 1886 1245 1941 panes,
1292 1872 1395 1927 nisi
1428 1869 1675 1944 mysterii
1715 1870 1953 1926 caelestis

2064 1857 2362 1925 videretur,
2411 1859 2495 1914 vel
2539 1869 2859 1929 arroganter
2898 1857 3106 1927 dolere,
3154 1857 3301 1931 quod
3342 1874 3449 1915 non
3494 1859 3665 1930 prima

352 1962 719 2033 alimentum?
760 1962 917 2034 Quod
949 1964 994 2020 si
1037 1964 1231 2035 diligas
1263 1964 1549 2020 Dominum
1583 1965 1748 2020 Deum
1782 1974 1955 2031 tuum,

355 2071 465 2113 non
496 2058 670 2113 solum
702 2057 820 2124 tibi,
847 2056 941 2113 sed
972 2057 1136 2113 etiam
1161 2058 1282 2113 aliis
1313 2058 1516 2129 poteris
1538 2059 1793 2114 emercri.
1826 2057 1959 2128 Quis

354 2158 537 2207 autem
564 2150 818 2206 amicior
862 2150 1041 2218 nobis,
1072 2166 1233 2223 quam
1281 2151 1371 2222 qui
1416 2166 1514 2222 pro
1562 2151 1718 2208 nobis
1760 2167 1958 2224 corpus

354 2262 515 2302 suum
545 2245 803 2301 tradidit?
828 2246 913 2302 Ab
941 2245 1044 2301 hoc
1073 2246 1248 2301 media
1278 2255 1437 2302 nocte
1469 2261 1640 2318 panes
1670 2247 1840 2303 David
1868 2264 1959 2318 pe-

352 2341 461 2408 tiit,
492 2350 548 2396 et
589 2340 833 2412 accepit;
868 2341 1025 2411 petiit
1068 2341 1212 2397 enim
1244 2342 1462 2413 quando
1491 2342 1745 2398 dicebat:
1778 2342 1957 2397 Media

353 2445 505 2491 nocte
525 2436 795 2508 surgebam
820 2434 1259 2507 ad‘conﬁtendum
1290 2437 1383 2491 tibi
1416 2434 1593 2508 (Psal.
1617 2452 1800 2504 cxvm,
1828 2437 1954 2510 62);

356 2530 482 2587 idco
510 2530 708 2586 meruit
730 2530 835 2587 hos
866 2545 1035 2602 panes
1061 2548 1199 2602 quos
1222 2526 1469 2604 apposuit
1507 2526 1955 2588 uohis‘edendos.

354 2626 523 2684 Petiit
559 2641 683 2681 cum
712 2626 879 2683 dicit:
920 2626 1121 2682 Lavabo
1156 2644 1246 2698 per
1288 2627 1522 2701 singulas
1552 2636 1734 2683 noctes
1767 2628 1958 2682 lectum

353 2737 529 2775 meum
561 2718 732 2789 (Psal.
767 2736 842 2788 vi,
870 2721 962 2791 7);
1007 2736 1182 2793 neque
1203 2721 1346 2777 enim
1379 2722 1558 2777 timuit
1591 2736 1659 2778 ne
1695 2720 1960 2777 excitaret

354 2813 741 2883 dormientem,
767 2830 929 2886 quem
960 2815 1063 2871 scit
1090 2830 1308 2886 semper
1335 2816 1669 2888 vigilantem.

427 2906 519 2963 88.
564 2906 631 2963 Et
653 2908 776 2965 ideo
803 2909 1132 2979 scriptorum
1158 2925 1447 2976 memores,
1476 2912 1727 2967 noctibus
1754 2926 1818 2967 ac
1844 2911 1960 2967 die—

354 3002 459 3058 bus
489 3003 725 3059 orationi
758 3004 1050 3072 instantes,
1082 3006 1320 3076 peccatis
1357 3007 1561 3062 nostris
1590 3007 1802 3063 veniam
1837 3022 1959 3078 pos-

355 3097 616 3153 tulemus.
650 3096 783 3153 Nam
812 3099 856 3155 si
901 3099 991 3155 ille
1023 3109 1130 3155 tam
1163 3109 1405 3168 sanctus,
1436 3109 1492 3157 et
1531 3103 1620 3172 qui
1654 3102 1807 3174 regni
1838 3110 1960 3158 erat

354 3194 774 3251 necessitatibus
801 3205 1120 3266 occupatus,
1150 3196 1355 3268 septies
1387 3196 1439 3251 in
1482 3196 1570 3252 die
1606 3197 1822 3253 tandem
1854 3197 1959 3253 Do-

2066 1968 2227 2023 prece
2256 1952 2465 2025 aliquid
2510 1954 2905 2026 impetraverit.
2941 1953 3169 2027 Propter
3196 1955 3316 2023 hoc,
3348 1954 3547 2025 inquit,
3592 1964 3668 2010 ter

2063 2046 2346 2102 Dominum
2385 2048 2562 2121 ragaoi
2597 2047 2663 2120 (ll
2693 2046 2815 2103 Cor.
2860 2063 2953 2115 λιι,
3004 2048 3062 2118 8)
3094 2064 3107 2100 :
3148 2057 3204 2104 et
3230 2047 3475 2105 ostendit
3516 2048 3663 2120 quod

2062 2140 2379 2213 frequenter
2402 2142 2543 2198 Deus
2573 2143 2696 2199 ideo
2726 2158 2833 2198 non
2856 2143 3120 2199 concedat
3141 2152 3345 2210 oratus,
3376 2142 3521 2215 quod
3543 2142 3666 2197 inu-

2062 2238 2173 2293 tilia
2199 2237 2430 2309 judicet,
2464 2252 2586 2309 qua:
2613 2253 2715 2294 nos
2757 2239 3040 2309 profutura
3067 2238 3376 2295 credamus.

2132 2331 2315 2405 (Vers.
2346 2330 2463 2403 17.)
2506 2332 2671 2389 Omne
2699 2350 2913 2407 regnum
2953 2334 3007 2388 in
3045 2334 3272 2404 seipsum
3323 2332 3545 2389 divisum
3573 2332 3663 2386 de-

2063 2428 2337 2495 solaln'tttr,
2371 2438 2418 2483 et
2449 2428 2633 2485 domus
2662 2445 2823 2499 supra
2845 2422 3053 2483 domum
3075 2430 3243 2485 cadet.

2133 2523 2226 2579 9|.
2267 2531 2292 2560 ⁸
2315 2521 2491 2578 Causa
2521 2522 2651 2603 dicti
2677 2523 2837 2593 hujus
2866 2538 2930 2578 ea
2959 2534 3064 2601 est,
3095 2523 3242 2594 quod
3273 2524 3330 2580 in
3359 2520 3666 2578 Beelzebub

2061 2618 2313 2689 principe
2348 2606 2741 2673 daemoniorum
2790 2616 2993 2688 ejicere
3037 2617 3306 2673 daemonia
3336 2616 3661 2682 dicebatur;

2062 2722 2121 2769 ut
2156 2712 2475 2769 ostenderet
2504 2727 2729 2784 regnum
2760 2726 2915 2767 suum
2962 2710 3302 2767 individuum
3342 2726 3465 2767 esse
3502 2721 3665 2782 atque

2061 2817 2406 2879 perpetuum.
2435 2805 2742 2878 Meritoque
2773 2809 2939 2862 etiam
2987 2805 3163 2860 Pilato
3203 2805 3525 2876 reSpondit:
3556 2802 3662 2858 Re-

2060 2918 2219 2974 gnum
2253 2918 2418 2958 mcum
2459 2918 2562 2957 non
2586 2912 2663 2957 est
2704 2902 2767 2956 de
2798 2902 2895 2956 hoc
2923 2900 3115 2956 mundo
3138 2900 3319 2974 (Joan.
3359 2915 3510 2965 xvut,
3541 2900 3659 2971 56).

2063 2994 2130 3052 Et
2179 2996 2301 3051 ideo
2343 2997 2436 3069 qui
2483 3011 2595 3052 non
2644 2996 2699 3051 in
2741 2994 2961 3052 Christo
3006 3011 3158 3066 spem
3204 3004 3422 3067 gerunt,
3473 2994 3568 3051 sed
3605 2992 3660 3049 in

2062 3090 2310 3162 principe
2334 3091 2732 3147 daemoniorum
2761 3090 2884 3161 ejici
2911 3090 3191 3145 daemones
3219 3091 3537 3160 opinantur,
3564 3103 3662 3144 eos

2064 3186 2217 3255 regni
2246 3196 2409 3258 negat
2434 3200 2559 3242 esse
2588 3186 2836 3257 perpetui
2862 3201 2877 3240 :
2901 3183 3044 3256 quod
3074 3192 3284 3254 Spectat
3308 3184 3375 3239 ad
3405 3185 3662 3256 populum

352 3287 503 3343 mino
524 3286 761 3354 dicebat,
786 3289 1065 3343 matutinis
1082 3300 1137 3345 et
1161 3290 1489 3360 vespertinis
1510 3290 1790 3346 sacrificiis
1813 3307 1953 3345 scm-

2060 3276 2399 3347 Judaeornm,
2426 3277 2454 3318 δ
2483 3281 2576 3351 qui
2606 3278 2921 3348 hujusmodi
2966 3279 3314 3350 passionibus
3343 3280 3411 3335 ad
3456 3279 3662 3335 daemo-

352 3397 453 3455 per
498 3384 739 3438 intentus
782 3384 957 3456 (Psal.
1009 3400 1197 3449 cxvnt,
1248 3384 1375 3457 164)
1411 3402 1424 3439 :
1460 3384 1587 3457 quid
1614 3400 1735 3456 gnos
1777 3385 1959 3443 facere

350 3485 592 3546 oportet,
622 3475 712 3547 qui
743 3491 810 3531 eo
852 3476 1090 3548 amplius
1138 3492 1335 3549 rogare
1369 3477 1654 3544 debemus,
1695 3493 1804 3550 quo
1847 3481 1957 3536 fre-

350 3570 608 3641 quentius
636 3570 818 3626 carnis
861 3586 925 3626 ac
974 3572 1172 3626 mentis
1225 3571 1518 3643 fragilitate
1548 3573 1952 3645 delinquimus;

350 3674 410 3720 ut
437 3664 507 3721 de
537 3664 621 3721 via
649 3664 830 3731 lassis,
858 3675 913 3722 et
941 3666 1097 3721 istius
1122 3667 1222 3722 mvi
1246 3682 1409 3722 cursu
1435 3684 1497 3723 ac
1527 3668 1653 3723 vitae
1678 3668 1835 3739 hujus
1858 3685 1953 3724 an-

345 3756 521 3812 fractu
547 3757 787 3828 graviter
813 3756 1073 3828 fatigatis,
1101 3758 1254 3827 panis
1282 3759 1593 3816 refectionis
1620 3758 1815 3816 deesse
1843 3775 1951 3816 non

346 3850 545 3922 possit,
570 3851 664 3921 qui
694 3849 930 3905 hominis
960 3849 1126 3905 corda
1157 3851 1489 3906 confirmet?
1538 3882 1541 3885 ν

418 3944 510 3999 89.
552 3942 664 3999 Nec
701 3944 876 4000 solum
904 3943 1081 4000 media
1120 3954 1280 4000 nocte
1311 3944 1604 4012 Dominus,
1635 3944 1732 4000 sed
1773 3944 1953 4000 omni-

342 4038 450 4096 bus
485 4037 697 4112 15.31
727 4053 897 4111 prope
925 4038 1085 4095 docet
1113 4038 1442 4110 vigilandum
1474 4052 1596 4095 esse
1622 4040 1947 4105 momentis;

343 4134 501 4189 venit
529 4132 674 4188 enim
723 4141 778 4188 et
825 4133 1159 4203 vespertina,
1193 4140 1249 4187 et
1288 4130 1545 4198 secunda,
1577 4140 1635 4188 et
1678 4132 1839 4187 tertia
1873 4131 1952 4186 vi-

342 4223 499 4296 gilia,
528 4236 585 4282 et
613 4226 831 4297 pulsare
872 4226 1159 4282 consuevit
1190 4244 1203 4281 :
1231 4225 1403 4294 Beati,
1433 4227 1638 4297 itaque,
1670 4226 1803 4281 servi
1842 4226 1946 4292 illi,

339 4334 474 4389 quos
503 4334 623 4371 cum
648 4317 837 4373 venerit
862 4316 1141 4385 Dominus,
1179 4318 1425 4373 invenerit
1474 4318 1746 4391 vigilantes
1786 4316 1943 4385 (Luc.

2062 3374 2210 3429 nium
2240 3372 2594 3444 ejiciendum,
2640 3372 2899 3429 dwmonii
2930 3372 3162 3427 arcessit
3200 3372 3487 3428 auxilium.
3528 3372 3662 3428 Nam

2059 3462 2524 3540 quemadmodum
2558 3476 2761 3543 potest,
2793 3484 2914 3524 cum
2943 3467 3079 3524 titles
3102 3467 3402 3531 scindatur,
3435 3482 3662 3538 regnum

2061 3579 2282 3620 manere
2310 3563 2608 3619 indivisum
2632 3563 2655 3618 ’ἒ
2686 3562 2900 3619 Etenim
2929 3578 3054 3618 cum
3076 3561 3132 3618 in
3163 3561 3308 3633 Lege
3333 3566 3405 3617 sit
3432 3561 3668 3634 populus

2056 3658 2395 3727 Judmorum,
2438 3658 2689 3716 Christus
2732 3673 2949 3731 quoque
2998 3657 3300 3713 secundum
3344 3672 3564 3713 carnem
3595 3673 3662 3713 ex

2058 3754 2202 3827 Lege
2228 3756 2297 3811 sit
2324 3766 2624 3827 generatus
2649 3772 2662 3809 :
2687 3753 2960 3827 quomodo
2987 3769 3212 3824 regnum
3239 3762 3416 3824 potest
3447 3752 3663 3809 Judaeo-

2058 3866 2179 3906 rum
2208 3864 2330 3906 esse
2374 3860 2720 3920 perpetuum,
2755 3849 2900 3921 quod
2943 3864 3014 3905 ex
3065 3848 3208 3921 Lege
3238 3858 3361 3914 est;
3398 3865 3519 3903 cum
3569 3864 3669 3918 po-

2056 3944 2214 4013 pulus
2260 3942 2377 4014 ipse
2423 3943 2631 3998 dividat
2672 3943 2896 4014 Legem,
2926 3943 3144 4015 quando
3191 3958 3221 3997 a
3267 3942 3429 4014 Legis
3461 3944 3665 4014 populo

2055 4034 2310 4091 Christus
2345 4045 2598 4106 negatur,
2631 4037 2720 4105 qui
2750 4051 2818 4091 ex
2846 4035 2987 4105 Lege
3014 4035 3274 4090 debetur?
3304 4034 3382 4090 lta
3412 4050 3481 4091 ex
3511 4046 3665 4108 parte

2054 4143 2115 4184 se
2161 4127 2295 4183 fides
2336 4127 2579 4183 Judaicte
2622 4129 2796 4198 plebis
2837 4119 3139 4199 impugnat,
3189 4139 3245 4184 ct
3293 4129 3664 4201 impugnanda

2053 4219 2339 4285 dividitur,
2373 4232 2430 4275 et
2464 4219 2762 4275 dividendo
2789 4220 3130 4276 dissolvitur.
3178 4222 3245 4277 Et
3277 4222 3401 4277 ideo
3442 4238 3667 4294 regnum

2054 4315 2315 4371 Ecclesiae
2339 4315 2581 4371 manebit
2610 4315 2661 4370 in
2686 4324 2983 4381 aeternum;
3008 4317 3130 4387 quia
3151 4315 3363 4391 1432
3393 4318 3664 4373 individua

340 4426 445 4479 xu,
476 4412 595 4483 57).
642 4410 701 4468 Si
730 4426 862 4483 ergo
890 4410 1173 4468 desideras
1214 4395 1275 4465 ut
1305 4411 1479 4467 virtus
1508 4411 1604 4466 Dei
1653 4411 1949 4482 praecingat
1990 4416 1993 4419 '
2053 4409 2421 4482 fides,corpus
2434 4395 2517 4465 est
2537 4425 2701 4464 unum
2730 4425 2743 4463 :
2770 4407 2919 4464 Unus
2935 4411 3077 4465 enim
3094 4409 3366 4477 Dominus,
3391 4426 3493 4465 una
3513 4410 3662 4479 ﬁdes,

336 4521 428 4572 se,
460 4517 515 4562 et
541 4506 817 4561 ministret
848 4506 967 4572 tibi,
1001 4505 1337 4577 vigilandum
1367 4516 1450 4562 est
1480 4519 1735 4576 semper:
1762 4506 1946 4561 multa:
2049 4522 2212 4575 unum
2238 4503 2516 4578 baptisma,
2542 4520 2674 4559 unus
2701 4502 2842 4558 Deus
2868 4514 2915 4557 et
2941 4514 3095 4575 pater,
3115 4503 3368 4568 omnium,
3393 4503 3482 4574 qui
3508 4520 3664 4575 super

336 4600 491 4657 enim
524 4597 737 4655 insidia:
760 4608 888 4655 sunt
911 4599 1088 4665 bonis,
1118 4607 1175 4654 et
1199 4598 1379 4670 gravis
1406 4599 1657 4669 corporis
1679 4614 1942 4665 somnus;
2051 4615 2245 4664 omnes,
2266 4608 2313 4654 et
2338 4615 2433 4667 per
2452 4615 2651 4666 omnes,
2678 4609 2725 4653 et
2753 4598 2807 4651 in
2838 4596 3072 4653 omnibus
3101 4597 3322 4671 (Ep/tes.
3346 4613 3424 4663 tv,
3448 4597 3482 4653 5
3508 4606 3554 4651 et
3577 4597 3655 4668 6).

336 4692 472 4765 quia
507 4691 555 4748 si
584 4691 828 4749 dormire
853 4706 1007 4747 mens
1033 4678 1285 4762 cteperit,
1316 4692 1561 4763 vigorem
1592 4707 1705 4748 sua:
1731 4692 1949 4747 virtutis
1976 4690 2033 4751 D
2126 4694 2217 4751 92.
2261 4693 2474 4760 Quanta
2504 4692 2594 4749 hic
2630 4691 2889 4763 sacrilegi
2918 4691 3120 4747 furoris
3147 4690 3422 4757 amentia;
3456 4700 3514 4746 ut
3537 4705 3659 4745 cum

336 4786 572 4844 amittit.
604 4787 793 4844 Excita
834 4788 1000 4858 igitur
1024 4802 1279 4843 somnum
1310 4794 1484 4853 tuum,
1533 4767 1594 4842 ut
1642 4787 1827 4858 pulses
1858 4802 1949 4841 os-
2058 4786 2154 4842 Dei
2184 4785 2358 4843 Filius
2385 4787 2452 4842 ad
2495 4785 2814 4842 immundos
2849 4785 3074 4855 spiritus
3094 4785 3484 4852 conterendos,
3514 4795 3569 4839 et
3596 4783 3664 4838 ad

340 4880 484 4937 tium
508 4879 714 4936 Christi
746 4896 762 4936 :
789 4881 937 4952 quod
958 4881 1158 4951 aperiri
1188 4880 1292 4937 sibi
1323 4881 1489 4936 etiam
1526 4880 1728 4936 Paulus
1754 4893 1951 4951 expos-
2052 4882 2347 4940 manubias
2393 4881 2650 4937 mundani
2682 4880 2948 4951 principis
2988 4877 3318 4935 auferendas
3361 4876 3667 4950 susceperit

336 4975 444 5042 cit,
476 4990 584 5030 non
628 4975 804 5031 solum
849 4976 985 5043 suis,
1028 4974 1125 5031 sed
1166 4976 1333 5031 etiam
1380 4975 1567 5047 populi
1610 4974 1951 5031 orationibus

333 5069 648 5127 obsecrans
677 5084 737 5125 se
761 5069 963 5140 juvari,
994 5079 1050 5124 ut
1089 5072 1371 5141 aperiatur
1398 5070 1599 5126 ostium
1640 5069 1741 5125 sibi
1772 5070 1840 5125 ad
1870 5070 1950 5124 lo-

330 5164 619 5236 quendum
652 5165 970 5237 mysterium
1014 5163 1219 5221 Christi
1250 5164 1479 5239 (Coloss.
1512 5179 1585 5228 iv,
1617 5164 1696 5236 5).
1726 5162 1798 5219 Ει
1838 5162 1949 5219 for-

330 5266 492 5313 tasse
532 5255 666 5311 illud
706 5264 791 5311 est
812 5255 1012 5312 ostium
1040 5257 1186 5326 quod
1214 5266 1463 5329 apertum
1494 5256 1632 5313 vidit
1661 5255 1902 5312 Joannes
1926 5274 1942 5323 ;

330 5348 480 5405 vidit
514 5349 685 5417 enim,
728 5360 784 5407 et
822 5350 964 5405 dixit
997 5369 1012 5407 :
1044 5350 1179 5407 Post
1205 5351 1315 5407 haec
1336 5353 1463 5418 vidi,
1511 5360 1563 5407 et
1596 5368 1715 5409 ecce
1759 5352 1945 5407 ostium

330 5452 578 5514 apertum
607 5445 658 5498 in
689 5443 817 5500 calo
850 5454 942 5511 ;-et
969 5461 1069 5501 una:
1104 5448 1270 5518 prima
1296 5464 1453 5519 quam
1477 5446 1657 5502 audivi
1685 5456 1941 5518 tamquam

332 5536 521 5593 tubam
547 5538 833 5604 loquentem
866 5556 1060 5595 mecum
1080 5582 1096 5607 ,
1141 5550 1187 5596 et
1217 5542 1469 5596 dicentem
1509 5557 1529 5597 .°
1557 5541 1789 5596 Ascende
1822 5540 1948 5608 huc,

328 5686 347 5711 λ’
413 5688 461 5753 ⁸-
478 5678 641 5753 Rom.
667 5678 783 5753 edit
809 5678 947 5746 sola,
963 5678 1135 5753 Causa
1161 5680 1285 5734 dicti
1308 5680 1492 5753 hujus,
1514 5679 1763 5751 quoniam
1787 5675 1944 5733 Jesus

326 5754 393 5809 in
420 5749 728 5806 Beelzebub.
764 5793 781 5808 .
814 5791 828 5805 .
866 5790 880 5804 .
911 5752 1200 5819 dicebatur,
1234 5760 1309 5806 est
1337 5749 1625 5819 ostendere,
1657 5760 1767 5807 etc.

412 5822 439 5861 ¹³
482 5822 688 5879 Eadem
711 5824 843 5879 edit.
870 5822 1029 5879 Rom.
1059 5835 1399 5895 expunxerat
1421 5838 1606 5889 Voces,
1637 5820 1941 5894 ltujusmodi

330 5896 691 5968 gressionibus.
723 5895 792 5955 Et
829 5895 969 5955 infra
1000 5911 1121 5967 pro,
1160 5911 1225 5954 ea:
1254 5896 1390 5970 Lege
1423 5896 1487 5953 sit
1515 5905 1812 5969 generatus,
1844 5908 1943 5952 nec

2056 4992 2302 5044 carnem,
2353 4985 2410 5032 et
2440 4973 2787 5030 destruenda:
2835 4974 3091 5045 nequitiae
3121 4972 3382 5044 spiritalis
3422 4971 3659 5028 homini-

2057 5070 2158 5126 bus
2184 5084 2404 5142 quoque
2429 5067 2645 5125 dederit
2671 5077 3020 5138 potesmtem,
3044 5066 3293 5125 dividens
3315 5066 3489 5137 spolia
3518 5065 3656 5135 ejus,

2054 5162 2202 5234 quod
2233 5162 2445 5233 insigne
2473 5171 2556 5217 εει
2589 5159 3000 5231 triumphantis,
3030 5160 3196 5232 aliqui
3225 5160 3330 5215 sibi
3372 5158 3657 5230 adjumen-

2051 5264 2165 5311 tum
2186 5270 2250 5310 ac
2280 5254 2532 5327 praesidia
2554 5253 2838 5310 diabolicae
2861 5252 3147 5324 potestatis
3176 5251 3507 5318 adsciscant,
3531 5267 3655 5307 cum

2046 5349 2102 5404 in
2131 5348 2305 5417 digito
2340 5347 2456 5415 Dei,
2489 5347 2576 5404 vel
2602 5357 2756 5403 certe
2785 5346 3087 5404 secundum
3123 5347 3440 5402 Mattha-um
3471 5347 3521 5401 in
3544 5346 3655 5416 Spi-

2049 5442 2159 5500 ritu
2182 5441 2281 5497 Dei
2300 5441 2581 5498 dzcmones
2603 5442 2963 5498 excludantur
2986 5439 3207 5515 (Matth.
3234 5456 3333 5509 xu,
3355 5440 3469 5513 28)!
3496 5439 3652 5497 Unde

2059 5535 2383 5607 intelligitur
2405 5534 2742 5591 individuum
2766 5533 3037 5607 quoddam
3066 5546 3089 5574 ο
3114 5536 3259 5590 velut
3284 5547 3483 5604 corpus
3520 5548 3644 5589 esse

2050 5687 2159 5729 non
2192 5688 2255 5728 ea:
2296 5670 2432 5744 Lege
2470 5679 2565 5739 est,
2602 5669 2822 5743 proliria
2862 5667 3188 5724 auctoritate
3235 5676 3509 5739 posuerat,
3554 5666 3646 5720 sub

2045 5744 2599 5890 ιεὲθὶιῖἓῗβιιψωι,
2650 5815 2785 5871 velut
2830 5814 3065 5885 corporis
3104 5828 3215 5871 esse
3252 5810 3537 5867 divinitatis
3561 5826 3645 5868 rc-

2049 5913 2228 5970 gnum.
