4014 6478
517 334 659 392 i723

1856 321 2104 389 SANCTI
2140 318 2466 389 AMBROSII

3699 321 3830 387 ΠΛ

512 449 816 505 divinitatis
845 453 900 506 et
931 450 1188 519 regnum;
1220 451 1341 502 cunt
1359 442 1606 501 Christus
1639 441 1734 500 Dei
1761 443 1983 500 dextera
2017 443 2108 500 sit.
2136 449 2187 508 Α
2218 444 2374 500 nobis
2420 445 2813 517 ntultipliCatdr
2855 445 3188 518 septiformis
3219 447 3463 518 Spiritus
3498 446 3686 518 gratia
3718 463 3732 500 :
3763 447 3828 502 ita

512 543 943 616 Spiritusautem
955 542 1108 614 digiti
1122 539 1358 611 speciem
1375 540 1521 595 ‘velu’t
1542 539 1701 595 unius
1725 536 2023 594 secundum
2039 536 2114 593 di~

513 641 795 696 vinitatem
813 637 1058 709 corporis
1079 636 1276 692 seriem
1300 634 1549 700 videatur
1569 633 1898 704 etprimere.
1918 629 2112 688 Nonne

515 731 734 789 videtur
775 729 1104 802 individuum
1147 735 1270 785 esSe
1310 743 1558 800 regnum,
1584 741 1706 783 cum
1732 725 1881 782 velut
1908 739 2110 796 corpus

511 825 582 880 sit
608 821 934 879 indivisnm?
956 815 1166 876 Habitat
1182 821 1338 885 enim,
1354 831 1411 874 ιιι
1430 819 1626 891 legisti,
1646 817 1988 886 corporaliter
2006 817 2111 888 ple-

512 919 690 973 nitudo
710 916 993 972 diuinitatis
1015 917 1068 970 in
1090 913 1294 970 Christo
1319 913 1545 987 (Coloss.
1564 927 1622 978 tt,
1651 902 1731 981 9).
1748 911 1900 981 Quod
1924 911 2110 982 utique

509 1021 560 1068 et
594 1013 661 1068 de
691 1003 848 1067 Patre
876 1014 1072 1080 negare
1102 1025 1208 1064 non
1238 1005 1464 1078 poteris,
1495 1003 1550 1064 et
1577 1007 1646 1064 de
1671 1007 1876 1080 Spiritu
1910 1021 2109 1079 negare

515 1120 623 1161 non
661 1103 850 1162 debes.
897 1093 1008 1160 Nec
1049 1101 1149 1158 tibi
1175 1101 1543 1159 membrorum
1572 1103 1980 1172 comparatione
2011 1115 2110 1156 no-

509 1203 717 1254 trorttm
771 1197 948 1268 portio
984 1195 1232 1268 quadam
1272 1193 1521 1251 videatur
1565 1193 1810 1250 facienda
1856 1192 2104 1261 virtutis;

509 1285 803 1346 individu’ae
833 1291 980 1347 enim
1013 1290 1091 1346 rei
1120 1303 1226 1344 non
1268 1299 1447 1360 potest
1473 1303 1597 1343 esse
1633 1285 1831 1342 divisio
1862 1305 1876 1342 :
1907 1295 1960 1342 et
1985 1279 2108 1342 ideo

508 1377 574 1440 ad
607 1383 836 1440 fortnam
868 1384 1114 1449 unitatis,
1145 1397 1252 1438 non
1283 1381 1349 1438 ad
1387 1383 1791 1438 distinctionem
1824 1381 2107 1452 potestatis

506 1473 791 1536 referenda
834 1478 986 1550 digiti
1017 1479 1350 1549 nuncupatio
1370 1487 1489 1546 est;
1519 1490 1641 1534 cum
1679 1484 1735 1533 et
1757 1473 1977 1534 dextera
2011 1473 2105 1534 Dei

507 1571 648 1628 dicat
681 1590 694 1626 :
729 1570 843 1642 Ego
873 1583 919 1627 et
951 1559 1111 1626 Pater
1137 1583 1299 1627 unum
1330 1585 1508 1628 sumus
1544 1571 1726 1643 (Joan.
1761 1589 1814 1638 κ,
1846 1567 1962 1644 50).
1994 1571 2103 1629 Sed

504 1668 628 1722 licet
650 1661 920 1722 individua
945 1665 1225 1734 divinitas,
1253 1667 1506 1724 distincta
1541 1677 1771 1738 persenti
1797 1673 1899 1724 est.

2213 536 2323 593 illis
2356 539 2757 595 immundorum
2783 541 3072 610 spirituum”
3104 542 3282 595 omnis
3323 541 3661 618 cumulatur
3692 539 3830 610 inju-

2215 632 2329 699 ria;
2362 632 2691 688 universitas
2736 633 2882 687 enim
2925 632 3028 688 hoc
3070 647 3298 688 numero
3327 633 3642 705 aliquoties
3683 647 3832 689 com-

2214 723 2586 794 prehenditur,
2645 729 2865 796 propter
2911 724 3052 796 quod
3104 726 3336 796 septimo
3385 726 3486 780 die
3541 719 3824 782 conclusis

2214 817 2398 873 mundi
2425 820 2704 888 operibus,
2737 820 3005 890 requievit
3032 819 3174 876 Deus
3202 819 3356 899 (Gya.
3391 835 3456 886 ιι,
3503 823 3597 890 Ξ).
3627 821 3757 878 Ideo
3779 830 3831 879 et

2211 913 2399 968 sterilis
2441 921 2632 982 septem
2663 914 2881 983 peperit,
2928 923 2975 967 et
3014 914 3270 986 populosa
3299 915 3350 968 in
3381 915 3523 985 ﬁliis
3563 916 3833 986 infirmata

2211 1017 2287 1062 est
2330 1007 2370 1080 (I
2403 1007 2534 1079 Reg.
2567 1024 2626 1074 ιι,
2654 1009 2732 1081 5).
2769 1009 3008 1078 Denique
3045 1020 3105 1064 ut
3132 1011 3273 1066 scias
3302 1011 3622 1084 Synagogae
3668 1025 3833 1083 popu-

2212 1101 2322 1155 lum
2373 1101 2700 1170 del‘ormari,
2755 1103 2846 1159 ubi
2893 1103 3153 1160 Ecclesia!
3200 1103 3486 1160 beatitudo
3539 1105 3828 1174 laudatur,

2211 1195 2442 1266 subjecit
2473 1213 2486 1249 :

2281 1308 2463 1379 (Vers.
2504 1309 2595 1375 29,
2625 1308 2744 1382 '50.)
2791 1309 3063 1367 Generatio
3101 1311 3241 1378 htec,
3291 1311 3567 1384 generatio
3613 1319 3829 1383 nequam

2207 1411 2282 1456 est
2308 1417 2326 1456 :
2355 1405 2559 1473 signum
2587 1403 2789 1473 quierit,
2819 1411 2866 1458 et
2890 1406 3097 1476 signum
3126 1417 3229 1460 non
3257 1405 3468 1460 dabitur
3497 1405 3590 1473 ei,
3630 1406 3732 1461 nisi
3755 1408 3826 1460 si-

2206 1511 2362 1566 gnum
2401 1493 2553 1550 laute
2589 1496 2874 1567 prophetae.
2911 1496 3049 1551 Nam
3081 1498 3216 1552 sicut
3259 1496 3425 1553 lanas
3475 1499 3588 1571 fuit
3622 1501 3826 1571 signum

2209 1585 2459 1642 Ninivitis
2492 1603 2510 1641 :
2541 1588 2614 1641 ita
2641 1585 2736 1642 erit
2767 1598 2816 1643 et
2849 1586 3021 1644 Filius
3043 1589 3288 1645 hominis.

2278 1703 2367 1758 96.
2406 1703 2462 1758 In
2495 1703 2595 1759 hoc
2625 1721 2842 1774 quoque
2869 1706 3182 1763 Judteorum
3215 1708 3368 1778 plebe
3390 1705 3692 1774 damnata,
3731 1707 3823 1763 Ec-

575 1780 666 1867 9}.
711 1779 915 1851 Digitus
939 1789 1115 1836 tamen
1138 1795 1262 1836 cum
1285 1781 1485 1836 dicitur
1509 1779 1766 1852 Spiritus,
1792 1781 2101 1852 operatoria

2212 1795 2390 1851 clesiae
2421 1795 2740 1866 mysterium
2773 1787 3054 1855 evidenter
3095 1790 3450 1873 exprimitur,
3482 1817 3621 1871 quae
3654 1801 3707 1856 in
3734 1799 3823 1856 Ni-

505 1859 678 1930 virtus
725 1873 1099 1946 signiﬁcatur,
1145 1875 1291 1946 quod
1334 1875 1644 1930 divinorum
1684 1889 1910 1945 operum
1960 1875 2101 1931 sicut

2212 1888 2402 1944 nivitis
2432 1907 2527 1960 per
2556 1889 2951 1960 ptenitentiam,
2983 1904 3038 1948 et
3066 1893 3118 1948 in
3149 1894 3331 1966 regina
3355 1893 3551 1951 Austri
3585 1910 3688 1966 per
3716 1905 3823 1949 stu-

503 1966 664 2023 Pater
689 1977 742 2023 et
775 1967 968 2034 Filius,
1001 1969 1073 2023 ita
1099 1975 1152 2023 et
1197 1966 1434 2039 Spiritus
1466 1977 1686 2022 sanctus
1725 1961 1982 2036 epe‘rator
2008 1967 2099 2024 sit.

501 2059 670 2116 David
709 2062 854 2117 enim
880 2061 1014 2117 dicit
1048 2081 1061 2116 :
1101 2061 1359 2129 Quoniam
1388 2061 1568 2116 videbo
1597 2061 1748 2116 caelos
1771 2078 1928 2133 Opera
1969 2061 2105 2134 digi-

501 2165 667 2208 torum
689 2159 895 2209 tuorum
923 2153 1096 2229 (Psal.
1124 2170 1238 2222 vnt,
1267 2153 1346 2223 4).
1380 2153 1445 2210 Et
1472 2154 1526 2208 in
1552 2153 1830 2226 trigesimo
1860 2153 2104 2210 secundo

509 2249 719 2318 psalmo
764 2265 779 2302 :
823 2247 892 2303 Et
943 2249 1131 2319 spiritu
1173 2247 1277 2303 oris
1320 2251 1436 2321 ejus
1480 2249 1646 2302 omnis
1701 2249 1862 2302 virtus
1915 2251 2094 2302 eorum

508 2340 687 2413 (Psal.
737 2357 905 2406 χχχιι,
955 2337 1035 2412 6).
1082 2327 1149 2396 Et
1179 2337 1378 2396 Paulus
1411 2338 1528 2395 ait:
1560 2339 1683 2395 Haec
1717 2341 1889 2395 omnia
1929 2350 2104 2394 autem

507 2444 755 2506 operatur
783 2451 916 2490 unus
957 2448 1115 2506 atque
1142 2433 1279 2489 idem
1319 2425 1570 2507 Spiritus,
1609 2429 1844 2488 dividens
1883 2433 2103 2506 singulis

505 2539 657 2598 prout
686 2527 792 2582 uult
821 2523 864 2598 (l
893 2527 1013 2585 Cor.
1048 2545 1147 2596 xu,
1182 2527 1296 2601 ii).
1325 2527 1390 2584 Et
1414 2519 1462 2582 id
1488 2543 1608 2583 cum
1630 2525 1761 2584 dicit
1795 2545 1808 2582 :

574 2643 756 2715 (Vers.
786 2643 902 2715 20).
929 2644 1082 2710 Quod
1111 2645 1156 2700 si
1190 2645 1246 2699 in
1273 2643 1474 2717 Spiritu
1494 2643 1592 2700 Dei
1611 2660 1706 2714 ego
1731 2644 1885 2716 ejicio
1911 2643 2102 2700 dtemo—

502 2738 588 2793 nia
607 2779 622 2806 ,
654 2738 884 2809 profecto
913 2740 1140 2809 pervenit
1171 2740 1223 2794 in
1251 2754 1340 2795 vos
1369 2756 1585 2811 regnum
1609 2731 1726 2795 Dei.

571 2856 664 2913 94.
715 2857 890 2914 Simul
937 2857 1178 2915 ostendit
1229 2858 1568 2930 imperialem
1631 2857 1923 2930 quamdam
1978 2871 2102 2914 esse

497 2953 667 3009 sancti
699 2953 936 3024 Spiritus
965 2963 1315 3026 potestatem,
1357 2955 1409 3009 iu
1454 2969 1563 3025 quo
1595 2969 1818 3025 regnum
1863 2961 1950 3009 est
1976 2952 2096 3008 Dei.

496 3044 611 3101 Nos
637 3061 857 3117 quoque
889 3047 943 3102 in
970 3046 1170 3116 quibus
1203 3045 1412 3101 habitat
1441 3044 1700 3116 Spiritus.
1733 3044 1972 3116 regalem
2003 3043 2101 3099 do—

502 3154 647 3192 mum
679 3139 964 3196 habemus.
994 3140 1150 3197 Unde
1194 3148 1250 3196 et
1278 3142 1329 3195 in
1361 3139 1764 3212 posterioribus
1784 3140 1920 3195 dixit
1952 3157 1966 3192 :
1998 3137 2102 3194 Re-

500 3252 659 3305 gnum
685 3233 784 3291 Dei
821 3239 960 3291 intra
983 3253 1071 3293 vos
1115 3248 1193 3292 est
1224 3237 1378 3304 (Luc.
1410 3253 1542 3305 xm,
1569 3236 1687 3308 Ἡ).
1719 3236 1786 3292 Ει
1813 3237 1936 3291 ideo
1964 3235 2101 3290 divi-

501 3329 709 3397 nitatis,
749 3337 806 3385 et
846 3329 1252 3396 dominationis,
1292 3342 1348 3386 et
1393 3328 1760 3401 imperatoriae
1798 3328 2100 3399 maiestatis

2210 1981 2357 2036 dium
2404 1982 2764 2054 percipienda:
2803 1986 3083 2056 sapientia:
3114 1987 3183 2042 de
3229 1989 3394 2042 totius
3433 1987 3600 2045 orbis
3632 1983 3820 2044 tinibus

2207 2089 2602 2150 congregatur;
2635 2091 2709 2134 ut»
2731 2071 2938 2152 pacifici
2971 2083 3282 2140 Salomonis
3305 2085 3470 2139 verba
3502 2096 3817 2154 cognoscal.

2207 2171 2414 2242 Regina
2450 2173 2626 2242 plane,
2658 2174 2812 2245 cujus
2835 2191 3060 2247 regnum
3085 2186 3169 2233 est
3197 2171 3518 2245 indivisum,
3552 2163 3625 2234 de
3648 2177 3811 2233 diver-

2207 2268 2282 2322 sis
2314 2277 2369 2321 et
2391 2268 2720 2325 distantibus
2751 2271 2960 2340 populis
2991 2272 3043 2326 in
3073 2288 3239 2326 unum
3272 2287 3475 2342 corpus
3505 2288 3816 2343 assurgens.

2206 2361 2396 2430 Itaque
2418 2361 2814 2418 Sacramentum
2843 2365 2941 2418 hoc
2970 2382 3213 2438 magnum
3243 2377 3412 2421 est....
3443 2363 3515 2420 de
3544 2365 3752 2422 Christo
3776 2375 3818 2419 et

2208 2455 2444 2512 Ecclesia
2476 2456 2696 2528 (Ep/tes.
2729 2475 2785 2526 v,
2817 2462 2906 2531 '52)
2938 2479 2949 2514 :
2982 2461 3076 2516 sed
3121 2472 3301 2516 tamen
3337 2460 3439 2517 hoc
3491 2462 3676 2531 majus
3705 2469 3811 2526 cst;

2206 2551 2330 2622 quia
2359 2551 2489 2606 illud
2522 2551 2574 2606 in
2609 2552 2778 2623 ﬁgura
2808 2559 2935 2609 ante
2967 2554 3282 2624 praecessit:
3317 2570 3461 2608 nunc
3487 2563 3678 2609 autem
3713 2552 3814 2622 ple~

2208 2659 2334 2698 num
2366 2643 2418 2698 in
2449 2638 2680 2698 veritate
2711 2646 3025 2718 mysterium
3054 2657 3168 2712 est;
3194 2643 3307 2701 illic
3333 2645 3482 2701 enim
3509 2644 3812 2702 Salomonis

2205 2748 2396 2810 typus,
2447 2737 2534 2793 hic
2580 2747 2758 2794 autem
2789 2737 3040 2796 Christus
3083 2739 3135 2794 in
3167 2755 3267 2794 suo
3305 2737 3550 2810 Corpore
3599 2750 3698 2794 eSI.
3744 2735 3808 2791 Ex

2204 2831 2417 2888 duobus
2456 2831 2617 2903 igitur
2651 2840 2870 2887 constat
2908 2831 3176 2897 Ecclesia,
3208 2842 3266 2888 ut
3297 2846 3388 2888 aut
3419 2849 3661 2904 peccare
3711 2847 3809 2887 ne-

2160 2971 2167 2974 .
2204 2925 2367 2992 scias,
2400 2934 2494 2982 aut
2518 2941 2747 2998 peccare
2766 2927 3007 2994 desinas;
3032 2928 3346 2998 pcenitentia
3376 2929 3530 2985 enim
3561 2917 3806 2984 delictum

2203 3031 2440 3087 amovet,
2472 3022 2740 3094 sapientia
2766 3032 2942 3080 cavet.
2979 3023 3091 3079 lloc
3120 3025 3174 3080 in
3202 3025 3490 3098 mysterio.

2274 3135 2366 3193 97.
2405 3136 2672 3192 Caeterum
2696 3136 2849 3193 Jonte
2870 3137 3083 3210 signum
3108 3147 3164 3193 ut
3186 3146 3346 3211 typus
3367 3137 3677 3193 Dominicte
3699 3151 3806 3207 pas.

2201 3230 2396 3296 sionis,
2431 3234 2503 3286 ita
2535 3231 2701 3287 etiam
2728 3232 3004 3302 gravium,
3041 3246 3164 3304 qua“:
3193 3231 3367 3288 Judtei
3397 3233 3802 3296 conuuiserant,

2203 3322 2515 3379 testificatio
2544 3332 2890 3394 peccatorum
2921 3333 3024 3379 est.
3050 3322 3225 3379 Simul
3253 3324 3546 3382 advertere
3574 3325 3728 3390 licet,
3755 3329 3802 3376 et

501 3432 810 3478 consortem
862 3422 1124 3479 debemus
1173 3424 1448 3479 aestimare
1497 3422 1760 3493 Spiritum
1816 3433 2096 3488 sanctum;
2125 3420 2170 3485 C
2207 3417 2506 3486 tnajestatis
2534 3417 2847 3486 oraculum,
2895 3428 2950 3474 et
2981 3419 3200 3489 pietatis
3249 3419 3800 3489 indicinm;namque

502 3517 625 3585 quia
656 3514 913 3571 Dominus
943 3530 1017 3573 est
1064 3517 1293 3589 Spiritus
1318 3535 1337 3574 :
1368 3517 1457 3573 ubi
1499 3526 1672 3572 autem
1717 3516 1944 3588 Spiritus
1988 3515 2098 3570 Do-

503 3611 653 3674 mini,
680 3610 750 3664 ibi
783 3610 987 3666 libertas
1016 3611 1084 3682 (ll
1114 3609 1238 3666 Cor.
1272 3626 1350 3678 ut,
1386 3609 1500 3680 17).

577 3725 759 3798 (Vers.
790 3725 909 3798 24).
951 3724 1080 3782 Cum
1105 3725 1403 3781 immundus
1437 3725 1651 3796 spiritus
1691 3724 1873 3779 exierit
1903 3721 1968 3778 de
2007 3723 2101 3778 lto-

504 3821 657 3886 mine,
689 3819 919 3875 ambulat
948 3837 1038 3893 per
1057 3821 1172 3875 loca
1204 3819 1353 3874 arida
1378 3834 1492 3891 qua:
1526 3835 1627 3874 nou
1653 3803 1854 3872 'habent
1884 3829 2097 3888 aquam,

499 3929 737 3984 qutcrens
755 3913 1002 3986 requiem,
1033 3922 1206 3968 etnon
1236 3914 1514 3969 inveniens.

572 4007 661 4062 95.
707 4007 818 4062 Hoc
859 4007 926 4064 de
965 4007 1277 4063 .lu'daeorum
1313 4007 1469 4078 plebe
1509 4007 1712 4063 dictum
1747 4006 1945 4077 ambigi
1987 4020 2096 4061 non

500 4108 700 4171 potest,
733 4116 896 4172 quam
938 4102 1196 4157 Dominus
1233 4117 1263 4156 a
1296 4117 1465 4172 regno
1507 4117 1607 4157 suo
1641 4102 1692 4155 in
1723 4098 2100 4170 superioribus

492 4189 818 4265 segregavit.
841 4192 996 4252 Unde
1013 4209 1204 4250 omnes
1215 4207 1434 4265 quoque
1451 4193 1739 4248 luereticos
1756 4200 1807 4246 et
1835 4191 2100 4246 schisma-

499 4289 638 4344 ticos
661 4289 739 4344 Da
771 4301 942 4358 regno
972 4283 1044 4356 el,
1072 4299 1127 4345 et
1155 4289 1224 4343 ab
1258 4287 1497 4343 Ecclesia
1529 4285 1770 4356 iutellige
1796 4293 2097 4356 separatos.

501 4381 563 4438 Et
599 4383 722 4440 ideo
748 4401 855 4440 non
877 4384 997 4452 Dei,
1029 4383 1125 4441 sed
1157 4382 1420 4440 immundi
1453 4382 1676 4451 spiritus
1705 4393 1896 4436 omnes
1921 4378 2100 4434 schis-

493 4477 817 4534 maticbrum
851 4478 1342 4548 luereticorumque
1375 4473 1585 4548 liquido
1612 4473 1784 4530 claret
1814 4481 1938 4528 esse
1967 4486 2101 4528 con-

501 4581 718 4626 ventus.
752 4572 941 4642 itaque
968 4573 1021 4628 in
1055 4587 1164 4628 uno
1207 4571 1429 4627 homine
1465 4571 1629 4626 tutius
1670 4568 1882 4625 Judaici
1915 4568 2100 4640 populi

498 4668 834 4734 comparatio
861 4674 963 4731 est,
989 4681 1019 4722 a
1039 4682 1147 4737 quo
1182 4659 1393 4739 1433
1422 4679 1517 4736 per
1544 4665 1714 4736 legem
1747 4663 1973 4736 spiritus
2000 4663 2102 4718 im-

2204 3510 2562 3566 Niniviturum
2594 3512 2846 3583 exemplo
2885 3521 2940 3567 et
2969 3510 3324 3568 denuntiatur
3349 3513 3714 3584 supplicium,
3753 3517 3800 3565 et

2203 3604 2502 3661 remedium
2545 3605 2970 3662 demonstratur.
3004 3607 3162 3664 Unde
3192 3610 3354 3664 etiam
3386 3609 3566 3666 Judaei
3615 3609 3798 3662 debent

2203 3712 2308 3752 non
2351 3701 2647 3769 desperare
2677 3698 3069 3771 indulgentiam
3092 3743 3107 3768 ,
3142 3702 3188 3758 si
3217 3703 3386 3758 velint
3432 3718 3600 3776 agere
3641 3699 3798 3775 pmni-

2205 3795 2456 3850 tentiam.

2275 3909 2456 3981 (Vers.
2487 3908 2606 3979 53.)
2650 3907 2819 3965 Nemo
2849 3909 3114 3966 lucernam
3167 3914 3404 3970 accendit
3432 3924 3481 3970 et
3503 3917 3563 3970 in
3588 3913 3791 3968 abscon-

2202 4002 2310 4058 dito
2341 4005 2522 4074 ponit,
2554 4016 2716 4074 neque
2743 4007 2838 4061 sub
2865 4009 3071 4075 modio,
3110 4009 3202 4062 sed
3229 4025 3391 4080 supra
3417 4007 3786 4066 candelabrum.

2274 4098 2364 4154 98.
2410 4100 2550 4172 Ergo
2570 4102 2693 4173 quia
2717 4101 2770 4157 in
2791 4104 3164 4173 superioribus
3186 4103 3486 4159 Ecclesium
3505 4103 3793 4178 Synagogai

2205 4192 2476 4263 praetulit,
2524 4196 2772 4250 hortatur
2815 4211 2917 4251 nos
2946 4205 3004 4250 ut
3047 4195 3206 4250 ﬁdem
3241 4197 3419 4266 potius
3450 4209 3694 4251 nostram
3731 4186 3790 4246 ad

2202 4285 2506 4341 Ecclesiam
2559 4287 2984 4355 transferamus;
3042 4289 3260 4344 lucerna
3301 4288 3449 4344 enim
3501 4287 3636 4344 ﬁdes
3683 4293 3788 4348 est.

2197 4378 2350 4450 juxta
2381 4380 2524 4449 quod
2557 4380 2820 4452 scriptum
2850 4393 2933 4437 est
2964 4402 2976 4436 :
3006 4382 3245 4437 Lucerna
3287 4383 3504 4453 pedibus
3541 4382 3666 4437 meis
3695 4383 3788 4432 tero

2203 4471 2322 4525 bum
2353 4480 2518 4538 tuum,
2547 4470 2770 4528 Domine
2801 4473 2974 4547 (Psal.
3005 4479 3195 4542 cum,
3222 4474 3384 4545 105);
3410 4473 3637 4530 verbum
3659 4469 3788 4526 enim

2207 4563 2299 4619 Dei
2343 4564 2479 4620 ﬁdes
2508 4574 2693 4621 nostra
2739 4577 2852 4632 est,
2897 4567 3122 4622 verbum
3158 4567 3251 4624 Dei
3297 4569 3420 4633 lux.
3469 4569 3686 4624 lucerna
3717 4567 3789 4617 est

2206 4650 2360 4714 iides'.
2393 4656 2525 4713 Erat
2560 4659 2656 4714 tua:
2687 4674 2805 4713 uera
2829 4701 2844 4726 ,
2875 4675 2989 4730 qua:
3024 4660 3285 4716 illuminat
3312 4677 3513 4715 omnem
3552 4659 3788 4714 hominem

501 4756 738 4813 mundus
778 4757 1004 4814 exierat.
1036 4759 1142 4816 Sed
1177 4759 1300 4829 quia
1342 4762 1393 4815 in
1427 4758 1738 4815 nationibus
1769 4767 1821 4812 et
1846 4759 2100 4830 gentibus
2124 4825 2163 4830 _
2205 4757 2488 4811 t'cnientem
2514 4757 2571 4811 in
2591 4755 2730 4811 hunc
2760 4758 3011 4811 mundum
3043 4755 3224 4828 (Joau.
3256 4769 3296 4825 ι,
3329 4755 3410 4830 9).
3439 4757 3678 4816 Lucerna
3705 4765 3787 4805 att-

502 4868 599 4923 per
627 4849 785 4908 iidem
826 4851 1027 4907 Chrlstl
1056 4825 1298 4923 requiem
1339 4844 1579 4923 reperire
1619 4867 1728 4909 non
1771 4825 1946 4922 potuit
1973 4851 2099 4924 (im-
2122 4825 2179 4889 Ῑ)
2206 4860 2312 4907 tem
2346 4851 2528 4907 lucere
2557 4865 2662 4906 non
2688 4860 2887 4922 potest,
2922 4849 3023 4906 nisi
3053 4825 3273 4906 aliunde
3302 4825 3486 4908 lumen
3510 4844 3786 4921 acceperit-

502 4945 718 5002 mundis
747 4946 889 5001 enim
918 4946 1199 5018 spiritibus
1226 4945 1478 5003 Christus
1511 4947 1822 5002 incendium
1867 4957 1974 5013 est,
2006 4947 2097 5016 qui

499 5037 553 5094 in
580 5039 888 5110 pectoribus
911 5039 1211 5110 gentilium,
1234 5051 1354 5110 qua:
1375 5049 1504 5094 aute
1525 5037 1677 5093 arida
1703 5045 1879 5104 erant,
1907 5047 2096 5106 postea

504 5141 600 5202 per
638 5133 968 5204 baptismum
1017 5147 1140 5188 rore
1184 5131 1422 5202 Spiritus
1464 5131 1638 5186 sancti
1683 5129 2097 5200 humescebant,

495 5226 673 5295 jacitla
706 5221 998 5282 adversarii
1030 5225 1196 5295 ignita
1229 5225 1633 5294 reStrinxerat),
1663 5221 1786 5280 ideo
1818 5235 2102 5295 regressus

499 5319 566 5373 ad
595 5319 806 5391 plebem
839 5330 920 5374 est
945 5315 1279 5386 .ludaeorum,
1324 5326 1446 5389 quae
1477 5316 1682 5373 forensi
1710 5325 1764 5372 et
1797 5316 2101 5386 perfuncto-

502 5412 581 5467 ria
611 5413 796 5482 specie
834 5423 1071 5482 compta,
1100 5411 1286 5465 animo
1313 5417 1496 5465 manet
1525 5409 1785 5466 interiore
1812 5404 2096 5481 pullutior.

500 5503 685 5575 Neque
725 5505 868 5562 enim
908 5505 1047 5561 sacri
1091 5501 1252 5560 fontis
1295 5504 1501 5573 irriguo
1554 5514 1645 5560 aut
1684 5503 1959 5571 abluebat,
2007 5513 2101 5559 aut

500 5599 870 5672 restinguebat
911 5598 1163 5654 ardorem
1200 5615 1212 5651 :
1246 5598 1553 5668 meritoque
1597 5597 1665 5653 ad
1711 5613 1829 5654 eam
1874 5597 2099 5668 spiritus

499 5693 714 5751 redibat
752 5692 1081 5759 immundus,
1113 5691 1391 5747 adducens
1417 5704 1603 5746 secum
1634 5700 1841 5763 septem
1873 5690 2098 5768 spiritus

504 5789 795 5870 nequiores
819 5803 906 5856 se;
960 5788 1216 5861 quoniam
1245 5788 1298 5844 in
1328 5784 1665 5842 hebdomada
1711 5785 1869 5858 [tegis
1900 5795 1954 5841 et
1998 5797 2093 5841 oc-

501 5890 636 5952 tam
659 5887 980 5964 mysterium
1010 5884 1279 5972 sacrilega
1304 5890 1488 5944 mente
1509 5883 1804 5949 commisit.
1834 5883 2020 5962 Itaque
2039 5887 2099 5946 ut

2207 4945 2420 5021 1438.
2447 4945 2574 5003 Hau:
2597 4955 2684 5001 est
2722 4947 2949 5002 lucerna
2981 4959 3101 5014 quae
3131 4945 3470 5013 accenditur,
3507 4947 3672 5000 virtus
3694 4938 3786 4993 sci-

2203 5041 2332 5096 licet
2371 5049 2573 5095 nostra:
2603 5039 2805 5095 mentis
2843 5049 2898 5093 et
2927 5051 3164 5101 sensus,
3217 5049 3270 5093 ut
3319 5055 3440 5094 tuna
3502 5040 3587 5094 illa
3635 5029 3787 5106 possit

2201 5147 2322 5204 qure
2351 5131 2602 5200 perierat,
2634 5133 2864 5202 reperiri
2889 5129 3040 5202 (Luc.
3065 5139 3156 5195 xv,
3185 5131 3265 5203 8).-
3296 5130 3466 5186 Nemo
3487 5145 3616 5200 ergo
3642 5125 3781 5182 [idem

2201 5228 2303 5284 sub
2326 5227 2472 5298 Lege
2498 5226 2826 5292 Constituet;
2861 5225 2970 5280 Lex
2996 5226 3140 5281 enim
3172 5226 3311 5280 intra
3347 5237 3652 5280 mensuram
3682 5226 3778 5280 es"

2205 5324 2344 5378 ult-ra
2371 5333 2679 5377 mensuram
2709 5319 2886 5391 gratia
2915 5336 2930 5374 :
2959 5319 3074 5375 Les
3121 5319 3448 5384 obumbrat,
3491 5316 3658 5389 gratia
3684 5311 3780 5366 cla-

2203 5415 2399 5471 riﬂcat.
2433 5414 2500 5469 Et
2545 5411 2670 5468 ideo
2707 5425 2871 5467 nemo
2914 5411 3075 5468 ﬁdem
3107 5425 3259 5466 suam
3301 5411 3443 5465 intra
3487 5414 3779 5465 mensuram

2200 5506 2362 5578 Legis
2393 5505 2668 5573 includat,
2713 5505 2808 5560 sed
2855 5504 2924 5558 ad
2965 5501 3266 5559 Ecclesiam
3298 5502 3574 5569 conferat,
3613 5502 3660 5555 in
3688 5504 3777 5564 qua

2202 5599 2537 5672 septifortnis
2578 5599 2812 5669 Spiritus
2856 5597 3063 5654 relucet
3108 5595 3312 5666 gratia,
3347 5611 3510 5667 quam
3540 5595 3778 5655 Princeps

2203 5695 2296 5750 ille
2317 5695 2662 5749 sacerdotum
2682 5690 2892 5763 fulgore
2912 5707 3165 5764 superna:
3186 5688 3483 5746 divinitatis
3506 5683 3774 5746 illuminat.

2205 5800 2274 5845 ne
2299 5803 2418 5843 eam
2446 5787 2606 5859 Legis
2634 5785 2822 5841 umbra
2853 5785 3174 5857 restinguat.

2274 5879 2365 5944 99.
2408 5879 2649 5957 Denique
2678 5878 2901 5942 lucerna
2928 5877 3022 5944 illa
3058 5892 3222 5958 quam
3265 5869 3550 5954 matutinis
3575 5879 3776 5953 vesper-
