4014 6548
412 345 554 403 1727

1737 343 1985 404 SANCTI
2024 346 2350 410 AMBROSII

3580 356 3757 416 i728

485 465 613 523 110.
651 465 761 524 Sed
788 466 1044 540 quoniam
1066 465 1281 539 gemina
1308 472 1571 521 estcausa
1606 462 1870 534 perﬁdiae,
1895 478 2016 536 quae
2043 468 2098 528 A
2122 480 2155 521 ι
2178 509 2192 535 ,
2214 468 2329 542 29),
2353 484 2553 543 corpus
2574 472 2916 547 animamque
2937 472 3283 546 signiﬁcans;
3308 473 3571 546 quoniam
3594 490 3753 532 caro

414 566 513 615 aut
535 573 604 616 ex
637 560 829 615 inolita
858 560 1093 626 malitia,
1127 568 1221 614 aut
1245 574 1312 614 ex
1340 558 1607 614 accide‘nti
1645 565 1793 613 metu
1838 557 2017 613 nasci-

417 661 535 720 tur;
571 652 787 727 15.36
816 669 884 710 ne
910 654 1030 726 quis
1054 662 1201 710 metu
1244 652 1467 708 territus
1495 651 1815 722 potestatis,
1851 651 2018 706 Deum

413 763 575 820 quem
603 750 771 804 corde
816 746 1124 818 cognoscit,
1158 761 1357 817 negare
1386 755 1635 811 conetur,
1670 744 1897 815 pulchre
1926 744 2018 799 ad-

414 836 554 894 didit
595 838 794 894 animae
842 846 1046 893 tantum
1091 836 1440 892 formidabile
1487 852 1612 893 esse
1653 837 2017 908 supplicium,

414 945 635 999 poenam
681 931 928 1002 corporis
974 946 1079 985 non
1105 945 1229 987 esse
1269 930 1650 997 metuendam;
1686 945 1831 985 mors
1876 928 2020 985 enim

416 1036 625 1081 natura:
650 1023 793 1088 linis,
817 1038 925 1079 non
959 1038 1114 1094 ptena
1169 1035 1287 1090 est;
1321 1034 1374 1079 et
1408 1024 1529 1079 ideo
1557 1033 1785 1079 mortem
1816 1023 2023 1093 suppli-

416 1116 490 1172 cii
531 1117 833 1187 corporalis
878 1131 1002 1173 esse
1045 1117 1355 1185 defectum,
1406 1132 1622 1187 poenam
1667 1131 1797 1172 vero
1826 1118 2023 1171 anima:

419 1221 541 1265 esse
572 1220 920 1280 perpetuam;
953 1225 1125 1281 eoque
1168 1210 1337 1264 Deum
1382 1210 1557 1265 solum
1601 1224 1722 1265 esse
1768 1220 2021 1264 metuen-

417 1302 569 1369 dum,
602 1302 759 1373 cujus
787 1304 1043 1373 potestati
1077 1318 1183 1357 non
1212 1312 1405 1358 natura
1432 1303 1776 1374 praescribat,
1811 1302 1906 1358 sed
1931 1319 2021 1359 ea-

416 1391 541 1453 dem
570 1403 762 1450 natura
791 1394 1107 1465 subiaceat;
1142 1406 1375 1452 mortem
1405 1412 1535 1452 vero
1570 1412 1676 1451 non
1713 1411 1835 1452 esse
1865 1395 2024 1451 terri-

415 1488 793 1561 biletn,‘quam
824 1488 1183 1561 locupletiore
1216 1491 1400 1546 fenore
1430 1489 1499 1546 sit
1530 1488 1912 1545 immortalitas
1940 1502 2025 1543 re-

418 1582 728 1655 demptum.
1418 1570 1419 1573 “

492 1676 620 1732 111.
660 1675 1026 1747 lnspiraverat
1059 1677 1329 1733 Dominus
1352 1676 1716 1749 simplicitatis
1744 1675 2021 1741 allectum,

417 1772 675 1828 virtutem
704 1772 904 1827 mentis
930 1784 1217 1842 erexerat,
1255 1773 1392 1829 ﬁdes
1433 1774 1547 1829 sola
1584 1774 1841 1837 nutabat;
1886 1772 2024 1825 bene

418 1880 542 1923 eam
582 1866 652 1923 de
683 1865 970 1922 vilioribus
1009 1867 1320 1934 roboravit;
1359 1882 1483 1922 nam
1515 1866 1562 1921 si
1607 1866 1747 1921 Deus
1794 1864 2026 1920 oblivio—
2053 1867 2102 1928 B

420 1974 546 2017 nent
590 1974 874 2032 passerum
901 1974 1007 2015 non
1038 1959 1234 2027 habet,
1272 1959 1552 2015 hominum
1581 1959 1787 2015 habere
1814 1959 1905 2028 qui
1932 1972 2029 2028 po-

421 2051 565 2109 test?
586 2051 738 2119 Quod
763 2052 809 2107 si
835 2062 978 2108 tanta
1003 2064 1086 2108 est
1112 2053 1299 2120 Dei,et
1316 2038 1420 2107 tam
1436 2062 1639 2108 aeterna
1669 2051 1945 2122 majestas,
1969 2059 2028 2107 ut

423 2158 567 2200 unus
608 2160 674 2200 ex
706 2146 1054 2215 passeribus,
1103 2153 1196 2200 aut
1226 2156 1537 2201 nostrorum
1570 2158 1830 2199 numerus
1860 2141 2026 2213 capil-

420 2235 600 2294 lorum
652 2246 852 2309 praeter
893 2239 1175 2294 scientiam
1223 2238 1319 2293 Dei
1366 2254 1473 2293 non
1517 2237 1616 2303 sit;
1683 2252 1843 2307 quam
1890 2235 2029 2290 indi-

422 2344 591 2402 gnum
636 2341 719 2386 est
762 2330 1032 2388 msﬁmare
1078 2330 1225 2402 quod
1275 2330 1515 2386 ﬁdelium
1560 2330 1724 2384 corda
1768 2330 2027 2385 Dominus

424 2434 519 2478 aut
550 2424 785 2495 ignoret,
814 2433 909 2479 aut
938 2434 1183 2495 Spernat,
1215 2425 1307 2496 qui
1337 2425 1528 2479 viliora
1557 2425 1881 2495 cognoscat!

500 2516 623 2571 112.
665 2515 922 2573 Fortasse
958 2517 1106 2573 dicat
1146 2518 1385 2590 aliquis:
1413 2516 1698 2586 Quomodo
1734 2515 2028 2587 Apostolus

422 2606 559 2664 dixit
588 2625 602 2663 :
639 2606 913 2681 Numquid
938 2609 1004 2664 de
1024 2609 1184 2665 bobus
1213 2627 1338 2664 cura
1365 2619 1439 2665 est
1468 2606 1579 2664 Deo
1608 2602 1657 2682 (li
1681 2607 1803 2663 Cor.
1832 2624 1904 2674 tx,
1937 2608 2024 2680 9);

424 2713 548 2757 curn
577 2703 761 2774 utique
793 2703 892 2758 bos
919 2717 1144 2775 passere
1175 2702 1466 2775 pretiosior
1494 2702 1597 2757 sit?
1629 2700 1737 2758 Sed
1766 2702 1913 2773 aliud
1944 2710 2030 2757 est

422 2809 576 2863 cura,
619 2796 765 2852 aliud
814 2796 1063 2853 scientia.
1118 2796 1361 2867 Denique
1406 2810 1669 2851 numerus
1707 2795 2027 2865 capillorum

423 2905 534 2948 non
562 2892 613 2946 in
644 2902 768 2947 actu
793 2890 1237 2962 computationis,
1272 2891 1367 2945 sed
1399 2890 1452 2945 in
1480 2889 1736 2945 facilitate
1766 2889 2029 2959 cognitio-

423 2985 510 3041 nis
536 2984 832 3055 accipitur;
861 3000 966 3040 non
998 2985 1144 3041 enim
1173 2984 1464 3039 sollicitam
1497 2985 1637 3040 Dens
1668 2999 1812 3038 curae.
1840 2999 2032 3039 nume-

424 3077 597 3135 rantis
652 3079 885 3134 intendit
940 3079 1260 3145 excubiam;
1320 3079 1418 3135 sed
1488 3081 1575 3133 cui
1636 3082 1852 3150 cognita
1905 3088 2033 3135 sunt

427 3176 632 3241 omnia,
661 3176 817 3247 quasi
848 3183 1132 3231 numerata
1158 3185 1285 3231 sunt
1313 3175 1518 3231 omnia.
1544 3175 1691 3231 Bene
1721 3186 1904 3232 tamen
1933 3193 2032 3231 nu-

427 3270 626 3324 merari
654 3270 941 3335 dicuntur;
974 3269 1098 3340 quia
1125 3268 1217 3323 illa
1240 3283 1362 3340 qua:
1383 3268 1635 3325 volumus
1660 3285 1902 3339 servare,
1929 3286 2020 3325 nu-
2054 3268 2101 3334 C

430 3376 729 3418 meramus.

505 3455 631 3510 115.
672 3455 970 3511 Possumus
1003 3463 1184 3510 tamen
1216 3454 1303 3510 hic
1326 3454 1597 3512 discutere
1626 3454 1846 3527 aliquod
1873 3456 2031 3512 intel-

432 3548 674 3620 ligentiae
711 3549 972 3618 spiritalis
1008 3564 1298 3615 arcanum;
1334 3552 1637 3621 praesertim
1664 3566 1786 3606 cum
1819 3554 1920 3606 hoc
1950 3554 2029 3606 vi-

431 3643 627 3700 deatur
653 3642 972 3709 absurdum,
1005 3654 1063 3699 ut
1092 3643 1341 3699 homines
1370 3659 1476 3699 non
1510 3645 1689 3715 potius
1722 3644 2034 3701 hominibus

433 3752 596 3808 quam
638 3736 953 3808 passeribus
978 3746 1387 3807 comparentur.
1415 3736 1680 3793 Videntur
1706 3738 1851 3792 enim
1876 3738 2035 3809 quin-

434 3846 542 3901 que
572 3830 659 3885 isti
690 3843 945 3901 passeres
981 3831 1219 3902 quinque
1253 3845 1378 3887 esse
1420 3832 1668 3901 corporis
1699 3845 1925 3898 sensus,
1958 3843 2036 3884 ta-

435 3931 579 3991 ctus,
605 3923 887 3993 odoratus,
908 3936 1118 3995 gustus,
1145 3926 1310 3990 visus,
1336 3926 1586 3991 auditus;
1615 3926 1705 3998 qui
1733 3925 1895 3981 modo
1919 3940 2039 3995 pas-

440 4032 628 4074 serum
677 4019 723 4073 si
774 4021 1115 4074 terrénarnm
1169 4019 1411 4075 sordium
1440 4019 1707 4076 rimentur
1756 4020 2034 4088 illuviem,

436 4121 602 4183 atque
629 4129 697 4169 ex
728 4112 946 4169 incultis
966 4114 1102 4171 locis
1132 4125 1185 4171 et
1217 4116 1396 4171 letidis
1418 4115 1597 4170 cibum
1629 4126 1908 4186 quaerant,
1942 4115 2040 4171 de-

434 4208 692 4267 lictorum
742 4225 962 4282 suorum
1011 4212 1226 4282 laqueis
1266 4212 1548 4282 occupati,
1583 4212 1649 4266 ad
1694 4212 2037 4283 superiorum

437 4318 662 4375 operum
689 4303 900 4361 fructus
920 4347 935 4371 ,
957 4306 1154 4377 quibus
1185 4307 1476 4376 epulantur
1516 4306 1713 4360 anima:
1733 4346 1749 4374 ,
1791 4293 2041 4361 revelare

440 4413 549 4453 non
597 4406 845 4469 possunt.
879 4398 972 4453 Est
997 4400 1144 4454 enim
1176 4398 1536 4454 lenocinantis
1566 4397 1783 4469 quidam
1818 4398 2043 4469 laqueus

439 4494 753 4565 voluptatis,
787 4492 813 4531 ⁸
844 4493 937 4566 qui
964 4505 1273 4550 nostrorum
1300 4494 1541 4566 vestigiis
1562 4494 1871 4550 animorum
1896 4510 2044 4567 quae-

441 4585 565 4641 dam
593 4587 807 4643 vincnla
836 4588 1152 4654 subuectat;
1184 4597 1240 4643 ut
1268 4588 1314 4643 si
1344 4588 1559 4659 igneum
1591 4587 1857 4659 vigorem,
1891 4589 2041 4659 puri-

2122 578 2338 637 quoque
2383 566 2429 621 si
2468 568 2821 624 consentiens
2848 569 2943 624 Dei
2976 569 3117 640 legi,
3162 580 3215 624 et
3263 584 3481 626 exuens
3518 571 3752 640 selege

2122 661 2327 726 peccati
2357 659 2410 714 in
2442 670 2685 717 naturam
2719 663 2913 717 animm
2943 678 3199 718 sensnmn
3228 667 3471 735 puritate
3494 667 3757 720 transie—

2122 750 2217 817 rit,
2247 751 2351 807 alis
2381 751 2447 807 ad
2468 755 2663 809 coelum
2695 752 3031 825 spiritalibus
3055 756 3324 813 elevatur.
3351 757 3541 823 Itaque
3563 757 3757 813 duce-

2122 860 2244 899 ntur
2272 846 2396 915 quia
2427 846 2646 902 volandi
2689 848 2845 903 nobis
2875 851 3331 919 gratiam’nalura
3357 850 3547 917 dedit,
3574 848 3602 888 δ
3632 865 3754 905 νη·

2123 938 2302 1009 luptas
2326 940 2571 1005 abstulit,
2604 956 2726 1012 quae
2756 941 3024 997 malorum
3053 942 3193 997 escis
3220 953 3413 1015 gravat
3453 946 3702 1000 animam
3726 985 3745 1010 ,

2122 1041 2285 1104 atque
2312 1032 2363 1089 in
2395 1042 2641 1089 naturam
2668 1050 2947 1107 corporeae
2972 1036 3131 1091 molis
3162 1038 3410 1093 inclinat.

2200 1147 2321 1201 115.
2367 1148 2668 1220 Meritoque
2714 1151 2895 1221 posuit
2939 1152 3061 1221 quia
3114 1167 3273 1207 nemo
3319 1151 3542 1207 illorum
3588 1151 3750 1207 cadit

2124 1241 2244 1297 sine
2280 1244 2556 1299 voluntate
2594 1244 2685 1299 Dei
2728 1243 2960 1319 (Ibid,);
2994 1247 3135 1316 quod
3163 1246 3306 1300 enim
3338 1246 3518 1308 cadit.
3554 1247 3746 1317 vergit

2126 1334 2179 1390 in
2228 1346 2457 1401 terram;
2512 1347 2568 1392 et
2610 1337 2753 1408 quod
2801 1339 2981 1405 volat,
3033 1338 3248 1409 fastigio
3304 1339 3743 1393 immortalitatis

2125 1428 2392 1485 evehitur.
2435 1429 2512 1485 Ne
2550 1430 2636 1486 cui
2677 1440 2861 1487 autem
2893 1431 3118 1487 dubium
3161 1441 3310 1488 esset
3337 1431 3479 1503 quod
3517 1430 3740 1504 15.37

2128 1522 2413 1577 Matlbmus
2440 1522 2597 1590 dixit,
2627 1523 2802 1579 Lucas
2829 1523 3111 1579 evidenter
3134 1524 3387 1590 absolvit,
3420 1527 3547 1596 quia
3580 1536 3601 1563 ε’
3638 1539 3739 1579 τοι

2128 1615 2306 1670 luntas
2342 1614 2577 1671 hominis
2620 1616 2732 1672 Deo
2770 1618 2987 1685 cognita
3016 1624 3129 1682 est;
3175 1633 3280 1671 non
3311 1617 3453 1673 enim
3482 1618 3735 1688 quicum-

2126 1726 2233 1782 que
2258 1710 2441 1779 cadit,
2478 1712 2753 1766 voluntate
2798 1710 2893 1767 Dei
2920 1711 3104 1776 cadit;
3137 1711 3230 1766 sed
3274 1711 3361 1782 qui
3404 1711 3729 1767 delictorum

2130 1821 2351 1860 suorum
2380 1806 2524 1862 mole
2567 1807 2774 1874 ruerit,
2809 1807 2973 1861 Deum
3008 1806 3182 1861 latere
3207 1822 3313 1862 non
3344 1806 3573 1877 poterit;
3606 1820 3728 1859 nam

2131 1907 2186 1955 et
2213 1898 2316 1955 Job
2346 1915 2412 1956 ex
2454 1899 2547 1955 Dei
2580 1899 2863 1954 voluntate
2904 1907 3144 1954 tentatur
3170 1898 3292 1971 (Job
3339 1914 3386 1963 t,
3425 1896 3538 1969 i2).
3576 1896 3730 1952 Dedit

2130 1995 2228 2051 tibi
2252 1994 2647 2062 adversarium,
2678 1995 2772 2050 sed
2798 1995 3074 2063 pr0posuit
3096 1993 3401 2064 praemium.
3426 1990 3539 2047 Nec
3568 2005 3729 2047 excu-

2132 2103 2219 2145 ses
2250 2088 2594 2159 fragilitatem
2614 2129 2630 2156 ,
2660 2089 2750 2159 qui
2778 2087 2945 2143 babes
2974 2087 3262 2158 imaginem
3281 2128 3294 2150 ,
3326 2085 3586 2154 accepisti
3616 2100 3728 2137 mn-

2132 2183 2427 2248 nitionem;
2456 2182 2603 2237 unde
2629 2181 2813 2238 ethoc
2856 2180 3067 2252 proﬁcit
3105 2180 3170 2234 ad
3211 2180 3473 2243 salutem,
3505 2185 3571 2233 ut
3613 2178 3725 2232 sine

2135 2277 2493 2349 permissione
2524 2279 2617 2335 Dei
2642 2277 2916 2333 diabolum
2940 2291 3137 2331 nocere
3168 2291 3277 2330 non
3307 2289 3467 2345 posse
3492 2288 3721 2345 cognos-

2132 2386 2260 2437 cas;
2292 2388 2360 2428 ne
2383 2374 2676 2442 potentiam
2714 2371 2911 2427 diaboli
2940 2372 3109 2441 magis
3137 2368 3362 2436 timeas,
3393 2383 3556 2440 quam
3588 2368 3721 2423 divi-

2131 2464 2318 2520 nitatis
2348 2465 2632 2521 offensam.

2208 2579 2330 2636 116.
2375 2580 2493 2636 iam
2528 2581 2660 2637 illud
2693 2596 2799 2636 non
2825 2581 3045 2637 dubiant
3069 2590 3173 2652 est,
3207 2580 3402 2637 animm
3445 2596 3723 2650 passerem

2131 2676 2461 2747 comparari,
2492 2693 2613 2731 cum
2643 2677 2881 2748 legeris:
2927 2677 3115 2732 Anima
3165 2688 3341 2732 nostra
3382 2676 3514 2730 sicut
3555 2692 3727 2746 passer

2133 2778 2308 2841 erepta
2335 2769 2499 2824 estde
2531 2771 2713 2837 laqueo
2741 2772 3031 2825 venantium
3081 2768 3252 2843 (Psal.
3292 2784 3483 2837 cum,
3532 2766 3617 2841 7).
3668 2770 3729 2824 Et

2132 2865 2260 2923 alibi
2294 2883 2307 2918 :
2344 2862 2613 2931 Quomodo
2652 2866 2823 2922 dicitis
2863 2867 3052 2921 anima:
3086 2882 3207 2921 mea’
3240 2883 3261 2922 :
3304 2865 3641 2937 Transmigra
3680 2866 3729 2918 in

2134 2969 2359 3013 montem
2389 2961 2520 3015 sicut
2552 2977 2727 3031 passer
2756 2959 2929 3033 (Psal.
2966 2978 3024 3025 ι,
3052 2960 3149 3032 2)?
3176 2959 3355 3031 Ipsum
3384 2975 3601 3031 quoque
3637 2958 3732 3013 ho-

2134 3052 2575 3125 minetnlegimus
2597 3055 2900 3126 comparari
2921 3056 3159 3125 passeri;
3190 3054 3315 3126 quia
3330 3055 3589 3125 scriptum
3614 3062 3727 3108 est:

2138 3144 2248 3219 Ego
2268 3158 2439 3201 autem
2466 3149 2594 3203 sicut
2626 3165 2803 3215 passer
2830 3148 3109 3220 singularis
3139 3148 3192 3202 in
3217 3147 3437 3221 uadi/icio
3461 3145 3637 3217 (Psal.
3659 3161 3729 3212 Cl,

2133 3238 2224 3312 8);
2254 3241 2463 3297 scilicet
2491 3257 2556 3297 ex
2578 3242 2790 3298 duobus
2822 3242 3131 3313 passeribus
3161 3243 3215 3298 in
3241 3258 3406 3297 unum
3434 3258 3729 3313 passerem,

2136 3334 2239 3389 hoc
2250 3334 2951 3405 est,Spiritalissubstantite
2969 3336 3209 3393 subtilila
3222 3335 3733 3400 tem,cnncordantis

2136 3428 2416 3499 utriusque
2444 3429 2542 3484 ala:
2571 3444 2832 3500 compage
2855 3428 3137 3484 formatus.
3178 3429 3322 3500 Ergo
3352 3444 3537 3498 passer
3563 3430 3733 3484 bonus

2135 3529 2240 3588 est,
2278 3521 2366 3577 cui
2416 3522 2629 3578 volandi
2661 3534 2849 3579 natura
2887 3525 3218 3595 suppeditat.
3252 3524 3533 3580 Estetiam
3564 3525 3734 3579 malus

2138 3631 2346 3687 passer,
2388 3616 2483 3689 qui
2518 3617 2731 3673 volandi
2762 3636 2916 3674 nsunt
2960 3630 3186 3675 terrenae
3219 3621 3349 3674 vitio
3384 3618 3523 3675 labis
3557 3618 3734 3675 abole-

2139 3713 2277 3768 verit
2301 3730 2313 3765 :
2337 3713 2525 3783 quales
2550 3722 2674 3768 sunt
2694 3713 2780 3768 isti
2806 3728 3072 3786 passeres,
3089 3714 3179 3785 qui
3197 3712 3454 3784 dipondio
3477 3722 3730 3768 veneunt.

2214 3830 2339 3885 117.
2379 3829 2521 3885 Alibi
2574 3845 2697 3884 asse
2747 3839 3018 3897 veneunt,
3065 3830 3193 3885 alibi
3233 3828 3492 3900 dipondio
3518 3826 3729 3903 (Matth.

2141 3941 2196 3988 χ,
2220 3924 2334 3995 29).
2366 3925 2576 3991 Quanta
2598 3923 2777 3978 vilitas
2807 3922 3164 3980 delictorum!
3211 3922 3355 3978 Mors
3399 3924 3545 3978 enim
3595 3922 3731 3985 vilis,

2141 4019 2237 4076 sed
2273 4020 2505 4090 pretiosa
2541 4018 2740 4074 virtus.
2790 4018 3007 4073 Etenim
3067 4018 3411 4074 adversarius
3464 4029 3732 4088 tamquam

2143 4117 2353 4188 captiva
2379 4115 2647 4185 mancipia
2672 4114 2881 4169 vilioris
2907 4115 3080 4184 pretio
3098 4114 3475 4171 :estimationis
3495 4114 3695 4169 addicit
3718 4131 3732 4177 ;

2143 4219 2197 4264 at
2225 4224 2352 4265 vero
2386 4208 2648 4263 Dominus
2681 4217 2953 4277 tamquam
2984 4208 3227 4278 speciosa
3258 4208 3506 4273 servitia,
3532 4223 3651 4278 qum
3670 4204 3734 4261 ad

2144 4302 2434 4373 imaginem
2491 4312 2545 4357 et
2589 4301 3002 4358 similitudinem
3054 4302 3137 4356 sui
3191 4302 3340 4367 fecit,
3395 4302 3626 4359 idoneus
3657 4302 3734 4356 sui

2143 4398 2328 4465 Operis
2357 4397 2654 4451 aestimator
2696 4410 2893 4463 magno
2921 4396 3094 4464 pretio
3135 4411 3236 4451 nos
3282 4396 3556 4464 redemit,
3602 4394 3741 4451 sicut

2146 4498 2367 4545 sanctus
2392 4489 2685 4560 Apostolus
2711 4488 2849 4544 dixit
2873 4506 2886 4543 :
2917 4488 3095 4557 Entpti
3119 4490 3250 4543 enim
3282 4491 3402 4544 estis
3444 4489 3606 4561 pretio
3634 4506 3737 4542 ma-

2148 4601 2247 4654 gno
2275 4582 2319 4656 (1
2349 4581 2468 4638 Cor.
2492 4599 2571 4649 Vl,
2601 4582 2717 4655 ευ).
2769 4583 2835 4638 Ει
2869 4582 3005 4637 bene
3031 4599 3243 4653 magno,
3285 4582 3427 4653 quod
3462 4600 3569 4637 non
3599 4583 3738 4638 testi-

442 4686 716 4748 talemque
744 4689 972 4745 naturas,
1004 4688 1236 4736 terrente
1260 4665 1503 4736 materias
1529 4694 1724 4736 sensus
1756 4679 2042 4737 bebetave-
2069 4671 2122 4733 Ι)
2150 4688 2327 4733 matur
2355 4692 2484 4742 aere,
2514 4676 2610 4732 sed
2654 4677 2954 4747 sanguine;
2994 4677 3120 4746 quia
3170 4691 3267 4746 pro
3302 4676 3459 4731 nobis
3495 4687 3737 4731 mortuus

442 4771 549 4837 rit,
590 4771 815 4828 luxuriae
856 4775 1032 4842 pretio
1056 4775 1337 4831 stecularis
1373 4774 1647 4831 addictum
1677 4775 1779 4831 sub
1808 4773 2039 4847 quadam

444 4864 698 4921 vitiorum
727 4871 983 4923 auctione
1011 4869 1326 4925 constituat.

517 4956 642 5012 114.
687 4958 823 5015 Sunt
852 4959 1015 5015 etiam
1047 4962 1295 5031 qua-dam
1323 4972 1632 5019 nostrorum
1661 4963 1921 5022 nundinas
1949 4964 2045 5021 de-

442 5050 720 5107 lictorum.
771 5051 957 5124 ltaque
996 5056 1266 5111 variarum
1310 5057 1452 5125 capti
1486 5056 1756 5112 illecebris
1797 5060 2044 5128 volupta-

444 5156 559 5202 tum
582 5188 596 5213 ,
628 5156 723 5202 aut
762 5147 1158 5204 venumdamur
1187 5150 1288 5205 sub
1316 5159 1573 5221 peccato,
1606 5159 1698 5204 aut
1726 5150 2045 5206 reditnimur

439 5255 470 5296 a
503 5250 743 5311 peccato.
774 5238 1024 5298 Christus
1052 5258 1153 5299 nos
1182 5243 1421 5309 redimit,
1452 5243 1801 5298 adversarius
1828 5244 2040 5312 vendit;

442 5334 534 5391 ille
560 5336 908 5392 auctionatur
934 5337 1000 5392 ad
1029 5348 1259 5394 mortem
1278 5380 1291 5402 ,
1326 5338 1415 5393 hic
1444 5336 1660 5393 redimit
1692 5338 1757 5394 ad
1791 5339 2043 5395 salutem.

440 5425 597 5486 Unde
642 5427 779 5485 bene
821 5429 1106 5487 Mattheus
1144 5431 1283 5488 dnos
1313 5445 1568 5503 passeres
1611 5433 1792 5502 posuit
1822 5432 2038 5506 (Matth.

511 5582 539 5645 fl
578 5570 831 5645 Nonnulli
863 5587 1019 5639 mss.,
1042 5574 1132 5642 qui
1152 5583 1449 5628 nostrorum
1473 5573 1702 5645 remigiis
1723 5574 2038 5629 animorum.

511 5643 541 5684 ιο
580 5643 811 5712 Quidam
836 5658 992 5707 mss.,
1016 5645 1255 5700 voluntas
1280 5646 1508 5700 abstulit.
1532 5643 1640 5701 Sed
1667 5644 1931 5700 familiare
1956 5655 2043 5701 est

436 5714 677 5790 librariis
742 5716 1123 5790 scriptoribus,
1183 5728 1239 5771 ut
1281 5717 1588 5788 promiscue
1637 5717 1875 5772 voluntas
1939 5733 2040 5790 pro

436 5787 674 5861 voluptas
698 5788 940 5861 scribant
966 5796 1021 5843 et
1048 5797 1259 5844 contra.
1285 5787 1291 5788 “
1570 5793 1577 5801 ’

519 5858 785 5929 οὈιῃηθε
812 5858 945 5916 edit.
984 5873 1106 5914 cum
1151 5870 1305 5929 parte
1346 5873 1503 5920 mss..
1545 5860 1780 5914 voluntas
1814 5859 1909 5915 Dei
1946 5877 2034 5915 co-

434 5929 599 5996 gnitio
628 5927 762 5996 Dei;
792 5944 924 5986 mss.
966 5927 1279 6002 tamen'pro
1304 5931 1530 6000 cognitio
1557 5930 1691 5999 Dei,
1722 5931 1924 5989 habent
1950 5943 2037 5986 co~

2146 4782 2233 4832 est
2259 4770 2527 4839 Christus,
2550 4772 2639 4843 qni
2657 4772 2893 4841 pretioso
2913 4785 3013 4826 nos
3042 4773 3304 4843 sanguine
3332 4770 3604 4835 liberavit,
3634 4770 3737 4825 sic-

2146 4874 2204 4921 ut
2240 4868 2403 4922 etiam
2443 4875 2664 4921 sanctus
2722 4866 2920 4921 Petrus
2965 4865 3020 4921 in
3064 4863 3306 4935 Epistola
3353 4872 3739 4919 commemorat

2146 4974 2268 5029 sua,
2300 4959 2548 5016 scribens
2575 4958 2641 5014 ad
2674 4973 2774 5014 nos
2807 4976 2821 5013 :
2864 4958 2999 5026 Quia
3036 4975 3138 5015 non
3189 4960 3611 5030 corruptibilibus
3657 4975 3737 5011 ar-

2148 5066 2298 5129 gento
2321 5056 2401 5109 vel
2428 5071 2580 5119 auro,
2615 5054 2809 5124 inquit,
2838 5053 3093 5125 redempti
3146 5055 3262 5108 estis
3291 5056 3354 5109 de
3397 5069 3532 5107 vana
3575 5062 3739 5107 vestra

2149 5153 2536 5206 conuersatione
2551 5160 2776 5223 paterna:
2797 5150 3089 5204 traditionis
3109 5166 3127 5204 :
3149 5149 3241 5204 sed
3255 5150 3477 5219 pretioso
3498 5148 3740 5220 sanguine

2147 5248 2296 5319 quasi
2334 5248 2457 5321 agni
2493 5245 2890 5300 incontaminati
2930 5254 2977 5298 et
3022 5244 3343 5299 inmtaculati
3378 5242 3571 5299 Christi
3614 5240 3735 5297 Iesu

2150 5341 2193 5413 (Ι
2224 5341 2366 5397 Petr.
2400 5358 2440 5406 ι,
2467 5339 2533 5395 18
2559 5348 2607 5394 et
2640 5339 2749 5409 19).
2779 5339 2844 5393 Et
2872 5339 3012 5394 bene
3042 5339 3292 5404 pretioso,
3323 5338 3451 5407 quia
3486 5337 3734 5390 immacu-

2148 5434 2242 5491 lati
2268 5432 2517 5504 corporis
2546 5429 2768 5502 sanguis
2794 5440 2900 5497 est,
2931 5430 3057 5504 quia
3092 5430 3316 5500 sanguis
3341 5440 3425 5485 est
3446 5427 3572 5483 Filii
3604 5427 3690 5483 Dei
3719 5441 3733 5491 ;

2145 5577 2313 5647 gnitio
2338 5585 2432 5630 est.
2466 5572 2570 5627 Alii
2601 5587 2733 5627 vero
2759 5573 2929 5647 qni_e_t
2952 5570 3195 5647 melioris
3217 5578 3379 5647 noue,
3409 5579 3469 5625 ut
3489 5568 3543 5624 in
3569 5580 3730 5647 textu.

2144 5641 2559 5704 Consenuenter
2597 5641 2787 5700 autem
2822 5643 2910 5697 ubi
2952 5641 3247 5711 praeferunt
3277 5642 3441 5703 etlit.,
3470 5659 3572 5695 non
3609 5643 3735 5695 enim

2141 5717 2718 5792 quisquamiAmerbz,
2748 5716 2961 5792 quisque
2997 5711 3378 5792 voluntate’Dei
3402 5717 3575 5777 cadit;
3608 5728 3729 5792 mss.

2144 5784 2337 5847 omnes
2366 5791 2648 5845 nobiscum
2676 5784 2904 5851 faciunt,
2936 5796 3168 5856 excepto
3195 5786 3338 5857 quod
3364 5785 3419 5841 in
3466 5784 3732 5841 nonnullis

2143 5864 2377 5935 primum
2405 5862 2573 5927 cadit,
2605 5857 3059 5931 praetermittitur.
