4014 6486
243 384 380 441 1729

1240 372 1604 434 EXI‘OSl’I‘lO
1644 358 1901 429 suae.
1946 345 2095 427 sec.
2138 369 2291 431 LUC.
2336 372 2467 429 LIB.
2510 369 2621 429 vn.

3401 371 3543 430 1750

239 499 333 570 qui
358 514 465 553 non
496 497 668 553 Solum
697 496 764 552 de
794 494 1085 552 maledicto
1115 492 1272 562 legis,
1308 491 1401 548 sed
1449 490 1612 547 etiam
1646 488 1713 543 de
1738 488 1839 544 im-
1866 487 1914 548 Α
1945 498 2087 542 stum
2114 489 2257 545 dicat
2290 490 2346 544 in
2375 485 2677 545 Beelzebub
2706 485 2905 559 ejicere
2933 486 3199 545 daemonia
3230 530 3244 555 ,
3286 504 3392 546 non
3442 506 3545 563 po-

243 594 464 663 pietatis
492 600 664 646 morte
687 599 949 662 perpetua
977 603 1076 644 nos
1098 585 1350 642 redemit.

324 688 444 743 118.
485 687 541 741 ln
569 700 775 741 summa
808 684 970 755 igitur
1002 682 1087 737 hic
1113 695 1302 736 sensus
1327 686 1411 735 est
1437 695 1458 745 ;
1489 676 1533 732 si
1575 674 1838 732 Dominus

246 780 444 837 vilibus
459 780 741 847 avibus,et
764 776 1076 833 inﬁdelibus
1099 775 1411 830 hominibus
1432 771 1514 827 vel
1541 772 1591 826 in
1607 768 1837 825 oriundo

237 874 374 939 sole,
405 874 491 929 vel
517 873 569 928 in
598 884 811 929 terrena
843 870 1175 928 fecunditate
1195 868 1482 941 prospexit
1507 881 1523 931 ;
1553 865 1597 921 si
1623 862 1839 919 miseri-

236 970 442 1025 cordise
469 985 581 1024 sua:
610 967 863 1023 omnibus
897 978 1095 1019 munus
1118 963 1380 1034 impertit,
1422 958 1563 1014 haud
1589 973 1710 1014 esse
1737 955 1838 1011 du-

238 1062 524 1117 bitandum
554 1060 1071 1130 contemplationem
1100 1056 1244 1127 apud
1285 1056 1435 1111 illum
1471 1052 1710 1109 ﬁdelium
1742 1066 1837 1105 va-

238 1155 457 1211 lituram
495 1170 617 1211 esse
655 1154 995 1210 meritorum.
1043 1151 1309 1207 Przeclare
1344 1159 1523 1203 autem
1570 1158 1625 1203 et
1675 1146 1837 1201 ﬁdem

236 1248 488 1305 acnendo
517 1249 773 1319 intexuit,
806 1256 862 1303 et
884 1245 1007 1302 ﬁdei
1046 1244 1147 1315 ipsi
1187 1248 1446 1297 virtutum
1488 1238 1839 1296 fundamenta

239 1344 515 1414 subjecit;
550 1360 672 1398 nam
703 1352 765 1398 ut
802 1341 1133 1398 fortitudinis
1179 1338 1508 1394 incentivum
1545 1346 1624 1392 est
1680 1334 1837 1403 ﬁdes,

243 1440 316 1495 ita
348 1436 476 1493 lidei
500 1436 899 1492 ﬁrmamentum
930 1443 1013 1489 est
1037 1431 1314 1488 lortitudo.

321 1550 503 1623 (Vers.
532 1550 588 1616 9,
624 1546 737 1620 10.)
768 1549 865 1613 Qui
906 1558 1072 1601 autent
1102 1545 1359 1616 negauerit
1401 1560 1480 1598 me
1524 1558 1698 1597 coram
1743 1542 1840 1597 ho-

248 1644 491 1708 tninibus,
517 1642 780 1716 negabitur
823 1657 996 1695 corant
1037 1639 1233 1712 angelis
1276 1637 1391 1692 Dei.
1442 1635 1507 1691 Et
1545 1636 1709 1691 omnis
1754 1635 1843 1707 qui

247 1738 373 1791 dicit
406 1738 609 1790 verbum
640 1736 692 1789 in
718 1734 911 1789 Filium
939 1734 1183 1799 hominis,
1214 1734 1500 1787 remittetur
1530 1732 1575 1785 ei
1604 1732 1697 1785 :in
1720 1730 1844 1803 Spi-

246 1830 403 1885 ritum
440 1838 871 1885 autem’sauctum
901 1828 987 1899 qui
1018 1829 1227 1891 dixerit,
1261 1844 1362 1881 non
1391 1827 1676 1880 remittetur
1700 1826 1765 1880 ei.

318 1924 441 1980 H9.
486 1923 687 1995 Utique
711 1922 909 1977 Filium
928 1922 1153 1978 hominis
1166 1921 1443 1977 Christum
1466 1920 1841 1991 intelligimus,

164 2074 169 2077 Α
250 2016 465 2091 1438
492 2018 581 2087 qui
619 2017 685 2073 de
710 2016 911 2087 Spiritu
961 2024 1151 2071 sancto
1190 2025 1480 2086 generatus
1538 2015 1589 2069 in
1635 2014 1843 2083 virgine

243 2120 349 2175 est,
383 2110 526 2182 quod
556 2127 751 2182 parens
780 2111 895 2181 ejus
925 2110 978 2165 in
1012 2110 1172 2167 terris
1202 2109 1317 2163 sola
1350 2108 1419 2163 sit
1456 2108 1646 2178 Virgo.
1673 2106 1845 2163 Num-

244 2205 372 2273 quid
399 2222 529 2278 ergo
567 2206 739 2277 major
765 2215 850 2261 est
878 2204 1099 2261 Christo
1131 2204 1368 2275 Spiritus
1406 2214 1661 2269 sanctus;
1696 2211 1750 2256 ut
1786 2200 1841 2256 in

242 2299 521 2356 Christum
562 2305 851 2371 peccantes
899 2298 1113 2353 veniam
1166 2306 1606 2365 consequantur,
1640 2296 1691 2351 in
1720 2294 1845 2365 Spi-

244 2392 410 2449 ritum
458 2386 703 2447 sanctum
744 2392 1123 2462 delinquentes
1161 2390 1541 2461 remissionem
1581 2405 1687 2443 non
1730 2403 1843 2443 me-

244 2497 473 2544 reantur
501 2485 767 2557 adipisci?
798 2485 906 2542 Sed
930 2485 1018 2540 ubi
1052 2485 1235 2540 unitas
1267 2484 1552 2555 potestatis
1569 2491 1673 2547 est,
1696 2482 1842 2539 nulla

242 2566 668 2652 coniparationis
698 2587 779 2634 est
811 2579 1063 2648 quaestio,
1107 2592 1279 2646 neque
1324 2576 1698 2632 controversia
1732 2590 1846 2629 ma-

243 2673 569 2746 gnitudinis,
600 2688 722 2729 cum
765 2688 990 2743 magnus
1032 2674 1104 2728 sit
1141 2671 1437 2739 Dominus,
1476 2682 1530 2727 et
1577 2670 1848 2740 magnitu-

244 2769 390 2824 dinis
419 2768 538 2840 ejus
568 2766 688 2822 ﬁnis
715 2783 835 2823 esse
867 2783 974 2823 non
1009 2767 1201 2840 possit.
1238 2752 1293 2823 Si
1326 2766 1511 2838 igitur,
1554 2764 1697 2836 quod
1729 2780 1847 2819 cre-

247 2862 451 2928 diinus,
482 2860 657 2915 unitas
681 2860 962 2915 Trinitatis
986 2870 1090 2921 est.
1114 2860 1406 2916 indiscreta
1427 2859 1614 2929 utique
1640 2858 1847 2928 magni-

250 2957 408 3023 tudo,
438 2956 581 3012 sicut
607 2954 899 3011 indiscreta
927 2956 1175 3026 operatio
1201 2973 1215 3020 ;
1244 2954 1386 3026 quod
1423 2955 1473 3009 in
1498 2954 1849 3025 sequentibus

247 3050 689 3117 demonstratur;
731 3066 852 3104 nam
901 3065 1023 3106 cum
1076 3049 1205 3103 alibi
1254 3048 1454 3102 dictum
1517 3049 1635 3102 sit:
1688 3046 1849 3101 Pater

247 3144 404 3199 vobis
429 3143 521 3199 dat
548 3142 673 3215 quid
695 3144 1012 3215 loquamini,
1039 3142 1125 3199 hic
1150 3142 1382 3213 subjecit
1404 3160 1419 3199 ε
1455 3141 1688 3213 Spiritus
1714 3142 1849 3196 enim

246 3247 458 3294 sanctus
499 3237 695 3292 docebit
744 3252 831 3291 vos
884 3238 937 3290 in
986 3237 1078 3291 illa
1118 3238 1247 3291 hora
1268 3252 1381 3307 qua:
1430 3246 1627 3309 Oportet
1681 3237 1850 3292 dicere

249 3331 465 3404 (.llatth.
504 3348 562 3397 ιι,
594 3330 707 3403 l9).
742 3330 885 3403 Ergo
937 3330 984 3386 si
1033 3330 1279 3402 operatio
1312 3344 1413 3385 una
1448 3338 1553 3398 est,
1605 3346 1711 3386 una
1765 3340 1850 3387 est

246 3423 607 3480 contumelia.

322 3542 452 3598 120.
491 3541 597 3598 Sed
650 3540 717 3597 ad
762 3542 1044 3612 proposita
1091 3549 1448 3597 revertamur.
1499 3539 1598 3596 llic
1636 3539 1851 3595 videtur

248 3634 571 3707 quibusdam
599 3645 656 3690 ut
677 3634 926 3690 eumdem
946 3642 1000 3689 et
1025 3634 1217 3690 Filium
1248 3633 1480 3688 hominis
1499 3642 1554 3688 et
1584 3632 1847 3703 Spiritum

247 3740 497 3787 sanctum
513 3731 787 3786 Christum
807 3728 1342 3801 intelligamus,salva
1360 3729 1707 3787 distinctione
1725 3743 1850 3797 per-

250 3840 534 3892 sonarum,
566 3832 620 3880 et
644 3825 849 3881 unitate
893 3824 1398 3892 substantim;quia
1424 3840 1563 3878 unus
1607 3832 1661 3879 et
1708 3824 1850 3879 Deus

249 3929 307 3977 et
356 3918 519 3976 homo
564 3921 839 3986 Christus,
894 3920 1037 3976 idem
1094 3920 1349 3989 Spiritus,
1399 3920 1540 3976 sicut
1585 3920 1848 3987 scriptum

251 4023 338 4071 est
371 4032 383 4068 :
420 4013 650 4083 Spiritus
672 4024 789 4070 ante
818 4015 1000 4085 faciem
1047 4024 1279 4069 nostram
1319 4012 1551 4067 Christus
1596 4012 1851 4067 Dominus

252 4106 470 4179 (Thrcn.
492 4124 566 4171 tv,
589 4106 683 4175 20)
711 4123 726 4173 ;
749 4106 890 4161 idem
913 4117 1169 4171 sanctus;
1195 4106 1321 4175 quia
1343 4106 1483 4160 sicut
1504 4106 1644 4159 Dens
1668 4105 1846 4171 Pater,

252 4210 309 4255 et
339 4197 509 4254 Filius
539 4198 701 4263 Dens,
738 4198 998 4252 Dominus
1026 4198 1190 4253 Pater
1236 4207 1292 4253 ct
1337 4197 1506 4254 Filius
1540 4198 1800 4253 Dominus
1835 4214 1849 4263 ;

255 4290 329 4345 ita
362 4291 525 4347 etiam
557 4300 612 4345 et
640 4290 803 4345 Pater
831 4298 1075 4359 sanctus,
1108 4300 1164 4346 et
1185 4290 1352 4347 Filius
1380 4300 1621 4358 sanctus,
1654 4302 1708 4347 et
1730 4292 1854 4364 Spi-

257 4386 394 4439 ritus
442 4392 683 4438 sanctus.
715 4383 959 4453 Denique
994 4384 1289 4440 Cheruhim
1331 4394 1385 4441 et
1431 4384 1717 4457 Seraphim
1767 4386 1855 4441 in-

256 4476 489 4533 defessis
514 4476 739 4534 vocibus
763 4477 1035 4544 clamant;
1069 4478 1322 4544 Sanctus,
1354 4486 1606 4545 sanctus,
1633 4488 1852 4535 sanctus

257 4572 429 4647 (Esai.
462 4588 533 4637 vr,
564 4570 620 4643 3)
647 4589 662 4636 ;
694 4580 753 4625 ut
773 4569 1010 4627 Trinitas
1037 4570 1266 4641 repetita
1300 4573 1461 4629 tertia
1489 4573 1853 4645 appellatione

1945 590 2140 638 testate
2164 581 2367 637 divina.
2410 616 2419 625 ι

2015 698 2194 770 (Vers.
2222 700 2311 765 i5,
2343 700 2459 770 14.)
2489 699 2555 754 Et
2582 699 2655 754 ait
2678 698 2892 771 quidam
2917 698 2981 756 de
3019 699 3167 755 turba
3190 716 3210 756 :
3265 699 3537 774 Magister,

1942 790 2026 844 dic
2056 792 2207 861 fratri
2236 808 2346 845 meo
2376 800 2430 845 nt
2453 791 2649 846 dividat
2686 807 2884 847 mecum
2911 793 3284 849 litereditatettt.
3334 795 3399 847 At
3450 792 3541 848 ille

1942 886 2072 940 dixit
2096 886 2143 940 ei
2166 901 2185 940 :
2215 885 2407 954 Homo,
2439 887 2555 958 quis
2585 904 2665 942 me
2694 887 2960 942 constituit
2975 887 3203 959 judicent
3229 894 3318 942 aut
3349 886 3541 942 diviso-

1940 995 2046 1034 rem
2075 996 2234 1049 supra
2261 996 2348 1034 vos
2369 979 2395 1033 2’

2016 1094 2141 1149 122.
2184 1094 2353 1151 Totus
2384 1095 2475 1152 hic
2514 1096 2667 1153 locus
2699 1098 2764 1153 ad
2794 1098 3130 1155 subeundam
3183 1113 3280 1169 pro
3330 1096 3547 1155 confes-

1942 1190 2097 1246 sione
2126 1190 2337 1245 Domini
2364 1190 2696 1260 passionem,
2722 1203 2815 1246 aut
2844 1201 3161 1264 contemptu
3206 1191 3423 1259 mortis,
3451 1200 3547 1249 aut

1943 1300 2038 1356 5pc
2066 1285 2300 1356 praemii,
2332 1295 2425 1342 aut
2455 1288 2696 1342 mansuri
2719 1287 3135 1344 denuntiatione
3157 1287 3432 1360 supplicii,
3456 1287 3547 1344 cui

1944 1396 2236 1452 numquam
2254 1380 2405 1436 venia
2426 1381 2660 1442 laxetur,
2682 1380 2983 1436 instruitur.
3012 1380 3349 1451 thuoniam
3371 1379 3548 1437 avari-

1947 1471 2017 1527 tia
2038 1472 2353 1543 plerumque
2365 1475 2731 1529 solettentare
2752 1474 3031 1541 virtutem,
3049 1474 3211 1529 etiam
3235 1473 3394 1545 hujus
3413 1474 3548 1531 διιο-

1944 1564 2119 1620 lendte
2141 1564 2214 1620 rei
2241 1576 2571 1635 praeceptum
2595 1564 2882 1635 subjicitur
2903 1574 2960 1621 et
2976 1564 3304 1634 exemplum,
3330 1565 3550 1622 dicente

1948 1662 2205 1717 Domino:
2228 1661 2356 1727 Quis
2372 1678 2449 1716 me
2468 1661 2967 1735 constituitjudicetn
2990 1670 3078 1715 aut
3098 1661 3373 1715 divisorem
3386 1675 3549 1730 supra

1945 1771 2034 1809 vos
2049 1753 2229 1809 ?Bene
2245 1762 2457 1809 terrena
2472 1754 2732 1820 declinat,
2755 1754 2846 1825 qui
2872 1763 3092 1824 prepter
3113 1752 3295 1809 divina
3318 1753 3551 1809 descen-

1874 1888 1922 1949 Β
1948 1848 2100 1903 derat
2124 1868 2139 1913 ;
2169 1863 2270 1902 nec
2296 1847 2464 1917 judes
2491 1862 2615 1904 esse
2642 1848 2896 1918 dignatur
2924 1847 3122 1914 litium,
3154 1856 3211 1903 et
3235 1846 3438 1902 arbiter
3465 1844 3553 1902 fa-
3632 1844 3639 1850 ’

1947 1942 2229 2007 cultatum,
2262 1941 2506 2013 vivorum
2539 1940 2748 1996 habens
2775 1948 3229 2011 mortuorumque
3255 1938 3545 2007 judicium,

1945 2036 2347 2105 arbitriumque
2380 2034 2722 2090 meritorum.
2748 2032 2864 2090 Non
2894 2050 3024 2105 ergo
3054 2034 3181 2105 qttid
3211 2044 3364 2105 petas
3384 2074 3400 2099 ,
3445 2031 3547 2089 sed

1946 2144 1976 2183 a
2003 2144 2108 2199 quo
2131 2127 2374 2196 postules
2403 2128 2717 2183 intuendum
2746 2137 2829 2183 est
2855 2144 2871 2193 ;
2904 2141 3007 2183 nec
3034 2141 3218 2183 coram
3246 2125 3546 2197 majoribus

1946 2222 2156 2276 intento
2185 2221 2371 2276 animo
2400 2231 2557 2292 putes
2580 2222 2887 2277 minoribus
2915 2219 3366 2292 obstrependum.
3392 2218 3553 2277 Unde

1947 2332 2055 2372 non
2083 2317 2358 2373 immerito
2382 2318 2652 2373 refutatur
2676 2316 2765 2375 hic
2786 2318 2974 2386 frater,
2998 2318 3089 2389 qui
3114 2317 3550 2385 dispensatorem

1947 2410 2250 2467 caelestium
2306 2409 2521 2485 1539
2565 2412 2835 2484 gestiebat
2892 2410 3344 2482 corruptibilibus
3389 2423 3554 2466 occu-

1948 2519 2116 2574 pare;
2141 2518 2263 2558 cum
2297 2505 2438 2559 inter
2468 2508 2664 2562 fratres
2691 2502 3083 2577 patrimonium
3111 2502 3407 2575 nonjudex
3438 2516 3556 2558 me-

1947 2596 2091 2663 dius,
2123 2597 2217 2652 sed
2244 2598 2421 2667 pietas
2452 2596 2645 2653 debeat
2684 2605 2967 2669 sequestra
3020 2595 3313 2662 dividere;
3362 2609 3557 2666 quam-

1948 2703 2112 2758 quam
2144 2688 2573 2744 immortalitatis
2597 2688 3008 2760 patrimonium,
3045 2705 3154 2743 non
3187 2688 3455 2759 pecuniae,
3481 2687 3555 2742 sit

1951 2782 2263 2838 hominibus
2316 2783 2723 2853 expetendum;
2781 2783 2981 2839 frustra
3046 2783 3192 2838 enim
3258 2787 3557 2853 congregat

1949 2890 2104 2947 opes,
2127 2876 2306 2946 quise
2338 2875 2422 2931 his
2446 2875 2619 2931 nescit
2650 2876 2923 2932 usurum:
2972 2875 3115 2930 sicut
3156 2873 3254 2930 ille
3294 2873 3386 2945 qui
3428 2888 3555 2930 cum

1950 2969 2163 3039 repleta
2191 2969 2386 3025 horrea
2419 2971 2577 3027 novis
2601 2972 2874 3027 messibus
2905 2980 3313 3043 rumperentur,
3345 2968 3557 3027 exube-

1950 3063 2183 3119 rantium
2218 3064 2319 3121 sibi
2344 3064 2615 3121 fructuum
2657 3065 3000 3136 receptacula
3039 3064 3423 3137 prteparabat,
3465 3064 3557 3122 cui

1952 3169 2302 3228 congregaret
2330 3156 2553 3229 ignarus
2574 3156 2756 3233 (Verr.
2773 3157 2844 3213 27
2858 3169 2905 3214 et
2917 3157 3072 3230 seq.).
3092 3158 3395 3214 Remanent
3409 3157 3555 3215 enim

1873 3287 1920 3351 Ο
1953 3251 2006 3307 in
2035 3251 2233 3307 saeculo
2266 3260 2458 3307 cuncta
2491 3266 2615 3323 quae
2637 3252 2826 3307 saeculi
2857 3260 3004 3318 sunt,
3028 3260 3083 3307 et
3106 3257 3442 3322 praetereunt
3459 3265 3560 3307 no-

1954 3345 2037 3400 bis
2094 3359 2451 3417 quaecumque
2505 3355 2907 3416 congregantur
2956 3344 3308 3411 hzeredibus;
3375 3358 3555 3417 neque

1952 3439 2096 3493 enim
2126 3447 2308 3493 nostra
2338 3447 2485 3503 sunt,
2528 3454 2650 3510 quae
2696 3453 2803 3493 non
2852 3454 3145 3509 possumus
3190 3439 3404 3495 auferre
3454 3454 3589 3494 tto--~

1951 3530 2185 3587 hiscum.
2232 3530 2357 3587 Sola
2414 3530 2584 3586 virtus
2623 3545 2810 3586 comes
2850 3540 2938 3586 est
2980 3530 3387 3597 defunctorum,
3439 3529 3561 3586 sola

1953 3640 2052 3680 nos
2066 3621 2310 3695 sequitur
2324 3623 2723 3688 misericordia,
2746 3639 2867 3694 qum
2890 3624 3193 3681 caelestium
3218 3622 3327 3679 dux
3353 3622 3555 3695 praevia

1954 3718 2322 3785 mansionum,
2384 3719 2630 3788 pecunia:
2682 3719 2805 3775 vilis
2855 3734 3019 3775 usura
3063 3718 3415 3776 tabernacula
3458 3717 3558 3775 de-

1956 3812 2150 3867 functis
2167 3812 2635 3881 acquiritaeterna,
2653 3812 2795 3867 sicut
2821 3813 3031 3868 Domini
3057 3823 3329 3884 prmeepta
3354 3819 3560 3867 testan-

1954 3914 2069 3971 tur,‘
2094 3907 2328 3963 dicentis
2358 3907 2423 3962 ad
2450 3922 2550 3963 nos
2579 3925 2594 3962 :
2626 3905 2810 3961 Facite
2852 3906 2994 3962 vobis
3033 3907 3227 3961 amicos
3275 3908 3340 3959 de
3380 3904 3558 3975 iniquo

1955 4018 2272 4065 mammona,
2302 4003 2389 4071 qui
2412 4017 2496 4056 vos
2524 4001 2778 4071 recipiant
2806 4002 2860 4056 in
2884 4010 3078 4057 (eterna
3104 3998 3438 4056 tabernacula
3464 4014 3559 4055 sua

1956 4093 2241 4165 (Luc.xvr,
2274 4093 2352 4161 9).
2382 4094 2588 4148 Bonum
2623 4094 2806 4165 itaque
2829 4110 2893 4151 ac
2923 4095 3161 4150 salutare
3195 4102 3556 4163 praeceptum,
3598 4144 3606 4153 .

1954 4197 2008 4241 et
2039 4186 2290 4261 idoneum
2321 4186 2465 4258 quod
2496 4186 2579 4241 vel
2602 4202 2797 4242 avaros
2824 4189 2998 4257 possit
3022 4187 3287 4249 animare.
3316 4201 3425 4259 quo
3446 4196 3563 4243 stu-

1954 4278 2121 4335 deant
2144 4279 2521 4347 corruptibilia
2550 4278 2902 4351 perennibus,
2940 4290 3154 4336 terrena
3185 4289 3396 4335 mutare
3422 4278 3564 4337 divi-

1955 4374 2060 4429 nis.
2090 4372 2195 4429 Sed
2226 4374 2481 4444 quoniam
2508 4355 2831 4447 plerumque
2852 4373 3072 4430 devotio
3095 4374 3217 4431 ﬁdei
3246 4374 3563 4433 inﬁrmitate

1956 4477 2266 4536 revocatur,
2298 4477 2353 4525 et
2379 4469 2445 4524 ad
2468 4468 2861 4525 conferendum
2886 4469 3267 4541 patrimonium
3297 4471 3558 4542 protnpti,

1954 4562 2128 4618 victus
2156 4563 2236 4618 sui
2261 4562 2704 4620 consideratione
2726 4563 3105 4629 retrahuntur;
3137 4578 3203 4619 eo
3227 4561 3436 4620 addidit
3454 4562 3562 4621 1)οο

254 4668 517 4739 signetur.
547 4665 601 4721 Si
631 4681 762 4738 ergo
793 4674 1083 4736 utrumque
1112 4664 1361 4722 Christus
1382 4676 1485 4731 est,
1509 4682 1631 4738 qtue
1652 4676 1734 4723 est
1762 4668 1848 4722 di-
1875 4690 1931 4752 Ι)
1957 4656 2135 4711 minus
2163 4655 2353 4711 dicens
2388 4673 2401 4710 :

256 4763 505 4829 versitas,
536 4761 640 4818 nisi
698 4770 756 4817 ut
810 4760 1045 4816 sciamus
1092 4760 1214 4829 quia
1262 4760 1599 4818 divinitatem
1646 4761 1850 4820 Christi

258 4857 413 4913 nobis
442 4870 644 4927 negare
676 4871 783 4911 non
827 4854 1032 4910 liceat?
1080 4854 1325 4923 Denique
1369 4855 1423 4910 in
1471 4855 1852 4925 persecutione

256 4950 384 5023 quid
414 4951 705 5022 quzrritur,
734 4948 840 5005 nisi
890 4956 950 5003 ut
997 4948 1137 5004 Deus
1174 4947 1425 5003 Christus
1453 4947 1719 5017 negetur?
1750 4947 1855 5001 Ita-

257 5058 361 5115 que
386 5051 410 5080 ει
439 5041 764 5112 quicumque
798 5039 1027 5110 Spiritus
1057 5054 1162 5094 non
1201 5040 1493 5095 conﬁtetur
1541 5038 1593 5094 in
1636 5038 1853 5095 Christo

258 5134 449 5200 Deum,
471 5144 528 5190 et
557 5151 625 5190 ex
650 5135 796 5198 Deo,
829 5144 992 5205 atque
1039 5134 1093 5189 in
1141 5134 1252 5189 Deo
1290 5131 1591 5201 Christum,
1636 5134 1851 5191 veniam

258 5245 365 5286 non
397 5238 659 5285 meretur.
705 5227 812 5285 Sed
844 5229 1009 5283 etiam
1034 5228 1363 5298 quicumque
1408 5241 1514 5281 non
1563 5226 1856 5282 conﬁtetur

256 5323 610 5380 Christnmin
641 5337 807 5377 carne
834 5321 1074 5387 venisse,
1127 5335 1195 5376 es
1250 5320 1364 5375 Deo
1412 5337 1519 5377 non
1572 5329 1703 5387 est;
1763 5322 1854 5391 qui

257 5417 399 5471 enim
424 5415 697 5471 hominem
729 5412 965 5484 negavit,
997 5413 1165 5467 Deum
1200 5412 1412 5483 negavit
1438 5429 1453 5477 ;
1483 5413 1607 5484 quia
1638 5412 1778 5468 Deus
1800 5413 1854 5468 in

258 5506 500 5574 homine,
528 5517 583 5563 et
614 5506 778 5561 homo
809 5507 859 5561 in
894 5505 1003 5559 Deo
1032 5502 1303 5558 Christus.

332 5624 458 5678 121.
500 5622 761 5694 Plerique
781 5630 958 5676 tamen
989 5618 1121 5675 illud
1152 5625 1381 5687 tenent,
1427 5629 1489 5677 ut
1541 5637 1660 5679 eam
1706 5621 1855 5677 blas-

260 5715 533 5790 phemiam
559 5716 744 5772 dicant
773 5731 882 5772 non
907 5729 1030 5772 esse
1050 5712 1380 5771 veniabilem
1402 5755 1416 5781 ,
1462 5715 1507 5771 si
1545 5715 1668 5787 quis
1697 5713 1855 5771 Chri-

2032 4772 2215 4845 (Vers.
2255 4772 2359 4839 22,
2397 4770 2518 4841 23.)
2568 4769 2749 4826 Nolite
2789 4770 3003 4827 solliciti
3047 4787 3157 4826 esse
3202 4771 3391 4828 anima:
3435 4773 3564 4843 quid

1957 4865 2279 4920 manducetis
2306 4880 2325 4919 :
2350 4879 2512 4932 neque
2532 4863 2739 4934 corpori
2758 4862 2883 4935 quid
2906 4863 3214 4923 vestiantini.
3235 4863 3424 4919 Anima
3444 4864 3566 4936 plus

1957 4968 2031 5013 est
2062 4974 2218 5030 quam
2247 4973 2364 5012 esca
2392 4973 2412 5011 :
2441 4966 2487 5012 et
2508 4972 2698 5027 corpus
2724 4957 2844 5026 plus
2867 4972 3024 5029 quam
3052 4958 3425 5013 vestimentum.

2032 5052 2154 5109 123.
2211 5050 2357 5108 Nihil
2413 5051 2558 5108 enim
2609 5050 2869 5107 moralius
2918 5049 2988 5108 ad
3046 5051 3344 5108 faciendam
3398 5050 3564 5109 ﬁdem

1958 5146 2141 5203 omnia
2165 5146 2514 5202 credentibus
2537 5160 2567 5200 a
2595 5145 2708 5202 Deo
2736 5160 2895 5217 posse
2920 5144 3195 5214 conferri,
3225 5162 3387 5219 quam
3415 5144 3565 5218 quod

1959 5240 2139 5296 aerius
2171 5240 2265 5295 ille
2290 5240 2517 5311 spiritus
2538 5240 2707 5297 vitale
2733 5240 3019 5311 collegium
3042 5242 3262 5308 animae.
3289 5240 3569 5312 corporis-

1959 5352 2063 5408 que
2092 5336 2452 5392 eontuberuio
2484 5334 2830 5404 ftederatum,
2859 5336 2977 5392 sine
3008 5344 3196 5391 nostro
3221 5335 3409 5392 labore
3437 5350 3567 5404 per-

1961 5440 2167 5502 petuat,
2198 5446 2298 5487 nec
2326 5430 2583 5487 salutaris
2610 5429 2794 5485 deﬁcit
2822 5444 2955 5484 usus
2980 5428 3223 5484 alimenti
3247 5469 3262 5494 ,
3305 5428 3408 5483 nisi
3438 5443 3565 5484 cum

1959 5526 2174 5581 venerit
2198 5524 2314 5579 dies
2338 5538 2586 5595 suprema
2614 5521 2904 5577 moriendi.
2929 5519 3063 5576 Cum
3091 5520 3254 5591 igitur
3276 5519 3457 5574 anima
3482 5519 3568 5573 itt-

1959 5620 2220 5675 dumento
2246 5616 2492 5687 corporis
2519 5615 2800 5684 vestiatur,
2833 5621 2891 5670 et
2916 5614 3100 5685 vigore
3125 5611 3323 5667 animae
3363 5623 3567 5679 corpus

1959 5714 2254 5778 animetur,
2284 5710 2580 5768 absurdum
2600 5717 2687 5768 est
2710 5719 2769 5766 ut
2789 5710 2964 5767 vietus
2992 5707 3152 5765 nobis
3176 5705 3390 5778 copiam
3411 5702 3568 5761 defu-

336 5904 360 5932 τι
403 5893 544 5951 Edit.
571 5902 627 5954 et
660 5895 813 5971 pauci
856 5909 1017 5963 mss,
1046 5895 1357 5967 quicumque
1385 5909 1489 5950 non
1521 5896 1826 5965 conﬁtetur;
1854 5894 1947 5955 alii
1975 5895 2159 5970 plures
2194 5910 2258 5954 ac
2285 5894 2649 5968 probatiores,
2679 5894 2987 5967 quicumque
3009 5890 3249 5964 spiritus,
3275 5897 3383 5949 etc.
