4186 6358
597 240 731 322 1751

1967 234 2221 321 sanari
2253 239 2578 313 annuosu

3755 254 3892 328 17$!

591 383 766 430 turam
798 380 1070 446 putemus,
1101 371 1195 446 qui
1219 347 1433 432 vivendi
1453 369 1641 444 iugem
1668 369 2028 437 substantiam
2053 387 2188 429 con-
2217 370 2271 430 A
2295 379 2521 428 naturae.
2555 371 2709 436 Unde
2745 373 2884 434 bene
2913 383 2969 442 et
3000 375 3099 444 hic.
3127 375 3358 443 vestitus
3381 376 3556 450 gloria
3598 391 3697 436 sua
3741 381 3891 438 Salo-

595 483 908 550 sequamur.

672 564 794 634 lat.
838 563 1196 635 Considerate,
1225 562 1428 642 inquit,
1458 563 1692 626 volatilia
1717 563 1830 622 caeli
1859 561 2072 637 (Matth.
2106 577 2190 627 vt,

593 655 713 729 26).
764 658 1012 730 Magnum
1058 671 1190 728 sane
1234 663 1290 728 et
1335 667 1520 732 aptum
1565 655 1710 728 quod
1753 655 1859 724 fide
1903 669 2197 732 sequamur

593 750 926 820 exemplum.
977 749 1111 814 Nam
1161 749 1210 822 si
1241 749 1551 820 volatilibus
1580 749 1706 816 caeli
1749 749 1953 824 quibus
1985 748 2194 816 nullum
2226 785 2233 790 -

593 844 912 900 exercitium
951 842 1235 909 cultionis,
1266 844 1448 898 nullus
1477 843 1546 899 de
1577 843 1834 912 messium
1867 841 2195 914 fecunditate

591 947 886 1010 proventus
913 947 1026 1003 est,
1068 937 1474 994 indeficientem
1518 947 1697 994 tamen
1728 937 2071 1008 providentia
2110 935 2194 991 di-

593 1031 716 1086 vina
761 1029 986 1102 largitur
1014 1030 1328 1086 alimoniam
1349 1073 1365 1097 ,
1394 1046 1585 1087 verum
1614 1038 1700 1087 est
1737 1045 1956 1086 causam
1998 1028 2195 1098 inepize

592 1133 795 1196 nostrae
822 1112 1103 1180 avaritiam
1141 1123 1335 1180 videri.
1381 1125 1596 1180 Etenim
1648 1123 1757 1179 illis
1787 1123 1990 1179 idcirco
2019 1122 2192 1179 inela-

592 1217 767 1276 borati
799 1218 982 1290 pabuli
1011 1232 1142 1274 usus
1182 1218 1463 1281 exuberat,
1493 1217 1637 1290 quod
1666 1217 1872 1274 fructus
1901 1215 2003 1272 sibi
2045 1230 2195 1271 com-

595 1331 812 1370 munem
863 1314 928 1369 ad
973 1327 1152 1370 escam
1201 1313 1358 1370 datos
1407 1312 1628 1386 speciali
1669 1311 1903 1382 quodam
1946 1309 2194 1366 nesciunt

592 1409 872 1466 vindicare
902 1410 1216 1477 dominatu;
1250 1425 1351 1465 nos
1377 1407 1686 1464 communia
1714 1407 1996 1460 amisimus
2016 1446 2030 1472 ,
2064 1402 2190 1460 dum

593 1503 814 1574 propria
849 1502 1222 1570 vindicamus;
1270 1519 1393 1558 nam
1435 1517 1535 1558 nec
1574 1500 1853 1573 proprium
1896 1498 2190 1570 quidquam

590 1582 708 1662 est,
746 1595 832 1649 ubi
867 1606 1189 1668 perpetuum
1221 1595 1354 1666 nihil
1400 1604 1517 1663 est;
1551 1609 1652 1650 nec
1685 1584 1843 1648 certa
1875 1591 2030 1664 copia
2053 1634 2067 1659 ,
2099 1591 2190 1647 ubi

589 1676 834 1759 incertus
859 1696 1106 1744 eventus.
1131 1675 1257 1744 'Cnr
1295 1687 1438 1744 enim
1487 1686 1705 1742 divitias
1747 1695 1866 1740 tuas
1910 1684 2187 1750 aestimes,

2299 479 2458 532 mon,
2491 476 2546 522 et
2586 467 2716 523 alibi
2747 478 3038 541 coopertus
3073 470 3381 536 ostenditur
3406 472 3625 544 (Matth.
3663 490 3747 542 vr,
3775 473 3890 550 29),

2295 557 2441 626 quod
2487 560 2859 631 infirmitatem
2901 577 3180 636 corporeae
3230 577 3436 634 naturae
3480 567 3649 632 veluti
3697 569 3893 628 virtute

2296 653 2527 724 quadam
2561 657 2761 716 mentis
2786 657 3102 728 adopertam
3145 674 3371 731 operum
3403 661 3577 733 gloria
3607 663 3891 726 vestiebat.

2296 748 2490 818 Angeli
2522 765 2654 816 vero
2699 765 2932 822 quorum
2973 761 3165 816 natura
3197 753 3429 822 divinior
3470 770 3670 826 expers
3715 769 3895 822 manet

2298 842 2516 913 iniuria:
2545 845 2846 916 corporalis
2872 855 3057 914 recte,
3102 847 3226 913 licet
3261 848 3500 916 maximo
3535 848 3676 918 viro,
3707 850 3892 914 consi-

2296 936 2584 1001 deratione
2625 947 2807 1000 tamen
2841 949 3044 998 nostra;
3086 940 3299 1013 iniuria:
3339 943 3719 1014 praeferuntur.
3750 943 3896 1017 Ergo

2295 1031 2676 1108 quartiatuper
2694 1036 3152 1103 resurrectionem
3171 1047 3330 1102 erunt
3359 1037 3607 1102 homines
3631 1039 3773 1102 sicut
3799 1055 3897 1096 an-

2293 1124 2403 1196 geli
2433 1125 2488 1191 in
2511 1127 2690 1193 etatis,
2721 1142 2823 1192 nos
2845 1145 3062 1198 quoque
3083 1130 3333 1201 exentplo
3360 1131 3689 1203 Angelnrum
3707 1135 3898 1206 gloria:

2296 1218 2536 1286 cmlestis
2578 1228 2925 1292 augmentum
2957 1222 3251 1291 Dominus,
3284 1223 3375 1294 qui
3417 1233 3470 1290 et
3506 1225 3616 1282 illis
3647 1242 3766 1292 eam
3799 1227 3901 1292 tri-

2296 1310 2433 1377 Luit,
2466 1325 2689 1381 Sperare
2723 1315 3005 1386 przccepit,
3027 1315 3206 1387 quoad
3228 1315 3592 1383 absorbeatur
3619 1318 3721 1380 hoc
3749 1335 3900 1381 mor-

2297 1404 2406 1465 tale
2433 1421 2461 1470 a
2492 1406 2601 1472 vita
2633 1424 2644 1460 :
2681 1407 2898 1478 Oportet
2930 1410 3065 1464 enim
3097 1411 3428 1481 corruptibile
3457 1409 3555 1465 hoc
3579 1411 3792 1470 induere
3809 1413 3896 1466 in-

2297 1501 2668 1571 corruptelam,
2704 1514 2750 1560 et
2796 1504 3015 1568 mortale
3060 1502 3158 1574 hoc
3195 1504 3412 1574 induere
3455 1503 3899 1572 inmortalitatem

2293 1591 2340 1665 (1
2372 1591 2493 1658 Cor.
2525 1610 2612 1661 xv,
2640 1595 2755 1666 55).

2370 1682 2492 1740 127.
2538 1685 2791 1758 Plerique
2832 1688 2994 1752 etiam
3036 1689 3496 1761 comparationem
3530 1690 3669 1756 hanc
3697 1707 3901 1758 secun-

587 1795 712 1846 cum
738 1781 832 1837 tibi
862 1782 1006 1838 Dens
1031 1782 1192 1838 etiam
1217 1783 1416 1837 victum
1440 1795 1561 1836 cum
1586 1779 1798 1836 caeteris
1823 1778 2189 1836 animantibus
2217 1770 2267 1847 Β
2295 1777 2424 1852 dum
2455 1788 2705 1850 naturam
2735 1780 2886 1848 ﬂoris
2915 1790 2971 1842 et
3000 1799 3154 1854 usum
3184 1793 3375 1858 putant
3407 1787 3666 1857 propositi
3695 1788 3902 1858 germi-

586 1877 818 1932 voluerit
861 1891 983 1933 esse
1023 1878 1408 1944 communem?
1456 1878 1603 1933 Aves
1645 1875 1768 1931 cteli
1815 1873 2053 1944 Speciale
2088 1871 2194 1928 sibi

588 1969 725 2040 nihil
761 1970 1071 2040 vindicant,
1115 1980 1171 2027 et
1210 1970 1334 2027 ideo
1381 1971 1592 2041 pabulis
1633 1969 1878 2044 indigere
1906 1969 2188 2034 nesciunt;

587 2065 713 2137 quia
740 2081 845 2122 non
879 2075 1080 2120 norunt
1106 2064 1230 2122 aliis
1257 2064 1519 2122 invidere.

611 2143 615 2146 λ
663 2158 849 2231 (Vers.
875 2159 970 2226 27,
993 2159 1114 2230 28.)
1153 2157 1487 2214 Considerate
1512 2159 1624 2214 lilia
1649 2159 1906 2229 quomodo
1932 2168 2183 2214 crescunt.

588 2252 656 2310 Et
694 2253 870 2310 infra:
906 2254 967 2312 Si
997 2264 1169 2310 autem
1201 2257 1376 2328 fenum
1415 2254 1553 2326 quod
1592 2255 1745 2326 hodie
1784 2263 1890 2324 est,
1917 2263 1964 2309 et
1991 2271 2105 2308 cras
2137 2253 2192 2308 in

588 2348 849 2404 clibanum
882 2350 1126 2420 mittitur,
1161 2347 1305 2404 Deut
1343 2333 1597 2404 sic‘vestit
1622 2364 1639 2402 :
1668 2357 1863 2419 quanto
1903 2347 2068 2422 magis
2104 2363 2192 2402 vos

589 2443 818 2498 minimae
849 2443 1013 2514 ﬁdei!
1114 2425 1119 2430 ’

662 2533 786 2590 125.
830 2533 1014 2590 Bonus
1036 2534 1256 2608 quidem
1284 2522 1465 2594 sermo
1494 2545 1660 2607 atque
1687 2534 1929 2603 moralis,
1952 2532 2098 2605 quod
2123 2531 2189 2588 ad

587 2629 749 2684 fidem
781 2628 979 2684 divinae
1011 2642 1111 2684 nos
1137 2627 1532 2684 misericordiae
1561 2613 1938 2698 conferendae,
1977 2623 2192 2700 ιω

589 2722 672 2776 vel
705 2721 856 2791 juxta
887 2720 1152 2790 litteram,
1194 2720 1317 2792 quia
1349 2721 1415 2777 ad
1457 2729 1725 2779 staturam
1748 2720 1993 2791 corporis
2020 2719 2187 2774 nostri

586 2816 771 2894 (γει-ε.
796 2813 913 2888 9.5),
940 2817 1027 2872 vel
1055 2817 1394 2887 spiritaliter,
1419 2815 1544 2888 quia
1566 2829 1726 2886 supra
1752 2827 2063 2870 mensuram
2082 2822 2191 2868 sta-

587 2918 720 2966 tura:
750 2918 949 2966 nostrae
972 2911 1088 2966 sine
1112 2910 1208 2966 Dei
1237 2909 1418 2966 favore
1441 2909 1572 2963 nihil
1599 2907 1845 2963 valemus
1868 2907 2185 2978 adjungere,

585 3003 994 3076 comparatione
1021 2999 1175 3058 ﬂoris
1204 3011 1260 3058 et
1285 3002 1393 3070 feni
1422 3016 1603 3058 sermo
1634 3001 1953 3056 Dominicus
1988 3013 2186 3072 provo.

589 3097 749 3152 cavit.
779 3095 919 3164 Quid
945 3096 1088 3152 enim
1120 3105 1227 3152 tam
1252 3098 1457 3152 morale
1479 3095 1544 3151 ad
1570 3097 2000 3166 persuasionem,
2027 3110 2184 3166 quam

585 3208 707 3247 cum
736 3175 923 3247 videas
952 3190 1097 3264 quod
1139 3191 1301 3247 etiam
1334 3207 1454 3263 quae
1485 3200 1613 3246 sunt
1652 3189 2076 3255 irrationabilia,
2106 3191 2186 3244 sic
2211 3169 2258 3242 β

584 3287 681 3344 Dei
713 3286 1100 3360 prospicientis
1127 3289 1458 3354 vestiuntur;
1492 3295 1551 3340 ut
1573 3285 1721 3339 nullo
1743 3301 1845 3340 usu
1869 3285 1954 3341 vel
1979 3285 2047 3340 ad
2067 3299 2189 3356 gra-

579 3382 709 3436 tiam
750 3390 974 3450 egeant,
1005 3379 1093 3436 vel
1123 3390 1409 3454 ornatum;
1445 3378 1617 3433 multo
1656 3378 1832 3450 magis
1873 3375 2068 3432 credas
2097 3392 2187 3432 ra-

586 3471 898 3532 ti0nabilem
955 3471 1262 3540 hominem,
1305 3472 1350 3528 si
1401 3486 1619 3527 omnem
1661 3471 1744 3526 sui
1779 3486 1938 3532 usum
1980 3471 2033 3524 in
2078 3470 2188 3525 Deo

578 3566 834 3632 collocet,
869 3579 969 3620 nec
995 3563 1177 3620 studio
1207 3563 1451 3620 mutandi
1474 3564 1642 3620 violet
1669 3563 1854 3629 fidem,
1883 3578 2185 3632 numquam

582 3675 746 3732 cgere
779 3675 968 3732 posse;
1001 3675 1067 3716 eo
1110 3659 1254 3732 quod
1284 3659 1410 3731 jure
1454 3660 1864 3730 przesumpserit
1892 3659 1960 3716 de
2005 3659 2188 3715 favore

587 3752 808 3814 divino?

660 3846 782 3916 126.
827 3844 935 3903 Sed
969 3855 1146 3901 tamen
1193 3854 1252 3901 ut
1290 3845 1454 3902 etiam
1495 3846 1657 3901 altius
1705 3846 1806 3906 ista
1852 3844 2182 3917 pendamus;

582 3942 705 4016 quia
737 3957 843 3998 non
871 3942 1106 3996 otiosum
1135 3940 1349 3998 videtur
1391 3941 1537 4012 quod
1568 3941 1669 3997 ﬂos
1699 3941 1780 4008 vel
1815 3941 2018 4012 homini
2051 3955 2184 4006 con-

584 4039 778 4102 fertur,
813 4036 900 4092 vel
931 4044 1080 4092 certe
1118 4035 1237 4112 plus
1267 4049 1425 4107 quam
1458 4027 1773 4091 hemini‘nus
1801 4033 1853 4089 iu
1888 4034 2186 4091 Salomone

582 4127 891 4200 praefertur,
941 4126 1030 4198 qui
1062 4136 1267 4182 tantum
1297 4126 1496 4194 meruit
1534 4137 1594 4181 ut
1624 4126 1708 4182 vel
1740 4127 1792 4181 in
1835 4128 2018 4197 specie
2049 4135 2186 4182 tem-

581 4223 730 4306 plum
766 4222 876 4277 Deo
901 4221 1192 4288 conderet,
1223 4220 1307 4275 vel
1351 4220 1404 4274 in
1444 4220 1704 4291 mysterio
1746 4219 1945 4276 Christi
1993 4221 2184 4276 Eccle-

580 4318 716 4372 siam
760 4315 1050 4388 figuraret;
1083 4331 1190 4371 non
1226 4315 1462 4370 alienum
1496 4313 1709 4369 videtur
1740 4322 1798 4368 ut
1826 4329 1924 4384 per
1961 4315 2183 4370 clarita-

586 4421 694 4474 tem
722 4412 943 4479 cqloris,
973 4411 1291 4483 angelorum
1321 4409 1628 4466 ctelestium
1660 4407 1888 4479 gloriam
1933 4417 2183 4480 putemus

584 4520 918 4581 expressam,
947 4505 1038 4576 qui
1066 4519 1194 4560 vere
1222 4501 1404 4558 mundi
1425 4501 1578 4556 istius
1601 4500 1765 4557 ﬂores
1786 4509 1941 4568 sunt;
1965 4501 2182 4570 quando

2298 1873 2382 1926 nis
2429 1871 2729 1948 aptiorem;
2766 1888 2834 1928 eo
2864 1872 3008 1950 quod
3040 1873 3148 1928 lilia
3183 1874 3382 1932 nullius
3409 1877 3572 1930 annui
3605 1890 3734 1934 usus
3777 1876 3903 1942 cul-

2298 1972 2409 2019 tum
2438 1966 2754 2044 requirant,
2788 1979 2887 2034 nec
2916 1965 3057 2021 sicut
3097 1981 3223 2038 erga
3266 1979 3588 2038 proventum
3622 1966 3898 2026 fructuum

2293 2068 2646 2130 cancrorum,
2678 2060 2753 2114 ita
2783 2058 2944 2115 etiam
2966 2074 3091 2132 erga
3121 2060 3532 2136 generationem
3559 2063 3714 2129 istius
3743 2060 3904 2135 ﬂoris

2292 2137 2540 2224 sollicitis
2571 2153 2620 2207 in
2657 2152 2844 2226 orbem
2876 2152 3067 2222 redeat
3096 2153 3248 2224 labor
3277 2165 3428 2226 actus
3455 2155 3729 2228 agricolis.
3763 2155 3902 2226 Qui-

2292 2243 2534 2300 buslibet
2561 2245 2708 2301 enim
2731 2245 3069 2316 siccitatibus
3088 2247 3200 2320 agri
3223 2262 3384 2304 omne
3409 2246 3539 2316 illud
3563 2248 3707 2322 quod
3732 2251 3902 2305 alitur

2294 2337 2347 2396 in
2376 2337 2565 2406 ﬂorem
2587 2379 2600 2406 ,
2649 2338 2880 2412 quadam
2910 2339 3110 2396 virtute
3136 2339 3358 2412 genitali
3387 2356 3452 2396 ex
3484 2343 3607 2397 sese
3642 2352 3809 2412 atque
3838 2342 3896 2398 in

2293 2445 2353 2487 se
2391 2431 2539 2486 succi
2569 2447 2785 2504 semper
2828 2434 3096 2488 manentis
3126 2434 3429 2500 animatur;
3477 2434 3545 2488 ita
3579 2449 3699 2490 cum
3735 2434 3899 2491 folio-

2293 2539 2412 2592 rum
2462 2525 2725 2602 puberum
2757 2526 2969 2582 caulem
3016 2526 3205 2584 videas
3243 2528 3485 2603 aruisse,
3529 2527 3678 2586 ﬂoris
3711 2539 3895 2594 tamen

2293 2629 2484 2678 natura
2535 2619 2784 2688 virescit;
2841 2620 3195 2678 absconditur
3246 2621 3389 2677 enim
3441 2621 3723 2692 viriditas,
3783 2639 3897 2681 non

2292 2712 2579 2769 amittitur.
2622 2713 2702 2778 At
2723 2712 2814 2769 ubi
2843 2715 3026 2771 vernis
3058 2711 3219 2772 fuerit
3246 2726 3541 2788 provocata
3575 2715 3854 2772 blanditiis
3881 2760 3894 2785 ,

2293 2805 2669 2861 indumentum
2703 2806 2987 2880 germinis,
3019 2822 3230 2862 comam
3263 2807 3435 2877 ﬂoris,
3466 2809 3637 2868 liliive
3665 2811 3900 2866 resumit

2293 2908 2536 2960 ornatus.
2579 2900 2748 2968 Quem
2782 2901 2958 2958 locum
2988 2917 3163 2969 nunc,
3195 2903 3450 2972 quoniam
3494 2903 3620 2974 alibi
3671 2903 3896 2961 uberius

2291 2999 2576 3048 tractatum
2606 3008 2729 3050 esse
2757 2995 3183 3070 reminiscimur,
3212 2997 3600 3074 perstrinxisse
3621 3000 3755 3070 satis
3775 3009 3893 3070 est;

2293 3105 2362 3144 ne
2389 3090 2441 3146 in
2465 3089 2654 3146 eadem
2683 3089 2754 3145 sit
2781 3101 3056 3146 recursus.

2364 3185 2491 3241 128.
2534 3184 2671 3254 Illud
2701 3200 2918 3260 quoque
2953 3185 3342 3258 advertendum
3388 3196 3506 3257 est,
3539 3189 3663 3260 quia
3693 3205 3803 3252 non
3837 3191 3890 3248 in

2288 3279 2672 3350 aSperitatibus
2712 3283 2978 3337 montium
3003 3323 3018 3348 ,
3066 3282 3394 3354 incultisque
3425 3283 3699 3356 sylvarum
3739 3284 3888 3354 lilia,

2289 3372 2385 3428 sed
2427 3373 2481 3448 in
2519 3373 2798 3429 hortorum
2829 3375 3146 3430 ammuitate
3189 3385 3538 3446 generantur.
3577 3377 3718 3448 Sunt
3741 3379 3889 3434 enim

2291 3447 2440 3522 horti
2478 3466 2695 3540 quidam
2728 3466 3069 3524 diversarum
3113 3468 3361 3540 pomiferi
3399 3447 3717 3536 virtutum,
3736 3472 3891 3544 juxta

2290 3560 2434 3630 quod
2459 3561 2718 3630 scriptum
2743 3571 2824 3616 est
2851 3579 2863 3615 :
2895 3561 3097 3617 Hortus
3113 3553 3346 3628 clausus,
3376 3579 3522 3618 soror
3543 3581 3654 3618 mea
3673 3580 3890 3634 sponsa,

2287 3652 2468 3709 hortus
2499 3654 2729 3719 clausus,
2763 3654 2881 3723 fons
2919 3655 3153 3727 signatus
3184 3652 3356 3725 (Cant.
3381 3671 3456 3723 tv,
3488 3656 3610 3724 i2);
3644 3672 3710 3711 eo
3743 3657 3890 3729 quod

2288 3746 2378 3802 ubi
2426 3747 2739 3818 integritas,
2769 3746 2860 3802 ubi
2888 3749 3114 3803 castitas
3136 3789 3151 3817 ,
3183 3748 3272 3803 ubi
3302 3747 3524 3820 religio,
3561 3749 3770 3824 1M1
3799 3751 3890 3806 ubi

2288 3839 2393 3895 lida
2427 3837 2642 3896 silentia
2671 3849 3032 3911 secretorum,
3060 3836 3153 3898 ubi
3182 3841 3401 3897 claritas
3423 3825 3750 3914 Angeloruni
3781 3853 3892 3914 est,

2289 3932 2400 3988 illic
2430 3942 2457 3970 ει
2486 3933 2865 3990 confessorum
2891 3933 3080 4002 violae,
3107 3933 3218 3989 lilia
3247 3934 3548 4007 virginum,
3579 3950 3716 3991 rosa:
3746 3953 3894 3991 mar-

2291 4037 2472 4100 tyrum
2503 4037 2651 4083 sunt.
2684 4027 2795 4084 Nec
2825 4028 3188 4100 incongruum
3233 4029 3516 4100 quisquam
3561 4037 3712 4102 putet
3740 4030 3888 4108 quod

2288 4122 2497 4195 angelis
2542 4123 2654 4179 lilia
2699 4132 3102 4194 comparentur,
3148 4137 3272 4180 cum
3324 4125 3491 4180 lilium
3538 4111 3598 4180 se
3637 4124 3891 4182 Christus

2288 4219 2405 4290 ipse
2433 4218 2819 4274 memoraverit
2857 4218 3042 4274 dicens
3077 4236 3089 4271 :
3131 4217 3244 4290 Ego
3270 4220 3368 4290 ﬂos
3397 4220 3602 4292 campi,
3645 4229 3692 4275 et
3717 4221 3891 4276 lilium

2287 4317 2598 4371 convallium
2639 4314 2814 4387 (Cant.
2849 4331 2916 4381 ιι,
2953 4316 3029 4389 1).
3075 4317 3144 4372 Et
3189 4317 3330 4374 bene
3375 4319 3545 4388 lilium
3592 4316 3885 4390 Christus;

2285 4408 2410 4479 quia
2441 4409 2530 4464 ubi
2577 4418 2874 4482 martyrum
2909 4409 3160 4479 sanguis,
3211 4409 3285 4466 ibi
3330 4409 3617 4479 Christus,
3670 4412 3776 4484 qui
3805 4421 3892 4469 est

2287 4501 2388 4557 ﬂos
2415 4502 2694 4570 sublimis,
2745 4503 3154 4571 immaculatus,
3200 4503 3482 4570 innoxius;
3531 4505 3583 4560 in
3627 4521 3737 4576 quo
3777 4522 3888 4562 non

581 4615 770 4655 eorum
798 4573 1134 4654 claritatibus
1176 4597 1411 4652 mundus
1445 4604 1693 4663 ornatur,
1732 4603 1787 4651 et
1814 4595 2016 4652 bonum
2047 4593 2182 4651 odo-
2208 4569 2263 4644 .D
2285 4596 2564 4666 spinarum
2609 4594 2844 4651 oﬂendat
2888 4597 3156 4666 asperitas
3177 4639 3191 4664 ,
3235 4597 3330 4652 sed
3359 4598 3530 4669 gratia
3557 4598 3889 4656 circumfusa

581 4707 696 4749 rem
729 4691 1174 4747 sanctiﬁcationis
1204 4690 1468 4762 aspirant.
1494 4689 1738 4759 Quorum
1777 4688 2032 4760 praesidio
2058 4687 2177 4745 fulti

583 4798 873 4856 possumus
895 4783 1123 4839 dicere:
1159 4781 1338 4838 Bonus
1379 4781 1508 4836 odor
1545 4780 1737 4837 Christi
1765 4796 1944 4835 sumus
1978 4778 2086 4835 Deo
2124 4782 2179 4834 in

581 4878 647 4934 iis
673 4879 760 4947 qui
786 4878 916 4933 salvi
942 4877 1075 4948 [iant
1113 4876 1183 4962 (ll
1207 4875 1326 4932 Cor.
1354 4891 1423 4944 ll,
1456 4877 1574 4946 15);
1605 4875 1696 4946 qui
1725 4875 1871 4931 nulla
1912 4875 2180 4932 sollicitu-

582 4972 712 5029 dine
740 4971 1043 5043 prapediti,
1086 4970 1236 5026 nullo
1261 4985 1360 5026 usu
1389 4969 1595 5025 laboris
1618 4969 1940 5036 exercitati,
1975 4969 2179 5026 divina:

581 5067 635 5122 in
661 5080 722 5122 se
751 5063 1094 5122 liberalitatis
1124 5061 1352 5136 gratiam
1374 5104 1388 5130 ,
1433 5069 1490 5119 et
1513 5061 1755 5119 caelestis
1785 5071 2006 5119 servant
2031 5063 2176 5120 dona

499 5341 510 5345 μ
651 5281 678 5310 ι
701 5270 1057 5356 Confessores
1070 5313 1092 5356 ε
1122 5269 1223 5342 qui
1259 5283 1665 5356 nonnumquam
1694 5266 2169 5356 abantiquisIsu-

575 5354 800 5401 muntur
839 5360 937 5415 pro
983 5337 1115 5416 ipsis
1141 5337 1494 5416 'martyribus
1517 5337 1534 5407 ,
1560 5341 1630 5397 ab
1664 5337 1868 5396 eisdem
1909 5337 2010 5416 hoc
2041 5342 2169 5416 ioco

575 5413 862 5475 manifeste
887 5413 1320 5486 distinguuntur.
1347 5413 1535 5472 Utrum
1567 5422 1745 5486 autem
1783 5421 1891 5474 tam
1933 5413 1968 5468 ii
1998 5415 2168 5484 signi-

573 5487 804 5550 ﬁcentur
833 5489 936 5546 hoc
967 5485 1187 5552 nomine
1213 5488 1302 5558 qni
1333 5501 1458 5550 cum
1501 5501 1600 5558 pro
1630 5485 1732 5558 tith
1770 5499 2045 5546 carcerem
2075 5495 2168 5541 aut

574 5571 844 5618 tormenta
875 5561 1013 5632 passi
1043 5557 1257 5625 essent,
1288 5557 1683 5632 posteatamen
1717 5557 2007 5632 incruenta
2022 5569 2168 5610 mor-

571 5643 629 5691 te
659 5635 824 5689 vitam
870 5627 1224 5689 clauserunt:
1253 5627 1414 5701 quam
1458 5629 1535 5685 illi
1569 5631 1660 5700 qui
1695 5637 1917 5701 propter
1957 5627 2168 5682 diutur-

573 5709 696 5762 nius
726 5705 1056 5775 pmnitcmiae
1084 5699 1400 5776 martyrium
1444 5702 1545 5756 hoc
1569 5699 1851 5776 vocabulo_
1876 5699 1987 5768 iam
2017 5714 2166 5754 com-

576 5771 824 5855 muniter
855 5777 998 5855 apud
1023 5791 1148 5855 quos
1175 5771 1528 5855 designantur
1548 5813 1570 5854 ρ
1605 5787 1716 5855 non
1751 5771 1884 5855 satis
1910 5779 2162 5855 constat.

573 5845 786 5907 Etenim
810 5840 914 5906 hoc
941 5840 1324 5903 ultimo'sensu
1341 5841 1391 5901 id
1416 5840 1651 5899 nominis
1672 5840 1814 5914 apud
1838 5849 2050 5900 veteres
2077 5842 2162 5898 vix

2281 4688 2569 4744 clarescat.
2599 4689 2737 4744 Sunt
2757 4690 2902 4745 enim
2932 4690 3104 4760 spinae
3131 4704 3379 4746 rosarum
3403 4733 3417 4759 ,
3457 4692 3581 4762 quia
3611 4701 3888 4749 tormenta

2280 4794 2408 4839 sunt
2436 4793 2757 4856 martyrum.
2781 4782 2900 4838 Non
2923 4783 3088 4841 habet
3107 4784 3292 4856 spinas
3315 4785 3579 4842 inoffensa
3606 4785 3884 4855 divinitas,

2281 4894 2402 4951 quae
2429 4885 2702 4934 tormenta
2731 4893 2839 4932 non
2869 4877 3062 4933 sensit.
3367 4949 3370 4952 ἢ

2357 4971 2482 5029 129.
2527 4971 2668 5043 Ergo
2694 4971 2737 5027 si
2769 4970 2879 5026 lilia
2908 4970 2995 5026 vel
3021 4971 3200 5042 angeli
3245 4985 3408 5043 supra
3438 4970 3714 5028 hominum
3760 4975 3886 5046 glo-

2285 5065 2420 5123 riam
2471 5066 2820 5131 vestiuntur,
2869 5077 2969 5120 nec
3015 5063 3070 5120 in
3123 5064 3278 5122 nobis
3321 5064 3758 5145 miscricordiam
3783 5067 3884 5125 Dei

2273 5282 2590 5345 usurpatum
2625 5273 2888 5345 reperias.
2922 5274 3069 5330 Alias
3097 5289 3228 5345 vero
3254 5274 3498 5344 ejusdem
3525 5275 3675 5332 vocis
3704 5276 3882 5332 inter-

2277 5344 2612 5413 pretatioues
2642 5344 2845 5401 videsis
2876 5345 3016 5414 apud
3063 5344 3376 5402 Menardum
3416 5359 3660 5403 nostrum
3691 5349 3743 5402 in
3777 5345 3874 5404 lib.

2277 5416 2520 5490 Sacram.
2550 5415 2609 5472 S.
2630 5415 2794 5490 Greg.
2825 5417 3068 5490 pluribus
3092 5419 3246 5483 locis,
3275 5428 3331 5474 et
3349 5418 3614 5490 Cangium
3641 5421 3694 5474 in
3717 5418 3882 5477 Glosp

2270 5503 2382 5561 sar.
2411 5487 2476 5542 ad
2515 5485 2761 5561 eatndeui
2798 5504 3008 5548 vocem.
3040 5489 3192 5559 Quod
3233 5485 3414 5561 autem
3464 5485 3880 5550 curulessoribus

2271 5560 2430 5633 viola:
2457 5557 2836 5633 assignantur,
2865 5576 2926 5616 ea
2973 5557 3135 5616 causa
3166 5559 3286 5627 est,
3318 5562 3462 5632 quod
3501 5578 3731 5633 corpora
3786 5578 3880 5618 se-

2270 5630 2471 5686 veriori
2501 5633 2854 5703 castigatione
2881 5633 3101 5689 liventia
3125 5675 3140 5698 ,
3169 5630 3618 5703 mortuorumque
3644 5635 3880 5692 cadave—

2271 5703 2421 5758 ribus
2450 5703 2589 5758 baud
2604 5704 3126 5775 multumdissimilia
3155 5706 3556 5775 quodammodo
3574 5707 3877 5762 violaceum

2270 5775 2513 5900 colerere
2541 5776 2800 5848 referunt.
2831 5774 2962 5832 Vide
3001 5774 3209 5846 Silvam
3251 5774 3649 5850 Allegoriaruni
3694 5779 3746 5834 in
3775 5795 3877 5833 vu-

2271 5859 2333 5900 ce
2355 5887 2369 5900 .
2401 5862 2483 5900 vro
2507 5864 2558 5899 a.
2829 5865 2831 5870 ·

2271 5859 2333 5902 ce
2355 5887 2369 5914 ,
2401 5859 2558 5901 mota.
2829 5865 2831 5870 ·
