  <div class='ocr_page' id='page_1' title='image "/cluster/home/n/w/nwhite01/storage/ocr_20150623/15/hvd.32044015471311/282.png"; bbox 0 0 4040 6554; ppageno 0'>
   <div class='ocr_carea' id='block_1_1' title="bbox 188 419 332 477">
    <p class='ocr_par' dir='ltr' id='par_1_1' title="bbox 188 419 332 477">
     <span class='ocr_line' id='line_1_1' title="bbox 188 419 332 477; baseline 0.014 -2"><span class='ocrx_word' id='word_1_1' title='bbox 188 419 332 477; x_wconf 68' lang='grc'><strong>1757</strong></span> 
     </span>
    </p>
   </div>
   <div class='ocr_carea' id='block_1_2' title="bbox 1150 405 2530 470">
    <p class='ocr_par' dir='ltr' id='par_1_2' title="bbox 1150 405 2530 470">
     <span class='ocr_line' id='line_1_2' title="bbox 1150 405 2530 470; baseline -0.002 -2"><span class='ocrx_word' id='word_1_2' title='bbox 1150 408 1517 470; x_wconf 81' lang='lat' dir='ltr'><strong>EXPOSITIO</strong></span> <span class='ocrx_word' id='word_1_3' title='bbox 1554 407 1811 467; x_wconf 80' lang='lat' dir='ltr'><strong>EVANG.</strong></span> <span class='ocrx_word' id='word_1_4' title='bbox 1851 405 2004 466; x_wconf 85' lang='lat' dir='ltr'><strong>SEC.</strong></span> <span class='ocrx_word' id='word_1_5' title='bbox 2046 409 2201 469; x_wconf 85' lang='lat' dir='ltr'><strong>LUC.</strong></span> <span class='ocrx_word' id='word_1_6' title='bbox 2242 410 2375 468; x_wconf 82' lang='lat' dir='ltr'><strong>LIB.</strong></span> <span class='ocrx_word' id='word_1_7' title='bbox 2415 408 2530 469; x_wconf 75' lang='lat' dir='ltr'><strong>VII.</strong></span> 
     </span>
    </p>
   </div>
   <div class='ocr_carea' id='block_1_3' title="bbox 3350 419 3494 476">
    <p class='ocr_par' dir='ltr' id='par_1_3' title="bbox 3350 419 3494 476">
     <span class='ocr_line' id='line_1_3' title="bbox 3350 419 3494 476; baseline 0 0"><span class='ocrx_word' id='word_1_8' title='bbox 3350 419 3494 476; x_wconf 73' lang='lat' dir='ltr'><strong>I758</strong></span> 
     </span>
    </p>
   </div>
   <div class='ocr_carea' id='block_1_4' title="bbox 187 503 3499 605">
    <p class='ocr_par' dir='ltr' id='par_1_4' title="bbox 187 503 3499 605">
     <span class='ocr_line' id='line_1_4' title="bbox 187 503 3499 605; baseline -0.001 -14"><span class='ocrx_word' id='word_1_9' title='bbox 187 550 300 591; x_wconf 90' lang='lat' dir='ltr'><strong>non</strong></span> <span class='ocrx_word' id='word_1_10' title='bbox 329 533 442 603; x_wconf 84' lang='lat' dir='ltr'><strong>jam</strong></span> <span class='ocrx_word' id='word_1_11' title='bbox 471 534 595 591; x_wconf 90' lang='lat' dir='ltr'><strong>lena</strong></span> <span class='ocrx_word' id='word_1_12' title='bbox 617 503 872 588; x_wconf 85' lang='lat' dir='ltr'><strong>vitiorum</strong></span> <span class='ocrx_word' id='word_1_13' title='bbox 891 570 906 596; x_wconf 85' lang='lat'><strong>,</strong></span> <span class='ocrx_word' id='word_1_14' title='bbox 949 528 1047 586; x_wconf 89' lang='lat' dir='ltr'><strong>scd</strong></span> <span class='ocrx_word' id='word_1_15' title='bbox 1069 529 1260 585; x_wconf 64' lang='lat' dir='ltr'><strong>aemula</strong></span> <span class='ocrx_word' id='word_1_16' title='bbox 1290 528 1536 600; x_wconf 70' lang='lat' dir='ltr'><strong>quautam</strong></span> <span class='ocrx_word' id='word_1_17' title='bbox 1570 537 1622 584; x_wconf 90' lang='lat' dir='ltr'><strong>et</strong></span> <span class='ocrx_word' id='word_1_18' title='bbox 1652 540 1780 598; x_wconf 87' lang='lat' dir='ltr'><strong>qua-</strong></span> <span class='ocrx_word' id='word_1_19' title='bbox 1807 519 1864 582; x_wconf 75' lang='grc' dir='ltr'><strong>Α</strong></span> <span class='ocrx_word' id='word_1_20' title='bbox 1889 539 1996 594; x_wconf 94' lang='lat' dir='ltr'><strong>quo</strong></span> <span class='ocrx_word' id='word_1_21' title='bbox 2017 523 2044 563; x_wconf 75' lang='grc' dir='ltr'><strong>ιι</strong></span> <span class='ocrx_word' id='word_1_22' title='bbox 2077 527 2274 586; x_wconf 81' lang='lat' dir='ltr'><strong>delicta</strong></span> <span class='ocrx_word' id='word_1_23' title='bbox 2300 528 2482 584; x_wconf 90' lang='lat' dir='ltr'><strong>carnis</strong></span> <span class='ocrx_word' id='word_1_24' title='bbox 2503 534 2776 593; x_wconf 80' lang='lat' dir='ltr'><strong>exureret,</strong></span> <span class='ocrx_word' id='word_1_25' title='bbox 2809 529 2896 586; x_wconf 92' lang='lat' dir='ltr'><strong>vel</strong></span> <span class='ocrx_word' id='word_1_26' title='bbox 2937 529 3178 602; x_wconf 78' lang='lat' dir='ltr'><strong>gladium</strong></span> <span class='ocrx_word' id='word_1_27' title='bbox 3206 535 3298 605; x_wconf 90' lang='lat' dir='ltr'><strong>qui</strong></span> <span class='ocrx_word' id='word_1_28' title='bbox 3330 532 3499 591; x_wconf 63' lang='lat' dir='ltr'><strong>signi.</strong></span> 
     </span>
    </p>
   </div>
   <div class='ocr_carea' id='block_1_5' title="bbox 188 625 854 700">
    <p class='ocr_par' dir='ltr' id='par_1_5' title="bbox 188 625 854 700">
     <span class='ocr_line' id='line_1_5' title="bbox 188 625 854 700; baseline -0.008 -17"><span class='ocrx_word' id='word_1_29' title='bbox 188 629 234 683; x_wconf 90' lang='lat' dir='ltr'><strong>si</strong></span> <span class='ocrx_word' id='word_1_30' title='bbox 269 629 591 700; x_wconf 84' lang='lat' dir='ltr'><strong>pedissequa</strong></span> <span class='ocrx_word' id='word_1_31' title='bbox 621 625 854 681; x_wconf 91' lang='lat' dir='ltr'><strong>virtutis.</strong></span> 
     </span>
    </p>
   </div>
   <div class='ocr_carea' id='block_1_6' title="bbox 268 715 1792 797">
    <p class='ocr_par' dir='ltr' id='par_1_6' title="bbox 268 715 1792 797">
     <span class='ocr_line' id='line_1_6' title="bbox 268 715 1792 797; baseline -0.009 -15"><span class='ocrx_word' id='word_1_32' title='bbox 268 718 482 797; x_wconf 60' lang='lat' dir='ltr'><strong>1M5</strong></span> <span class='ocrx_word' id='word_1_33' title='bbox 512 722 633 778; x_wconf 73' lang='grc'><strong>142.</strong></span> <span class='ocrx_word' id='word_1_34' title='bbox 660 720 726 776; x_wconf 82' lang='lat' dir='ltr'><strong>Et</strong></span> <span class='ocrx_word' id='word_1_35' title='bbox 752 734 945 776; x_wconf 91' lang='lat' dir='ltr'><strong>rursus</strong></span> <span class='ocrx_word' id='word_1_36' title='bbox 967 718 1183 790; x_wconf 80' lang='lat' dir='ltr'><strong>quando</strong></span> <span class='ocrx_word' id='word_1_37' title='bbox 1205 719 1385 773; x_wconf 89' lang='lat' dir='ltr'><strong>anima</strong></span> <span class='ocrx_word' id='word_1_38' title='bbox 1413 715 1660 786; x_wconf 83' lang='lat' dir='ltr'><strong>corporis</strong></span> <span class='ocrx_word' id='word_1_39' title='bbox 1686 729 1792 769; x_wconf 89' lang='lat' dir='ltr'><strong>non</strong></span> 
     </span>
    </p>
   </div>
   <div class='ocr_carea' id='block_1_7' title="bbox 187 808 1796 881">
    <p class='ocr_par' dir='ltr' id='par_1_7' title="bbox 187 808 1796 881">
     <span class='ocr_line' id='line_1_7' title="bbox 187 808 1796 881; baseline -0.004 -11"><span class='ocrx_word' id='word_1_40' title='bbox 187 818 447 871; x_wconf 86' lang='lat' dir='ltr'><strong>connich</strong></span> <span class='ocrx_word' id='word_1_41' title='bbox 477 813 770 881; x_wconf 84' lang='lat' dir='ltr'><strong>illecebris,</strong></span> <span class='ocrx_word' id='word_1_42' title='bbox 804 827 902 870; x_wconf 91' lang='lat' dir='ltr'><strong>nec</strong></span> <span class='ocrx_word' id='word_1_43' title='bbox 921 813 1222 868; x_wconf 82' lang='lat' dir='ltr'><strong>carnalium</strong></span> <span class='ocrx_word' id='word_1_44' title='bbox 1245 811 1587 880; x_wconf 74' lang='lat' dir='ltr'><strong>voluptatum</strong></span> <span class='ocrx_word' id='word_1_45' title='bbox 1615 808 1796 863; x_wconf 87' lang='lat' dir='ltr'><strong>delec-</strong></span> 
     </span>
    </p>
   </div>
   <div class='ocr_carea' id='block_1_8' title="bbox 187 902 1797 977">
    <p class='ocr_par' dir='ltr' id='par_1_8' title="bbox 187 902 1797 977">
     <span class='ocr_line' id='line_1_8' title="bbox 187 902 1797 977; baseline -0.003 -13"><span class='ocrx_word' id='word_1_46' title='bbox 187 908 398 964; x_wconf 91' lang='lat' dir='ltr'><strong>tatione</strong></span> <span class='ocrx_word' id='word_1_47' title='bbox 443 907 716 974; x_wconf 73' lang='lat' dir='ltr'><strong>vincitur,</strong></span> <span class='ocrx_word' id='word_1_48' title='bbox 770 905 866 962; x_wconf 92' lang='lat' dir='ltr'><strong>scd</strong></span> <span class='ocrx_word' id='word_1_49' title='bbox 907 922 1066 964; x_wconf 91' lang='lat' dir='ltr'><strong>mens</strong></span> <span class='ocrx_word' id='word_1_50' title='bbox 1113 921 1243 977; x_wconf 90' lang='lat' dir='ltr'><strong>pura</strong></span> <span class='ocrx_word' id='word_1_51' title='bbox 1290 904 1586 974; x_wconf 85' lang='lat' dir='ltr'><strong>mundique</strong></span> <span class='ocrx_word' id='word_1_52' title='bbox 1631 902 1797 972; x_wconf 85' lang='lat' dir='ltr'><strong>hujus</strong></span> 
     </span>
    </p>
   </div>
   <div class='ocr_carea' id='block_1_9' title="bbox 184 996 1799 1070">
    <p class='ocr_par' dir='ltr' id='par_1_9' title="bbox 184 996 1799 1070">
     <span class='ocr_line' id='line_1_9' title="bbox 184 996 1799 1070; baseline -0.004 -11"><span class='ocrx_word' id='word_1_53' title='bbox 184 1012 348 1059; x_wconf 83' lang='lat' dir='ltr'><strong>exuta</strong></span> <span class='ocrx_word' id='word_1_54' title='bbox 401 1000 698 1068; x_wconf 91' lang='lat' dir='ltr'><strong>famulatu,</strong></span> <span class='ocrx_word' id='word_1_55' title='bbox 750 1015 947 1057; x_wconf 84' lang='lat' dir='ltr'><strong>sensus</strong></span> <span class='ocrx_word' id='word_1_56' title='bbox 989 1000 1235 1070; x_wconf 87' lang='lat' dir='ltr'><strong>corporis</strong></span> <span class='ocrx_word' id='word_1_57' title='bbox 1278 998 1333 1054; x_wconf 90' lang='lat' dir='ltr'><strong>in</strong></span> <span class='ocrx_word' id='word_1_58' title='bbox 1377 1013 1504 1053; x_wconf 89' lang='lat' dir='ltr'><strong>suas</strong></span> <span class='ocrx_word' id='word_1_59' title='bbox 1545 996 1700 1053; x_wconf 91' lang='lat' dir='ltr'><strong>illicit</strong></span> <span class='ocrx_word' id='word_1_60' title='bbox 1743 1004 1799 1052; x_wconf 91' lang='lat' dir='ltr'><strong>et</strong></span> 
     </span>
    </p>
   </div>
   <div class='ocr_carea' id='block_1_10' title="bbox 183 1091 1798 1164">
    <p class='ocr_par' dir='ltr' id='par_1_10' title="bbox 183 1091 1798 1164">
     <span class='ocr_line' id='line_1_10' title="bbox 183 1091 1798 1164; baseline -0.001 -16"><span class='ocrx_word' id='word_1_61' title='bbox 183 1094 417 1150; x_wconf 89' lang='lat' dir='ltr'><strong>attrahit</strong></span> <span class='ocrx_word' id='word_1_62' title='bbox 445 1094 787 1164; x_wconf 76' lang='lat' dir='ltr'><strong>voluptates;</strong></span> <span class='ocrx_word' id='word_1_63' title='bbox 818 1104 880 1151; x_wconf 89' lang='lat' dir='ltr'><strong>ut</strong></span> <span class='ocrx_word' id='word_1_64' title='bbox 924 1094 1178 1150; x_wconf 83' lang='lat' dir='ltr'><strong>audiendi</strong></span> <span class='ocrx_word' id='word_1_65' title='bbox 1221 1091 1541 1164; x_wconf 75' lang='lat' dir='ltr'><strong>legendique</strong></span> <span class='ocrx_word' id='word_1_66' title='bbox 1582 1107 1682 1146; x_wconf 89' lang='lat' dir='ltr'><strong>usu</strong></span> <span class='ocrx_word' id='word_1_67' title='bbox 1715 1091 1798 1147; x_wconf 90' lang='lat' dir='ltr'><strong>in-</strong></span> 
     </span>
    </p>
   </div>
   <div class='ocr_carea' id='block_1_11' title="bbox 183 1173 1798 1259">
    <p class='ocr_par' dir='ltr' id='par_1_11' title="bbox 183 1173 1798 1259">
     <span class='ocr_line' id='line_1_11' title="bbox 183 1173 1798 1259; baseline -0.001 -17"><span class='ocrx_word' id='word_1_68' title='bbox 183 1197 471 1243; x_wconf 85' lang='lat' dir='ltr'><strong>crementa</strong></span> <span class='ocrx_word' id='word_1_69' title='bbox 501 1188 725 1244; x_wconf 88' lang='lat' dir='ltr'><strong>virtutis</strong></span> <span class='ocrx_word' id='word_1_70' title='bbox 763 1173 1048 1258; x_wconf 56' lang='lat' dir='ltr'><strong>epuletur,</strong></span> <span class='ocrx_word' id='word_1_71' title='bbox 1091 1197 1256 1259; x_wconf 89' lang='lat' dir='ltr'><strong>atque</strong></span> <span class='ocrx_word' id='word_1_72' title='bbox 1279 1196 1306 1224; x_wconf 74' lang='grc'>⁸</span> <span class='ocrx_word' id='word_1_73' title='bbox 1335 1185 1616 1242; x_wconf 90' lang='lat' dir='ltr'><strong>interioris</strong></span> <span class='ocrx_word' id='word_1_74' title='bbox 1649 1184 1798 1242; x_wconf 89' lang='lat' dir='ltr'><strong>succi</strong></span> 
     </span>
    </p>
   </div>
   <div class='ocr_carea' id='block_1_12' title="bbox 182 1278 1796 1350">
    <p class='ocr_par' dir='ltr' id='par_1_12' title="bbox 182 1278 1796 1350">
     <span class='ocr_line' id='line_1_12' title="bbox 182 1278 1796 1350; baseline 0.001 -17"><span class='ocrx_word' id='word_1_75' title='bbox 182 1279 564 1350; x_wconf 86' lang='lat' dir='ltr'><strong>spiritualihus</strong></span> <span class='ocrx_word' id='word_1_76' title='bbox 585 1279 865 1336; x_wconf 89' lang='lat' dir='ltr'><strong>nescitura</strong></span> <span class='ocrx_word' id='word_1_77' title='bbox 878 1279 1073 1336; x_wconf 89' lang='lat' dir='ltr'><strong>famem</strong></span> <span class='ocrx_word' id='word_1_78' title='bbox 1118 1280 1350 1336; x_wconf 85' lang='lat' dir='ltr'><strong>satietur</strong></span> <span class='ocrx_word' id='word_1_79' title='bbox 1373 1279 1669 1334; x_wconf 87' lang='lat' dir='ltr'><strong>alimentis.</strong></span> <span class='ocrx_word' id='word_1_80' title='bbox 1701 1278 1796 1334; x_wconf 88' lang='lat' dir='ltr'><strong>Et-</strong></span> 
     </span>
    </p>
   </div>
   <div class='ocr_carea' id='block_1_13' title="bbox 185 1371 1801 1445">
    <p class='ocr_par' dir='ltr' id='par_1_13' title="bbox 185 1371 1801 1445">
     <span class='ocr_line' id='line_1_13' title="bbox 185 1371 1801 1445; baseline 0.002 -17"><span class='ocrx_word' id='word_1_81' title='bbox 185 1374 336 1428; x_wconf 87' lang='lat' dir='ltr'><strong>enim</strong></span> <span class='ocrx_word' id='word_1_82' title='bbox 368 1373 477 1444; x_wconf 68' lang='grc' dir='ltr'><strong>(σῖ.</strong></span> <span class='ocrx_word' id='word_1_83' title='bbox 504 1373 638 1445; x_wconf 83' lang='lat' dir='ltr'><strong>Aug.</strong></span> <span class='ocrx_word' id='word_1_84' title='bbox 672 1373 764 1429; x_wconf 86' lang='lat' dir='ltr'><strong>lib.</strong></span> <span class='ocrx_word' id='word_1_85' title='bbox 803 1389 840 1429; x_wconf 89' lang='lat' dir='ltr'><strong>tt</strong></span> <span class='ocrx_word' id='word_1_86' title='bbox 882 1382 1019 1429; x_wconf 85' lang='lat' dir='ltr'><strong>cont.</strong></span> <span class='ocrx_word' id='word_1_87' title='bbox 1055 1372 1171 1428; x_wconf 81' lang='lat' dir='ltr'><strong>Jul.</strong></span> <span class='ocrx_word' id='word_1_88' title='bbox 1213 1371 1428 1444; x_wconf 87' lang='lat' dir='ltr'><strong>Pelag.,</strong></span> <span class='ocrx_word' id='word_1_89' title='bbox 1458 1390 1506 1427; x_wconf 89' lang='lat' dir='ltr'><strong>e.</strong></span> <span class='ocrx_word' id='word_1_90' title='bbox 1537 1371 1594 1445; x_wconf 82' lang='lat'><strong>5)</strong></span> <span class='ocrx_word' id='word_1_91' title='bbox 1624 1374 1801 1431; x_wconf 89' lang='lat' dir='ltr'><strong>oratio</strong></span> 
     </span>
    </p>
   </div>
   <div class='ocr_carea' id='block_1_14' title="bbox 185 1465 1799 1538">
    <p class='ocr_par' dir='ltr' id='par_1_14' title="bbox 185 1465 1799 1538">
     <span class='ocr_line' id='line_1_14' title="bbox 185 1465 1799 1538; baseline -0.001 -15"><span class='ocrx_word' id='word_1_92' title='bbox 185 1466 346 1523; x_wconf 83' lang='lat' dir='ltr'><strong>cibus</strong></span> <span class='ocrx_word' id='word_1_93' title='bbox 372 1465 573 1522; x_wconf 89' lang='lat' dir='ltr'><strong>mentis</strong></span> <span class='ocrx_word' id='word_1_94' title='bbox 609 1476 724 1533; x_wconf 88' lang='lat' dir='ltr'><strong>est,</strong></span> <span class='ocrx_word' id='word_1_95' title='bbox 755 1466 1128 1538; x_wconf 59' lang='lat' dir='ltr'><strong>praeclaraque</strong></span> <span class='ocrx_word' id='word_1_96' title='bbox 1164 1466 1423 1522; x_wconf 74' lang='lat' dir='ltr'><strong>alimonia</strong></span> <span class='ocrx_word' id='word_1_97' title='bbox 1464 1467 1749 1522; x_wconf 84' lang='lat' dir='ltr'><strong>suavitatis</strong></span> <span class='ocrx_word' id='word_1_98' title='bbox 1784 1509 1799 1534; x_wconf 91' lang='lat'><strong>,</strong></span> 
     </span>
    </p>
   </div>
   <div class='ocr_carea' id='block_1_15' title="bbox 189 1558 1799 1632">
    <p class='ocr_par' dir='ltr' id='par_1_15' title="bbox 189 1558 1799 1632">
     <span class='ocr_line' id='line_1_15' title="bbox 189 1558 1799 1632; baseline 0.004 -22"><span class='ocrx_word' id='word_1_99' title='bbox 189 1574 315 1632; x_wconf 70' lang='lat' dir='ltr'><strong>qua:</strong></span> <span class='ocrx_word' id='word_1_100' title='bbox 359 1558 604 1614; x_wconf 90' lang='lat' dir='ltr'><strong>membra</strong></span> <span class='ocrx_word' id='word_1_101' title='bbox 646 1575 753 1614; x_wconf 93' lang='lat' dir='ltr'><strong>non</strong></span> <span class='ocrx_word' id='word_1_102' title='bbox 785 1567 1014 1623; x_wconf 89' lang='lat' dir='ltr'><strong>oneret,</strong></span> <span class='ocrx_word' id='word_1_103' title='bbox 1041 1573 1217 1630; x_wconf 83' lang='lat' dir='ltr'><strong>neque</strong></span> <span class='ocrx_word' id='word_1_104' title='bbox 1248 1574 1307 1614; x_wconf 91' lang='lat' dir='ltr'><strong>se</strong></span> <span class='ocrx_word' id='word_1_105' title='bbox 1351 1560 1402 1613; x_wconf 93' lang='lat' dir='ltr'><strong>in</strong></span> <span class='ocrx_word' id='word_1_106' title='bbox 1443 1573 1652 1632; x_wconf 81' lang='lat' dir='ltr'><strong>natura:</strong></span> <span class='ocrx_word' id='word_1_107' title='bbox 1699 1576 1799 1632; x_wconf 91' lang='lat' dir='ltr'><strong>pu-</strong></span> 
     </span>
    </p>
   </div>
   <div class='ocr_carea' id='block_1_16' title="bbox 190 1651 1799 1719">
    <p class='ocr_par' dir='ltr' id='par_1_16' title="bbox 190 1651 1799 1719">
     <span class='ocr_line' id='line_1_16' title="bbox 190 1651 1799 1719; baseline 0 -12"><span class='ocrx_word' id='word_1_108' title='bbox 190 1651 396 1718; x_wconf 89' lang='lat' dir='ltr'><strong>denda,</strong></span> <span class='ocrx_word' id='word_1_109' title='bbox 429 1651 524 1706; x_wconf 88' lang='lat' dir='ltr'><strong>sed</strong></span> <span class='ocrx_word' id='word_1_110' title='bbox 552 1651 606 1707; x_wconf 92' lang='lat' dir='ltr'><strong>in</strong></span> <span class='ocrx_word' id='word_1_111' title='bbox 652 1661 968 1707; x_wconf 90' lang='lat' dir='ltr'><strong>ornamenta</strong></span> <span class='ocrx_word' id='word_1_112' title='bbox 1007 1661 1333 1719; x_wconf 84' lang='lat' dir='ltr'><strong>convertat;</strong></span> <span class='ocrx_word' id='word_1_113' title='bbox 1363 1668 1485 1708; x_wconf 90' lang='lat' dir='ltr'><strong>cum</strong></span> <span class='ocrx_word' id='word_1_114' title='bbox 1515 1653 1799 1709; x_wconf 87' lang='lat' dir='ltr'><strong>libidinum</strong></span> 
     </span>
    </p>
   </div>
   <div class='ocr_carea' id='block_1_17' title="bbox 193 1744 1802 1820">
    <p class='ocr_par' dir='ltr' id='par_1_17' title="bbox 193 1744 1802 1820">
     <span class='ocr_line' id='line_1_17' title="bbox 193 1744 1802 1820; baseline 0.002 -21"><span class='ocrx_word' id='word_1_115' title='bbox 193 1744 544 1799; x_wconf 85' lang='lat' dir='ltr'><strong>volutabrum</strong></span> <span class='ocrx_word' id='word_1_116' title='bbox 579 1755 946 1800; x_wconf 88' lang='lat' dir='ltr'><strong>commutatur</strong></span> <span class='ocrx_word' id='word_1_117' title='bbox 983 1747 1036 1799; x_wconf 91' lang='lat' dir='ltr'><strong>in</strong></span> <span class='ocrx_word' id='word_1_118' title='bbox 1086 1745 1181 1800; x_wconf 88' lang='lat' dir='ltr'><strong>Dei</strong></span> <span class='ocrx_word' id='word_1_119' title='bbox 1224 1747 1486 1817; x_wconf 83' lang='lat' dir='ltr'><strong>templum</strong></span> <span class='ocrx_word' id='word_1_120' title='bbox 1510 1789 1524 1814; x_wconf 92' lang='lat'><strong>,</strong></span> <span class='ocrx_word' id='word_1_121' title='bbox 1549 1746 1802 1820; x_wconf 84' lang='lat' dir='ltr'><strong>diverso-</strong></span> 
     </span>
    </p>
   </div>
   <div class='ocr_carea' id='block_1_18' title="bbox 191 1837 1801 1910">
    <p class='ocr_par' dir='ltr' id='par_1_18' title="bbox 191 1837 1801 1910">
     <span class='ocr_line' id='line_1_18' title="bbox 191 1837 1801 1910; baseline 0.002 -17"><span class='ocrx_word' id='word_1_122' title='bbox 191 1837 448 1906; x_wconf 87' lang='lat' dir='ltr'><strong>riumque</strong></span> <span class='ocrx_word' id='word_1_123' title='bbox 485 1838 740 1893; x_wconf 92' lang='lat' dir='ltr'><strong>vitiorum</strong></span> <span class='ocrx_word' id='word_1_124' title='bbox 786 1838 1083 1894; x_wconf 81' lang='lat' dir='ltr'><strong>sacrarium</strong></span> <span class='ocrx_word' id='word_1_125' title='bbox 1128 1838 1318 1910; x_wconf 86' lang='lat' dir='ltr'><strong>incipit</strong></span> <span class='ocrx_word' id='word_1_126' title='bbox 1361 1855 1484 1895; x_wconf 88' lang='lat' dir='ltr'><strong>esse</strong></span> <span class='ocrx_word' id='word_1_127' title='bbox 1515 1842 1801 1897; x_wconf 92' lang='lat' dir='ltr'><strong>virtutum.</strong></span> 
     </span>
    </p>
   </div>
   <div class='ocr_carea' id='block_1_19' title="bbox 1896 620 3501 698">
    <p class='ocr_par' dir='ltr' id='par_1_19' title="bbox 1896 620 3501 698">
     <span class='ocr_line' id='line_1_19' title="bbox 1896 620 3501 698; baseline 0.004 -22"><span class='ocrx_word' id='word_1_128' title='bbox 1896 620 2022 676; x_wconf 85' lang='lat' dir='ltr'><strong>ﬁcat</strong></span> <span class='ocrx_word' id='word_1_129' title='bbox 2047 633 2248 678; x_wconf 73' lang='lat' dir='ltr'><strong>exerta:</strong></span> <span class='ocrx_word' id='word_1_130' title='bbox 2289 625 2459 680; x_wconf 88' lang='lat' dir='ltr'><strong>aciem</strong></span> <span class='ocrx_word' id='word_1_131' title='bbox 2489 625 2772 694; x_wconf 77' lang='lat' dir='ltr'><strong>potestatis</strong></span> <span class='ocrx_word' id='word_1_132' title='bbox 2795 666 2810 692; x_wconf 93' lang='lat'><strong>,</strong></span> <span class='ocrx_word' id='word_1_133' title='bbox 2835 641 2942 698; x_wconf 87' lang='lat' dir='ltr'><strong>quo</strong></span> <span class='ocrx_word' id='word_1_134' title='bbox 2971 627 3194 698; x_wconf 85' lang='lat' dir='ltr'><strong>spiritus</strong></span> <span class='ocrx_word' id='word_1_135' title='bbox 3233 629 3501 685; x_wconf 84' lang='lat' dir='ltr'><strong>medulla—</strong></span> 
     </span>
    </p>
   </div>
   <div class='ocr_carea' id='block_1_20' title="bbox 1894 719 3500 788">
    <p class='ocr_par' dir='ltr' id='par_1_20' title="bbox 1894 719 3500 788">
     <span class='ocr_line' id='line_1_20' title="bbox 1894 719 3500 788; baseline 0.005 -19"><span class='ocrx_word' id='word_1_136' title='bbox 1894 730 2129 783; x_wconf 83' lang='lat' dir='ltr'><strong>rumque</strong></span> <span class='ocrx_word' id='word_1_137' title='bbox 2153 729 2366 772; x_wconf 87' lang='lat' dir='ltr'><strong>secreta</strong></span> <span class='ocrx_word' id='word_1_138' title='bbox 2412 729 2772 788; x_wconf 81' lang='lat' dir='ltr'><strong>penetrantur</strong></span> <span class='ocrx_word' id='word_1_139' title='bbox 2795 760 2810 785; x_wconf 94' lang='lat'><strong>,</strong></span> <span class='ocrx_word' id='word_1_140' title='bbox 2843 719 2992 774; x_wconf 83' lang='lat' dir='ltr'><strong>misit</strong></span> <span class='ocrx_word' id='word_1_141' title='bbox 3029 720 3080 774; x_wconf 88' lang='lat' dir='ltr'><strong>in</strong></span> <span class='ocrx_word' id='word_1_142' title='bbox 3122 728 3337 787; x_wconf 67' lang='lat' dir='ltr'><strong>terras;</strong></span> <span class='ocrx_word' id='word_1_143' title='bbox 3372 731 3500 777; x_wconf 87' lang='lat' dir='ltr'><strong>tunc</strong></span> 
     </span>
    </p>
   </div>
   <div class='ocr_carea' id='block_1_21' title="bbox 1895 812 3498 890">
    <p class='ocr_par' dir='ltr' id='par_1_21' title="bbox 1895 812 3498 890">
     <span class='ocr_line' id='line_1_21' title="bbox 1895 812 3498 890; baseline 0.003 -24"><span class='ocrx_word' id='word_1_144' title='bbox 1895 825 2026 866; x_wconf 90' lang='lat' dir='ltr'><strong>caro</strong></span> <span class='ocrx_word' id='word_1_145' title='bbox 2054 823 2220 882; x_wconf 89' lang='lat' dir='ltr'><strong>atque</strong></span> <span class='ocrx_word' id='word_1_146' title='bbox 2245 812 2425 868; x_wconf 89' lang='lat' dir='ltr'><strong>anima</strong></span> <span class='ocrx_word' id='word_1_147' title='bbox 2458 814 2890 878; x_wconf 75' lang='lat' dir='ltr'><strong>regenerationis</strong></span> <span class='ocrx_word' id='word_1_148' title='bbox 2916 815 3172 871; x_wconf 87' lang='lat' dir='ltr'><strong>innovata</strong></span> <span class='ocrx_word' id='word_1_149' title='bbox 3199 817 3498 890; x_wconf 64' lang='lat' dir='ltr'><strong>mysteriis,</strong></span> 
     </span>
    </p>
   </div>
   <div class='ocr_carea' id='block_1_22' title="bbox 1895 905 3505 980">
    <p class='ocr_par' dir='ltr' id='par_1_22' title="bbox 1895 905 3505 980">
     <span class='ocr_line' id='line_1_22' title="bbox 1895 905 3505 980; baseline 0.005 -20"><span class='ocrx_word' id='word_1_150' title='bbox 1895 905 2062 960; x_wconf 88' lang='lat' dir='ltr'><strong>oblita</strong></span> <span class='ocrx_word' id='word_1_151' title='bbox 2090 906 2234 977; x_wconf 85' lang='lat' dir='ltr'><strong>quod</strong></span> <span class='ocrx_word' id='word_1_152' title='bbox 2261 915 2380 962; x_wconf 89' lang='lat' dir='ltr'><strong>erat</strong></span> <span class='ocrx_word' id='word_1_153' title='bbox 2401 949 2416 972; x_wconf 92' lang='lat'><strong>,</strong></span> <span class='ocrx_word' id='word_1_154' title='bbox 2449 907 2638 978; x_wconf 77' lang='lat' dir='ltr'><strong>incipit</strong></span> <span class='ocrx_word' id='word_1_155' title='bbox 2665 923 2789 965; x_wconf 89' lang='lat' dir='ltr'><strong>esse</strong></span> <span class='ocrx_word' id='word_1_156' title='bbox 2828 908 2970 980; x_wconf 89' lang='lat' dir='ltr'><strong>quod</strong></span> <span class='ocrx_word' id='word_1_157' title='bbox 3002 924 3108 965; x_wconf 90' lang='lat' dir='ltr'><strong>non</strong></span> <span class='ocrx_word' id='word_1_158' title='bbox 3149 919 3269 967; x_wconf 90' lang='lat' dir='ltr'><strong>erat</strong></span> <span class='ocrx_word' id='word_1_159' title='bbox 3295 928 3308 966; x_wconf 91' lang='lat'><strong>:</strong></span> <span class='ocrx_word' id='word_1_160' title='bbox 3332 926 3396 967; x_wconf 88' lang='lat' dir='ltr'><strong>ac</strong></span> <span class='ocrx_word' id='word_1_161' title='bbox 3420 910 3505 968; x_wconf 89' lang='lat' dir='ltr'><strong>sic</strong></span> 
     </span>
    </p>
   </div>
   <div class='ocr_carea' id='block_1_23' title="bbox 1896 998 3506 1070">
    <p class='ocr_par' dir='ltr' id='par_1_23' title="bbox 1896 998 3506 1070">
     <span class='ocr_line' id='line_1_23' title="bbox 1896 998 3506 1070; baseline 0.006 -20"><span class='ocrx_word' id='word_1_162' title='bbox 1896 998 2097 1054; x_wconf 84' lang='lat' dir='ltr'><strong>veteris</strong></span> <span class='ocrx_word' id='word_1_163' title='bbox 2123 998 2277 1063; x_wconf 85' lang='lat' dir='ltr'><strong>vitii,</strong></span> <span class='ocrx_word' id='word_1_164' title='bbox 2320 1000 2570 1068; x_wconf 74' lang='lat' dir='ltr'><strong>quamvis</strong></span> <span class='ocrx_word' id='word_1_165' title='bbox 2612 1000 2714 1056; x_wconf 92' lang='lat' dir='ltr'><strong>sibi</strong></span> <span class='ocrx_word' id='word_1_166' title='bbox 2765 1009 2893 1056; x_wconf 88' lang='lat' dir='ltr'><strong>ante</strong></span> <span class='ocrx_word' id='word_1_167' title='bbox 2943 1001 3506 1070; x_wconf 78' lang='lat' dir='ltr'><strong>dilecti,soeietatem</strong></span> 
     </span>
    </p>
   </div>
   <div class='ocr_carea' id='block_1_24' title="bbox 1898 1090 3507 1166">
    <p class='ocr_par' dir='ltr' id='par_1_24' title="bbox 1898 1090 3507 1166">
     <span class='ocr_line' id='line_1_24' title="bbox 1898 1090 3507 1166; baseline 0.003 -20"><span class='ocrx_word' id='word_1_168' title='bbox 1898 1090 2156 1155; x_wconf 79' lang='lat' dir='ltr'><strong>secernit,</strong></span> <span class='ocrx_word' id='word_1_169' title='bbox 2181 1101 2236 1146; x_wconf 91' lang='lat' dir='ltr'><strong>et</strong></span> <span class='ocrx_word' id='word_1_170' title='bbox 2265 1092 2418 1162; x_wconf 91' lang='lat' dir='ltr'><strong>quasi</strong></span> <span class='ocrx_word' id='word_1_171' title='bbox 2463 1091 2704 1163; x_wconf 70' lang='lat' dir='ltr'><strong>prodigae</strong></span> <span class='ocrx_word' id='word_1_172' title='bbox 2743 1093 2992 1162; x_wconf 88' lang='lat' dir='ltr'><strong>copulam</strong></span> <span class='ocrx_word' id='word_1_173' title='bbox 3033 1096 3367 1166; x_wconf 85' lang='lat' dir='ltr'><strong>posteritatis</strong></span> <span class='ocrx_word' id='word_1_174' title='bbox 3405 1095 3507 1151; x_wconf 88' lang='lat' dir='ltr'><strong>eli-</strong></span> 
     </span>
    </p>
   </div>
   <div class='ocr_carea' id='block_1_25' title="bbox 1901 1183 3506 1257">
    <p class='ocr_par' dir='ltr' id='par_1_25' title="bbox 1901 1183 3506 1257">
     <span class='ocr_line' id='line_1_25' title="bbox 1901 1183 3506 1257; baseline 0.006 -19"><span class='ocrx_word' id='word_1_175' title='bbox 1901 1183 2108 1250; x_wconf 90' lang='lat' dir='ltr'><strong>minat;</strong></span> <span class='ocrx_word' id='word_1_176' title='bbox 2138 1193 2196 1240; x_wconf 94' lang='lat' dir='ltr'><strong>ut</strong></span> <span class='ocrx_word' id='word_1_177' title='bbox 2219 1183 2534 1240; x_wconf 83' lang='lat' dir='ltr'><strong>dividantur</strong></span> <span class='ocrx_word' id='word_1_178' title='bbox 2563 1198 2815 1257; x_wconf 86' lang='lat' dir='ltr'><strong>parentes</strong></span> <span class='ocrx_word' id='word_1_179' title='bbox 2850 1189 2902 1241; x_wconf 93' lang='lat' dir='ltr'><strong>in</strong></span> <span class='ocrx_word' id='word_1_180' title='bbox 2937 1187 3099 1254; x_wconf 85' lang='lat' dir='ltr'><strong>filios,</strong></span> <span class='ocrx_word' id='word_1_181' title='bbox 3127 1189 3255 1244; x_wconf 90' lang='lat' dir='ltr'><strong>dum</strong></span> <span class='ocrx_word' id='word_1_182' title='bbox 3303 1190 3506 1246; x_wconf 87' lang='lat' dir='ltr'><strong>intem-</strong></span> 
     </span>
    </p>
   </div>
   <div class='ocr_carea' id='block_1_26' title="bbox 1901 1281 3512 1350">
    <p class='ocr_par' dir='ltr' id='par_1_26' title="bbox 1901 1281 3512 1350">
     <span class='ocr_line' id='line_1_26' title="bbox 1901 1281 3512 1350; baseline 0.006 -19"><span class='ocrx_word' id='word_1_183' title='bbox 1901 1293 2098 1348; x_wconf 77' lang='lat' dir='ltr'><strong>parans</strong></span> <span class='ocrx_word' id='word_1_184' title='bbox 2149 1289 2326 1334; x_wconf 88' lang='lat' dir='ltr'><strong>motus</strong></span> <span class='ocrx_word' id='word_1_185' title='bbox 2376 1281 2734 1350; x_wconf 86' lang='lat' dir='ltr'><strong>temperantia</strong></span> <span class='ocrx_word' id='word_1_186' title='bbox 2785 1283 3034 1350; x_wconf 88' lang='lat' dir='ltr'><strong>corporis</strong></span> <span class='ocrx_word' id='word_1_187' title='bbox 3080 1283 3405 1350; x_wconf 82' lang='lat' dir='ltr'><strong>abdicatur,</strong></span> <span class='ocrx_word' id='word_1_188' title='bbox 3453 1292 3512 1340; x_wconf 90' lang='lat' dir='ltr'><strong>et</strong></span> 
     </span>
    </p>
   </div>
   <div class='ocr_carea' id='block_1_27' title="bbox 1900 1369 3513 1445">
    <p class='ocr_par' dir='ltr' id='par_1_27' title="bbox 1900 1369 3513 1445">
     <span class='ocr_line' id='line_1_27' title="bbox 1900 1369 3513 1445; baseline 0.007 -23"><span class='ocrx_word' id='word_1_189' title='bbox 1900 1369 2082 1425; x_wconf 90' lang='lat' dir='ltr'><strong>anima</strong></span> <span class='ocrx_word' id='word_1_190' title='bbox 2117 1369 2330 1445; x_wconf 67' lang='lat' dir='ltr'><strong>1m</strong></span> <span class='ocrx_word' id='word_1_191' title='bbox 2351 1372 2591 1429; x_wconf 90' lang='lat' dir='ltr'><strong>declinat</strong></span> <span class='ocrx_word' id='word_1_192' title='bbox 2616 1375 2952 1428; x_wconf 86' lang='lat' dir='ltr'><strong>consortium</strong></span> <span class='ocrx_word' id='word_1_193' title='bbox 2976 1374 3173 1445; x_wconf 73' lang='lat' dir='ltr'><strong>culpa-,</strong></span> <span class='ocrx_word' id='word_1_194' title='bbox 3205 1392 3304 1432; x_wconf 89' lang='lat' dir='ltr'><strong>nec</strong></span> <span class='ocrx_word' id='word_1_195' title='bbox 3329 1386 3513 1433; x_wconf 80' lang='lat' dir='ltr'><strong>extra-</strong></span> 
     </span>
    </p>
   </div>
   <div class='ocr_carea' id='block_1_28' title="bbox 1903 1462 3454 1540">
    <p class='ocr_par' dir='ltr' id='par_1_28' title="bbox 1903 1462 3454 1540">
     <span class='ocr_line' id='line_1_28' title="bbox 1903 1462 3454 1540; baseline 0.004 -20"><span class='ocrx_word' id='word_1_196' title='bbox 1903 1462 1996 1520; x_wconf 69' lang='lat' dir='ltr'><strong>riaa</strong></span> <span class='ocrx_word' id='word_1_197' title='bbox 2023 1466 2097 1521; x_wconf 92' lang='lat' dir='ltr'><strong>illi</strong></span> <span class='ocrx_word' id='word_1_198' title='bbox 2133 1475 2187 1522; x_wconf 89' lang='lat' dir='ltr'><strong>et</strong></span> <span class='ocrx_word' id='word_1_199' title='bbox 2217 1468 2348 1522; x_wconf 88' lang='lat' dir='ltr'><strong>loris</strong></span> <span class='ocrx_word' id='word_1_200' title='bbox 2370 1475 2603 1540; x_wconf 62' lang='lat' dir='ltr'><strong>sumpta</strong></span> <span class='ocrx_word' id='word_1_201' title='bbox 2630 1469 2782 1524; x_wconf 90' lang='lat' dir='ltr'><strong>locus</strong></span> <span class='ocrx_word' id='word_1_202' title='bbox 2811 1479 3060 1524; x_wconf 87' lang='lat' dir='ltr'><strong>remanet</strong></span> <span class='ocrx_word' id='word_1_203' title='bbox 3091 1471 3376 1540; x_wconf 88' lang='lat' dir='ltr'><strong>voluptati.</strong></span> <span class='ocrx_word' id='word_1_204' title='bbox 3451 1505 3454 1512; x_wconf 94' lang='lat'><strong><em>-</em></strong></span> 
     </span>
    </p>
   </div>
   <div class='ocr_carea' id='block_1_29' title="bbox 1978 1557 3509 1633">
    <p class='ocr_par' dir='ltr' id='par_1_29' title="bbox 1978 1557 3509 1633">
     <span class='ocr_line' id='line_1_29' title="bbox 1978 1557 3509 1633; baseline 0.004 -19"><span class='ocrx_word' id='word_1_205' title='bbox 1978 1557 2107 1616; x_wconf 78' lang='grc'><strong>146.</strong></span> <span class='ocrx_word' id='word_1_206' title='bbox 2152 1559 2271 1615; x_wconf 88' lang='lat' dir='ltr'><strong>Filii</strong></span> <span class='ocrx_word' id='word_1_207' title='bbox 2311 1576 2529 1633; x_wconf 91' lang='lat' dir='ltr'><strong>quoque</strong></span> <span class='ocrx_word' id='word_1_208' title='bbox 2579 1562 2630 1617; x_wconf 93' lang='lat' dir='ltr'><strong>in</strong></span> <span class='ocrx_word' id='word_1_209' title='bbox 2684 1571 2942 1632; x_wconf 89' lang='lat' dir='ltr'><strong>parentes</strong></span> <span class='ocrx_word' id='word_1_210' title='bbox 2989 1562 3333 1630; x_wconf 86' lang='lat' dir='ltr'><strong>dividuntur,</strong></span> <span class='ocrx_word' id='word_1_211' title='bbox 3380 1563 3509 1620; x_wconf 89' lang='lat' dir='ltr'><strong>dum</strong></span> 
     </span>
    </p>
   </div>
   <div class='ocr_carea' id='block_1_30' title="bbox 1907 1653 3512 1714">
    <p class='ocr_par' dir='ltr' id='par_1_30' title="bbox 1907 1653 3512 1714">
     <span class='ocr_line' id='line_1_30' title="bbox 1907 1653 3512 1714; baseline 0.006 -9"><span class='ocrx_word' id='word_1_212' title='bbox 1907 1653 2153 1707; x_wconf 89' lang='lat' dir='ltr'><strong>renovati</strong></span> <span class='ocrx_word' id='word_1_213' title='bbox 2207 1653 2444 1708; x_wconf 90' lang='lat' dir='ltr'><strong>hominis</strong></span> <span class='ocrx_word' id='word_1_214' title='bbox 2495 1669 2783 1710; x_wconf 89' lang='lat' dir='ltr'><strong>censuram</strong></span> <span class='ocrx_word' id='word_1_215' title='bbox 2839 1655 3066 1712; x_wconf 86' lang='lat' dir='ltr'><strong>senilem</strong></span> <span class='ocrx_word' id='word_1_216' title='bbox 3110 1655 3237 1712; x_wconf 91' lang='lat' dir='ltr'><strong>vitia</strong></span> <span class='ocrx_word' id='word_1_217' title='bbox 3297 1665 3512 1714; x_wconf 76' lang='lat' dir='ltr'><strong>vetusta</strong></span> 
     </span>
    </p>
   </div>
   <div class='ocr_carea' id='block_1_31' title="bbox 1906 1743 3514 1820">
    <p class='ocr_par' dir='ltr' id='par_1_31' title="bbox 1906 1743 3514 1820">
     <span class='ocr_line' id='line_1_31' title="bbox 1906 1743 3514 1820; baseline 0.004 -21"><span class='ocrx_word' id='word_1_218' title='bbox 1906 1743 2216 1811; x_wconf 87' lang='lat' dir='ltr'><strong>declinant,</strong></span> <span class='ocrx_word' id='word_1_219' title='bbox 2261 1747 2587 1818; x_wconf 76' lang='lat' dir='ltr'><strong>pietatisque</strong></span> <span class='ocrx_word' id='word_1_220' title='bbox 2614 1764 2860 1803; x_wconf 87' lang='lat' dir='ltr'><strong>normam</strong></span> <span class='ocrx_word' id='word_1_221' title='bbox 2901 1750 3154 1820; x_wconf 86' lang='lat' dir='ltr'><strong>voluptas</strong></span> <span class='ocrx_word' id='word_1_222' title='bbox 3188 1749 3514 1806; x_wconf 84' lang='lat' dir='ltr'><strong>adolescen-</strong></span> 
     </span>
    </p>
   </div>
   <div class='ocr_carea' id='block_1_32' title="bbox 1906 1839 3518 1914">
    <p class='ocr_par' dir='ltr' id='par_1_32' title="bbox 1906 1839 3518 1914">
     <span class='ocr_line' id='line_1_32' title="bbox 1906 1839 3518 1914; baseline 0.006 -22"><span class='ocrx_word' id='word_1_223' title='bbox 1906 1839 2037 1906; x_wconf 87' lang='lat' dir='ltr'><strong>tior,</strong></span> <span class='ocrx_word' id='word_1_224' title='bbox 2069 1849 2342 1912; x_wconf 84' lang='lat' dir='ltr'><strong>tamquam</strong></span> <span class='ocrx_word' id='word_1_225' title='bbox 2373 1841 2532 1897; x_wconf 74' lang='lat' dir='ltr'><strong>serite</strong></span> <span class='ocrx_word' id='word_1_226' title='bbox 2559 1842 2755 1898; x_wconf 90' lang='lat' dir='ltr'><strong>domus</strong></span> <span class='ocrx_word' id='word_1_227' title='bbox 2784 1843 2980 1914; x_wconf 76' lang='lat' dir='ltr'><strong>refugit</strong></span> <span class='ocrx_word' id='word_1_228' title='bbox 3005 1843 3370 1911; x_wconf 81' lang='lat' dir='ltr'><strong>disciplinam.</strong></span> <span class='ocrx_word' id='word_1_229' title='bbox 3397 1843 3518 1902; x_wconf 81' lang='lat' dir='ltr'><strong>Non</strong></span> 
     </span>
    </p>
   </div>
   <div class='ocr_carea' id='block_1_33' title="bbox 189 1912 3518 2006">
    <p class='ocr_par' dir='ltr' id='par_1_33' title="bbox 189 1912 3518 2006">
     <span class='ocr_line' id='line_1_33' title="bbox 189 1912 3518 2006; baseline 0.002 -20"><span class='ocrx_word' id='word_1_230' title='bbox 189 1929 349 1999; x_wconf 87' lang='lat' dir='ltr'><strong>Quod</strong></span> <span class='ocrx_word' id='word_1_231' title='bbox 375 1931 561 2001; x_wconf 87' lang='lat' dir='ltr'><strong>utique</strong></span> <span class='ocrx_word' id='word_1_232' title='bbox 589 1941 717 1985; x_wconf 90' lang='lat' dir='ltr'><strong>tunc</strong></span> <span class='ocrx_word' id='word_1_233' title='bbox 739 1930 866 1986; x_wconf 81' lang='lat' dir='ltr'><strong>facit</strong></span> <span class='ocrx_word' id='word_1_234' title='bbox 889 1947 1012 1987; x_wconf 91' lang='lat' dir='ltr'><strong>cum</strong></span> <span class='ocrx_word' id='word_1_235' title='bbox 1035 1947 1164 1988; x_wconf 90' lang='lat' dir='ltr'><strong>caro</strong></span> <span class='ocrx_word' id='word_1_236' title='bbox 1186 1933 1237 1987; x_wconf 92' lang='lat' dir='ltr'><strong>in</strong></span> <span class='ocrx_word' id='word_1_237' title='bbox 1263 1943 1510 1988; x_wconf 91' lang='lat' dir='ltr'><strong>naturam</strong></span> <span class='ocrx_word' id='word_1_238' title='bbox 1535 1950 1806 2006; x_wconf 81' lang='lat' dir='ltr'><strong>regressa,</strong></span> <span class='ocrx_word' id='word_1_239' title='bbox 1838 1912 1887 1975; x_wconf 80' lang='grc' dir='ltr'><strong>Β</strong></span> <span class='ocrx_word' id='word_1_240' title='bbox 1915 1932 2270 2004; x_wconf 78' lang='lat' dir='ltr'><strong>incangrnum</strong></span> <span class='ocrx_word' id='word_1_241' title='bbox 2300 1951 2518 2006; x_wconf 87' lang='lat' dir='ltr'><strong>quoque</strong></span> <span class='ocrx_word' id='word_1_242' title='bbox 2539 1946 2624 1992; x_wconf 90' lang='lat' dir='ltr'><strong>est</strong></span> <span class='ocrx_word' id='word_1_243' title='bbox 2660 1937 2704 1991; x_wconf 87' lang='lat' dir='ltr'><strong>si</strong></span> <span class='ocrx_word' id='word_1_244' title='bbox 2749 1912 2997 2006; x_wconf 81' lang='lat' dir='ltr'><strong>putemus</strong></span> <span class='ocrx_word' id='word_1_245' title='bbox 3018 1937 3163 2004; x_wconf 89' lang='lat' dir='ltr'><strong>quod</strong></span> <span class='ocrx_word' id='word_1_246' title='bbox 3194 1949 3246 1993; x_wconf 89' lang='lat' dir='ltr'><strong>et</strong></span> <span class='ocrx_word' id='word_1_247' title='bbox 3274 1938 3362 1992; x_wconf 90' lang='lat' dir='ltr'><strong>isti</strong></span> <span class='ocrx_word' id='word_1_248' title='bbox 3393 1937 3518 1994; x_wconf 89' lang='lat' dir='ltr'><strong>ideo</strong></span> 
     </span>
    </p>
   </div>
   <div class='ocr_carea' id='block_1_34' title="bbox 189 2017 1808 2096">
    <p class='ocr_par' dir='ltr' id='par_1_34' title="bbox 189 2017 1808 2096">
     <span class='ocr_line' id='line_1_34' title="bbox 189 2017 1808 2096; baseline 0.006 -21"><span class='ocrx_word' id='word_1_249' title='bbox 189 2017 528 2093; x_wconf 65' lang='lat' dir='ltr'><strong>vigoris&#39;sui</strong></span> <span class='ocrx_word' id='word_1_250' title='bbox 577 2023 825 2091; x_wconf 81' lang='lat' dir='ltr'><strong>agnoscit</strong></span> <span class='ocrx_word' id='word_1_251' title='bbox 867 2024 1138 2090; x_wconf 87' lang='lat' dir='ltr'><strong>altricem,</strong></span> <span class='ocrx_word' id='word_1_252' title='bbox 1170 2032 1332 2095; x_wconf 86' lang='lat' dir='ltr'><strong>atque</strong></span> <span class='ocrx_word' id='word_1_253' title='bbox 1371 2040 1509 2080; x_wconf 89' lang='lat' dir='ltr'><strong>ausu</strong></span> <span class='ocrx_word' id='word_1_254' title='bbox 1559 2025 1808 2096; x_wconf 82' lang='lat' dir='ltr'><strong>deposito</strong></span> 
     </span>
    </p>
   </div>
   <div class='ocr_carea' id='block_1_35' title="bbox 189 2115 1807 2188">
    <p class='ocr_par' dir='ltr' id='par_1_35' title="bbox 189 2115 1807 2188">
     <span class='ocr_line' id='line_1_35' title="bbox 189 2115 1807 2188; baseline 0.001 -16"><span class='ocrx_word' id='word_1_255' title='bbox 189 2116 577 2183; x_wconf 66' lang='lat' dir='ltr'><strong>contumacia),</strong></span> <span class='ocrx_word' id='word_1_256' title='bbox 613 2115 951 2173; x_wconf 89' lang='lat' dir='ltr'><strong>moderantis</strong></span> <span class='ocrx_word' id='word_1_257' title='bbox 971 2117 1170 2173; x_wconf 69' lang='lat' dir='ltr'><strong>animm</strong></span> <span class='ocrx_word' id='word_1_258' title='bbox 1197 2117 1522 2188; x_wconf 83' lang='lat' dir='ltr'><strong>ccujugatur</strong></span> <span class='ocrx_word' id='word_1_259' title='bbox 1547 2121 1807 2176; x_wconf 89' lang='lat' dir='ltr'><strong>arbitrio:</strong></span> 
     </span>
    </p>
   </div>
   <div class='ocr_carea' id='block_1_36' title="bbox 191 2211 1811 2284">
    <p class='ocr_par' dir='ltr' id='par_1_36' title="bbox 191 2211 1811 2284">
     <span class='ocr_line' id='line_1_36' title="bbox 191 2211 1811 2284; baseline 0.007 -23"><span class='ocrx_word' id='word_1_260' title='bbox 191 2211 372 2281; x_wconf 84' lang='lat' dir='ltr'><strong>qualis</strong></span> <span class='ocrx_word' id='word_1_261' title='bbox 414 2211 518 2266; x_wconf 90' lang='lat' dir='ltr'><strong>fuit</strong></span> <span class='ocrx_word' id='word_1_262' title='bbox 545 2227 669 2267; x_wconf 91' lang='lat' dir='ltr'><strong>cum</strong></span> <span class='ocrx_word' id='word_1_263' title='bbox 711 2212 1064 2268; x_wconf 89' lang='lat' dir='ltr'><strong>inhabitanda</strong></span> <span class='ocrx_word' id='word_1_264' title='bbox 1095 2213 1338 2284; x_wconf 59' lang='lat' dir='ltr'><strong>paradisi</strong></span> <span class='ocrx_word' id='word_1_265' title='bbox 1374 2223 1583 2270; x_wconf 91' lang='lat' dir='ltr'><strong>secreta</strong></span> <span class='ocrx_word' id='word_1_266' title='bbox 1625 2230 1811 2272; x_wconf 88' lang='lat' dir='ltr'><strong>susce-</strong></span> 
     </span>
    </p>
   </div>
   <div class='ocr_carea' id='block_1_37' title="bbox 194 2305 1809 2378">
    <p class='ocr_par' dir='ltr' id='par_1_37' title="bbox 194 2305 1809 2378">
     <span class='ocr_line' id='line_1_37' title="bbox 194 2305 1809 2378; baseline 0.004 -20"><span class='ocrx_word' id='word_1_267' title='bbox 194 2305 294 2376; x_wconf 91' lang='lat' dir='ltr'><strong>pit,</strong></span> <span class='ocrx_word' id='word_1_268' title='bbox 321 2312 614 2378; x_wconf 88' lang='lat' dir='ltr'><strong>antequam</strong></span> <span class='ocrx_word' id='word_1_269' title='bbox 642 2321 854 2362; x_wconf 86' lang='lat' dir='ltr'><strong>veneno</strong></span> <span class='ocrx_word' id='word_1_270' title='bbox 883 2305 1126 2377; x_wconf 89' lang='lat' dir='ltr'><strong>pestiferi</strong></span> <span class='ocrx_word' id='word_1_271' title='bbox 1155 2308 1420 2378; x_wconf 89' lang='lat' dir='ltr'><strong>serpentis</strong></span> <span class='ocrx_word' id='word_1_272' title='bbox 1452 2307 1649 2365; x_wconf 90' lang='lat' dir='ltr'><strong>infecta</strong></span> <span class='ocrx_word' id='word_1_273' title='bbox 1671 2349 1688 2376; x_wconf 94' lang='lat'><strong>,</strong></span> <span class='ocrx_word' id='word_1_274' title='bbox 1718 2326 1809 2365; x_wconf 88' lang='lat' dir='ltr'><strong>sa-</strong></span> 
     </span>
    </p>
   </div>
   <div class='ocr_carea' id='block_1_38' title="bbox 191 2400 1813 2475">
    <p class='ocr_par' dir='ltr' id='par_1_38' title="bbox 191 2400 1813 2475">
     <span class='ocr_line' id='line_1_38' title="bbox 191 2400 1813 2475; baseline 0.003 -19"><span class='ocrx_word' id='word_1_275' title='bbox 191 2400 457 2472; x_wconf 81' lang='lat' dir='ltr'><strong>crilegam</strong></span> <span class='ocrx_word' id='word_1_276' title='bbox 484 2400 682 2458; x_wconf 87' lang='lat' dir='ltr'><strong>famem</strong></span> <span class='ocrx_word' id='word_1_277' title='bbox 704 2402 1310 2475; x_wconf 86' lang='lat' dir='ltr'><strong>sciret,divinorutnque</strong></span> <span class='ocrx_word' id='word_1_278' title='bbox 1333 2405 1648 2460; x_wconf 91' lang='lat' dir='ltr'><strong>memoriam</strong></span> <span class='ocrx_word' id='word_1_279' title='bbox 1673 2422 1813 2472; x_wconf 69' lang='grc' dir='ltr'><strong>[πω-</strong></span> 
     </span>
    </p>
   </div>
   <div class='ocr_carea' id='block_1_39' title="bbox 193 2495 1812 2565">
    <p class='ocr_par' dir='ltr' id='par_1_39' title="bbox 193 2495 1812 2565">
     <span class='ocr_line' id='line_1_39' title="bbox 193 2495 1812 2565; baseline 0.004 -16"><span class='ocrx_word' id='word_1_280' title='bbox 193 2507 482 2565; x_wconf 86' lang='lat' dir='ltr'><strong>ceptorum</strong></span> <span class='ocrx_word' id='word_1_281' title='bbox 533 2495 731 2550; x_wconf 72' lang='lat' dir='ltr'><strong>auium</strong></span> <span class='ocrx_word' id='word_1_282' title='bbox 773 2495 1026 2552; x_wconf 87' lang='lat' dir='ltr'><strong>sensibus</strong></span> <span class='ocrx_word' id='word_1_283' title='bbox 1077 2495 1477 2564; x_wconf 76' lang='lat' dir='ltr'><strong>inbzerentem,</strong></span> <span class='ocrx_word' id='word_1_284' title='bbox 1524 2497 1812 2556; x_wconf 87' lang='lat' dir='ltr'><strong>edacitatis</strong></span> 
     </span>
    </p>
   </div>
   <div class='ocr_carea' id='block_1_40' title="bbox 195 2588 742 2661">
    <p class='ocr_par' dir='ltr' id='par_1_40' title="bbox 195 2588 742 2661">
     <span class='ocr_line' id='line_1_40' title="bbox 195 2588 742 2661; baseline 0 -18"><span class='ocrx_word' id='word_1_285' title='bbox 195 2590 382 2644; x_wconf 89' lang='lat' dir='ltr'><strong>studio</strong></span> <span class='ocrx_word' id='word_1_286' title='bbox 413 2588 742 2661; x_wconf 71' lang='lat' dir='ltr'><strong>prmteriret.</strong></span> 
     </span>
    </p>
   </div>
   <div class='ocr_carea' id='block_1_41' title="bbox 273 2682 1810 2758">
    <p class='ocr_par' dir='ltr' id='par_1_41' title="bbox 273 2682 1810 2758">
     <span class='ocr_line' id='line_1_41' title="bbox 273 2682 1810 2758; baseline 0.003 -18"><span class='ocrx_word' id='word_1_287' title='bbox 273 2682 401 2740; x_wconf 77' lang='grc'><strong>143.</strong></span> <span class='ocrx_word' id='word_1_288' title='bbox 432 2683 569 2739; x_wconf 91' lang='lat' dir='ltr'><strong>llinc</strong></span> <span class='ocrx_word' id='word_1_289' title='bbox 613 2691 889 2754; x_wconf 89' lang='lat' dir='ltr'><strong>peccatum</strong></span> <span class='ocrx_word' id='word_1_290' title='bbox 939 2698 1194 2742; x_wconf 86' lang='lat' dir='ltr'><strong>manasse</strong></span> <span class='ocrx_word' id='word_1_291' title='bbox 1224 2684 1504 2755; x_wconf 90' lang='lat' dir='ltr'><strong>proditur,</strong></span> <span class='ocrx_word' id='word_1_292' title='bbox 1535 2695 1810 2758; x_wconf 88' lang='lat' dir='ltr'><strong>tamquam</strong></span> 
     </span>
    </p>
   </div>
   <div class='ocr_carea' id='block_1_42' title="bbox 197 2776 1816 2848">
    <p class='ocr_par' dir='ltr' id='par_1_42' title="bbox 197 2776 1816 2848">
     <span class='ocr_line' id='line_1_42' title="bbox 197 2776 1816 2848; baseline 0.002 -16"><span class='ocrx_word' id='word_1_293' title='bbox 197 2791 436 2847; x_wconf 84' lang='lat' dir='ltr'><strong>corpore</strong></span> <span class='ocrx_word' id='word_1_294' title='bbox 465 2776 754 2846; x_wconf 90' lang='lat' dir='ltr'><strong>animaque</strong></span> <span class='ocrx_word' id='word_1_295' title='bbox 791 2776 1156 2848; x_wconf 77' lang='lat' dir='ltr'><strong>genitoribus,</strong></span> <span class='ocrx_word' id='word_1_296' title='bbox 1188 2778 1316 2833; x_wconf 91' lang='lat' dir='ltr'><strong>dum</strong></span> <span class='ocrx_word' id='word_1_297' title='bbox 1346 2780 1596 2848; x_wconf 90' lang='lat' dir='ltr'><strong>corporis</strong></span> <span class='ocrx_word' id='word_1_298' title='bbox 1622 2793 1816 2836; x_wconf 88' lang='lat' dir='ltr'><strong>natura</strong></span> 
     </span>
    </p>
   </div>
   <div class='ocr_carea' id='block_1_43' title="bbox 203 2869 1819 2946">
    <p class='ocr_par' dir='ltr' id='par_1_43' title="bbox 203 2869 1819 2946">
     <span class='ocr_line' id='line_1_43' title="bbox 203 2869 1819 2946; baseline 0.002 -20"><span class='ocrx_word' id='word_1_299' title='bbox 203 2878 471 2936; x_wconf 87' lang='lat' dir='ltr'><strong>tentatur,</strong></span> <span class='ocrx_word' id='word_1_300' title='bbox 506 2869 686 2925; x_wconf 89' lang='lat' dir='ltr'><strong>anima</strong></span> <span class='ocrx_word' id='word_1_301' title='bbox 716 2871 856 2926; x_wconf 89' lang='lat' dir='ltr'><strong>male</strong></span> <span class='ocrx_word' id='word_1_302' title='bbox 880 2887 1009 2925; x_wconf 69' lang='lat' dir='ltr'><strong>sana</strong></span> <span class='ocrx_word' id='word_1_303' title='bbox 1041 2874 1390 2938; x_wconf 84' lang='lat' dir='ltr'><strong>compatitur.</strong></span> <span class='ocrx_word' id='word_1_304' title='bbox 1422 2873 1555 2943; x_wconf 73' lang='lat' dir='ltr'><strong>Qua:</strong></span> <span class='ocrx_word' id='word_1_305' title='bbox 1577 2875 1622 2929; x_wconf 91' lang='lat' dir='ltr'><strong>si</strong></span> <span class='ocrx_word' id='word_1_306' title='bbox 1652 2889 1819 2946; x_wconf 85' lang='lat' dir='ltr'><strong>appe-</strong></span> 
     </span>
    </p>
   </div>
   <div class='ocr_carea' id='block_1_44' title="bbox 199 2961 1818 3037">
    <p class='ocr_par' dir='ltr' id='par_1_44' title="bbox 199 2961 1818 3037">
     <span class='ocr_line' id='line_1_44' title="bbox 199 2961 1818 3037; baseline 0.001 -17"><span class='ocrx_word' id='word_1_307' title='bbox 199 2965 432 3020; x_wconf 86' lang='lat' dir='ltr'><strong>tentiam</strong></span> <span class='ocrx_word' id='word_1_308' title='bbox 460 2963 711 3032; x_wconf 90' lang='lat' dir='ltr'><strong>corporis</strong></span> <span class='ocrx_word' id='word_1_309' title='bbox 753 2961 1082 3020; x_wconf 88' lang='lat' dir='ltr'><strong>refrenasset</strong></span> <span class='ocrx_word' id='word_1_310' title='bbox 1109 3006 1124 3031; x_wconf 86' lang='lat'><strong>,</strong></span> <span class='ocrx_word' id='word_1_311' title='bbox 1157 2966 1210 3020; x_wconf 90' lang='lat' dir='ltr'><strong>in</strong></span> <span class='ocrx_word' id='word_1_312' title='bbox 1238 2965 1356 3037; x_wconf 61' lang='lat' dir='ltr'><strong>ipso</strong></span> <span class='ocrx_word' id='word_1_313' title='bbox 1381 2977 1504 3021; x_wconf 91' lang='lat' dir='ltr'><strong>ortu</strong></span> <span class='ocrx_word' id='word_1_314' title='bbox 1549 2971 1818 3023; x_wconf 73' lang='lat' dir='ltr'><strong>exstincta</strong></span> 
     </span>
    </p>
   </div>
   <div class='ocr_carea' id='block_1_45' title="bbox 199 3060 1820 3130">
    <p class='ocr_par' dir='ltr' id='par_1_45' title="bbox 199 3060 1820 3130">
     <span class='ocr_line' id='line_1_45' title="bbox 199 3060 1820 3130; baseline 0.002 -14"><span class='ocrx_word' id='word_1_315' title='bbox 199 3068 352 3116; x_wconf 87' lang='lat' dir='ltr'><strong>esset</strong></span> <span class='ocrx_word' id='word_1_316' title='bbox 379 3061 536 3130; x_wconf 82' lang='lat' dir='ltr'><strong>origo</strong></span> <span class='ocrx_word' id='word_1_317' title='bbox 571 3061 776 3130; x_wconf 87' lang='lat' dir='ltr'><strong>peccati</strong></span> <span class='ocrx_word' id='word_1_318' title='bbox 806 3101 820 3126; x_wconf 94' lang='lat'><strong>,</strong></span> <span class='ocrx_word' id='word_1_319' title='bbox 853 3076 1012 3130; x_wconf 86' lang='lat' dir='ltr'><strong>quam</strong></span> <span class='ocrx_word' id='word_1_320' title='bbox 1043 3060 1187 3115; x_wconf 90' lang='lat' dir='ltr'><strong>velut</strong></span> <span class='ocrx_word' id='word_1_321' title='bbox 1221 3061 1362 3116; x_wconf 81' lang='lat' dir='ltr'><strong>virili</strong></span> <span class='ocrx_word' id='word_1_322' title='bbox 1419 3062 1652 3118; x_wconf 89' lang='lat' dir='ltr'><strong>infusam</strong></span> <span class='ocrx_word' id='word_1_323' title='bbox 1697 3079 1820 3119; x_wconf 83' lang='lat' dir='ltr'><strong>cor-</strong></span> 
     </span>
    </p>
   </div>
   <div class='ocr_carea' id='block_1_46' title="bbox 202 3151 1818 3227">
    <p class='ocr_par' dir='ltr' id='par_1_46' title="bbox 202 3151 1818 3227">
     <span class='ocr_line' id='line_1_46' title="bbox 202 3151 1818 3227; baseline 0.003 -19"><span class='ocrx_word' id='word_1_324' title='bbox 202 3153 355 3224; x_wconf 89' lang='lat' dir='ltr'><strong>poris</strong></span> <span class='ocrx_word' id='word_1_325' title='bbox 385 3160 558 3218; x_wconf 89' lang='lat' dir='ltr'><strong>motu,</strong></span> <span class='ocrx_word' id='word_1_326' title='bbox 583 3151 610 3191; x_wconf 73' lang='grc' dir='ltr'>δ</span> <span class='ocrx_word' id='word_1_327' title='bbox 634 3151 933 3209; x_wconf 82' lang='lat' dir='ltr'><strong>madefacta</strong></span> <span class='ocrx_word' id='word_1_328' title='bbox 962 3154 1140 3210; x_wconf 90' lang='lat' dir='ltr'><strong>anima</strong></span> <span class='ocrx_word' id='word_1_329' title='bbox 1163 3159 1328 3211; x_wconf 88' lang='lat' dir='ltr'><strong>etiam</strong></span> <span class='ocrx_word' id='word_1_330' title='bbox 1355 3155 1443 3212; x_wconf 88' lang='lat' dir='ltr'><strong>sui</strong></span> <span class='ocrx_word' id='word_1_331' title='bbox 1472 3158 1654 3227; x_wconf 86' lang='lat' dir='ltr'><strong>vigore</strong></span> <span class='ocrx_word' id='word_1_332' title='bbox 1693 3173 1818 3213; x_wconf 90' lang='lat' dir='ltr'><strong>cor-</strong></span> 
     </span>
    </p>
   </div>
   <div class='ocr_carea' id='block_1_47' title="bbox 202 3244 1821 3319">
    <p class='ocr_par' dir='ltr' id='par_1_47' title="bbox 202 3244 1821 3319">
     <span class='ocr_line' id='line_1_47' title="bbox 202 3244 1821 3319; baseline 0.002 -17"><span class='ocrx_word' id='word_1_333' title='bbox 202 3254 391 3316; x_wconf 89' lang='lat' dir='ltr'><strong>rupto,</strong></span> <span class='ocrx_word' id='word_1_334' title='bbox 415 3244 612 3300; x_wconf 82' lang='lat' dir='ltr'><strong>alienis</strong></span> <span class='ocrx_word' id='word_1_335' title='bbox 639 3245 819 3317; x_wconf 82' lang='lat' dir='ltr'><strong>gravis</strong></span> <span class='ocrx_word' id='word_1_336' title='bbox 845 3249 1099 3318; x_wconf 87' lang='lat' dir='ltr'><strong>operibus</strong></span> <span class='ocrx_word' id='word_1_337' title='bbox 1143 3248 1452 3319; x_wconf 79' lang='lat' dir='ltr'><strong>partui-ivit.</strong></span> <span class='ocrx_word' id='word_1_338' title='bbox 1485 3250 1696 3306; x_wconf 87' lang='lat' dir='ltr'><strong>Etenim</strong></span> <span class='ocrx_word' id='word_1_339' title='bbox 1726 3251 1821 3307; x_wconf 90' lang='lat' dir='ltr'><strong>ille</strong></span> 
     </span>
    </p>
   </div>
   <div class='ocr_carea' id='block_1_48' title="bbox 202 3338 1819 3414">
    <p class='ocr_par' dir='ltr' id='par_1_48' title="bbox 202 3338 1819 3414">
     <span class='ocr_line' id='line_1_48' title="bbox 202 3338 1819 3414; baseline 0.004 -22"><span class='ocrx_word' id='word_1_340' title='bbox 202 3339 503 3395; x_wconf 82' lang='lat' dir='ltr'><strong>violentior</strong></span> <span class='ocrx_word' id='word_1_341' title='bbox 549 3346 605 3395; x_wconf 87' lang='lat' dir='ltr'><strong>et</strong></span> <span class='ocrx_word' id='word_1_342' title='bbox 657 3338 850 3395; x_wconf 85' lang='lat' dir='ltr'><strong>fortior</strong></span> <span class='ocrx_word' id='word_1_343' title='bbox 903 3355 1070 3397; x_wconf 76' lang='lat' dir='ltr'><strong>sexus</strong></span> <span class='ocrx_word' id='word_1_344' title='bbox 1118 3341 1355 3414; x_wconf 91' lang='lat' dir='ltr'><strong>quodam</strong></span> <span class='ocrx_word' id='word_1_345' title='bbox 1387 3343 1569 3399; x_wconf 88' lang='lat' dir='ltr'><strong>valido</strong></span> <span class='ocrx_word' id='word_1_346' title='bbox 1611 3345 1819 3414; x_wconf 86' lang='lat' dir='ltr'><strong>impetu</strong></span> 
     </span>
    </p>
   </div>
   <div class='ocr_carea' id='block_1_49' title="bbox 205 3431 1819 3509">
    <p class='ocr_par' dir='ltr' id='par_1_49' title="bbox 205 3431 1819 3509">
     <span class='ocr_line' id='line_1_49' title="bbox 205 3431 1819 3509; baseline 0.003 -21"><span class='ocrx_word' id='word_1_347' title='bbox 205 3433 355 3489; x_wconf 87' lang='lat' dir='ltr'><strong>velut</strong></span> <span class='ocrx_word' id='word_1_348' title='bbox 406 3433 583 3488; x_wconf 90' lang='lat' dir='ltr'><strong>virilis</strong></span> <span class='ocrx_word' id='word_1_349' title='bbox 625 3431 799 3490; x_wconf 87' lang='lat' dir='ltr'><strong>fertur</strong></span> <span class='ocrx_word' id='word_1_350' title='bbox 834 3431 1060 3492; x_wconf 80' lang='lat' dir='ltr'><strong>aﬂ&#39;ectus</strong></span> <span class='ocrx_word' id='word_1_351' title='bbox 1090 3453 1104 3489; x_wconf 92' lang='lat'><strong>:</strong></span> <span class='ocrx_word' id='word_1_352' title='bbox 1139 3436 1252 3490; x_wconf 62' lang='lat' dir='ltr'><strong>haec</strong></span> <span class='ocrx_word' id='word_1_353' title='bbox 1298 3437 1604 3493; x_wconf 90' lang='lat' dir='ltr'><strong>molliorem</strong></span> <span class='ocrx_word' id='word_1_354' title='bbox 1655 3453 1819 3509; x_wconf 87' lang='lat' dir='ltr'><strong>quam</strong></span> 
     </span>
    </p>
   </div>
   <div class='ocr_carea' id='block_1_50' title="bbox 207 3525 1819 3593">
    <p class='ocr_par' dir='ltr' id='par_1_50' title="bbox 207 3525 1819 3593">
     <span class='ocr_line' id='line_1_50' title="bbox 207 3525 1819 3593; baseline 0.004 -11"><span class='ocrx_word' id='word_1_355' title='bbox 207 3525 680 3584; x_wconf 88' lang='lat' dir='ltr'><strong>vehementiorem</strong></span> <span class='ocrx_word' id='word_1_356' title='bbox 713 3527 896 3582; x_wconf 89' lang='lat' dir='ltr'><strong>studet</strong></span> <span class='ocrx_word' id='word_1_357' title='bbox 945 3537 1133 3584; x_wconf 87' lang='lat' dir='ltr'><strong>tenere</strong></span> <span class='ocrx_word' id='word_1_358' title='bbox 1161 3528 1452 3585; x_wconf 88' lang='lat' dir='ltr'><strong>rationem.</strong></span> <span class='ocrx_word' id='word_1_359' title='bbox 1484 3531 1563 3585; x_wconf 79' lang='lat' dir='ltr'><strong>Ex</strong></span> <span class='ocrx_word' id='word_1_360' title='bbox 1606 3530 1690 3593; x_wconf 88' lang='lat' dir='ltr'><strong>his</strong></span> <span class='ocrx_word' id='word_1_361' title='bbox 1713 3533 1819 3588; x_wconf 83' lang='lat' dir='ltr'><strong>ita-</strong></span> 
     </span>
    </p>
   </div>
   <div class='ocr_carea' id='block_1_51' title="bbox 206 3620 1579 3692">
    <p class='ocr_par' dir='ltr' id='par_1_51' title="bbox 206 3620 1579 3692">
     <span class='ocr_line' id='line_1_51' title="bbox 206 3620 1579 3692; baseline 0.004 -18"><span class='ocrx_word' id='word_1_362' title='bbox 206 3636 312 3692; x_wconf 88' lang='lat' dir='ltr'><strong>que</strong></span> <span class='ocrx_word' id='word_1_363' title='bbox 334 3620 676 3678; x_wconf 89' lang='lat' dir='ltr'><strong>diversarum</strong></span> <span class='ocrx_word' id='word_1_364' title='bbox 704 3622 1067 3692; x_wconf 88' lang='lat' dir='ltr'><strong>cupiditatum</strong></span> <span class='ocrx_word' id='word_1_365' title='bbox 1101 3631 1282 3678; x_wconf 85' lang='lat' dir='ltr'><strong>motus</strong></span> <span class='ocrx_word' id='word_1_366' title='bbox 1315 3623 1579 3680; x_wconf 81' lang='lat' dir='ltr'><strong>adolevit.</strong></span> 
     </span>
    </p>
   </div>
   <div class='ocr_carea' id='block_1_52' title="bbox 283 3713 1822 3792">
    <p class='ocr_par' dir='ltr' id='par_1_52' title="bbox 283 3713 1822 3792">
     <span class='ocr_line' id='line_1_52' title="bbox 283 3713 1822 3792; baseline 0.005 -22"><span class='ocrx_word' id='word_1_367' title='bbox 283 3713 411 3770; x_wconf 81' lang='grc'><strong>144.</strong></span> <span class='ocrx_word' id='word_1_368' title='bbox 445 3715 554 3771; x_wconf 83' lang='lat' dir='ltr'><strong>Sed</strong></span> <span class='ocrx_word' id='word_1_369' title='bbox 589 3714 681 3771; x_wconf 90' lang='lat' dir='ltr'><strong>ubi</strong></span> <span class='ocrx_word' id='word_1_370' title='bbox 714 3715 768 3770; x_wconf 92' lang='lat' dir='ltr'><strong>in</strong></span> <span class='ocrx_word' id='word_1_371' title='bbox 805 3730 865 3772; x_wconf 89' lang='lat' dir='ltr'><strong>se</strong></span> <span class='ocrx_word' id='word_1_372' title='bbox 903 3719 1080 3773; x_wconf 88' lang='lat' dir='ltr'><strong>anima</strong></span> <span class='ocrx_word' id='word_1_373' title='bbox 1135 3718 1317 3785; x_wconf 89' lang='lat' dir='ltr'><strong>redit,</strong></span> <span class='ocrx_word' id='word_1_374' title='bbox 1344 3718 1606 3775; x_wconf 85' lang='lat' dir='ltr'><strong>deformis</strong></span> <span class='ocrx_word' id='word_1_375' title='bbox 1634 3733 1822 3792; x_wconf 88' lang='lat' dir='ltr'><strong>partus</strong></span> 
     </span>
    </p>
   </div>
   <div class='ocr_carea' id='block_1_53' title="bbox 209 3804 1822 3880">
    <p class='ocr_par' dir='ltr' id='par_1_53' title="bbox 209 3804 1822 3880">
     <span class='ocr_line' id='line_1_53' title="bbox 209 3804 1822 3880; baseline 0.006 -21"><span class='ocrx_word' id='word_1_376' title='bbox 209 3804 419 3877; x_wconf 86' lang='lat' dir='ltr'><strong>pudore</strong></span> <span class='ocrx_word' id='word_1_377' title='bbox 444 3815 711 3863; x_wconf 84' lang='lat' dir='ltr'><strong>conventa</strong></span> <span class='ocrx_word' id='word_1_378' title='bbox 733 3848 748 3874; x_wconf 93' lang='lat'><strong>,</strong></span> <span class='ocrx_word' id='word_1_379' title='bbox 781 3806 1082 3879; x_wconf 88' lang='lat' dir='ltr'><strong>degeneres</strong></span> <span class='ocrx_word' id='word_1_380' title='bbox 1111 3807 1328 3880; x_wconf 87' lang='lat' dir='ltr'><strong>abjurat</strong></span> <span class='ocrx_word' id='word_1_381' title='bbox 1365 3811 1638 3870; x_wconf 69' lang='lat' dir='ltr'><strong>haeredes.</strong></span> <span class='ocrx_word' id='word_1_382' title='bbox 1666 3814 1822 3870; x_wconf 87' lang='lat' dir='ltr'><strong>abdi-</strong></span> 
     </span>
    </p>
   </div>
   <div class='ocr_carea' id='block_1_54' title="bbox 210 3907 1821 3978">
    <p class='ocr_par' dir='ltr' id='par_1_54' title="bbox 210 3907 1821 3978">
     <span class='ocr_line' id='line_1_54' title="bbox 210 3907 1821 3978; baseline 0.006 -24"><span class='ocrx_word' id='word_1_383' title='bbox 210 3915 351 3957; x_wconf 79' lang='lat' dir='ltr'><strong>cans</strong></span> <span class='ocrx_word' id='word_1_384' title='bbox 376 3910 590 3966; x_wconf 81' lang='lat' dir='ltr'><strong>moms,</strong></span> <span class='ocrx_word' id='word_1_385' title='bbox 619 3915 788 3956; x_wconf 78' lang='lat' dir='ltr'><strong>exosa</strong></span> <span class='ocrx_word' id='word_1_386' title='bbox 827 3914 1131 3972; x_wconf 90' lang='lat' dir='ltr'><strong>peccatum.</strong></span> <span class='ocrx_word' id='word_1_387' title='bbox 1160 3907 1303 3959; x_wconf 64' lang='lat' dir='ltr'><strong>baro</strong></span> <span class='ocrx_word' id='word_1_388' title='bbox 1332 3921 1550 3978; x_wconf 89' lang='lat' dir='ltr'><strong>quoque</strong></span> <span class='ocrx_word' id='word_1_389' title='bbox 1576 3909 1821 3976; x_wconf 86' lang='lat' dir='ltr'><strong>gravium</strong></span> 
     </span>
    </p>
   </div>
   <div class='ocr_carea' id='block_1_55' title="bbox 1911 2026 3551 2099">
    <p class='ocr_par' dir='ltr' id='par_1_55' title="bbox 1911 2026 3551 2099">
     <span class='ocr_line' id='line_1_55' title="bbox 1911 2026 3551 2099; baseline 0.004 -17"><span class='ocrx_word' id='word_1_390' title='bbox 1911 2043 1972 2084; x_wconf 90' lang='lat' dir='ltr'><strong>se</strong></span> <span class='ocrx_word' id='word_1_391' title='bbox 2019 2026 2292 2093; x_wconf 69' lang='lat' dir='ltr'><strong>dividunt,</strong></span> <span class='ocrx_word' id='word_1_392' title='bbox 2325 2037 2383 2083; x_wconf 90' lang='lat' dir='ltr'><strong>ut</strong></span> <span class='ocrx_word' id='word_1_393' title='bbox 2415 2029 2668 2084; x_wconf 89' lang='lat' dir='ltr'><strong>meliores</strong></span> <span class='ocrx_word' id='word_1_394' title='bbox 2718 2029 2848 2084; x_wconf 83' lang='lat' dir='ltr'><strong>[iant</strong></span> <span class='ocrx_word' id='word_1_395' title='bbox 2901 2030 3250 2099; x_wconf 87' lang='lat' dir='ltr'><strong>parentibus;</strong></span> <span class='ocrx_word' id='word_1_396' title='bbox 3283 2030 3551 2088; x_wconf 63' lang='lat' dir='ltr'><strong>maximo‘</strong></span> 
     </span>
    </p>
   </div>
   <div class='ocr_carea' id='block_1_56' title="bbox 1911 2120 3522 2193">
    <p class='ocr_par' dir='ltr' id='par_1_56' title="bbox 1911 2120 3522 2193">
     <span class='ocr_line' id='line_1_56' title="bbox 1911 2120 3522 2193; baseline 0.002 -16"><span class='ocrx_word' id='word_1_397' title='bbox 1911 2135 2034 2177; x_wconf 89' lang='lat' dir='ltr'><strong>cum</strong></span> <span class='ocrx_word' id='word_1_398' title='bbox 2059 2122 2111 2176; x_wconf 91' lang='lat' dir='ltr'><strong>in</strong></span> <span class='ocrx_word' id='word_1_399' title='bbox 2144 2121 2538 2192; x_wconf 84' lang='lat' dir='ltr'><strong>posterioribus</strong></span> <span class='ocrx_word' id='word_1_400' title='bbox 2563 2121 2765 2176; x_wconf 80' lang='lat' dir='ltr'><strong>dixerit</strong></span> <span class='ocrx_word' id='word_1_401' title='bbox 2798 2141 2812 2177; x_wconf 86' lang='lat'><strong>:</strong></span> <span class='ocrx_word' id='word_1_402' title='bbox 2843 2120 2908 2178; x_wconf 90' lang='lat' dir='ltr'><strong>Si</strong></span> <span class='ocrx_word' id='word_1_403' title='bbox 2935 2123 3050 2193; x_wconf 85' lang='lat' dir='ltr'><strong>quis</strong></span> <span class='ocrx_word' id='word_1_404' title='bbox 3079 2123 3213 2176; x_wconf 76' lang='lat' dir='ltr'><strong>venit</strong></span> <span class='ocrx_word' id='word_1_405' title='bbox 3239 2121 3308 2176; x_wconf 87' lang='lat' dir='ltr'><strong>ad</strong></span> <span class='ocrx_word' id='word_1_406' title='bbox 3337 2139 3439 2191; x_wconf 92' lang='lat' dir='ltr'><strong>me,</strong></span> <span class='ocrx_word' id='word_1_407' title='bbox 3470 2133 3522 2180; x_wconf 84' lang='lat' dir='ltr'><strong>et</strong></span> 
     </span>
    </p>
   </div>
   <div class='ocr_carea' id='block_1_57' title="bbox 1912 2215 3524 2289">
    <p class='ocr_par' dir='ltr' id='par_1_57' title="bbox 1912 2215 3524 2289">
     <span class='ocr_line' id='line_1_57' title="bbox 1912 2215 3524 2289; baseline 0 -17"><span class='ocrx_word' id='word_1_408' title='bbox 1912 2233 2014 2273; x_wconf 83' lang='lat' dir='ltr'><strong>non</strong></span> <span class='ocrx_word' id='word_1_409' title='bbox 2042 2217 2151 2272; x_wconf 89' lang='lat' dir='ltr'><strong>odit</strong></span> <span class='ocrx_word' id='word_1_410' title='bbox 2180 2229 2377 2288; x_wconf 83' lang='lat' dir='ltr'><strong>patrem</strong></span> <span class='ocrx_word' id='word_1_411' title='bbox 2415 2225 2505 2271; x_wconf 89' lang='lat' dir='ltr'><strong>aut</strong></span> <span class='ocrx_word' id='word_1_412' title='bbox 2558 2227 2798 2274; x_wconf 78' lang='lat' dir='ltr'><strong>matrem.</strong></span> <span class='ocrx_word' id='word_1_413' title='bbox 2821 2225 2914 2269; x_wconf 85' lang='lat' dir='ltr'><strong>aut</strong></span> <span class='ocrx_word' id='word_1_414' title='bbox 2961 2215 3122 2284; x_wconf 80' lang='lat' dir='ltr'><strong>ﬁlios,</strong></span> <span class='ocrx_word' id='word_1_415' title='bbox 3153 2226 3201 2272; x_wconf 88' lang='lat' dir='ltr'><strong>et</strong></span> <span class='ocrx_word' id='word_1_416' title='bbox 3231 2219 3444 2289; x_wconf 78' lang='lat' dir='ltr'><strong>fratres,</strong></span> <span class='ocrx_word' id='word_1_417' title='bbox 3471 2225 3524 2272; x_wconf 77' lang='lat' dir='ltr'><strong>et</strong></span> 
     </span>
    </p>
   </div>
   <div class='ocr_carea' id='block_1_58' title="bbox 1912 2311 3522 2382">
    <p class='ocr_par' dir='ltr' id='par_1_58' title="bbox 1912 2311 3522 2382">
     <span class='ocr_line' id='line_1_58' title="bbox 1912 2311 3522 2382; baseline -0.001 -13"><span class='ocrx_word' id='word_1_418' title='bbox 1912 2329 2140 2379; x_wconf 77' lang='lat' dir='ltr'><strong>sorores,</strong></span> <span class='ocrx_word' id='word_1_419' title='bbox 2183 2314 2339 2368; x_wconf 87' lang='lat' dir='ltr'><strong>etiam</strong></span> <span class='ocrx_word' id='word_1_420' title='bbox 2361 2323 2413 2368; x_wconf 88' lang='lat' dir='ltr'><strong>et</strong></span> <span class='ocrx_word' id='word_1_421' title='bbox 2441 2311 2672 2366; x_wconf 89' lang='lat' dir='ltr'><strong>animam</strong></span> <span class='ocrx_word' id='word_1_422' title='bbox 2714 2327 2884 2372; x_wconf 83' lang='lat' dir='ltr'><strong>suout,</strong></span> <span class='ocrx_word' id='word_1_423' title='bbox 2915 2327 3018 2365; x_wconf 83' lang='lat' dir='ltr'><strong>non</strong></span> <span class='ocrx_word' id='word_1_424' title='bbox 3045 2320 3210 2382; x_wconf 81' lang='lat' dir='ltr'><strong>potest</strong></span> <span class='ocrx_word' id='word_1_425' title='bbox 3232 2328 3374 2368; x_wconf 86' lang='lat' dir='ltr'><strong>meus</strong></span> <span class='ocrx_word' id='word_1_426' title='bbox 3411 2327 3522 2368; x_wconf 82' lang='lat' dir='ltr'><strong>esss</strong></span> 
     </span>
    </p>
   </div>
   <div class='ocr_carea' id='block_1_59' title="bbox 1914 2403 3523 2480">
    <p class='ocr_par' dir='ltr' id='par_1_59' title="bbox 1914 2403 3523 2480">
     <span class='ocr_line' id='line_1_59' title="bbox 1914 2403 3523 2480; baseline -0.001 -18"><span class='ocrx_word' id='word_1_427' title='bbox 1914 2407 2207 2480; x_wconf 75' lang='lat' dir='ltr'><strong>discipulus</strong></span> <span class='ocrx_word' id='word_1_428' title='bbox 2253 2405 2418 2476; x_wconf 83' lang='lat' dir='ltr'><strong>(Luc.</strong></span> <span class='ocrx_word' id='word_1_429' title='bbox 2451 2421 2562 2467; x_wconf 74' lang='lat' dir='ltr'><strong>stv,</strong></span> <span class='ocrx_word' id='word_1_430' title='bbox 2596 2405 2722 2475; x_wconf 76' lang='lat'><strong>26).</strong></span> <span class='ocrx_word' id='word_1_431' title='bbox 2771 2403 2840 2459; x_wconf 89' lang='lat' dir='ltr'><strong>Et</strong></span> <span class='ocrx_word' id='word_1_432' title='bbox 2886 2403 3010 2460; x_wconf 92' lang='lat' dir='ltr'><strong>ideo</strong></span> <span class='ocrx_word' id='word_1_433' title='bbox 3047 2405 3347 2459; x_wconf 89' lang='lat' dir='ltr'><strong>secundum</strong></span> <span class='ocrx_word' id='word_1_434' title='bbox 3389 2404 3523 2460; x_wconf 86' lang='lat' dir='ltr'><strong>sim-</strong></span> 
     </span>
    </p>
   </div>
   <div class='ocr_carea' id='block_1_60' title="bbox 1915 2498 3522 2573">
    <p class='ocr_par' dir='ltr' id='par_1_60' title="bbox 1915 2498 3522 2573">
     <span class='ocr_line' id='line_1_60' title="bbox 1915 2498 3522 2573; baseline -0.003 -15"><span class='ocrx_word' id='word_1_435' title='bbox 1915 2503 2113 2573; x_wconf 82' lang='lat' dir='ltr'><strong>plicem</strong></span> <span class='ocrx_word' id='word_1_436' title='bbox 2142 2501 2480 2570; x_wconf 80' lang='lat' dir='ltr'><strong>intelligendi</strong></span> <span class='ocrx_word' id='word_1_437' title='bbox 2503 2499 2760 2564; x_wconf 88' lang='lat' dir='ltr'><strong>formam,</strong></span> <span class='ocrx_word' id='word_1_438' title='bbox 2779 2498 3076 2568; x_wconf 88' lang='lat' dir='ltr'><strong>gentilibus</strong></span> <span class='ocrx_word' id='word_1_439' title='bbox 3091 2499 3409 2568; x_wconf 89' lang='lat' dir='ltr'><strong>parentibus</strong></span> <span class='ocrx_word' id='word_1_440' title='bbox 3430 2500 3522 2569; x_wconf 90' lang='lat' dir='ltr'><strong>qui</strong></span> 
     </span>
    </p>
   </div>
   <div class='ocr_carea' id='block_1_61' title="bbox 1915 2591 3525 2666">
    <p class='ocr_par' dir='ltr' id='par_1_61' title="bbox 1915 2591 3525 2666">
     <span class='ocr_line' id='line_1_61' title="bbox 1915 2591 3525 2666; baseline -0.003 -13"><span class='ocrx_word' id='word_1_441' title='bbox 1915 2594 2192 2653; x_wconf 76' lang='lat' dir='ltr'><strong>Christum</strong></span> <span class='ocrx_word' id='word_1_442' title='bbox 2223 2594 2472 2666; x_wconf 87' lang='lat' dir='ltr'><strong>sequitur</strong></span> <span class='ocrx_word' id='word_1_443' title='bbox 2499 2593 2638 2650; x_wconf 85' lang='lat' dir='ltr'><strong>Illius</strong></span> <span class='ocrx_word' id='word_1_444' title='bbox 2657 2592 2988 2657; x_wconf 88' lang='lat' dir='ltr'><strong>antefertur;</strong></span> <span class='ocrx_word' id='word_1_445' title='bbox 3014 2591 3356 2661; x_wconf 85' lang='lat' dir='ltr'><strong>religioenitn</strong></span> <span class='ocrx_word' id='word_1_446' title='bbox 3385 2605 3525 2661; x_wconf 71' lang='lat' dir='ltr'><strong>prte-</strong></span> 
     </span>
    </p>
   </div>
   <div class='ocr_carea' id='block_1_62' title="bbox 1916 2687 2518 2761">
    <p class='ocr_par' dir='ltr' id='par_1_62' title="bbox 1916 2687 2518 2761">
     <span class='ocr_line' id='line_1_62' title="bbox 1916 2687 2518 2761; baseline -0.01 -14"><span class='ocrx_word' id='word_1_447' title='bbox 1916 2699 2025 2747; x_wconf 85' lang='lat' dir='ltr'><strong>stat</strong></span> <span class='ocrx_word' id='word_1_448' title='bbox 2055 2689 2274 2761; x_wconf 89' lang='lat' dir='ltr'><strong>pietatis</strong></span> <span class='ocrx_word' id='word_1_449' title='bbox 2303 2687 2518 2743; x_wconf 81' lang='lat' dir='ltr'><strong>officiis.</strong></span> 
     </span>
    </p>
   </div>
   <div class='ocr_carea' id='block_1_63' title="bbox 1991 2777 3526 2854">
    <p class='ocr_par' dir='ltr' id='par_1_63' title="bbox 1991 2777 3526 2854">
     <span class='ocr_line' id='line_1_63' title="bbox 1991 2777 3526 2854; baseline -0.004 -14"><span class='ocrx_word' id='word_1_450' title='bbox 1991 2784 2117 2840; x_wconf 78' lang='grc'><strong>147.</strong></span> <span class='ocrx_word' id='word_1_451' title='bbox 2156 2781 2295 2838; x_wconf 90' lang='lat' dir='ltr'><strong>lllod</strong></span> <span class='ocrx_word' id='word_1_452' title='bbox 2322 2795 2540 2854; x_wconf 88' lang='lat' dir='ltr'><strong>quoque</strong></span> <span class='ocrx_word' id='word_1_453' title='bbox 2565 2778 2865 2835; x_wconf 89' lang='lat' dir='ltr'><strong>serundum</strong></span> <span class='ocrx_word' id='word_1_454' title='bbox 2897 2777 3146 2833; x_wconf 88' lang='lat' dir='ltr'><strong>altiorem</strong></span> <span class='ocrx_word' id='word_1_455' title='bbox 3190 2777 3526 2847; x_wconf 85' lang='lat' dir='ltr'><strong>interpreta-</strong></span> 
     </span>
    </p>
   </div>
   <div class='ocr_carea' id='block_1_64' title="bbox 1919 2870 3525 2946">
    <p class='ocr_par' dir='ltr' id='par_1_64' title="bbox 1919 2870 3525 2946">
     <span class='ocr_line' id='line_1_64' title="bbox 1919 2870 3525 2946; baseline -0.003 -13"><span class='ocrx_word' id='word_1_456' title='bbox 1919 2878 2150 2941; x_wconf 90' lang='lat' dir='ltr'><strong>tionem,</strong></span> <span class='ocrx_word' id='word_1_457' title='bbox 2179 2875 2303 2946; x_wconf 89' lang='lat' dir='ltr'><strong>quia</strong></span> <span class='ocrx_word' id='word_1_458' title='bbox 2331 2874 2402 2929; x_wconf 88' lang='lat' dir='ltr'><strong>de</strong></span> <span class='ocrx_word' id='word_1_459' title='bbox 2434 2889 2601 2930; x_wconf 89' lang='lat' dir='ltr'><strong>carne</strong></span> <span class='ocrx_word' id='word_1_460' title='bbox 2621 2881 2899 2942; x_wconf 89' lang='lat' dir='ltr'><strong>peccatum</strong></span> <span class='ocrx_word' id='word_1_461' title='bbox 2932 2870 3194 2936; x_wconf 72' lang='lat' dir='ltr'><strong>nascitur,</strong></span> <span class='ocrx_word' id='word_1_462' title='bbox 3223 2881 3277 2928; x_wconf 90' lang='lat' dir='ltr'><strong>et</strong></span> <span class='ocrx_word' id='word_1_463' title='bbox 3301 2871 3444 2926; x_wconf 86' lang='lat' dir='ltr'><strong>velut</strong></span> <span class='ocrx_word' id='word_1_464' title='bbox 3471 2872 3525 2928; x_wconf 92' lang='lat' dir='ltr'><strong>in</strong></span> 
     </span>
    </p>
   </div>
   <div class='ocr_carea' id='block_1_65' title="bbox 1919 2964 3530 3039">
    <p class='ocr_par' dir='ltr' id='par_1_65' title="bbox 1919 2964 3530 3039">
     <span class='ocr_line' id='line_1_65' title="bbox 1919 2964 3530 3039; baseline -0.002 -14"><span class='ocrx_word' id='word_1_465' title='bbox 1919 2980 2080 3025; x_wconf 89' lang='lat' dir='ltr'><strong>utero</strong></span> <span class='ocrx_word' id='word_1_466' title='bbox 2102 2968 2286 3024; x_wconf 89' lang='lat' dir='ltr'><strong>carnis</strong></span> <span class='ocrx_word' id='word_1_467' title='bbox 2315 2966 2678 3039; x_wconf 86' lang='lat' dir='ltr'><strong>operatur,de</strong></span> <span class='ocrx_word' id='word_1_468' title='bbox 2705 2981 2813 3032; x_wconf 88' lang='lat' dir='ltr'><strong>quo</strong></span> <span class='ocrx_word' id='word_1_469' title='bbox 2834 2965 2908 3020; x_wconf 90' lang='lat' dir='ltr'><strong>ait</strong></span> <span class='ocrx_word' id='word_1_470' title='bbox 2933 2964 3228 3036; x_wconf 56' lang='lat' dir='ltr'><strong>Apostolus</strong></span> <span class='ocrx_word' id='word_1_471' title='bbox 3253 2984 3266 3020; x_wconf 90' lang='lat'><strong>:</strong></span> <span class='ocrx_word' id='word_1_472' title='bbox 3287 2965 3530 3022; x_wconf 88' lang='lat' dir='ltr'><strong>Siautem</strong></span> 
     </span>
    </p>
   </div>
   <div class='ocr_carea' id='block_1_66' title="bbox 1919 3057 3528 3135">
    <p class='ocr_par' dir='ltr' id='par_1_66' title="bbox 1919 3057 3528 3135">
     <span class='ocr_line' id='line_1_66' title="bbox 1919 3057 3528 3135; baseline -0.004 -17"><span class='ocrx_word' id='word_1_473' title='bbox 1919 3063 2060 3134; x_wconf 88' lang='lat' dir='ltr'><strong>quod</strong></span> <span class='ocrx_word' id='word_1_474' title='bbox 2085 3065 2206 3117; x_wconf 86' lang='lat' dir='ltr'><strong>nolo</strong></span> <span class='ocrx_word' id='word_1_475' title='bbox 2234 3063 2330 3116; x_wconf 76' lang='lat' dir='ltr'><strong>hoc</strong></span> <span class='ocrx_word' id='word_1_476' title='bbox 2353 3077 2452 3133; x_wconf 85' lang='lat' dir='ltr'><strong>ago</strong></span> <span class='ocrx_word' id='word_1_477' title='bbox 2471 3103 2486 3125; x_wconf 92' lang='lat'><strong>,</strong></span> <span class='ocrx_word' id='word_1_478' title='bbox 2501 3064 2619 3135; x_wconf 88' lang='lat' dir='ltr'><strong>jam</strong></span> <span class='ocrx_word' id='word_1_479' title='bbox 2639 3076 2742 3114; x_wconf 82' lang='lat' dir='ltr'><strong>non</strong></span> <span class='ocrx_word' id='word_1_480' title='bbox 2763 3076 2855 3131; x_wconf 84' lang='lat' dir='ltr'><strong>ego</strong></span> <span class='ocrx_word' id='word_1_481' title='bbox 2871 3057 3006 3113; x_wconf 87' lang='lat' dir='ltr'><strong>illud</strong></span> <span class='ocrx_word' id='word_1_482' title='bbox 3028 3074 3214 3126; x_wconf 85' lang='lat' dir='ltr'><strong>operor</strong></span> <span class='ocrx_word' id='word_1_483' title='bbox 3235 3073 3256 3112; x_wconf 89' lang='lat'><strong><em>:</em></strong></span> <span class='ocrx_word' id='word_1_484' title='bbox 3282 3058 3374 3112; x_wconf 87' lang='lat' dir='ltr'><strong>sed</strong></span> <span class='ocrx_word' id='word_1_485' title='bbox 3389 3059 3528 3130; x_wconf 83' lang='lat' dir='ltr'><strong>quod</strong></span> 
     </span>
    </p>
   </div>
   <div class='ocr_carea' id='block_1_67' title="bbox 1921 3145 3527 3221">
    <p class='ocr_par' dir='ltr' id='par_1_67' title="bbox 1921 3145 3527 3221">
     <span class='ocr_line' id='line_1_67' title="bbox 1921 3145 3527 3221; baseline -0.002 -13"><span class='ocrx_word' id='word_1_486' title='bbox 1921 3154 2120 3210; x_wconf 80' lang='lat' dir='ltr'><strong>habitat</strong></span> <span class='ocrx_word' id='word_1_487' title='bbox 2147 3153 2202 3206; x_wconf 85' lang='lat' dir='ltr'><strong>in</strong></span> <span class='ocrx_word' id='word_1_488' title='bbox 2231 3168 2311 3207; x_wconf 88' lang='lat' dir='ltr'><strong>me</strong></span> <span class='ocrx_word' id='word_1_489' title='bbox 2330 3162 2598 3219; x_wconf 80' lang='lat' dir='ltr'><strong>pecratum</strong></span> <span class='ocrx_word' id='word_1_490' title='bbox 2621 3148 2798 3221; x_wconf 77' lang='lat' dir='ltr'><strong>(Rom.</strong></span> <span class='ocrx_word' id='word_1_491' title='bbox 2835 3163 2940 3211; x_wconf 81' lang='lat' dir='ltr'><strong>vn,</strong></span> <span class='ocrx_word' id='word_1_492' title='bbox 2969 3147 3097 3219; x_wconf 72' lang='lat'><strong>20).</strong></span> <span class='ocrx_word' id='word_1_493' title='bbox 3127 3145 3260 3204; x_wconf 89' lang='lat' dir='ltr'><strong>Cum</strong></span> <span class='ocrx_word' id='word_1_494' title='bbox 3287 3163 3387 3218; x_wconf 90' lang='lat' dir='ltr'><strong>pro</strong></span> <span class='ocrx_word' id='word_1_495' title='bbox 3415 3149 3527 3204; x_wconf 80' lang='lat' dir='ltr'><strong>vita</strong></span> 
     </span>
    </p>
   </div>
   <div class='ocr_carea' id='block_1_68' title="bbox 1922 3242 3524 3314">
    <p class='ocr_par' dir='ltr' id='par_1_68' title="bbox 1922 3242 3524 3314">
     <span class='ocr_line' id='line_1_68' title="bbox 1922 3242 3524 3314; baseline -0.006 -11"><span class='ocrx_word' id='word_1_496' title='bbox 1922 3247 2109 3304; x_wconf 89' lang='lat' dir='ltr'><strong>mundi</strong></span> <span class='ocrx_word' id='word_1_497' title='bbox 2135 3245 2298 3314; x_wconf 89' lang='lat' dir='ltr'><strong>ltujus</strong></span> <span class='ocrx_word' id='word_1_498' title='bbox 2321 3243 2527 3300; x_wconf 84' lang='lat' dir='ltr'><strong>ell&#39;usus</strong></span> <span class='ocrx_word' id='word_1_499' title='bbox 2549 3242 2767 3299; x_wconf 86' lang='lat' dir='ltr'><strong>Domini</strong></span> <span class='ocrx_word' id='word_1_500' title='bbox 2789 3243 3017 3312; x_wconf 87' lang='lat' dir='ltr'><strong>sanguis</strong></span> <span class='ocrx_word' id='word_1_501' title='bbox 3042 3242 3347 3296; x_wconf 84' lang='lat' dir='ltr'><strong>aboleverit</strong></span> <span class='ocrx_word' id='word_1_502' title='bbox 3369 3242 3524 3305; x_wconf 91' lang='lat' dir='ltr'><strong>vitia,</strong></span> 
     </span>
    </p>
   </div>
   <div class='ocr_carea' id='block_1_69' title="bbox 1926 3336 3530 3414">
    <p class='ocr_par' dir='ltr' id='par_1_69' title="bbox 1926 3336 3530 3414">
     <span class='ocr_line' id='line_1_69' title="bbox 1926 3336 3530 3414; baseline -0.004 -16"><span class='ocrx_word' id='word_1_503' title='bbox 1926 3344 1979 3398; x_wconf 92' lang='lat' dir='ltr'><strong>in</strong></span> <span class='ocrx_word' id='word_1_504' title='bbox 2004 3343 2235 3414; x_wconf 86' lang='lat' dir='ltr'><strong>gratiam</strong></span> <span class='ocrx_word' id='word_1_505' title='bbox 2252 3357 2318 3396; x_wconf 80' lang='lat' dir='ltr'><strong>ex</strong></span> <span class='ocrx_word' id='word_1_506' title='bbox 2344 3339 2648 3396; x_wconf 78' lang='lat' dir='ltr'><strong>offensione</strong></span> <span class='ocrx_word' id='word_1_507' title='bbox 2671 3337 3044 3392; x_wconf 86' lang='lat' dir='ltr'><strong>convertitur:</strong></span> <span class='ocrx_word' id='word_1_508' title='bbox 3072 3336 3530 3406; x_wconf 81' lang='lat' dir='ltr'><strong>Superabundauit</strong></span> 
     </span>
    </p>
   </div>
   <div class='ocr_carea' id='block_1_70' title="bbox 1921 3427 3523 3505">
    <p class='ocr_par' dir='ltr' id='par_1_70' title="bbox 1921 3427 3523 3505">
     <span class='ocr_line' id='line_1_70' title="bbox 1921 3427 3523 3505; baseline -0.004 -15"><span class='ocrx_word' id='word_1_509' title='bbox 1921 3437 2059 3491; x_wconf 81' lang='lat' dir='ltr'><strong>enim</strong></span> <span class='ocrx_word' id='word_1_510' title='bbox 2082 3443 2369 3505; x_wconf 84' lang='lat' dir='ltr'><strong>peccatum,</strong></span> <span class='ocrx_word' id='word_1_511' title='bbox 2395 3442 2449 3486; x_wconf 87' lang='lat' dir='ltr'><strong>ut</strong></span> <span class='ocrx_word' id='word_1_512' title='bbox 2469 3429 2915 3501; x_wconf 74' lang='lat' dir='ltr'><strong>superabundant</strong></span> <span class='ocrx_word' id='word_1_513' title='bbox 2945 3427 3311 3500; x_wconf 79' lang='lat' dir='ltr'><strong>grattu(llom.</strong></span> <span class='ocrx_word' id='word_1_514' title='bbox 3330 3444 3384 3493; x_wconf 88' lang='lat' dir='ltr'><strong>v,</strong></span> <span class='ocrx_word' id='word_1_515' title='bbox 3402 3427 3523 3502; x_wconf 74' lang='lat'><strong>20);</strong></span> 
     </span>
    </p>
   </div>
   <div class='ocr_carea' id='block_1_71' title="bbox 1921 3521 3524 3600">
    <p class='ocr_par' dir='ltr' id='par_1_71' title="bbox 1921 3521 3524 3600">
     <span class='ocr_line' id='line_1_71' title="bbox 1921 3521 3524 3600; baseline -0.004 -15"><span class='ocrx_word' id='word_1_516' title='bbox 1921 3529 2088 3600; x_wconf 85' lang='lat' dir='ltr'><strong>fitque</strong></span> <span class='ocrx_word' id='word_1_517' title='bbox 2119 3539 2176 3583; x_wconf 91' lang='lat' dir='ltr'><strong>ut</strong></span> <span class='ocrx_word' id='word_1_518' title='bbox 2196 3543 2264 3584; x_wconf 81' lang='lat' dir='ltr'><strong>ex</strong></span> <span class='ocrx_word' id='word_1_519' title='bbox 2295 3534 2516 3596; x_wconf 91' lang='lat' dir='ltr'><strong>peccato</strong></span> <span class='ocrx_word' id='word_1_520' title='bbox 2533 3531 2650 3579; x_wconf 93' lang='lat' dir='ltr'><strong>orta</strong></span> <span class='ocrx_word' id='word_1_521' title='bbox 2671 3523 2989 3595; x_wconf 72' lang='lat' dir='ltr'><strong>poenitentia</strong></span> <span class='ocrx_word' id='word_1_522' title='bbox 3011 3521 3077 3577; x_wconf 92' lang='lat' dir='ltr'><strong>ad</strong></span> <span class='ocrx_word' id='word_1_523' title='bbox 3107 3523 3524 3579; x_wconf 89' lang='lat' dir='ltr'><strong>conversionem</strong></span> 
     </span>
    </p>
   </div>
   <div class='ocr_carea' id='block_1_72' title="bbox 1882 3617 3522 3698">
    <p class='ocr_par' dir='ltr' id='par_1_72' title="bbox 1882 3617 3522 3698">
     <span class='ocr_line' id='line_1_72' title="bbox 1882 3617 3522 3698; baseline -0.001 -22"><span class='ocrx_word' id='word_1_524' title='bbox 1882 3680 1890 3687; x_wconf 65' lang='grc'>,</span> <span class='ocrx_word' id='word_1_525' title='bbox 1920 3623 2208 3698; x_wconf 87' lang='lat' dir='ltr'><strong>propositi,</strong></span> <span class='ocrx_word' id='word_1_526' title='bbox 2240 3632 2297 3678; x_wconf 89' lang='lat' dir='ltr'><strong>et</strong></span> <span class='ocrx_word' id='word_1_527' title='bbox 2323 3621 2391 3677; x_wconf 81' lang='lat' dir='ltr'><strong>ad</strong></span> <span class='ocrx_word' id='word_1_528' title='bbox 2419 3619 2773 3692; x_wconf 73' lang='lat' dir='ltr'><strong>cupiditatem</strong></span> <span class='ocrx_word' id='word_1_529' title='bbox 2797 3617 2986 3689; x_wconf 72' lang='lat' dir='ltr'><strong>gratia:</strong></span> <span class='ocrx_word' id='word_1_530' title='bbox 3015 3617 3282 3688; x_wconf 87' lang='lat' dir='ltr'><strong>spiritalis</strong></span> <span class='ocrx_word' id='word_1_531' title='bbox 3325 3617 3522 3687; x_wconf 83' lang='lat' dir='ltr'><strong>impel-</strong></span> 
     </span>
    </p>
   </div>
   <div class='ocr_carea' id='block_1_73' title="bbox 1923 3711 3528 3788">
    <p class='ocr_par' dir='ltr' id='par_1_73' title="bbox 1923 3711 3528 3788">
     <span class='ocr_line' id='line_1_73' title="bbox 1923 3711 3528 3788; baseline -0.006 -14"><span class='ocrx_word' id='word_1_532' title='bbox 1923 3719 2020 3774; x_wconf 88' lang='lat' dir='ltr'><strong>lat.</strong></span> <span class='ocrx_word' id='word_1_533' title='bbox 2038 3719 2224 3788; x_wconf 87' lang='lat' dir='ltr'><strong>Itaque</strong></span> <span class='ocrx_word' id='word_1_534' title='bbox 2251 3715 2394 3785; x_wconf 91' lang='lat' dir='ltr'><strong>quod</strong></span> <span class='ocrx_word' id='word_1_535' title='bbox 2422 3726 2541 3769; x_wconf 89' lang='lat' dir='ltr'><strong>erat</strong></span> <span class='ocrx_word' id='word_1_536' title='bbox 2565 3713 2694 3768; x_wconf 88' lang='lat' dir='ltr'><strong>mihi</strong></span> <span class='ocrx_word' id='word_1_537' title='bbox 2716 3712 2785 3768; x_wconf 91' lang='lat' dir='ltr'><strong>ad</strong></span> <span class='ocrx_word' id='word_1_538' title='bbox 2815 3720 3065 3777; x_wconf 90' lang='lat' dir='ltr'><strong>mortem,</strong></span> <span class='ocrx_word' id='word_1_539' title='bbox 3096 3711 3202 3768; x_wconf 89' lang='lat' dir='ltr'><strong>ltoc</strong></span> <span class='ocrx_word' id='word_1_540' title='bbox 3229 3712 3336 3766; x_wconf 89' lang='lat' dir='ltr'><strong>erit</strong></span> <span class='ocrx_word' id='word_1_541' title='bbox 3362 3712 3415 3766; x_wconf 92' lang='lat' dir='ltr'><strong>in</strong></span> <span class='ocrx_word' id='word_1_542' title='bbox 3438 3727 3528 3766; x_wconf 87' lang='lat' dir='ltr'><strong>sa-</strong></span> 
     </span>
    </p>
   </div>
   <div class='ocr_carea' id='block_1_74' title="bbox 1922 3805 3523 3881">
    <p class='ocr_par' dir='ltr' id='par_1_74' title="bbox 1922 3805 3523 3881">
     <span class='ocr_line' id='line_1_74' title="bbox 1922 3805 3523 3881; baseline -0.007 -12"><span class='ocrx_word' id='word_1_543' title='bbox 1922 3810 2277 3881; x_wconf 88' lang='lat' dir='ltr'><strong>lutem.Ergo</strong></span> <span class='ocrx_word' id='word_1_544' title='bbox 2299 3818 2580 3880; x_wconf 90' lang='lat' dir='ltr'><strong>peccatum</strong></span> <span class='ocrx_word' id='word_1_545' title='bbox 2610 3806 2813 3875; x_wconf 81' lang='lat' dir='ltr'><strong>irriguo</strong></span> <span class='ocrx_word' id='word_1_546' title='bbox 2853 3805 3018 3858; x_wconf 90' lang='lat' dir='ltr'><strong>fontis</strong></span> <span class='ocrx_word' id='word_1_547' title='bbox 3045 3805 3316 3868; x_wconf 90' lang='lat' dir='ltr'><strong>abltttum,</strong></span> <span class='ocrx_word' id='word_1_548' title='bbox 3348 3805 3418 3858; x_wconf 88' lang='lat' dir='ltr'><strong>ab</strong></span> <span class='ocrx_word' id='word_1_549' title='bbox 3457 3818 3523 3860; x_wconf 87' lang='lat' dir='ltr'><strong>ea</strong></span> 
     </span>
    </p>
   </div>
   <div class='ocr_carea' id='block_1_75' title="bbox 1925 3897 3532 3972">
    <p class='ocr_par' dir='ltr' id='par_1_75' title="bbox 1925 3897 3532 3972">
     <span class='ocr_line' id='line_1_75' title="bbox 1925 3897 3532 3972; baseline -0.004 -14"><span class='ocrx_word' id='word_1_550' title='bbox 1925 3904 2070 3960; x_wconf 90' lang='lat' dir='ltr'><strong>unde</strong></span> <span class='ocrx_word' id='word_1_551' title='bbox 2087 3911 2406 3972; x_wconf 85' lang='lat' dir='ltr'><strong>generatum</strong></span> <span class='ocrx_word' id='word_1_552' title='bbox 2437 3908 2523 3953; x_wconf 90' lang='lat' dir='ltr'><strong>est</strong></span> <span class='ocrx_word' id='word_1_553' title='bbox 2560 3911 2726 3953; x_wconf 89' lang='lat' dir='ltr'><strong>carne</strong></span> <span class='ocrx_word' id='word_1_554' title='bbox 2755 3897 3064 3952; x_wconf 87' lang='lat' dir='ltr'><strong>secernitur</strong></span> <span class='ocrx_word' id='word_1_555' title='bbox 3087 3913 3101 3949; x_wconf 87' lang='lat'><strong>:</strong></span> <span class='ocrx_word' id='word_1_556' title='bbox 3124 3899 3329 3951; x_wconf 90' lang='lat' dir='ltr'><strong>etdum</strong></span> <span class='ocrx_word' id='word_1_557' title='bbox 3365 3911 3532 3951; x_wconf 83' lang='lat' dir='ltr'><strong>unus-</strong></span> 
     </span>
    </p>
   </div>
   <div class='ocr_carea' id='block_1_76' title="bbox 209 3989 3527 4072">
    <p class='ocr_par' dir='ltr' id='par_1_76' title="bbox 209 3989 3527 4072">
     <span class='ocr_line' id='line_1_76' title="bbox 209 3989 3527 4072; baseline -0.001 -25"><span class='ocrx_word' id='word_1_558' title='bbox 209 3991 459 4057; x_wconf 85' lang='lat' dir='ltr'><strong>laborum</strong></span> <span class='ocrx_word' id='word_1_559' title='bbox 488 3989 802 4048; x_wconf 79' lang='lat' dir='ltr'><strong>defenerata</strong></span> <span class='ocrx_word' id='word_1_560' title='bbox 829 4003 999 4057; x_wconf 91' lang='lat' dir='ltr'><strong>sorte,</strong></span> <span class='ocrx_word' id='word_1_561' title='bbox 1030 4003 1086 4050; x_wconf 90' lang='lat' dir='ltr'><strong>et</strong></span> <span class='ocrx_word' id='word_1_562' title='bbox 1114 4010 1279 4050; x_wconf 90' lang='lat' dir='ltr'><strong>usura</strong></span> <span class='ocrx_word' id='word_1_563' title='bbox 1305 3995 1520 4066; x_wconf 81' lang='lat' dir='ltr'><strong>injuriae</strong></span> <span class='ocrx_word' id='word_1_564' title='bbox 1545 3999 1827 4056; x_wconf 89' lang='lat' dir='ltr'><strong>miserabi-</strong></span> <span class='ocrx_word' id='word_1_565' title='bbox 1922 4001 2154 4072; x_wconf 77' lang='lat' dir='ltr'><strong>quisque</strong></span> <span class='ocrx_word' id='word_1_566' title='bbox 2179 3996 2330 4064; x_wconf 89' lang='lat' dir='ltr'><strong>cupit</strong></span> <span class='ocrx_word' id='word_1_567' title='bbox 2364 3993 2638 4049; x_wconf 87' lang='lat' dir='ltr'><strong>redimere</strong></span> <span class='ocrx_word' id='word_1_568' title='bbox 2663 3991 2920 4048; x_wconf 90' lang='lat' dir='ltr'><strong>delictum</strong></span> <span class='ocrx_word' id='word_1_569' title='bbox 2941 4033 2957 4058; x_wconf 98' lang='lat'><strong>,</strong></span> <span class='ocrx_word' id='word_1_570' title='bbox 2991 3991 3054 4047; x_wconf 89' lang='lat' dir='ltr'><strong>ftt</strong></span> <span class='ocrx_word' id='word_1_571' title='bbox 3081 4006 3150 4046; x_wconf 84' lang='lat' dir='ltr'><strong>ex</strong></span> <span class='ocrx_word' id='word_1_572' title='bbox 3177 3989 3322 4046; x_wconf 88' lang='lat' dir='ltr'><strong>serie</strong></span> <span class='ocrx_word' id='word_1_573' title='bbox 3349 3989 3527 4060; x_wconf 71' lang='lat' dir='ltr'><strong>culpae</strong></span> 
     </span>
    </p>
   </div>
   <div class='ocr_carea' id='block_1_77' title="bbox 210 4081 1823 4163">
    <p class='ocr_par' dir='ltr' id='par_1_77' title="bbox 210 4081 1823 4163">
     <span class='ocr_line' id='line_1_77' title="bbox 210 4081 1823 4163; baseline 0.007 -25"><span class='ocrx_word' id='word_1_574' title='bbox 210 4081 278 4138; x_wconf 88' lang='lat' dir='ltr'><strong>lis</strong></span> <span class='ocrx_word' id='word_1_575' title='bbox 309 4083 530 4154; x_wconf 75' lang='lat' dir='ltr'><strong>fatigata</strong></span> <span class='ocrx_word' id='word_1_576' title='bbox 555 4127 568 4150; x_wconf 93' lang='lat'><strong>,</strong></span> <span class='ocrx_word' id='word_1_577' title='bbox 598 4084 691 4141; x_wconf 90' lang='lat' dir='ltr'><strong>ubi</strong></span> <span class='ocrx_word' id='word_1_578' title='bbox 734 4100 795 4141; x_wconf 93' lang='lat' dir='ltr'><strong>se</strong></span> <span class='ocrx_word' id='word_1_579' title='bbox 834 4086 1220 4155; x_wconf 85' lang='lat' dir='ltr'><strong>cupiditatibus</strong></span> <span class='ocrx_word' id='word_1_580' title='bbox 1249 4090 1362 4145; x_wconf 93' lang='lat' dir='ltr'><strong>suis</strong></span> <span class='ocrx_word' id='word_1_581' title='bbox 1392 4107 1528 4160; x_wconf 91' lang='lat' dir='ltr'><strong>quas</strong></span> <span class='ocrx_word' id='word_1_582' title='bbox 1567 4092 1670 4148; x_wconf 89' lang='lat' dir='ltr'><strong>sibi</strong></span> <span class='ocrx_word' id='word_1_583' title='bbox 1709 4093 1823 4163; x_wconf 86' lang='lat' dir='ltr'><strong>ipsa</strong></span> 
     </span>
    </p>
   </div>
   <div class='ocr_carea' id='block_1_78' title="bbox 209 4177 1824 4250">
    <p class='ocr_par' dir='ltr' id='par_1_78' title="bbox 209 4177 1824 4250">
     <span class='ocr_line' id='line_1_78' title="bbox 209 4177 1824 4250; baseline 0.009 -20"><span class='ocrx_word' id='word_1_584' title='bbox 209 4177 514 4248; x_wconf 88' lang='lat' dir='ltr'><strong>generavit,</strong></span> <span class='ocrx_word' id='word_1_585' title='bbox 543 4186 816 4250; x_wconf 88' lang='lat' dir='ltr'><strong>tamquam</strong></span> <span class='ocrx_word' id='word_1_586' title='bbox 838 4182 1084 4237; x_wconf 88' lang='lat' dir='ltr'><strong>sentibus</strong></span> <span class='ocrx_word' id='word_1_587' title='bbox 1117 4185 1306 4240; x_wconf 91' lang='lat' dir='ltr'><strong>mundi</strong></span> <span class='ocrx_word' id='word_1_588' title='bbox 1334 4186 1508 4242; x_wconf 91' lang='lat' dir='ltr'><strong>doluit</strong></span> <span class='ocrx_word' id='word_1_589' title='bbox 1545 4203 1667 4244; x_wconf 90' lang='lat' dir='ltr'><strong>esse</strong></span> <span class='ocrx_word' id='word_1_590' title='bbox 1690 4203 1824 4244; x_wconf 86' lang='lat' dir='ltr'><strong>con-</strong></span> 
     </span>
    </p>
   </div>
   <div class='ocr_carea' id='block_1_79' title="bbox 211 4267 1821 4347">
    <p class='ocr_par' dir='ltr' id='par_1_79' title="bbox 211 4267 1821 4347">
     <span class='ocr_line' id='line_1_79' title="bbox 211 4267 1821 4347; baseline 0.008 -24"><span class='ocrx_word' id='word_1_591' title='bbox 211 4267 405 4336; x_wconf 80' lang='lat' dir='ltr'><strong>ﬁxam,</strong></span> <span class='ocrx_word' id='word_1_592' title='bbox 435 4278 677 4326; x_wconf 90' lang='lat' dir='ltr'><strong>veterem</strong></span> <span class='ocrx_word' id='word_1_593' title='bbox 709 4272 984 4328; x_wconf 89' lang='lat' dir='ltr'><strong>hominem</strong></span> <span class='ocrx_word' id='word_1_594' title='bbox 1011 4274 1238 4332; x_wconf 88' lang='lat' dir='ltr'><strong>festinat</strong></span> <span class='ocrx_word' id='word_1_595' title='bbox 1262 4293 1507 4347; x_wconf 78' lang='lat' dir='ltr'><strong>exuere;</strong></span> <span class='ocrx_word' id='word_1_596' title='bbox 1538 4289 1595 4335; x_wconf 91' lang='lat' dir='ltr'><strong>ut</strong></span> <span class='ocrx_word' id='word_1_597' title='bbox 1622 4296 1684 4338; x_wconf 89' lang='lat' dir='ltr'><strong>se</strong></span> <span class='ocrx_word' id='word_1_598' title='bbox 1718 4281 1821 4338; x_wconf 90' lang='lat' dir='ltr'><strong>sibi</strong></span> 
     </span>
    </p>
   </div>
   <div class='ocr_carea' id='block_1_80' title="bbox 210 4359 1822 4444">
    <p class='ocr_par' dir='ltr' id='par_1_80' title="bbox 210 4359 1822 4444">
     <span class='ocr_line' id='line_1_80' title="bbox 210 4359 1822 4444; baseline 0.009 -29"><span class='ocrx_word' id='word_1_599' title='bbox 210 4359 466 4429; x_wconf 83' lang='lat' dir='ltr'><strong>auferat,</strong></span> <span class='ocrx_word' id='word_1_600' title='bbox 500 4371 524 4401; x_wconf 78' lang='grc' dir='ltr'><strong>ο</strong></span> <span class='ocrx_word' id='word_1_601' title='bbox 565 4377 634 4418; x_wconf 87' lang='lat' dir='ltr'><strong>ne</strong></span> <span class='ocrx_word' id='word_1_602' title='bbox 666 4363 1024 4434; x_wconf 87' lang='lat' dir='ltr'><strong>improvidam</strong></span> <span class='ocrx_word' id='word_1_603' title='bbox 1059 4377 1339 4436; x_wconf 90' lang='lat' dir='ltr'><strong>parentem</strong></span> <span class='ocrx_word' id='word_1_604' title='bbox 1371 4371 1648 4428; x_wconf 78' lang='lat' dir='ltr'><strong>successio</strong></span> <span class='ocrx_word' id='word_1_605' title='bbox 1679 4374 1822 4444; x_wconf 88' lang='lat' dir='ltr'><strong>peri-</strong></span> 
     </span>
    </p>
   </div>
   <div class='ocr_carea' id='block_1_81' title="bbox 213 4453 1818 4529">
    <p class='ocr_par' dir='ltr' id='par_1_81' title="bbox 213 4453 1818 4529">
     <span class='ocr_line' id='line_1_81' title="bbox 213 4453 1818 4529; baseline 0.01 -21"><span class='ocrx_word' id='word_1_606' title='bbox 213 4461 334 4509; x_wconf 90' lang='lat' dir='ltr'><strong>tura</strong></span> <span class='ocrx_word' id='word_1_607' title='bbox 365 4453 645 4511; x_wconf 87' lang='lat' dir='ltr'><strong>destituat.</strong></span> <span class='ocrx_word' id='word_1_608' title='bbox 663 4456 872 4514; x_wconf 84' lang='lat' dir='ltr'><strong>Rursus</strong></span> <span class='ocrx_word' id='word_1_609' title='bbox 900 4459 1258 4529; x_wconf 85' lang='lat' dir='ltr'><strong>cupiditatum</strong></span> <span class='ocrx_word' id='word_1_610' title='bbox 1292 4463 1678 4522; x_wconf 88' lang='lat' dir='ltr'><strong>irrationabilis</strong></span> <span class='ocrx_word' id='word_1_611' title='bbox 1697 4483 1818 4524; x_wconf 87' lang='lat' dir='ltr'><strong>mo-</strong></span> 
     </span>
    </p>
   </div>
   <div class='ocr_carea' id='block_1_82' title="bbox 215 4550 1816 4633">
    <p class='ocr_par' dir='ltr' id='par_1_82' title="bbox 215 4550 1816 4633">
     <span class='ocr_line' id='line_1_82' title="bbox 215 4550 1816 4633; baseline 0.011 -32"><span class='ocrx_word' id='word_1_612' title='bbox 215 4554 326 4614; x_wconf 88' lang='lat' dir='ltr'><strong>tus,</strong></span> <span class='ocrx_word' id='word_1_613' title='bbox 355 4550 507 4618; x_wconf 85' lang='lat' dir='ltr'><strong>quasi</strong></span> <span class='ocrx_word' id='word_1_614' title='bbox 532 4551 816 4620; x_wconf 79' lang='lat' dir='ltr'><strong>cujusdam</strong></span> <span class='ocrx_word' id='word_1_615' title='bbox 847 4552 1036 4610; x_wconf 73' lang='lat' dir='ltr'><strong>forma:</strong></span> <span class='ocrx_word' id='word_1_616' title='bbox 1060 4553 1260 4613; x_wconf 89' lang='lat' dir='ltr'><strong>decore</strong></span> <span class='ocrx_word' id='word_1_617' title='bbox 1290 4557 1406 4614; x_wconf 90' lang='lat' dir='ltr'><strong>fuca</strong></span> <span class='ocrx_word' id='word_1_618' title='bbox 1419 4571 1495 4628; x_wconf 89' lang='lat' dir='ltr'><strong>to,</strong></span> <span class='ocrx_word' id='word_1_619' title='bbox 1525 4561 1816 4633; x_wconf 88' lang='lat' dir='ltr'><strong>voluptatis</strong></span> 
     </span>
    </p>
   </div>
   <div class='ocr_carea' id='block_1_83' title="bbox 211 4639 1817 4723">
    <p class='ocr_par' dir='ltr' id='par_1_83' title="bbox 211 4639 1817 4723">
     <span class='ocr_line' id='line_1_83' title="bbox 211 4639 1817 4723; baseline 0.013 -28"><span class='ocrx_word' id='word_1_620' title='bbox 211 4639 499 4700; x_wconf 87' lang='lat' dir='ltr'><strong>lenociniis</strong></span> <span class='ocrx_word' id='word_1_621' title='bbox 530 4645 780 4703; x_wconf 90' lang='lat' dir='ltr'><strong>illcctans</strong></span> <span class='ocrx_word' id='word_1_622' title='bbox 801 4687 818 4716; x_wconf 92' lang='lat'><strong>,</strong></span> <span class='ocrx_word' id='word_1_623' title='bbox 849 4663 968 4703; x_wconf 91' lang='lat' dir='ltr'><strong>eam</strong></span> <span class='ocrx_word' id='word_1_624' title='bbox 999 4648 1101 4705; x_wconf 87' lang='lat' dir='ltr'><strong>sibi</strong></span> <span class='ocrx_word' id='word_1_625' title='bbox 1131 4658 1404 4723; x_wconf 91' lang='lat' dir='ltr'><strong>tamquam</strong></span> <span class='ocrx_word' id='word_1_626' title='bbox 1448 4652 1502 4710; x_wconf 89' lang='lat' dir='ltr'><strong>in</strong></span> <span class='ocrx_word' id='word_1_627' title='bbox 1534 4669 1690 4712; x_wconf 89' lang='lat' dir='ltr'><strong>nsum</strong></span> <span class='ocrx_word' id='word_1_628' title='bbox 1726 4673 1817 4715; x_wconf 91' lang='lat' dir='ltr'><strong>so-</strong></span> 
     </span>
    </p>
   </div>
   <div class='ocr_carea' id='block_1_84' title="bbox 215 4737 1817 4823">
    <p class='ocr_par' dir='ltr' id='par_1_84' title="bbox 215 4737 1817 4823">
     <span class='ocr_line' id='line_1_84' title="bbox 215 4737 1817 4823; baseline 0.009 -31"><span class='ocrx_word' id='word_1_629' title='bbox 215 4737 428 4794; x_wconf 87' lang='lat' dir='ltr'><strong>cietatis</strong></span> <span class='ocrx_word' id='word_1_630' title='bbox 471 4739 701 4797; x_wconf 90' lang='lat' dir='ltr'><strong>adscivit</strong></span> <span class='ocrx_word' id='word_1_631' title='bbox 735 4759 748 4797; x_wconf 92' lang='lat'><strong>:</strong></span> <span class='ocrx_word' id='word_1_632' title='bbox 793 4741 864 4798; x_wconf 90' lang='lat' dir='ltr'><strong>ita</strong></span> <span class='ocrx_word' id='word_1_633' title='bbox 889 4742 1036 4799; x_wconf 90' lang='lat' dir='ltr'><strong>velut</strong></span> <span class='ocrx_word' id='word_1_634' title='bbox 1073 4744 1323 4816; x_wconf 58' lang='lat' dir='ltr'><strong>quaedam</strong></span> <span class='ocrx_word' id='word_1_635' title='bbox 1365 4749 1607 4819; x_wconf 83' lang='lat' dir='ltr'><strong>corporis</strong></span> <span class='ocrx_word' id='word_1_636' title='bbox 1654 4761 1817 4823; x_wconf 88' lang='lat' dir='ltr'><strong>atque</strong></span> 
     </span>
    </p>
   </div>
   <div class='ocr_carea' id='block_1_85' title="bbox 218 4829 1816 4912">
    <p class='ocr_par' dir='ltr' id='par_1_85' title="bbox 218 4829 1816 4912">
     <span class='ocr_line' id='line_1_85' title="bbox 218 4829 1816 4912; baseline 0.012 -30"><span class='ocrx_word' id='word_1_637' title='bbox 218 4829 414 4887; x_wconf 78' lang='lat' dir='ltr'><strong>anima:</strong></span> <span class='ocrx_word' id='word_1_638' title='bbox 458 4849 626 4889; x_wconf 90' lang='lat' dir='ltr'><strong>nurus</strong></span> <span class='ocrx_word' id='word_1_639' title='bbox 657 4836 904 4905; x_wconf 88' lang='lat' dir='ltr'><strong>voluptas</strong></span> <span class='ocrx_word' id='word_1_640' title='bbox 942 4837 1115 4893; x_wconf 89' lang='lat' dir='ltr'><strong>motui</strong></span> <span class='ocrx_word' id='word_1_641' title='bbox 1156 4853 1338 4910; x_wconf 71' lang='lat' dir='ltr'><strong>prava:</strong></span> <span class='ocrx_word' id='word_1_642' title='bbox 1371 4841 1686 4912; x_wconf 86' lang='lat' dir='ltr'><strong>cupiditatis</strong></span> <span class='ocrx_word' id='word_1_643' title='bbox 1728 4845 1816 4900; x_wconf 88' lang='lat' dir='ltr'><strong>in-</strong></span> 
     </span>
    </p>
   </div>
   <div class='ocr_carea' id='block_1_86' title="bbox 221 4924 394 4981">
    <p class='ocr_par' dir='ltr' id='par_1_86' title="bbox 221 4924 394 4981">
     <span class='ocr_line' id='line_1_86' title="bbox 221 4924 394 4981; baseline 0.006 -3"><span class='ocrx_word' id='word_1_644' title='bbox 221 4924 394 4981; x_wconf 89' lang='lat' dir='ltr'><strong>nubit.</strong></span> 
     </span>
    </p>
   </div>
   <div class='ocr_carea' id='block_1_87' title="bbox 295 4997 1820 5103">
    <p class='ocr_par' dir='ltr' id='par_1_87' title="bbox 295 4997 1820 5103">
     <span class='ocr_line' id='line_1_87' title="bbox 295 4997 1820 5103; baseline 0.013 -32"><span class='ocrx_word' id='word_1_645' title='bbox 295 4997 416 5074; x_wconf 67' lang='grc'><strong>145.</strong></span> <span class='ocrx_word' id='word_1_646' title='bbox 459 5021 598 5094; x_wconf 85' lang='lat' dir='ltr'><strong>Ergo</strong></span> <span class='ocrx_word' id='word_1_647' title='bbox 625 5005 882 5096; x_wconf 90' lang='lat' dir='ltr'><strong>quamdiu</strong></span> <span class='ocrx_word' id='word_1_648' title='bbox 918 5025 1118 5084; x_wconf 87' lang='lat' dir='ltr'><strong>mansit</strong></span> <span class='ocrx_word' id='word_1_649' title='bbox 1159 5027 1214 5084; x_wconf 92' lang='lat' dir='ltr'><strong>in</strong></span> <span class='ocrx_word' id='word_1_650' title='bbox 1244 5043 1350 5084; x_wconf 90' lang='lat' dir='ltr'><strong>una</strong></span> <span class='ocrx_word' id='word_1_651' title='bbox 1375 5029 1569 5098; x_wconf 90' lang='lat' dir='ltr'><strong>domo,</strong></span> <span class='ocrx_word' id='word_1_652' title='bbox 1599 5032 1820 5103; x_wconf 90' lang='lat' dir='ltr'><strong>conspi-</strong></span> 
     </span>
    </p>
   </div>
   <div class='ocr_carea' id='block_1_88' title="bbox 223 5112 1820 5196">
    <p class='ocr_par' dir='ltr' id='par_1_88' title="bbox 223 5112 1820 5196">
     <span class='ocr_line' id='line_1_88' title="bbox 223 5112 1820 5196; baseline 0.011 -30"><span class='ocrx_word' id='word_1_653' title='bbox 223 5112 464 5170; x_wconf 86' lang='lat' dir='ltr'><strong>rantibus</strong></span> <span class='ocrx_word' id='word_1_654' title='bbox 491 5118 655 5184; x_wconf 86' lang='lat' dir='ltr'><strong>vitiis,</strong></span> <span class='ocrx_word' id='word_1_655' title='bbox 680 5118 954 5174; x_wconf 87' lang='lat' dir='ltr'><strong>individua</strong></span> <span class='ocrx_word' id='word_1_656' title='bbox 988 5121 1480 5196; x_wconf 89' lang='lat' dir='ltr'><strong>inseparabilisque</strong></span> <span class='ocrx_word' id='word_1_657' title='bbox 1506 5123 1820 5195; x_wconf 78' lang='lat' dir='ltr'><strong>consensio,</strong></span> 
     </span>
    </p>
   </div>
   <div class='ocr_carea' id='block_1_89' title="bbox 222 5207 1821 5303">
    <p class='ocr_par' dir='ltr' id='par_1_89' title="bbox 222 5207 1821 5303">
     <span class='ocr_line' id='line_1_89' title="bbox 222 5207 1821 5303; baseline 0.008 -41"><span class='ocrx_word' id='word_1_658' title='bbox 222 5207 367 5264; x_wconf 85' lang='lat' dir='ltr'><strong>nulla</strong></span> <span class='ocrx_word' id='word_1_659' title='bbox 392 5209 674 5268; x_wconf 90' lang='lat' dir='ltr'><strong>videbatur</strong></span> <span class='ocrx_word' id='word_1_660' title='bbox 702 5229 824 5269; x_wconf 88' lang='lat' dir='ltr'><strong>esse</strong></span> <span class='ocrx_word' id='word_1_661' title='bbox 847 5213 1061 5270; x_wconf 85' lang='lat' dir='ltr'><strong>divisio.</strong></span> <span class='ocrx_word' id='word_1_662' title='bbox 1088 5214 1186 5271; x_wconf 89' lang='lat' dir='ltr'><strong>Ubi</strong></span> <span class='ocrx_word' id='word_1_663' title='bbox 1212 5232 1341 5273; x_wconf 91' lang='lat' dir='ltr'><strong>vero</strong></span> <span class='ocrx_word' id='word_1_664' title='bbox 1364 5219 1616 5274; x_wconf 80' lang='lat' dir='ltr'><strong>Christus</strong></span> <span class='ocrx_word' id='word_1_665' title='bbox 1644 5219 1821 5303; x_wconf 83' lang='lat' dir='ltr'><strong>ignem</strong></span> 
     </span>
    </p>
   </div>
   <div class='ocr_carea' id='block_1_90' title="bbox 297 5323 1817 5408">
    <p class='ocr_par' dir='ltr' id='par_1_90' title="bbox 297 5323 1817 5408">
     <span class='ocr_line' id='line_1_90' title="bbox 297 5323 1817 5408; baseline 0.007 -29"><span class='ocrx_word' id='word_1_666' title='bbox 297 5335 322 5364; x_wconf 74' lang='grc' dir='ltr'>ι</span> <span class='ocrx_word' id='word_1_667' title='bbox 344 5323 599 5408; x_wconf 55' lang='lat' dir='ltr'><strong>Nonnulli</strong></span> <span class='ocrx_word' id='word_1_668' title='bbox 623 5346 778 5408; x_wconf 60' lang='lat' dir='ltr'><strong>mss,</strong></span> <span class='ocrx_word' id='word_1_669' title='bbox 801 5332 1128 5387; x_wconf 83' lang='lat' dir='ltr'><strong>interioribus</strong></span> <span class='ocrx_word' id='word_1_670' title='bbox 1139 5334 1317 5408; x_wconf 79' lang='lat' dir='ltr'><strong>sulcis.</strong></span> <span class='ocrx_word' id='word_1_671' title='bbox 1346 5336 1622 5392; x_wconf 81' lang='lat' dir='ltr'><strong>Aliieliam</strong></span> <span class='ocrx_word' id='word_1_672' title='bbox 1638 5338 1817 5408; x_wconf 87' lang='lat' dir='ltr'><strong>pauci,</strong></span> 
     </span>
    </p>
   </div>
   <div class='ocr_carea' id='block_1_91' title="bbox 225 5395 1819 5475">
    <p class='ocr_par' dir='ltr' id='par_1_91' title="bbox 225 5395 1819 5475">
     <span class='ocr_line' id='line_1_91' title="bbox 225 5395 1819 5475; baseline 0.008 -24"><span class='ocrx_word' id='word_1_673' title='bbox 225 5395 480 5455; x_wconf 85' lang='lat' dir='ltr'><strong>interioris</strong></span> <span class='ocrx_word' id='word_1_674' title='bbox 500 5402 686 5475; x_wconf 77' lang='lat' dir='ltr'><strong>succis,</strong></span> <span class='ocrx_word' id='word_1_675' title='bbox 715 5395 901 5475; x_wconf 60' lang='lat' dir='ltr'><strong>verum</strong></span> <span class='ocrx_word' id='word_1_676' title='bbox 931 5414 1056 5458; x_wconf 89' lang='lat' dir='ltr'><strong>tunc</strong></span> <span class='ocrx_word' id='word_1_677' title='bbox 1083 5421 1182 5475; x_wconf 88' lang='lat' dir='ltr'><strong>pro</strong></span> <span class='ocrx_word' id='word_1_678' title='bbox 1207 5407 1498 5473; x_wconf 81' lang='lat' dir='ltr'><strong>alimentis,</strong></span> <span class='ocrx_word' id='word_1_679' title='bbox 1534 5395 1819 5475; x_wconf 75' lang='lat' dir='ltr'><strong>legendum</strong></span> 
     </span>
    </p>
   </div>
   <div class='ocr_carea' id='block_1_92' title="bbox 227 5473 1816 5535">
    <p class='ocr_par' dir='ltr' id='par_1_92' title="bbox 227 5473 1816 5535">
     <span class='ocr_line' id='line_1_92' title="bbox 227 5473 1816 5535; baseline 0.006 -12"><span class='ocrx_word' id='word_1_680' title='bbox 227 5481 398 5532; x_wconf 57' lang='lat' dir='ltr'><strong>esst‘t,</strong></span> <span class='ocrx_word' id='word_1_681' title='bbox 454 5474 702 5528; x_wconf 84' lang='lat' dir='ltr'><strong>alimenti.</strong></span> <span class='ocrx_word' id='word_1_682' title='bbox 752 5473 959 5528; x_wconf 63' lang='lat' dir='ltr'><strong>Rursus</strong></span> <span class='ocrx_word' id='word_1_683' title='bbox 989 5473 1298 5532; x_wconf 35' lang='lat' dir='ltr'><strong>ubi—omnes</strong></span> <span class='ocrx_word' id='word_1_684' title='bbox 1319 5479 1452 5534; x_wconf 91' lang='lat' dir='ltr'><strong>edit.</strong></span> <span class='ocrx_word' id='word_1_685' title='bbox 1509 5473 1631 5535; x_wconf 70' lang='lat' dir='ltr'><strong>cum</strong></span> <span class='ocrx_word' id='word_1_686' title='bbox 1685 5496 1816 5534; x_wconf 86' lang='lat' dir='ltr'><strong>mss.</strong></span> 
     </span>
    </p>
   </div>
   <div class='ocr_carea' id='block_1_93' title="bbox 227 5539 1821 5620">
    <p class='ocr_par' dir='ltr' id='par_1_93' title="bbox 227 5539 1821 5620">
     <span class='ocr_line' id='line_1_93' title="bbox 227 5539 1821 5620; baseline 0.008 -27"><span class='ocrx_word' id='word_1_687' title='bbox 227 5539 426 5620; x_wconf 79' lang='lat' dir='ltr'><strong>aliquot</strong></span> <span class='ocrx_word' id='word_1_688' title='bbox 445 5585 464 5620; x_wconf 43' lang='grc' dir='ltr'>ε</span> <span class='ocrx_word' id='word_1_689' title='bbox 485 5559 584 5599; x_wconf 89' lang='lat' dir='ltr'><strong>nec</strong></span> <span class='ocrx_word' id='word_1_690' title='bbox 606 5548 873 5620; x_wconf 9' lang='lat' dir='ltr'><strong>nongAttg.</strong></span> <span class='ocrx_word' id='word_1_691' title='bbox 897 5545 1102 5602; x_wconf 85' lang='lat' dir='ltr'><strong>Lovau.</strong></span> <span class='ocrx_word' id='word_1_692' title='bbox 1133 5548 1263 5603; x_wconf 88' lang='lat' dir='ltr'><strong>edit.</strong></span> <span class='ocrx_word' id='word_1_693' title='bbox 1293 5552 1604 5620; x_wconf 71' lang='lat' dir='ltr'><strong>prtuferunt,</strong></span> <span class='ocrx_word' id='word_1_694' title='bbox 1637 5552 1821 5607; x_wconf 71' lang='lat' dir='ltr'><strong>etenim</strong></span> 
     </span>
    </p>
   </div>
   <div class='ocr_carea' id='block_1_94' title="bbox 227 5613 1818 5689">
    <p class='ocr_par' dir='ltr' id='par_1_94' title="bbox 227 5613 1818 5689">
     <span class='ocr_line' id='line_1_94' title="bbox 227 5613 1818 5689; baseline 0.01 -26"><span class='ocrx_word' id='word_1_695' title='bbox 227 5613 386 5689; x_wconf 64' lang='lat' dir='ltr'><strong>ratio,</strong></span> <span class='ocrx_word' id='word_1_696' title='bbox 417 5616 594 5683; x_wconf 80' lang='lat' dir='ltr'><strong>plures</strong></span> <span class='ocrx_word' id='word_1_697' title='bbox 621 5613 965 5685; x_wconf 68' lang='lat' dir='ltr'><strong>potioresque</strong></span> <span class='ocrx_word' id='word_1_698' title='bbox 1007 5637 1135 5674; x_wconf 67' lang='lat' dir='ltr'><strong>mss.</strong></span> <span class='ocrx_word' id='word_1_699' title='bbox 1173 5613 1382 5689; x_wconf 82' lang='lat' dir='ltr'><strong>legunt,</strong></span> <span class='ocrx_word' id='word_1_700' title='bbox 1417 5613 1601 5678; x_wconf 75' lang='lat' dir='ltr'><strong>etenim</strong></span> <span class='ocrx_word' id='word_1_701' title='bbox 1633 5625 1818 5679; x_wconf 86' lang='lat' dir='ltr'><strong>oratio.</strong></span> 
     </span>
    </p>
   </div>
   <div class='ocr_carea' id='block_1_95' title="bbox 228 5679 1818 5765">
    <p class='ocr_par' dir='ltr' id='par_1_95' title="bbox 228 5679 1818 5765">
     <span class='ocr_line' id='line_1_95' title="bbox 228 5679 1818 5765; baseline 0.006 -27"><span class='ocrx_word' id='word_1_702' title='bbox 228 5679 328 5738; x_wconf 86' lang='lat' dir='ltr'><strong>Ubi</strong></span> <span class='ocrx_word' id='word_1_703' title='bbox 357 5679 499 5765; x_wconf 75' lang='lat' dir='ltr'><strong>_vero</strong></span> <span class='ocrx_word' id='word_1_704' title='bbox 547 5679 675 5742; x_wconf 79' lang='lat' dir='ltr'><strong>edit.</strong></span> <span class='ocrx_word' id='word_1_705' title='bbox 733 5679 934 5765; x_wconf 71' lang='lat' dir='ltr'><strong>Atnerb</strong></span> <span class='ocrx_word' id='word_1_706' title='bbox 963 5732 978 5756; x_wconf 90' lang='lat'><strong>,</strong></span> <span class='ocrx_word' id='word_1_707' title='bbox 1037 5679 1252 5765; x_wconf 37' lang='lat' dir='ltr'><strong>Itoni;</strong></span> <span class='ocrx_word' id='word_1_708' title='bbox 1277 5679 1411 5765; x_wconf 79' lang='lat' dir='ltr'><strong>Aug.</strong></span> <span class='ocrx_word' id='word_1_709' title='bbox 1456 5694 1574 5748; x_wconf 90' lang='lat' dir='ltr'><strong>loco</strong></span> <span class='ocrx_word' id='word_1_710' title='bbox 1621 5695 1715 5749; x_wconf 89' lang='lat' dir='ltr'><strong>cit.</strong></span> <span class='ocrx_word' id='word_1_711' title='bbox 1764 5704 1818 5748; x_wconf 92' lang='lat' dir='ltr'><strong>et</strong></span> 
     </span>
    </p>
   </div>
   <div class='ocr_carea' id='block_1_96' title="bbox 228 5757 1820 5830">
    <p class='ocr_par' dir='ltr' id='par_1_96' title="bbox 228 5757 1820 5830">
     <span class='ocr_line' id='line_1_96' title="bbox 228 5757 1820 5830; baseline 0.008 -23"><span class='ocrx_word' id='word_1_712' title='bbox 228 5757 456 5830; x_wconf 75' lang='lat' dir='ltr'><strong>maxima</strong></span> <span class='ocrx_word' id='word_1_713' title='bbox 486 5774 608 5830; x_wconf 67' lang='lat' dir='ltr'><strong>pars</strong></span> <span class='ocrx_word' id='word_1_714' title='bbox 638 5775 749 5813; x_wconf 87' lang='lat' dir='ltr'><strong>mss</strong></span> <span class='ocrx_word' id='word_1_715' title='bbox 797 5762 1075 5817; x_wconf 83' lang='lat' dir='ltr'><strong>uobiscum</strong></span> <span class='ocrx_word' id='word_1_716' title='bbox 1103 5762 1334 5829; x_wconf 83' lang='lat' dir='ltr'><strong>habent,</strong></span> <span class='ocrx_word' id='word_1_717' title='bbox 1361 5757 1820 5830; x_wconf 43' lang='lat' dir='ltr'><strong>vdiversoriumque</strong></span> 
     </span>
    </p>
   </div>
   <div class='ocr_carea' id='block_1_97' title="bbox 229 5825 1815 5908">
    <p class='ocr_par' dir='ltr' id='par_1_97' title="bbox 229 5825 1815 5908">
     <span class='ocr_line' id='line_1_97' title="bbox 229 5825 1815 5908; baseline 0.009 -31"><span class='ocrx_word' id='word_1_718' title='bbox 229 5825 498 5908; x_wconf 51' lang='lat' dir='ltr'><strong>uitiorum,</strong></span> <span class='ocrx_word' id='word_1_719' title='bbox 535 5829 657 5884; x_wconf 84' lang='lat' dir='ltr'><strong>Era.</strong></span> <span class='ocrx_word' id='word_1_720' title='bbox 687 5833 888 5908; x_wconf 79' lang='lat' dir='ltr'><strong>etGill.</strong></span> <span class='ocrx_word' id='word_1_721' title='bbox 919 5849 1042 5890; x_wconf 87' lang='lat' dir='ltr'><strong>cum</strong></span> <span class='ocrx_word' id='word_1_722' title='bbox 1087 5825 1445 5908; x_wconf 49' lang='lat' dir='ltr'><strong>alit&#39;tltltlﬂss‘.</strong></span> <span class='ocrx_word' id='word_1_723' title='bbox 1480 5825 1815 5908; x_wconf 73' lang='lat' dir='ltr'><strong>maluerunt,</strong></span> 
     </span>
    </p>
   </div>
   <div class='ocr_carea' id='block_1_98' title="bbox 229 5894 1814 5977">
    <p class='ocr_par' dir='ltr' id='par_1_98' title="bbox 229 5894 1814 5977">
     <span class='ocr_line' id='line_1_98' title="bbox 229 5894 1814 5977; baseline 0.012 -28"><span class='ocrx_word' id='word_1_724' title='bbox 229 5894 638 5977; x_wconf 62' lang='lat' dir='ltr'><strong>diuersorumque</strong></span> <span class='ocrx_word' id='word_1_725' title='bbox 664 5904 938 5977; x_wconf 75' lang='lat' dir='ltr'><strong>vitiorum:</strong></span> <span class='ocrx_word' id='word_1_726' title='bbox 983 5907 1125 5974; x_wconf 85' lang='lat' dir='ltr'><strong>quod</strong></span> <span class='ocrx_word' id='word_1_727' title='bbox 1152 5894 1196 5961; x_wconf 81' lang='lat' dir='ltr'><strong>si</strong></span> <span class='ocrx_word' id='word_1_728' title='bbox 1227 5906 1314 5962; x_wconf 87' lang='lat' dir='ltr'><strong>cui</strong></span> <span class='ocrx_word' id='word_1_729' title='bbox 1364 5907 1571 5977; x_wconf 87' lang='lat' dir='ltr'><strong>placeat</strong></span> <span class='ocrx_word' id='word_1_730' title='bbox 1612 5894 1814 5967; x_wconf 53' lang='lat' dir='ltr'><strong>subau:</strong></span> 
     </span>
    </p>
   </div>
   <div class='ocr_carea' id='block_1_99' title="bbox 231 5964 1568 6050">
    <p class='ocr_par' dir='ltr' id='par_1_99' title="bbox 231 5964 1568 6050">
     <span class='ocr_line' id='line_1_99' title="bbox 231 5964 1568 6050; baseline 0.012 -28"><span class='ocrx_word' id='word_1_731' title='bbox 231 5964 483 6026; x_wconf 84' lang='lat' dir='ltr'><strong>diendum</strong></span> <span class='ocrx_word' id='word_1_732' title='bbox 513 5964 647 6038; x_wconf 79' lang='lat' dir='ltr'><strong>erit,</strong></span> <span class='ocrx_word' id='word_1_733' title='bbox 681 5964 1196 6048; x_wconf 62' lang='lat' dir='ltr'><strong>volutabrum&#39;supra</strong></span> <span class='ocrx_word' id='word_1_734' title='bbox 1228 5964 1568 6050; x_wconf 64' lang='lat' dir='ltr'><strong>expressum.</strong></span> 
     </span>
    </p>
   </div>
   <div class='ocr_carea' id='block_1_100' title="bbox 655 6066 1120 6131">
    <p class='ocr_par' dir='ltr' id='par_1_100' title="bbox 655 6066 1120 6131">
     <span class='ocr_line' id='line_1_100' title="bbox 655 6066 1120 6131; baseline 0.006 -3"><span class='ocrx_word' id='word_1_735' title='bbox 655 6066 932 6129; x_wconf 69' lang='grc' dir='ltr'><strong>Ριτιιοι..</strong></span> <span class='ocrx_word' id='word_1_736' title='bbox 979 6069 1120 6131; x_wconf 83' lang='lat' dir='ltr'><strong>XV.</strong></span> 
     </span>
    </p>
   </div>
   <div class='ocr_carea' id='block_1_101' title="bbox 1923 4084 2523 4155">
    <p class='ocr_par' dir='ltr' id='par_1_101' title="bbox 1923 4084 2523 4155">
     <span class='ocr_line' id='line_1_101' title="bbox 1923 4084 2523 4155; baseline -0.012 -9"><span class='ocrx_word' id='word_1_737' title='bbox 1923 4089 2166 4146; x_wconf 88' lang='lat' dir='ltr'><strong>studium</strong></span> <span class='ocrx_word' id='word_1_738' title='bbox 2195 4084 2523 4155; x_wconf 65' lang='lat' dir='ltr'><strong>disciplinae.</strong></span> 
     </span>
    </p>
   </div>
   <div class='ocr_carea' id='block_1_102' title="bbox 1999 4175 3530 4249">
    <p class='ocr_par' dir='ltr' id='par_1_102' title="bbox 1999 4175 3530 4249">
     <span class='ocr_line' id='line_1_102' title="bbox 1999 4175 3530 4249; baseline -0.003 -11"><span class='ocrx_word' id='word_1_739' title='bbox 1999 4182 2126 4238; x_wconf 77' lang='grc'><strong>148.</strong></span> <span class='ocrx_word' id='word_1_740' title='bbox 2166 4177 2620 4249; x_wconf 60' lang='grc' dir='ltr'><strong>ϐοηοιιρὺοειιιία</strong></span> <span class='ocrx_word' id='word_1_741' title='bbox 2657 4191 2876 4248; x_wconf 89' lang='lat' dir='ltr'><strong>quoque</strong></span> <span class='ocrx_word' id='word_1_742' title='bbox 2927 4191 3109 4232; x_wconf 88' lang='lat' dir='ltr'><strong>rerum</strong></span> <span class='ocrx_word' id='word_1_743' title='bbox 3150 4175 3442 4242; x_wconf 88' lang='lat' dir='ltr'><strong>malarum,</strong></span> <span class='ocrx_word' id='word_1_744' title='bbox 3471 4185 3530 4233; x_wconf 89' lang='lat' dir='ltr'><strong>et</strong></span> 
     </span>
    </p>
   </div>
   <div class='ocr_carea' id='block_1_103' title="bbox 1924 4267 3524 4349">
    <p class='ocr_par' dir='ltr' id='par_1_103' title="bbox 1924 4267 3524 4349">
     <span class='ocr_line' id='line_1_103' title="bbox 1924 4267 3524 4349; baseline -0.003 -20"><span class='ocrx_word' id='word_1_745' title='bbox 1924 4276 2144 4349; x_wconf 89' lang='lat' dir='ltr'><strong>quidam</strong></span> <span class='ocrx_word' id='word_1_746' title='bbox 2197 4286 2378 4330; x_wconf 83' lang='lat' dir='ltr'><strong>m0tus</strong></span> <span class='ocrx_word' id='word_1_747' title='bbox 2423 4270 2680 4328; x_wconf 85' lang='lat' dir='ltr'><strong>fervidior</strong></span> <span class='ocrx_word' id='word_1_748' title='bbox 2723 4267 3040 4336; x_wconf 85' lang='lat' dir='ltr'><strong>cupiditatis</strong></span> <span class='ocrx_word' id='word_1_749' title='bbox 3101 4269 3199 4326; x_wconf 89' lang='lat' dir='ltr'><strong>Dei</strong></span> <span class='ocrx_word' id='word_1_750' title='bbox 3249 4269 3417 4325; x_wconf 88' lang='lat' dir='ltr'><strong>verbo</strong></span> <span class='ocrx_word' id='word_1_751' title='bbox 3469 4270 3524 4325; x_wconf 91' lang='lat' dir='ltr'><strong>itt</strong></span> 
     </span>
    </p>
   </div>
   <div class='ocr_carea' id='block_1_104' title="bbox 1921 4363 3526 4444">
    <p class='ocr_par' dir='ltr' id='par_1_104' title="bbox 1921 4363 3526 4444">
     <span class='ocr_line' id='line_1_104' title="bbox 1921 4363 3526 4444; baseline -0.006 -15"><span class='ocrx_word' id='word_1_752' title='bbox 1921 4372 2217 4444; x_wconf 90' lang='lat' dir='ltr'><strong>appetitum</strong></span> <span class='ocrx_word' id='word_1_753' title='bbox 2257 4365 2655 4426; x_wconf 68' lang='lat' dir='ltr'><strong>transfundatur</strong></span> <span class='ocrx_word' id='word_1_754' title='bbox 2677 4364 2880 4420; x_wconf 68' lang='lat' dir='ltr'><strong>divinae</strong></span> <span class='ocrx_word' id='word_1_755' title='bbox 2906 4363 3189 4420; x_wconf 85' lang='lat' dir='ltr'><strong>charitatis</strong></span> <span class='ocrx_word' id='word_1_756' title='bbox 3216 4372 3270 4419; x_wconf 90' lang='lat' dir='ltr'><strong>et</strong></span> <span class='ocrx_word' id='word_1_757' title='bbox 3299 4364 3526 4429; x_wconf 87' lang='lat' dir='ltr'><strong>amoris,</strong></span> 
     </span>
    </p>
   </div>
   <div class='ocr_carea' id='block_1_105' title="bbox 1919 4455 3527 4536">
    <p class='ocr_par' dir='ltr' id='par_1_105' title="bbox 1919 4455 3527 4536">
     <span class='ocr_line' id='line_1_105' title="bbox 1919 4455 3527 4536; baseline -0.007 -14"><span class='ocrx_word' id='word_1_758' title='bbox 1919 4476 2082 4536; x_wconf 87' lang='lat' dir='ltr'><strong>atque</strong></span> <span class='ocrx_word' id='word_1_759' title='bbox 2110 4465 2163 4520; x_wconf 93' lang='lat' dir='ltr'><strong>in</strong></span> <span class='ocrx_word' id='word_1_760' title='bbox 2185 4461 2376 4520; x_wconf 84' lang='lat' dir='ltr'><strong>eadem</strong></span> <span class='ocrx_word' id='word_1_761' title='bbox 2405 4467 2593 4515; x_wconf 89' lang='lat' dir='ltr'><strong>natura</strong></span> <span class='ocrx_word' id='word_1_762' title='bbox 2629 4457 2687 4512; x_wconf 89' lang='lat' dir='ltr'><strong>fit</strong></span> <span class='ocrx_word' id='word_1_763' title='bbox 2716 4457 2865 4512; x_wconf 91' lang='lat' dir='ltr'><strong>varia</strong></span> <span class='ocrx_word' id='word_1_764' title='bbox 2893 4455 3213 4526; x_wconf 89' lang='lat' dir='ltr'><strong>disciplina,</strong></span> <span class='ocrx_word' id='word_1_765' title='bbox 3244 4457 3527 4528; x_wconf 85' lang='lat' dir='ltr'><strong>multoque</strong></span> 
     </span>
    </p>
   </div>
   <div class='ocr_carea' id='block_1_106' title="bbox 1920 4550 3524 4626">
    <p class='ocr_par' dir='ltr' id='par_1_106' title="bbox 1920 4550 3524 4626">
     <span class='ocr_line' id='line_1_106' title="bbox 1920 4550 3524 4626; baseline -0.007 -9"><span class='ocrx_word' id='word_1_766' title='bbox 1920 4561 2205 4618; x_wconf 90' lang='lat' dir='ltr'><strong>meliorem</strong></span> <span class='ocrx_word' id='word_1_767' title='bbox 2234 4571 2396 4626; x_wconf 89' lang='lat' dir='ltr'><strong>quam</strong></span> <span class='ocrx_word' id='word_1_768' title='bbox 2444 4562 2600 4614; x_wconf 89' lang='lat' dir='ltr'><strong>antea</strong></span> <span class='ocrx_word' id='word_1_769' title='bbox 2629 4551 2963 4622; x_wconf 84' lang='lat' dir='ltr'><strong>voluptatem</strong></span> <span class='ocrx_word' id='word_1_770' title='bbox 2995 4550 3096 4605; x_wconf 90' lang='lat' dir='ltr'><strong>sibi</strong></span> <span class='ocrx_word' id='word_1_771' title='bbox 3139 4550 3524 4621; x_wconf 75' lang='lat' dir='ltr'><strong>mysteriorum</strong></span> 
     </span>
    </p>
   </div>
   <div class='ocr_carea' id='block_1_107' title="bbox 1918 4643 3528 4715">
    <p class='ocr_par' dir='ltr' id='par_1_107' title="bbox 1918 4643 3528 4715">
     <span class='ocr_line' id='line_1_107' title="bbox 1918 4643 3528 4715; baseline -0.014 -7"><span class='ocrx_word' id='word_1_772' title='bbox 1918 4653 2224 4711; x_wconf 59' lang='lat' dir='ltr'><strong>caelestium</strong></span> <span class='ocrx_word' id='word_1_773' title='bbox 2255 4649 2348 4704; x_wconf 90' lang='lat' dir='ltr'><strong>ille</strong></span> <span class='ocrx_word' id='word_1_774' title='bbox 2374 4649 2625 4715; x_wconf 88' lang='lat' dir='ltr'><strong>corporis</strong></span> <span class='ocrx_word' id='word_1_775' title='bbox 2645 4655 2808 4712; x_wconf 89' lang='lat' dir='ltr'><strong>atque</strong></span> <span class='ocrx_word' id='word_1_776' title='bbox 2829 4643 3027 4698; x_wconf 67' lang='lat' dir='ltr'><strong>animm</strong></span> <span class='ocrx_word' id='word_1_777' title='bbox 3043 4643 3317 4713; x_wconf 85' lang='lat' dir='ltr'><strong>appetitus</strong></span> <span class='ocrx_word' id='word_1_778' title='bbox 3336 4643 3528 4714; x_wconf 86' lang='lat' dir='ltr'><strong>aequi.</strong></span> 
     </span>
    </p>
   </div>
   <div class='ocr_carea' id='block_1_108' title="bbox 1922 4737 3528 4808">
    <p class='ocr_par' dir='ltr' id='par_1_108' title="bbox 1922 4737 3528 4808">
     <span class='ocr_line' id='line_1_108' title="bbox 1922 4737 3528 4808; baseline -0.009 -2"><span class='ocrx_word' id='word_1_779' title='bbox 1922 4749 2014 4806; x_wconf 88' lang='lat' dir='ltr'><strong>rit.</strong></span> <span class='ocrx_word' id='word_1_780' title='bbox 2058 4746 2238 4802; x_wconf 85' lang='lat' dir='ltr'><strong>Alitttr</strong></span> <span class='ocrx_word' id='word_1_781' title='bbox 2286 4742 2432 4798; x_wconf 89' lang='lat' dir='ltr'><strong>enim</strong></span> <span class='ocrx_word' id='word_1_782' title='bbox 2462 4742 2675 4795; x_wconf 91' lang='lat' dir='ltr'><strong>animus</strong></span> <span class='ocrx_word' id='word_1_783' title='bbox 2702 4737 3013 4808; x_wconf 86' lang='lat' dir='ltr'><strong>cognitione</strong></span> <span class='ocrx_word' id='word_1_784' title='bbox 3055 4752 3260 4799; x_wconf 88' lang='lat' dir='ltr'><strong>rerum,</strong></span> <span class='ocrx_word' id='word_1_785' title='bbox 3291 4745 3348 4792; x_wconf 89' lang='lat' dir='ltr'><strong>et</strong></span> <span class='ocrx_word' id='word_1_786' title='bbox 3375 4751 3528 4792; x_wconf 84' lang='lat' dir='ltr'><strong>corn-</strong></span> 
     </span>
    </p>
   </div>
   <div class='ocr_carea' id='block_1_109' title="bbox 1920 4831 3526 4916">
    <p class='ocr_par' dir='ltr' id='par_1_109' title="bbox 1920 4831 3526 4916">
     <span class='ocr_line' id='line_1_109' title="bbox 1920 4831 3526 4916; baseline -0.008 -17"><span class='ocrx_word' id='word_1_787' title='bbox 1920 4852 2075 4916; x_wconf 88' lang='lat' dir='ltr'><strong>perta</strong></span> <span class='ocrx_word' id='word_1_788' title='bbox 2127 4840 2435 4895; x_wconf 90' lang='lat' dir='ltr'><strong>futurorum</strong></span> <span class='ocrx_word' id='word_1_789' title='bbox 2493 4831 2922 4904; x_wconf 66' lang='lat' dir='ltr'><strong>repromissione</strong></span> <span class='ocrx_word' id='word_1_790' title='bbox 2963 4831 3279 4896; x_wconf 86' lang='lat' dir='ltr'><strong>sublimior,</strong></span> <span class='ocrx_word' id='word_1_791' title='bbox 3328 4831 3526 4887; x_wconf 62' lang='lat' dir='ltr'><strong>animas</strong></span> 
     </span>
    </p>
   </div>
   <div class='ocr_carea' id='block_1_110' title="bbox 1919 4925 3528 5006">
    <p class='ocr_par' dir='ltr' id='par_1_110' title="bbox 1919 4925 3528 5006">
     <span class='ocr_line' id='line_1_110' title="bbox 1919 4925 3528 5006; baseline -0.006 -16"><span class='ocrx_word' id='word_1_792' title='bbox 1919 4949 2087 5006; x_wconf 89' lang='lat' dir='ltr'><strong>opera</strong></span> <span class='ocrx_word' id='word_1_793' title='bbox 2139 4941 2356 4986; x_wconf 76' lang='lat' dir='ltr'><strong>veluSta</strong></span> <span class='ocrx_word' id='word_1_794' title='bbox 2386 4927 2597 4983; x_wconf 90' lang='lat' dir='ltr'><strong>fastidit</strong></span> <span class='ocrx_word' id='word_1_795' title='bbox 2631 4944 2644 4982; x_wconf 90' lang='lat'><strong>:</strong></span> <span class='ocrx_word' id='word_1_796' title='bbox 2669 4925 2925 4981; x_wconf 79' lang='lat' dir='ltr'><strong>Animalis</strong></span> <span class='ocrx_word' id='word_1_797' title='bbox 2950 4927 3095 4980; x_wconf 85' lang='lat' dir='ltr'><strong>enim</strong></span> <span class='ocrx_word' id='word_1_798' title='bbox 3117 4925 3270 4980; x_wconf 80' lang='lat' dir='ltr'><strong>homo</strong></span> <span class='ocrx_word' id='word_1_799' title='bbox 3289 4940 3528 4997; x_wconf 85' lang='lat' dir='ltr'><strong>nonper-</strong></span> 
     </span>
    </p>
   </div>
   <div class='ocr_carea' id='block_1_111' title="bbox 1922 5012 3526 5096">
    <p class='ocr_par' dir='ltr' id='par_1_111' title="bbox 1922 5012 3526 5096">
     <span class='ocr_line' id='line_1_111' title="bbox 1922 5012 3526 5096; baseline -0.005 -15"><span class='ocrx_word' id='word_1_800' title='bbox 1922 5029 2049 5096; x_wconf 85' lang='lat' dir='ltr'><strong>cipit</strong></span> <span class='ocrx_word' id='word_1_801' title='bbox 2093 5039 2205 5096; x_wconf 67' lang='lat' dir='ltr'><strong>qua!</strong></span> <span class='ocrx_word' id='word_1_802' title='bbox 2245 5032 2365 5078; x_wconf 84' lang='lat' dir='ltr'><strong>sunt</strong></span> <span class='ocrx_word' id='word_1_803' title='bbox 2412 5021 2635 5094; x_wconf 81' lang='lat' dir='ltr'><strong>spiritus</strong></span> <span class='ocrx_word' id='word_1_804' title='bbox 2694 5017 2833 5085; x_wconf 85' lang='lat' dir='ltr'><strong>Dei;</strong></span> <span class='ocrx_word' id='word_1_805' title='bbox 2891 5019 3112 5073; x_wconf 89' lang='lat' dir='ltr'><strong>stultitia</strong></span> <span class='ocrx_word' id='word_1_806' title='bbox 3158 5019 3294 5074; x_wconf 82' lang='lat' dir='ltr'><strong>enim</strong></span> <span class='ocrx_word' id='word_1_807' title='bbox 3340 5017 3419 5073; x_wconf 83' lang='lat' dir='ltr'><strong>illi</strong></span> <span class='ocrx_word' id='word_1_808' title='bbox 3448 5012 3526 5073; x_wconf 60' lang='lat' dir='ltr'><strong>est</strong></span> 
     </span>
    </p>
   </div>
   <div class='ocr_carea' id='block_1_112' title="bbox 1921 5111 3521 5193">
    <p class='ocr_par' dir='ltr' id='par_1_112' title="bbox 1921 5111 3521 5193">
     <span class='ocr_line' id='line_1_112' title="bbox 1921 5111 3521 5193; baseline -0.006 -17"><span class='ocrx_word' id='word_1_809' title='bbox 1921 5119 1979 5193; x_wconf 83' lang='grc' dir='ltr'><strong>(Ι</strong></span> <span class='ocrx_word' id='word_1_810' title='bbox 2003 5119 2122 5178; x_wconf 89' lang='lat' dir='ltr'><strong>Cor.</strong></span> <span class='ocrx_word' id='word_1_811' title='bbox 2157 5133 2226 5185; x_wconf 87' lang='lat' dir='ltr'><strong>tt,</strong></span> <span class='ocrx_word' id='word_1_812' title='bbox 2265 5114 2364 5188; x_wconf 81' lang='grc'><strong>14)</strong></span> <span class='ocrx_word' id='word_1_813' title='bbox 2396 5136 2410 5172; x_wconf 89' lang='lat'><strong>:</strong></span> <span class='ocrx_word' id='word_1_814' title='bbox 2460 5111 2722 5183; x_wconf 87' lang='lat' dir='ltr'><strong>spiritalis</strong></span> <span class='ocrx_word' id='word_1_815' title='bbox 2760 5119 2941 5167; x_wconf 83' lang='lat' dir='ltr'><strong>autem</strong></span> <span class='ocrx_word' id='word_1_816' title='bbox 2989 5111 3253 5180; x_wconf 86' lang='lat' dir='ltr'><strong>dijudicat</strong></span> <span class='ocrx_word' id='word_1_817' title='bbox 3303 5111 3521 5177; x_wconf 80' lang='lat' dir='ltr'><strong>omnia;</strong></span> 
     </span>
    </p>
   </div>
   <div class='ocr_carea' id='block_1_113' title="bbox 1923 5205 3408 5291">
    <p class='ocr_par' dir='ltr' id='par_1_113' title="bbox 1923 5205 3408 5291">
     <span class='ocr_line' id='line_1_113' title="bbox 1923 5205 3408 5291; baseline -0.013 -18"><span class='ocrx_word' id='word_1_818' title='bbox 1923 5218 2041 5290; x_wconf 89' lang='lat' dir='ltr'><strong>ipse</strong></span> <span class='ocrx_word' id='word_1_819' title='bbox 2079 5221 2260 5269; x_wconf 90' lang='lat' dir='ltr'><strong>autem</strong></span> <span class='ocrx_word' id='word_1_820' title='bbox 2288 5226 2317 5265; x_wconf 90' lang='lat' dir='ltr'><strong>a</strong></span> <span class='ocrx_word' id='word_1_821' title='bbox 2345 5208 2565 5265; x_wconf 89' lang='lat' dir='ltr'><strong>nemine</strong></span> <span class='ocrx_word' id='word_1_822' title='bbox 2591 5205 2939 5276; x_wconf 89' lang='lat' dir='ltr'><strong>dijudicatur.</strong></span> <span class='ocrx_word' id='word_1_823' title='bbox 3398 5280 3408 5291; x_wconf 43' lang='lat'><strong><em>.</em></strong></span> 
     </span>
    </p>
   </div>
   <div class='ocr_carea' id='block_1_114' title="bbox 1990 5322 3525 5396">
    <p class='ocr_par' dir='ltr' id='par_1_114' title="bbox 1990 5322 3525 5396">
     <span class='ocr_line' id='line_1_114' title="bbox 1990 5322 3525 5396; baseline -0.006 -9"><span class='ocrx_word' id='word_1_824' title='bbox 1990 5333 2020 5373; x_wconf 76' lang='grc' dir='ltr'><strong>ι’</strong></span> <span class='ocrx_word' id='word_1_825' title='bbox 2048 5332 2250 5387; x_wconf 88' lang='lat' dir='ltr'><strong>Omnes</strong></span> <span class='ocrx_word' id='word_1_826' title='bbox 2275 5327 2405 5381; x_wconf 78' lang='lat' dir='ltr'><strong>edit.</strong></span> <span class='ocrx_word' id='word_1_827' title='bbox 2429 5340 2492 5380; x_wconf 92' lang='lat' dir='ltr'><strong>ac</strong></span> <span class='ocrx_word' id='word_1_828' title='bbox 2519 5323 2675 5396; x_wconf 91' lang='lat' dir='ltr'><strong>pauci</strong></span> <span class='ocrx_word' id='word_1_829' title='bbox 2704 5337 2860 5384; x_wconf 89' lang='lat' dir='ltr'><strong>mss..</strong></span> <span class='ocrx_word' id='word_1_830' title='bbox 2884 5323 3020 5376; x_wconf 88' lang='lat' dir='ltr'><strong>male</strong></span> <span class='ocrx_word' id='word_1_831' title='bbox 3046 5322 3170 5390; x_wconf 68' lang='lat' dir='ltr'><strong>farta</strong></span> <span class='ocrx_word' id='word_1_832' title='bbox 3191 5323 3384 5376; x_wconf 83' lang='lat' dir='ltr'><strong>animo.</strong></span> <span class='ocrx_word' id='word_1_833' title='bbox 3417 5362 3432 5377; x_wconf 93' lang='lat'><strong>.</strong></span> <span class='ocrx_word' id='word_1_834' title='bbox 3463 5361 3477 5376; x_wconf 96' lang='lat'><strong>.</strong></span> <span class='ocrx_word' id='word_1_835' title='bbox 3508 5361 3525 5378; x_wconf 94' lang='lat'><strong>.</strong></span> 
     </span>
    </p>
   </div>
   <div class='ocr_carea' id='block_1_115' title="bbox 1922 5398 3525 5466">
    <p class='ocr_par' dir='ltr' id='par_1_115' title="bbox 1922 5398 3525 5466">
     <span class='ocr_line' id='line_1_115' title="bbox 1922 5398 3525 5466; baseline -0.009 -4"><span class='ocrx_word' id='word_1_836' title='bbox 1922 5405 2128 5462; x_wconf 81' lang='lat' dir='ltr'><strong>Etenim</strong></span> <span class='ocrx_word' id='word_1_837' title='bbox 2157 5403 2244 5455; x_wconf 87' lang='lat' dir='ltr'><strong>ille</strong></span> <span class='ocrx_word' id='word_1_838' title='bbox 2273 5400 2545 5454; x_wconf 81' lang='lat' dir='ltr'><strong>valentior.</strong></span> <span class='ocrx_word' id='word_1_839' title='bbox 2578 5398 2707 5452; x_wconf 84' lang='lat' dir='ltr'><strong>Mss.</strong></span> <span class='ocrx_word' id='word_1_840' title='bbox 2742 5405 2920 5450; x_wconf 84' lang='lat' dir='ltr'><strong>autem</strong></span> <span class='ocrx_word' id='word_1_841' title='bbox 2951 5411 3146 5466; x_wconf 84' lang='lat' dir='ltr'><strong>magno</strong></span> <span class='ocrx_word' id='word_1_842' title='bbox 3174 5409 3405 5450; x_wconf 88' lang='lat' dir='ltr'><strong>numero</strong></span> <span class='ocrx_word' id='word_1_843' title='bbox 3425 5436 3441 5462; x_wconf 93' lang='lat'><strong>,</strong></span> <span class='ocrx_word' id='word_1_844' title='bbox 3465 5403 3525 5450; x_wconf 90' lang='lat' dir='ltr'><strong>ut</strong></span> 
     </span>
    </p>
   </div>
   <div class='ocr_carea' id='block_1_116' title="bbox 1923 5479 2171 5530">
    <p class='ocr_par' dir='ltr' id='par_1_116' title="bbox 1923 5479 2171 5530">
     <span class='ocr_line' id='line_1_116' title="bbox 1923 5479 2171 5530; baseline -0.008 0"><span class='ocrx_word' id='word_1_845' title='bbox 1923 5479 1976 5530; x_wconf 93' lang='lat' dir='ltr'><strong>in</strong></span> <span class='ocrx_word' id='word_1_846' title='bbox 2002 5485 2171 5530; x_wconf 81' lang='lat' dir='ltr'><strong>textu.</strong></span> 
     </span>
    </p>
   </div>
   <div class='ocr_carea' id='block_1_117' title="bbox 1923 5495 3529 5609">
    <p class='ocr_par' dir='ltr' id='par_1_117' title="bbox 1923 5495 3529 5609">
     <span class='ocr_line' id='line_1_117' title="bbox 1923 5495 3529 5609; baseline -0.006 -9"><span class='ocrx_word' id='word_1_847' title='bbox 1923 5495 1976 5534; x_wconf 75' lang='lat' dir='ltr'><em>m</em></span> <span class='ocrx_word' id='word_1_848' title='bbox 2204 5542 2428 5609; x_wconf 88' lang='lat' dir='ltr'><strong>aliquot,</strong></span> <span class='ocrx_word' id='word_1_849' title='bbox 2453 5556 2516 5593; x_wconf 87' lang='lat' dir='ltr'><strong>ne</strong></span> <span class='ocrx_word' id='word_1_850' title='bbox 2541 5537 2737 5592; x_wconf 78' lang='lat' dir='ltr'><strong>invidia</strong></span> <span class='ocrx_word' id='word_1_851' title='bbox 2760 5535 3031 5608; x_wconf 83' lang='lat' dir='ltr'><strong>(quidam,</strong></span> <span class='ocrx_word' id='word_1_852' title='bbox 3055 5537 3230 5591; x_wconf 80' lang='lat' dir='ltr'><strong>invida</strong></span> <span class='ocrx_word' id='word_1_853' title='bbox 3257 5545 3308 5593; x_wconf 90' lang='lat' dir='ltr'><strong>et</strong></span> <span class='ocrx_word' id='word_1_854' title='bbox 3334 5538 3529 5608; x_wconf 85' lang='lat' dir='ltr'><strong>impro-</strong></span> 
     </span>
    </p>
   </div>
   <div class='ocr_carea' id='block_1_118' title="bbox 1922 5611 3521 5688">
    <p class='ocr_par' dir='ltr' id='par_1_118' title="bbox 1922 5611 3521 5688">
     <span class='ocr_line' id='line_1_118' title="bbox 1922 5611 3521 5688; baseline -0.002 -23"><span class='ocrx_word' id='word_1_855' title='bbox 1922 5616 2072 5688; x_wconf 65' lang='lat' dir='ltr'><strong>vida)</strong></span> <span class='ocrx_word' id='word_1_856' title='bbox 2123 5627 2378 5685; x_wconf 86' lang='lat' dir='ltr'><strong>parentem</strong></span> <span class='ocrx_word' id='word_1_857' title='bbox 2428 5611 2598 5688; x_wconf 78' lang='lat' dir='ltr'><strong>(duo,</strong></span> <span class='ocrx_word' id='word_1_858' title='bbox 2659 5612 2962 5688; x_wconf 69' lang='lat' dir='ltr'><strong>parentum)</strong></span> <span class='ocrx_word' id='word_1_859' title='bbox 3000 5611 3250 5688; x_wconf 70' lang='lat' dir='ltr'><strong>successio</strong></span> <span class='ocrx_word' id='word_1_860' title='bbox 3293 5611 3521 5688; x_wconf 67' lang='lat' dir='ltr'><strong>peritura</strong></span> 
     </span>
    </p>
   </div>
   <div class='ocr_carea' id='block_1_119' title="bbox 1926 5680 3520 5754">
    <p class='ocr_par' dir='ltr' id='par_1_119' title="bbox 1926 5680 3520 5754">
     <span class='ocr_line' id='line_1_119' title="bbox 1926 5680 3520 5754; baseline -0.008 -8"><span class='ocrx_word' id='word_1_861' title='bbox 1926 5680 2204 5754; x_wconf 76' lang='lat' dir='ltr'><strong>destituat;</strong></span> <span class='ocrx_word' id='word_1_862' title='bbox 2249 5686 2375 5750; x_wconf 87' lang='lat' dir='ltr'><strong>duo,</strong></span> <span class='ocrx_word' id='word_1_863' title='bbox 2428 5682 2692 5749; x_wconf 82' lang='lat' dir='ltr'><strong>destruat;</strong></span> <span class='ocrx_word' id='word_1_864' title='bbox 2723 5682 2978 5743; x_wconf 79' lang='lat' dir='ltr'><strong>totidem,</strong></span> <span class='ocrx_word' id='word_1_865' title='bbox 3009 5680 3326 5734; x_wconf 76' lang='lat' dir='ltr'><strong>destruatur.</strong></span> <span class='ocrx_word' id='word_1_866' title='bbox 3354 5682 3520 5735; x_wconf 82' lang='lat' dir='ltr'><strong>Com-</strong></span> 
     </span>
    </p>
   </div>
   <div class='ocr_carea' id='block_1_120' title="bbox 1928 5754 3448 5833">
    <p class='ocr_par' dir='ltr' id='par_1_120' title="bbox 1928 5754 3448 5833">
     <span class='ocr_line' id='line_1_120' title="bbox 1928 5754 3448 5833; baseline -0.013 -13"><span class='ocrx_word' id='word_1_867' title='bbox 1928 5761 2139 5820; x_wconf 81' lang='lat' dir='ltr'><strong>modius</strong></span> <span class='ocrx_word' id='word_1_868' title='bbox 2165 5757 2284 5819; x_wconf 88' lang='lat' dir='ltr'><strong>alii,</strong></span> <span class='ocrx_word' id='word_1_869' title='bbox 2315 5755 2539 5833; x_wconf 58' lang='lat' dir='ltr'><strong>etrtlit.</strong></span> <span class='ocrx_word' id='word_1_870' title='bbox 2573 5764 2630 5807; x_wconf 90' lang='lat' dir='ltr'><strong>ttt</strong></span> <span class='ocrx_word' id='word_1_871' title='bbox 2653 5768 2766 5833; x_wconf 67' lang='lat' dir='ltr'><strong>nos</strong></span> <span class='ocrx_word' id='word_1_872' title='bbox 2796 5754 2848 5806; x_wconf 84' lang='lat' dir='ltr'><strong>in</strong></span> <span class='ocrx_word' id='word_1_873' title='bbox 2879 5767 3124 5833; x_wconf 72' lang='lat' dir='ltr'><strong>eoi-pore.</strong></span> <span class='ocrx_word' id='word_1_874' title='bbox 3202 5821 3213 5831; x_wconf 78' lang='lat'>_</span> <span class='ocrx_word' id='word_1_875' title='bbox 3415 5819 3448 5833; x_wconf 41' lang='grc' dir='ltr'>Π</span> 
     </span>
    </p>
   </div>
   <div class='ocr_carea' id='block_1_121' title="bbox 1998 5819 3520 5900">
    <p class='ocr_par' dir='ltr' id='par_1_121' title="bbox 1998 5819 3520 5900">
     <span class='ocr_line' id='line_1_121' title="bbox 1998 5819 3520 5900; baseline -0.008 -12"><span class='ocrx_word' id='word_1_876' title='bbox 1998 5833 2025 5873; x_wconf 72' lang='grc' dir='ltr'><em>ά</em></span> <span class='ocrx_word' id='word_1_877' title='bbox 2070 5838 2141 5887; x_wconf 88' lang='lat' dir='ltr'><strong>Ila</strong></span> <span class='ocrx_word' id='word_1_878' title='bbox 2167 5843 2297 5900; x_wconf 72' lang='lat' dir='ltr'><strong>mss.</strong></span> <span class='ocrx_word' id='word_1_879' title='bbox 2327 5827 2538 5900; x_wconf 84' lang='lat' dir='ltr'><strong>aliquot</strong></span> <span class='ocrx_word' id='word_1_880' title='bbox 2562 5825 2800 5880; x_wconf 81' lang='lat' dir='ltr'><strong>melioris</strong></span> <span class='ocrx_word' id='word_1_881' title='bbox 2829 5819 2992 5880; x_wconf 68' lang='grc' dir='ltr'><strong>ιιοιωξ</strong></span> <span class='ocrx_word' id='word_1_882' title='bbox 3019 5821 3214 5878; x_wconf 75' lang='lat' dir='ltr'><strong>Cteleri</strong></span> <span class='ocrx_word' id='word_1_883' title='bbox 3261 5835 3324 5875; x_wconf 93' lang='lat' dir='ltr'><strong>ac</strong></span> <span class='ocrx_word' id='word_1_884' title='bbox 3365 5819 3520 5887; x_wconf 89' lang='lat' dir='ltr'><strong>cdit.,</strong></span> 
     </span>
    </p>
   </div>
   <div class='ocr_carea' id='block_1_122' title="bbox 1927 5899 2332 5964">
    <p class='ocr_par' dir='ltr' id='par_1_122' title="bbox 1927 5899 2332 5964">
     <span class='ocr_line' id='line_1_122' title="bbox 1927 5899 2332 5964; baseline -0.03 0"><span class='ocrx_word' id='word_1_885' title='bbox 1927 5908 2112 5964; x_wconf 83' lang='lat' dir='ltr'><strong>delicta</strong></span> <span class='ocrx_word' id='word_1_886' title='bbox 2138 5899 2332 5960; x_wconf 86' lang='lat' dir='ltr'><strong>cordis,</strong></span> 
     </span>
    </p>
   </div>
   <div class='ocr_carea' id='block_1_123' title="bbox 2930 6057 3009 6121">
    <p class='ocr_par' dir='ltr' id='par_1_123' title="bbox 2930 6057 3009 6121">
     <span class='ocr_line' id='line_1_123' title="bbox 2930 6057 3009 6121; baseline 0.025 -2"><span class='ocrx_word' id='word_1_887' title='bbox 2930 6057 3009 6121; x_wconf 78' lang='grc'><strong>18</strong></span> 
     </span>
    </p>
   </div>
  </div>
