4040 6492
559 302 699 363 1759

1890 296 2141 367 sanan
2176 299 2507 376 annuosn

3727 312 3866 375 1719

632 416 814 492 (Vers.
844 415 936 485 58,
964 415 1081 491 59.)
1109 415 1247 472 Dum
1295 412 1439 471 vadis
1463 430 1580 469 cum
1621 376 1920 469 aduersario
1972 424 2058 470 tuo
2088 415 2156 468 ad
2182 421 2238 491 Α
2261 434 2332 474 ne
2355 419 2483 475 dum
2515 419 2657 475 imus
2681 433 2803 476 cum
2825 403 3229 481 adversario'ad
3258 420 3674 499 magistratum,
3703 424 3755 480 in
3782 428 3867 485 vis

446 502 461 524 ’
560 515 946 587 mgistratum,
996 515 1053 568 in
1106 514 1192 568 via
1236 513 1304 567 da
1348 526 1556 584 cperam
1598 508 1808 564 liberari
1835 508 1900 563 ab
1931 508 2060 575 illo;
2102 525 2165 563 ne

568 612 703 679 forte
731 605 1034 663 condemnet
1074 614 1123 660 te
1176 605 1319 675 apud
1337 602 1594 674 judicent,
1638 610 1686 657 et
1724 600 1886 668 iudex
1909 600 2080 655 tradat
2118 610 2166 655 te

565 699 830 767 amatori,
876 707 924 753 et
966 706 1173 752 exactor
1191 697 1362 751 mittat
1388 703 1438 749 te
1464 696 1520 750 in
1550 706 1828 749 carcerem.
1873 691 2005 748 Dico
2034 693 2163 757 tibi,

567 810 673 851 non
703 794 842 851 exies
876 791 998 847 inde
1043 790 1206 847 donec
1249 790 1405 845 etiam
1447 789 1783 845 nouissimum
1824 787 2167 860 quadrantem

564 886 782 943 reddas.
1102 927 1111 932 ε

638 982 764 1036 149.
808 978 921 1035 Hoc
948 978 1112 1034 etiam
1145 977 1433 1034 Mattlneus
1461 976 1645 1055 posuit
1674 975 1893 1051 (Matth.
1921 989 1986 1038 v,
2014 972 2115 1045 25)
2151 991 2165 1027 :

565 1074 661 1131 sed
707 1073 800 1129 ille
824 1072 1161 1149 specialiter,
1202 1073 1308 1128 iste
1354 1072 1726 1142 generaliter:
1774 1069 1868 1127 ille
1913 1068 2058 1125 enim
2101 1066 2169 1124 de

561 1166 961 1223 reconcilianda
984 1180 1120 1237 pace
1131 1164 1512 1222 dissidentium
1529 1164 1755 1220 fratrum
1778 1162 1980 1219 dictum
2012 1168 2169 1233 puta-

559 1261 676 1317 vit:
708 1260 797 1317 hic
811 1260 881 1316 de
906 1260 1250 1332 ptenitentia,
1280 1269 1335 1315 et
1354 1259 1534 1316 omnis
1554 1258 1937 1315 emendatione
1960 1255 2166 1313 delicti.

563 1351 930 1415 Discutiamus
967 1353 1129 1424 igitur
1152 1351 1245 1423 qui
1274 1350 1346 1408 sit
1369 1350 1735 1419 adversarius,
1766 1350 1860 1422 qui
1889 1350 2173 1422 magistra-

564 1452 673 1513 tus,
704 1444 796 1515 qui
822 1444 1010 1515 judex,
1043 1445 1205 1515 quive
1229 1451 1474 1509 exactor,
1508 1458 1741 1515 quemve
1772 1451 2026 1513 putemus
2049 1455 2173 1497 esse

562 1535 947 1606 quadrantem,
978 1551 1140 1608 quem
1182 1535 1288 1592 nisi
1338 1538 1461 1607 quis
1490 1535 1804 1605 exsolverlt,
1838 1536 2087 1592 mittatur
2116 1535 2171 1591 in

564 1643 846 1686 carcerem
857 1671 870 1683 .
1775 1627 1798 1643 ⁸

638 1721 765 1778 150.
808 1720 1052 1793 Etjusts
1074 1722 1389 1779 Matthaum
1413 1719 1630 1794 quidem
1673 1719 2023 1777 adversarius
2066 1727 2171 1787 est,

2267 523 2511 568 nostrum
2534 514 2863 571 condemnet
2887 531 3153 574 errorem.
3694 594 3699 595 ί

2340 605 2465 661 155.
2507 605 2636 661 Ideo
2680 614 2736 661 et
2772 607 3060 664 Mattlneus
3089 606 3203 664 ait':
3236 608 3366 671 Esto
3413 614 3741 675 consentiens
3769 611 3870 671 ad-

2266 701 2493 755 versario
2524 709 2615 755 tuo
2638 701 2763 756 dum
2814 720 2866 758 es
2910 720 3030 758 cum
3069 704 3164 759 illo
3204 704 3257 763 iu
3282 706 3363 759 via
3387 704 3612 777 (Maitlt.
3642 721 3697 771 τ,
3726 705 3828 778 25)
3855 725 3871 761 :

2267 796 2473 859 εὐνοέων
2500 807 2678 853 autem
2710 797 2935 856 Graecus
2966 800 3140 869 dixit,
3173 801 3276 861 hoc
3307 813 3393 858 est
3411 801 3789 871 benevolens;
3830 804 3875 863 si

2268 890 2413 945 enim
2440 890 2568 953 dum
2591 908 2779 953 sumus
2807 894 2861 951 in
2898 895 2999 952 hac
3026 898 3156 965 vita,
3186 898 3536 961 exsolvamus
3566 913 3669 956 nos
3703 914 3738 957 ει
3759 899 3879 955 vina

2268 982 2407 1038 culis
2435 983 2672 1054 diaboli,
2726 1001 2828 1047 nec
2880 986 2973 1045 ille
3020 1001 3244 1061 promer
3275 1005 3375 1055 nos
3414 990 3797 1059 damnabitur,
3824 1001 3878 1048 et

2270 1087 2371 1131 nos
2392 1090 2419 1127 a
2453 1075 2682 1155 vinculis
2704 1076 2823 1149 ejus
2835 1079 3043 1135 erimus
3062 1080 3246 1139 alieni.
3269 1080 3429 1147 Unde
3449 1092 3507 1147 et
3536 1098 3637 1155 pro
3654 1084 3878 1155 Assyrio

2272 1168 2515 1237 psalmus
2563 1166 2878 1231 inscribitur
2927 1172 3362 1251 septuagesimus
3423 1157 3880 1249 quintus.“Benc

2271 1274 2403 1331 ergo
2425 1262 2664 1319 consulis
2687 1261 3021 1329 adversario,
3054 1275 3107 1320 et
3138 1262 3236 1336 pro
3266 1265 3355 1323 illr
3396 1267 3641 1340 “Syrio,
3665 1265 3775 1327 hoc
3799 1274 3880 1322 est

2272 1364 2432 1416 vano,
2466 1354 2604 1409 bene
2635 1352 2787 1422 facis,
2814 1355 2861 1410 si
2887 1356 3009 1426 ejus
3038 1356 3245 1429 laqueis
3271 1368 3469 1415 exutus
3497 1357 3880 1430 praesteshauc

2273 1441 2739 1510 benevolentiam;
2769 1455 2898 1502 utet
2925 1431 3137 1521 pinnam
3172 1447 3526 1520 tuilapsuset
3540 1450 3738 1507 mortis
3758 1464 3880 1505 eva-

2275 1535 2387 1593 dat.
2420 1536 2576 1606 Quod
2607 1537 2655 1592 si
2681 1537 2913 1597 vinculis
2957 1539 3077 1613 ejus
3124 1541 3416 1607 inlnereas.
3450 1542 3633 1605 tradet
3663 1551 3716 1598 te
3750 1552 3878 1603 tam-

2275 1646 2435 1702 quam
2461 1647 2609 1688 reum
2636 1633 2994 1705 magistratui,
3022 1635 3165 1693 idem
3191 1644 3480 1697 accusator
3526 1647 3585 1703 et
3612 1636 3875 1707 Proditor.

2352 1720 2476 1779 154.
2515 1724 2645 1792 Quis
2674 1735 2758 1781 est
2788 1725 3157 1801 magistratus,
3212 1729 3316 1785 nisi
3363 1744 3536 1805 penes
3564 1745 3731 1801 quem
3764 1746 3875 1786 om-

568 1833 696 1874 enm
722 1832 832 1889 quo
857 1816 1085 1875 minime
1110 1819 1207 1876 tibi
1232 1820 1283 1875 in
1313 1820 1414 1874 hac
1438 1820 1548 1874 vita
1562 1820 1888 1874 convenisse
1905 1818 2172 1885 videatur,
2206 1814 2255 1889 Β
2284 1818 2368 1872 nis
2408 1824 2651 1888 potestas
2697 1828 2801 1882 est.
2851 1829 2907 1875 et
2926 1822 3017 1892 qui
3052 1822 3200 1894 pleni
3253 1833 3309 1885 et
3361 1823 3587 1895 perfecti
3621 1825 3875 1896 temporis

562 1912 660 1982 qui
712 1912 854 1982 apud
903 1911 1141 1993 judicent
1192 1912 1434 1970 futurum
1466 1912 1713 1970 vivorum
1763 1911 1973 1986 1M7
2011 1922 2175 1989 atque

566 2013 906 2061 mortuomm
936 2006 1203 2063 manentis
1233 2007 1521 2063 simultatis
1543 2017 1597 2063 te
1623 2009 1853 2063 crimine
1879 2014 2179 2080 persequa-

567 2114 656 2160 tur
683 2121 696 2158 :
726 2105 878 2174 juxta
899 2103 1099 2158 Lucam
1128 2111 1310 2159 autem
1342 2112 1423 2159 est
1452 2103 1801 2158 adversarius
1848 2112 2037 2159 noster
2083 2104 2178 2160 ille

565 2196 861 2268 praecipue,
877 2196 968 2266 qui
995 2194 1131 2250 serit
1152 2194 1436 2250 illecebras
1453 2193 1777 2249 delictorum
1797 2210 1813 2259 ;
1841 2204 1897 2248 ut
1914 2193 2179 2250 habeatin

566 2288 839 2359 supplicio
861 2286 1168 2358 participes,
1194 2275 1330 2357 quos
1352 2285 1539 2341 habuit
1562 2286 1616 2340 in
1643 2301 1832 2341 errore
1862 2299 2181 2344 consortes:

568 2388 734 2452 atque
755 2379 878 2435 ideo
896 2379 1075 2435 socios
1095 2380 1295 2450 quaerit
1320 2377 1387 2433 ad
1412 2377 1660 2447 culpam;
1681 2383 1740 2433 ut
1768 2377 2037 2433 obnoxios
2059 2394 2185 2449 pro-

567 2473 663 2529 dat
683 2471 751 2527 ad
778 2485 1015 2541 penam.
1043 2470 1214 2539 Quem
1244 2469 1399 2525 nobis
1418 2469 1721 2526 cavendum
1750 2469 1941 2526 Petrus
1966 2480 2186 2542 aposto-

567 2566 660 2622 lus
686 2574 876 2625 monet
914 2564 1139 2621 dicens:
1191 2563 1535 2619 Adversarius
1562 2575 1729 2619 vester
1768 2564 2008 2620 diabolus
2051 2574 2186 2620 tam-

567 2676 729 2733 quam
786 2659 867 2714 teo
920 2659 1129 2729 rapiens
1182 2666 1232 2714 et
1275 2658 1486 2731 rugiens
1534 2658 1722 2729 quierit
1775 2673 1925 2729 quem
1981 2656 2185 2714 devoret

572 2753 622 2825 (l
656 2752 803 2808 Petr.
830 2767 863 2805 v
883 2791 897 2818 ,
917 2750 1008 2823 8).
1860 2748 1863 2753 ⁴

647 2845 773 2901 151.
824 2844 924 2901 Est
972 2851 1029 2901 et
1072 2841 1420 2900 adversarius
1446 2851 1634 2899 noster
1655 2843 1807 2915 juxta
1867 2842 2182 2900 Matthaeum

581 2941 765 2993 omnis
810 2936 1028 2992 virtutis
1079 2949 1258 3001 usus,
1302 2941 1361 2989 et
1413 2936 1746 3004 apostolicus
1791 2943 1848 2991 et
1904 2930 2186 3006 propheti-

569 3044 671 3087 cus
735 3043 961 3097 sermo,
1018 3029 1111 3099 qui
1154 3041 1255 3082 nos
1318 3026 1385 3082 ad
1436 3027 1717 3098 asperiora
1768 3037 2036 3099 praecepta
2067 3071 2083 3096 ,
2132 3036 2187 3084 et

574 3120 816 3179 durioris
840 3121 965 3175 vitae
994 3119 1321 3177 documenta
1348 3118 1711 3189 constringit:
1760 3120 1849 3175 cui
1876 3120 2186 3176 consentire

2279 1910 2569 1967 sublimem
2620 1912 2722 1968 sibi
2754 1911 2984 1969 vindicat
3016 1914 3370 1985 dignitatem?
3413 1915 3497 1977 Ad
3524 1932 3692 1987 quem
3721 1916 3878 1973 bono-

2280 2017 2401 2057 rum
2431 2018 2655 2073 Operum
2684 2001 2857 2060 fretus
2885 2004 3244 2072 conscientia,
3276 2022 3383 2062 non
3414 2006 3615 2063 timens
3635 2005 3877 2065 adversa-

2281 2097 2422 2149 rium
2449 2104 2668 2151 sanctus
2689 2095 2961 2167 PrOpbeta
2990 2095 3213 2159 fesﬁnat
3244 2095 3435 2155 dicens
3461 2114 3476 2151 :
3510 2096 3691 2157 Sitivit
3718 2098 3875 2151 animo

2283 2203 2396 2241 mea
2423 2187 2492 2241 ad
2517 2186 2796 2242 Dominum
2818 2189 2987 2243 vivum
3014 2205 3032 2244 :
3058 2189 3264 2263 quando
3286 2190 3508 2258 veniam,
3537 2199 3587 2249 et
3628 2189 3873 2263 apparebo

2282 2287 2403 2333 ante
2428 2280 2611 2350 faciem
2639 2277 2737 2333 Dei
2764 2277 2939 2352 (Psal.
2971 2295 3058 2335 xu
3076 2322 3091 2345 ,
3114 2279 3226 2351 5)?
3256 2280 3356 2336 Hic
3372 2281 3516 2336 enim
3538 2282 3874 2359 magistratus

2287 2369 2461 2425 tradet
2488 2385 2640 2426 reum
2660 2370 2853 2440 judici,
2876 2372 2924 2425 ei
2948 2372 3156 2428 scilicet
3179 2372 3264 2427 cui
3288 2373 3540 2428 vivorum
3559 2381 3616 2428 et
3642 2383 3872 2429 mortuo~

2283 2476 2404 2517 rum
2432 2461 2622 2517 tribuit
2646 2471 3006 2534 potestatem:
3049 2471 3106 2519 et
3133 2464 3323 2520 tribuit
3345 2481 3443 2537 per
3474 2476 3750 2533 naturam,
3781 2482 3871 2522 non

2284 2568 2383 2624 per
2412 2555 2679 2626 gratiam;
2714 2570 2820 2609 non
2868 2556 3014 2611 enim
3046 2553 3261 2639 ιω
3309 2572 3468 2627 quam
3512 2571 3623 2612 non
3656 2556 3874 2612 habebat

2284 2648 2514 2718 accepit,
2565 2648 2660 2705 sed
2686 2664 2847 2720 quam
2876 2664 2941 2705 ex
2976 2650 3275 2705 substantia
3301 2649 3481 2705 Patris
3508 2666 3631 2707 cum
3662 2665 3872 2721 genera-

2284 2749 2458 2811 rctur,
2488 2742 2804 2814 assumpsit.
2843 2732 2998 2799 Hunc
3043 2744 3417 2816 magistratum
3451 2745 3551 2801 tibi
3581 2744 3872 2819 ctjudicem

2285 2844 2575 2897 monstrat,
2604 2837 2695 2903 qui
2742 2836 3064 2892 monstravit
3102 2847 3497 2906 accusatorem,
3550 2848 3609 2894 et
3658 2838 3874 2901 ostendit

2286 2928 2506 2997 quando
2531 2928 2605 2982 sit
2624 2928 2949 2985 revelandus
2973 2945 2987 2983 :
3012 2928 3081 2984 In
3105 2929 3209 2993 die,
3237 2930 3436 3002 inquit,
3482 2949 3589 3003 qua
3631 2932 3874 3007 judicabit

2289 3019 2432 3076 Deus
2459 3022 2665 3077 occulta
2709 3024 2975 3079 hominum
3016 3025 3299 3085 secundant
3350 3024 3700 3101 Evangelium
3724 3044 3873 3082 meum

2288 3134 2380 3187 per
2404 3116 2583 3173 Iesum
2602 3118 2867 3175 Christum
2890 3119 3175 3187 Dominum
3200 3133 3431 3179 nostrum
3458 3122 3639 3195 (Rom.
3675 3140 3735 3189 ιι,
3767 3124 3869 3196 16).

544 3229 676 3270 -nos
702 3213 985 3277 convenit,
1007 3218 1069 3267 ut
1092 3226 1217 3266 eum
1246 3212 1503 3281 operibus
1529 3212 1878 3278 aemulemur;
1912 3228 1981 3268 ne
2002 3212 2183 3283 aliqua
2210 3209 2257 3285 C
2289 3209 2393 3268 Hic
2418 3212 2580 3283 igitur
2602 3223 2687 3269 est
2711 3214 2877 3285 judex
2892 3214 3054 3271 Iesus
3080 3215 3353 3284 Christus,
3376 3232 3473 3288 per
3497 3232 3661 3293 quem
3686 3217 3872 3281 occulta

575 3305 756 3362 nostri
776 3303 1121 3362 contumacia
1149 3303 1220 3359 ab
1240 3318 1312 3359 eo
1345 3303 1646 3360 descivisse
1673 3304 1987 3375 prodamur.
2022 3304 2185 3361 Juxta

580 3400 783 3461 Lucam
824 3408 1013 3454 autem
1044 3413 1209 3456 nemo
1254 3398 1414 3454 nobis
1445 3400 1617 3470 magis
1647 3398 1995 3456 adversarius
2022 3415 2186 3469 quam

582 3501 772 3549 noster
806 3499 892 3547 est
928 3492 1135 3562 lapsus,
1156 3491 1248 3562 qui
1278 3505 1379 3546 nos
1408 3492 1534 3546 vitae
1566 3501 1771 3547 nostra:
1799 3502 2024 3549 accusat
2044 3493 2189 3549 indi-

580 3588 729 3643 ciis:
785 3602 894 3642 non
939 3585 1081 3656 quod
1127 3586 1490 3642 accusationis
1540 3588 1703 3643 ullius
1749 3587 1916 3658 judex
1976 3588 2187 3645 futurus

581 3680 1074 3755 quairatolilcium,
1104 3679 1202 3737 sed
1228 3681 1374 3752 quod
1415 3681 1556 3752 apud
1582 3684 1826 3739 omnium
1854 3684 2190 3755 cognitorem

500 3778 505 3781 ’
584 3784 775 3831 noster
802 3788 903 3831 nos
930 3783 1085 3829 actus
1114 3782 1355 3839 accusat,
1378 3774 1508 3829 dum
1534 3774 1605 3829 ab
1632 3791 1734 3830 usu
1782 3777 2022 3845 virtutis,
2062 3792 2193 3849 apo-

583 3868 905 3940 stolicisque
935 3868 1221 3938 praeceptis
1247 3868 1520 3923 invenitur
1544 3867 1779 3925 alienus.

659 3951 786 4018 £53.
828 3960 1015 4033 Itaque
1029 3960 1375 4016 adversarius
1397 3960 1555 4017 nobis
1575 3962 1750 4017 omnis
1772 3964 2023 4021 vitiorum
2036 3978 2189 4032 usus,

584 4056 901 4113 adversaria
949 4054 1107 4111 nobis
1132 4054 1325 4122 libido,
1357 4054 1669 4111 adversaria
1720 4057 1967 4123 avaritia,
2001 4059 2196 4115 adver—

587 4150 732 4206 saria
787 4148 966 4206 omnis
1019 4147 1365 4218 improbitas,
1428 4147 1741 4204 adversaria
1797 4150 1973 4206 omnis
2013 4151 2196 4222 iniqua

589 4242 855 4314 cogitatio
880 4258 894 4295 :
922 4240 1160 4312 denique
1197 4240 1339 4295 mala
1364 4247 1452 4295 est
1478 4241 1839 4302 conscientia.
1870 4257 1995 4312 quae
2025 4257 2127 4297 nos
2144 4250 2199 4298 et

591 4335 682 4393 hic
711 4333 901 4399 afﬁcit,
942 4342 1000 4389 et
1045 4334 1100 4388 in
1132 4331 1375 4388 futurum
1422 4331 1697 4386 accusabit
1724 4342 1781 4386 et
1809 4332 2026 4402 prodet,
2057 4333 2202 4389 sicut

591 4437 835 4486 testatur.
851 4428 1147 4498 Apostolus
1174 4427 1396 4483 dicens:
1418 4424 1798 4481 Testimonium
1821 4427 2069 4481 reddente
2094 4428 2201 4484 illis

590 4521 906 4579 conscientia
927 4520 1163 4586 illorum,
1197 4529 1246 4573 et
1273 4519 1493 4573 invicem
1521 4518 1921 4590 cogitationibus
1939 4535 2168 4573 aecusan
2181 4549 2201 4566 ο

2288 3303 2715 3376 redarguuntur,
2751 3314 2778 3343 ἰ
2804 3314 2859 3361 et
2890 3307 3119 3377 improbi
3144 3309 3326 3381 operis
3357 3324 3513 3381 poena
3544 3310 3841 3369 mandatur.

2360 3396 2484 3452 155.
2520 3395 2616 3453 Vis
2654 3397 2795 3453 scire
2842 3397 3119 3455 Christum
3161 3415 3283 3457 esse
3325 3399 3565 3479 judicem
3604 3403 3699 3485 qui
3729 3418 3871 3458 exsc-

2288 3488 2394 3544 tori
2448 3486 2656 3556 tradit,
2698 3498 2755 3545 et
2810 3491 2864 3545 in
2905 3505 3181 3547 carcerem
3233 3491 3435 3548 mittit?
3489 3492 3875 3568 lpsum'inter—

2291 3595 2455 3650 roga,
2514 3581 2679 3636 immo
2725 3581 2901 3653 ipsum
2953 3583 3072 3655 lege
3123 3584 3176 3640 in
3235 3585 3528 3657 Evangelia
3577 3588 3869 3647 dicentem:

2295 3672 2483 3731 Tollite
2504 3684 2551 3729 et
2574 3677 2756 3731 mittite
2784 3676 2937 3732 illum
2975 3679 3030 3733 in
3054 3670 3286 3736 tenebras
3326 3683 3607 3737 exteriores
3649 3680 3870 3763 (Matth.

2292 3783 2439 3832 xm,
2475 3767 2594 3839 15).
2641 3768 2936 3825 Exactores
2985 3787 3203 3842 quoque
3232 3788 3362 3828 suos
3412 3772 3530 3851 ipse
3574 3777 3877 3831 monstravit

2293 3861 2400 3917 alio
2430 3863 2550 3918 loco
2577 3863 2664 3919 ubi
2692 3863 2822 3920 dicit
2852 3883 2865 3919 :
2905 3866 2996 3922 Sic
3023 3868 3119 3921 erit
3151 3868 3203 3922 in
3231 3872 3674 3925 consummatione
3700 3872 3876 3939 siccati,

2296 3956 2509 4010 exibunt
2530 3956 2736 4029 Angeti,
2761 3966 2808 4012 et
2830 3959 3323 4029 separabantmatos
3347 3962 3409 4016 de
3428 3964 3877 4038 mediojustorunt,

2295 4057 2344 4103 et
2372 4050 2571 4104 mittent
2601 4066 2690 4105 eos
2720 4052 2775 4105 in
2806 4052 3065 4107 caminum
3086 4054 3222 4125 ignis
3246 4069 3264 4108 :
3287 4054 3359 4109 ibi
3385 4058 3482 4110 erit
3512 4058 3667 4126 ﬂetus
3693 4070 3740 4114 et
3774 4058 3879 4113 stti-

2298 4142 2396 4197 dor
2421 4142 2651 4197 dentium
2677 4142 2896 4214 (Matth.
2927 4161 3020 4201 xm
3038 4188 3054 4214 ,
3080 4146 3153 4217 49
3184 4157 3230 4201 et
3257 4146 3375 4219 50).

2373 4235 2495 4291 156.
2540 4235 2801 4306 Superest
2831 4253 2974 4293 nunc
3002 4247 3060 4292 ut
3082 4239 3449 4311 intelligamus
3475 4240 3605 4313 quid
3628 4241 3727 4299 sibi
3774 4242 3883 4299 velit

2308 4327 2477 4397 ﬁgura
2508 4327 2848 4399 quadrantis.
2897 4328 2967 4384 Et
2996 4329 3211 4386 videtur
3239 4333 3447 4399 usualis
3474 4333 3556 4389 rei
3583 4350 3881 4405 expressum

2302 4422 2528 4477 nomine
2564 4422 2880 4479 intellectus
2925 4424 3223 4495 Spiritualis
3252 4442 3538 4484 arcanum.
3586 4428 3721 4485 Nam
3762 4429 3885 4491 sicut
3988 4426 3991 4427 ⁷

2303 4515 2396 4587 qui
2442 4519 2703 4587 pecunias
2731 4518 2971 4586 solvunt,
3017 4518 3258 4575 debitum
3313 4521 3570 4593 reddunt,
3604 4540 3707 4581 nec
3754 4525 3884 4596 prius

594 4616 750 4682 tibus,
776 4615 1047 4696 autetiam
1073 4611 1466 4685 defendentibus
1492 4614 1509 4679 (
1531 4610 1683 4666 Rana.
1717 4626 1752 4666 ιι
1772 4653 1786 4678 ,
1809 4610 1877 4665 15
1895 4609 1937 4682 ).
1976 4610 2133 4679 Quod
2156 4613 2200 4668 si
2224 4613 2280 4687 Β
2307 4620 2599 4664 evacuatur
2646 4610 2852 4668 fenoris
2884 4628 3082 4668 nomen
3110 4654 3125 4679 ,
3171 4629 3331 4685 quam
3376 4617 3544 4671 totius
3586 4619 3753 4674 sortis
3779 4618 3805 4657 δ
3827 4615 3883 4679 ad

595 4709 931 4765 conscientia
993 4718 1438 4776 unumquemque
1486 4703 1700 4774 prodit,
1763 4712 1971 4774 quanto
2032 4704 2205 4775 magis

598 4811 873 4874 gestorum
916 4811 1229 4856 nostrorum
1276 4812 1416 4869 opus
1467 4807 1595 4854 ante
1625 4798 1800 4854 Deum
1849 4808 2052 4868 βιωθιο
2095 4806 2203 4867 est,

601 4894 746 4966 quod
796 4907 1119 4963 expressum
1151 4893 1203 4946 in
1235 4901 1427 4946 nostro
1476 4906 1708 4962 corpore
1732 4892 1928 4947 ultimo
1960 4902 2205 4964 tempore

603 4980 1003 5052 rebensebitur,
1032 4996 1089 5039 et
1113 4993 1388 5039 secretum
1442 4984 1788 5051 cogitationis
1828 4984 2093 5055 scriptum
2148 4988 2205 5042 in

603 5080 858 5138 cordibus
888 5078 1092 5136 nostris
1122 5077 1330 5145 legetur
1356 5076 1370 5129 l
1416 5075 1614 5130 Demus
1660 5076 1824 5146 igitur
1850 5091 2074 5146 operam
2098 5119 2113 5145 ,
2149 5085 2207 5135 ut

603 5174 731 5229 dum
757 5174 809 5227 in
829 5173 931 5227 hoc
945 5185 1132 5226 sumus
1159 5170 1282 5225 vita
1308 5167 1580 5224 curriculo
1605 5168 1909 5235 constituti,
1930 5179 2203 5241 tamquam

604 5282 634 5323 a
658 5266 803 5323 malo
830 5264 1166 5332 adversario,
1198 5263 1270 5326 ita
1316 5257 1387 5319 ab
1435 5259 1686 5331 improbo
1715 5259 2012 5321 liberemur
2040 5273 2204 5331 acui;

676 5486 702 5515 ιι
731 5475 872 5535 Mss.
925 5471 1203 5541 nantium,
1256 5480 1303 5529 et
1357 5470 1413 5525 in
1456 5467 1791 5541 opprobrium
1840 5472 2009 5544 operis
2046 5489 2201 5545 poena

602 5550 901 5679 "'imjigg:
953 5615 1084 5679 edit.
1134 5614 1250 5671 sola
1286 5655 1300 5679 ,
1366 5612 1434 5667 ad
1482 5612 1753 5669 minimum
1800 5630 1978 5685 usque.
2024 5614 2196 5681 Porro

601 5693 743 5766 quod
777 5691 1011 5766 intrade
1044 5686 1427 5766 quadrantaria
1456 5686 1854 5766 permutatione
1884 5686 2187 5766 subjicitur,

599 5755 701 5820 etsi
751 5764 996 5820 nonnihil
1024 5755 1370 5817 obscuritatis
1420 5769 1531 5825 pro:
1558 5770 1617 5810 se
1647 5755 1806 5823 ferat,
1853 5758 1984 5813 nihil
2014 5755 2192 5815 tamen

600 5835 743 5891 aliud
762 5833 1060 5907 'siguiiicat,
1093 5832 1196 5888 nisi
1238 5826 1720 5886 commutationem
1774 5828 2064 5900 quamdam
2112 5832 2191 5887 vi-

2308 4717 2591 4759 nummnm
2619 4720 2789 4775 usque
2818 4720 3159 4778 quocumque
3187 4709 3473 4765 solutionis
3500 4726 3706 4783 genere
3731 4728 3885 4782 quan-

2310 4794 2435 4851 titas
2462 4797 2713 4852 universa
2741 4799 3021 4854 solvatur:
3046 4798 3127 4855 sic
3152 4804 3601 4873 compensatione
3625 4803 3886 4865 cbaritatis

2308 4899 2636 4958 actuumque
2674 4890 3033 4962 reliquorum,
3083 4893 3169 4947 vel
3225 4893 3598 4952 satisfactione
3648 4913 3887 4969 quacum-

2307 4995 2435 5051 que,
2468 4983 2673 5051 peccati
2704 4998 2863 5061 poena
2894 4983 3229 5041 dissolvitur.

2382 5073 2505 5130 157.
2564 5074 2682 5129 Non
2729 5070 2964 5131 otiosum
3021 5076 3214 5145 etiam,
3270 5078 3392 5149 quia
3432 5094 3540 5135 non
3591 5096 3702 5137 aera
3733 5083 3891 5155 (sicut

2307 5167 2469 5233 alibi,
2498 5167 2628 5222 Luc.
2662 5184 2785 5235 ιιι,
2809 5168 2886 5241 2)
2916 5169 3042 5237 duo,
3072 5186 3177 5225 non
3199 5183 3375 5226 assem
3407 5171 3627 5245 (Matth.
3663 5191 3727 5240 x,
3777 5175 3889 5241 29),

2311 5278 2418 5323 non
2464 5262 2748 5325 denarium
2797 5263 3019 5335 (Matth.
3039 5280 3143 5334 xx,
3166 5264 3264 5336 2),
3296 5264 3392 5321 sed
3418 5266 3775 5337 quadrantem
3802 5268 3890 5324 hoc

2304 5451 2450 5518 deri,
2477 5452 2602 5506 dum
2636 5454 2725 5522 qui
2756 5456 3039 5525 pecuniam
3079 5454 3260 5519 solvit,
3291 5456 3600 5514 libertatem
3634 5474 3669 5515 a
3691 5474 3892 5517 carcere

2302 5532 2358 5603 et
2380 5525 2604 5603 vinculis
2620 5525 2812 5603 aliisve
2829 5526 3002 5597 poenis
3022 5528 3216 5603 quibus
3228 5529 3502 5603 obnoxius
3520 5540 3664 5594 erat,
3688 5533 3887 5603 accipit.

2298 5597 2368 5675 At
2415 5595 2971 5675 significationeuion
3000 5595 3159 5675 nihil
3213 5600 3431 5675 diversa
3462 5598 3579 5657 Cic.
3623 5604 3777 5660 Orat.

2299 5666 2370 5721 Μ.
2426 5667 2621 5741 (italia,
2668 5672 3097 5735 quadrantariam
3141 5672 3567 5741 permutationem
3593 5687 3758 5731 vocat
3782 5666 3890 5733 cum
3914 5672 3925 5687 ³

2296 5752 2397 5820 qua
2427 5738 2638 5820 Clodia,
2669 5753 2894 5820 accepto
2931 5738 3256 5813 quadrante,
3280 5745 3527 5815 corporis
3568 5746 3653 5802 sui
3693 5749 3891 5820 copiam

2292 5808 2589 5867 balneatori
2614 5808 2861 5871 faciebat.

3988 1014 4003 1115 il
