4186 6358
350 267 483 353 i711

1285 283 1294 345 ἔ
1314 270 1685 347 ΕΧΡΟΞῙΤῙΟ
1721 270 1980 347 EVANG.
2007 264 2161 347 SEC.
2198 276 2358 348 LUC.
2386 269 2528 355 LIB.
2573 274 2685 342 Vil.

3436 341 3449 349 .
3499 282 3645 369 me

348 397 527 468 posuit
574 398 730 470 loco;
788 399 1171 476 quadrantaria
1219 401 1363 459 enim
1415 399 1741 477 permutatio
1794 391 2020 467 veluLA
2047 394 2162 451 inec
2183 395 2299 453 sola
2326 398 2393 454 ab
2436 398 2591 457 initio
2638 398 2911 475 germinat
2952 401 3115 477 p'oma
3145 413 3244 474 pro
3289 399 3552 465 ﬂoribus:
3587 407 3639 460 itt

345 492 591 564 quaedam
632 502 717 551 est
743 498 1156 568 compensatio,
1204 513 1328 556 cum
1373 499 1520 555 aliud
1562 501 1833 569 redditur,
1888 513 1943 557 et

345 587 492 643 aliud
522 589 857 660 significatur
886 592 1156 648 solutum:
1179 593 1249 648 ita
1272 602 1327 649 et
1342 593 1543 649 hicaut
1565 595 1739 664 pretio
1761 593 1943 653 chari-

353 681 474 733 tatis
502 681 787 738 redimitur
809 682 1027 755 injuria,
1053 691 1146 739 aut
1166 684 1379 756 injuria:
1402 687 1760 742 mstimatione
1778 701 1939 758 petua

344 770 575 828 laxatur.

416 866 542 922 158.
575 865 942 937 Quadrantem
965 879 1145 925 autem
1169 869 1223 926 in
1257 869 1467 931 balneis
1494 871 1609 927 dari
1639 871 1820 929 solere
1852 888 1941 930 re-

341 959 703 1030 miniscimur,
763 962 917 1033 cujus
977 963 1255 1020 oblatione
1299 975 1358 1019 ut
1406 964 1943 1037 illicunusquisqud

339 1052 557 1108 lavandi
580 1052 774 1125 accipit
790 1055 1123 1123 facultatem,
1156 1057 1227 1111 ita
1254 1057 1338 1114 hic
1351 1055 1771 1127 accipiteluendi
1794 1056 1939 1128 ;quia

338 1146 763 1219 uniuscujusque
802 1160 1078 1225 peccatum
1123 1167 1283 1224 supra
1314 1153 1529 1221 scripta:
1568 1152 1943 1223 genere‘con-

335 1239 563 1305 ditionis
591 1240 819 1308 eluitur;
843 1257 965 1298 cum
995 1243 1197 1299 tamdiu
1219 1253 1505 1300 exercetur
1524 1244 1719 1299 noxius
1740 1243 1935 1312 poenis,

336 1344 397 1390 ut
426 1335 705 1391 commissi
735 1337 1002 1406 supplicia
1019 1339 1222 1395 erroris
1254 1339 1547 1413 expendat.

413 1430 538 1485 159.
567 1430 720 1503 (Cap.
750 1429 1223 1504 Xlll.—Vers.‘|.)
1245 1434 1317 1490 De
1339 1433 1580 1490 Galilazis
1605 1441 1788 1491 autem
1808 1432 1936 1501 illis,

332 1528 572 1594 quorum
604 1524 920 1594 sanguinem
974 1523 1179 1580 Pilatus
1224 1524 1444 1580 miscuit
1491 1540 1612 1580 cum
1660 1524 1940 1581 sacriﬁciis

336 1634 562 1683 eorum,
622 1619 794 1699 figura
834 1618 1081 1691 quaedam
1128 1618 1343 1674 videtur
1391 1634 1487 1676 eos
1545 1620 1801 1688 tangens,
1847 1617 1938 1689 qui

335 1721 531 1769 coactu
554 1712 842 1785 diabolica,
872 1729 979 1768 non
1001 1728 1136 1787 pure
1164 1712 1393 1768 offerunt
1417 1713 1742 1769 sacrificium
1770 1728 1941 1784 :quo-

2044 490 2167 545 aliis
2199 490 2299 553 ﬂos
2319 491 2617 561 decutitur,
2650 502 2706 550 et
2736 509 2893 565 poma
2919 503 3248 561 nascuntur;
3276 496 3328 553 in
3358 495 3458 552 bac
3484 505 3642 567 poma

2044 581 2415 650 decidunt,nt
2471 602 2630 655 poma
2681 588 3001 645 succedant.
3056 588 3199 659 Ergo
3253 591 3435 659 priora
3477 590 3571 646 illa
3616 604 3638 629 ο

2043 690 2197 730 cassa
2226 677 2523 744 fructuum,
2565 679 2682 734 vice
2709 678 2861 737 ﬂoris
2892 688 3215 752 emergunt:
3251 682 3335 739 ita.
3356 696 3641 755 praecoqua

2043 770 2279 840 quodam
2299 771 2554 827 nascendi
2580 788 2702 839 usu,
2720 789 2842 844 qua:
2864 773 3111 830 ordinem
3132 785 3340 832 natura:
3366 778 3641 845 nesciunt,

2042 861 2365 920 beneﬁcium
2397 875 2600 921 natura:
2631 882 2852 923 servare
2878 882 2984 923 non
3015 878 3263 939 possunt.
3298 869 3513 926 Etenim
3537 885 3643 942 qua

2044 969 2102 1011 se
2125 957 2304 1013 medio
2327 957 2544 1016 trudere
2572 958 2639 1015 de
2665 960 2871 1017 cortice
2889 976 3102 1035 gemma
3127 964 3435 1032 consuevit,
3459 980 3522 1022 ea
3542 966 3646 1031 mi-

2046 1049 2326 1107 nutissima
2356 1066 2589 1123 qumque
2635 1051 2796 1123 hujus
2823 1053 3039 1126 generis
3070 1070 3229 1129 poma
3260 1068 3640 1128 prorumpunt.

2046 1142 2123 1199 De
2169 1145 2365 1215 quibus
2414 1146 2643 1217 legimus
2689 1148 2743 1204 in
2775 1146 3016 1207 Canticis
3063 1152 3447 1211 canticorum:
3482 1152 3645 1208 Ficus

2043 1238 2285 1307 producit
2311 1256 2518 1312 gressa:
2558 1257 2681 1301 suos
2727 1240 2904 1317 (Cant.
2945 1252 3004 1309 tt,
3044 1243 3155 1315 1'5).
3201 1243 3391 1316 Itaque
3431 1247 3645 1305 caeteris

2041 1329 2352 1385 albentibus
2404 1331 2577 1401 primo
2603 1348 2729 1389 vere
2769 1334 3040 1409 virgultis,
3086 1336 3201 1391 sola
3233 1336 3368 1397 ﬁcus
3420 1342 3645 1409 proprio

2042 1423 2220 1480 nescit
2259 1422 2393 1481 ﬂore
2420 1427 2744 1495 canescere;
2799 1428 2922 1484 ideo
2978 1429 3211 1491 fortasse
3255 1431 3401 1504 quod
3455 1432 3643 1489 nullus

2042 1515 2162 1573 istis
2190 1518 2455 1577 maturior
2471 1520 2541 1575 sit
2569 1534 2698 1579 usus
2727 1521 2781 1579 in
2816 1522 3015 1597 pomis.
3049 1522 3184 1587 Nam
3223 1524 3643 1587 succedentibus

2043 1612 2187 1679 aliis,
2217 1611 2337 1669 huic
2364 1616 2514 1685 quasi
2566 1615 2955 1691 degenerantia
3002 1628 3364 1691 respuuntur.
3393 1628 3448 1676 et
3474 1622 3675 1687 arenti.

2042 1703 2256 1761 inﬁrma
2288 1707 2490 1775 radice,
2547 1710 2825 1769 renovatis
2854 1710 3054 1782 quibus
3092 1712 3163 1777 sit
3209 1726 3403 1781 succus
3443 1714 3650 1779 utilior,

333 1823 461 1862 rum
505 1808 681 1865 oratio
709 1807 764 1863 in
808 1816 1111 1878 peccatum,
1144 1806 1280 1862 sicut
1307 1806 1376 1862 de
1401 1805 1538 1862 Juda
1572 1807 1830 1878 scriptum
1858 1813 1945 1862 est
1971 1795 2020 1855 B
2046 1794 2072 1833 ά
2101 1808 2421 1855 exuruntur.
2454 1800 2672 1859 Manent
2702 1811 2882 1867 tamen
2927 1803 3106 1877 aliqua
3137 1819 3359 1876 perrara
3381 1848 3396 1871 ,
3428 1820 3532 1871 nec
3553 1808 3652 1867 de-

334 1898 516 1973 (Psal.
547 1916 705 1966 crtu,
738 1899 794 1972 7)
825 1899 1122 1970 proditore,
1152 1900 1245 1970 qui
1271 1897 1629 1971 proditionem
1666 1896 1949 1970 sanguinis

329 1991 606 2049 Dominici
631 1992 773 2048 inter
801 1993 1069 2049 sacriﬁcia
1090 1992 1297 2063 positus
1323 1980 1647 2064 cogitabat.‘

411 2086 595 2149 (Vers.
619 2087 671 2143 6.
700 2087 716 2146 i
747 2086 994 2141 Arborem
1023 2086 1110 2157 ﬁci
1130 2086 1343 2158 quidam
1369 2085 1551 2141 habuit
1574 2086 1862 2163 plantatam
1890 2086 1945 2140 in

331 2184 487 2236 vinea
511 2199 627 2237 sua.

412 2273 537 2329 160.
578 2274 719 2343 Quid
744 2273 845 2330 sibi
872 2274 985 2329 vult
1006 2274 1148 2349 quod
1177 2275 1232 2331 in
1254 2274 1551 2345 Evangelio
1569 2289 1668 2330 suo
1681 2273 1943 2335 Dominus

332 2366 424 2422 ﬁci
458 2367 768 2436 parabolam
802 2368 1119 2437 frequenter
1147 2368 1355 2423 inducit
1385 2367 1603 2440 (Matth.
1645 2365 1866 2433 Μηδὲ),
1898 2374 1944 2420 et

330 2460 513 2515 Marc.
544 2476 594 2514 χι
612 2503 628 2531 ,
656 2457 758 2531 15)
782 2460 805 2515 ?
828 2460 1006 2517 Habes
1028 2461 1170 2517 enim
1194 2461 1343 2521 alibi.
1365 2460 1507 2532 quod
1526 2460 1681 2532 jussu
1705 2459 1939 2526 Domini,

329 2553 587 2608 viriditas
610 2532 787 2613 omnis
819 2553 979 2625 ltujus
1010 2554 1137 2627 ligni
1165 2554 1468 2611 frondentis
1496 2554 1702 2610 aruerit
1735 2572 1748 2611 :
1801 2553 1945 2611 unde

331 2646 600 2715 intelligis
626 2647 868 2703 omnium
920 2658 1248 2715 creatorem,
1301 2648 1390 2716 qui
1448 2656 1625 2719 potest
1671 2647 1944 2717 imperare

330 2741 572 2807 naturis,
605 2750 663 2795 ut
688 2740 775 2797 vel
803 2752 1055 2797 arescant
1082 2742 1284 2806 subito,
1328 2742 1412 2797 vel
1468 2726 1759 2796 virescant.
1799 2738 1945 2796 Alibi

329 2847 398 2889 ex
438 2832 805 2889 teneritudine
833 2833 1049 2890 arboris
1080 2834 1240 2906 hujus
1275 2843 1328 2889 et
1376 2834 1521 2888 foliis
1551 2840 1946 2888 commemorat

330 2930 534 3000 conjici
560 2930 737 2985 solere
767 2931 975 2985 aestatis
1001 2929 1293 2986 adventum
1343 2929 1364 3003 (
1390 2928 1583 2983 Matth.
1614 2944 1764 2997 xxrv,
1794 2924 1938 2997 5‘2),

332 3034 570 3094 utroque
599 3024 909 3094 signiﬁcans
962 3032 1019 3079 et
1050 3022 1289 3079 Judaicaa
1335 3023 1507 3093 plebis
1534 3023 1749 3078 inanem
1780 3034 1941 3090 quam

318 3119 717 3191 praetendebat
771 3119 1023 3191 gloriam,
1083 3119 1227 3175 velut
1268 3116 1457 3174 ﬂorem
1488 3119 1541 3173 in
1572 3117 1803 3171 adventu
1832 3114 1941 3169 Do-

2049 1890 2261 1959 cidunt,
2290 1893 2486 1964 quibus
2518 1893 2602 1959 liic
2630 1904 2926 1964 proventus
2964 1897 3244 1965 arriserit;
3280 1908 3341 1963 ut
3366 1898 3435 1963 de
3467 1900 3649 1965 medio

2047 1985 2277 2047 duarum
2320 1988 2597 2058 virgarum
2638 1988 2905 2047 claviculo
2950 1989 3099 2051 brevi
3149 1999 3474 2063 erumpente
3518 2007 3649 2063 pro-

2048 2088 2319 2151 mergant,
2350 2095 2459 2152 quo
2500 2080 2735 2153 geminis
2760 2091 2900 2139 tecta
2942 2083 3214 2153 prasidiis
3242 2095 3517 2155 tamquam
3552 2078 3649 2145 na—

2046 2181 2181 2231 tnra:
2211 2175 2454 2245 parentis
2473 2176 2704 2247 gremio,
2727 2179 2874 2235 succi
2894 2177 3009 2233 fotu
3038 2178 3302 2248 plenioris
3323 2179 3648 2249 inolescaut.

2046 2269 2121 2324 Ea
2155 2270 2526 2327 clementioris
2557 2284 2704 2327 aurae
2747 2281 3044 2343 provocato
3092 2275 3394 2344 temperie,
3441 2283 3497 2333 et
3528 2290 3656 2345 pro-

2044 2361 2328 2419 lixioribus
2358 2363 2632 2421 adultiora
2663 2364 3019 2436 temporibus,
3067 2367 3159 2425 ubi
3186 2367 3496 2425 silvestrem
3536 2368 3656 2433 atti-

2046 2470 2195 2513 mum
2220 2456 2366 2511 succi
2398 2455 2593 2533 prioris
2620 2458 2893 2525 exuerint,
2926 2458 3110 2529 specie
3149 2460 3365 2525 exteris
3389 2468 3447 2519 et
3480 2470 3656 2527 matu-

2046 2548 2225 2605 ritatis
2247 2549 2417 2619 gratia
2443 2548 2830 2620 praeferuntur.

2121 2639 2244 2694 165.
2276 2639 2474 2711 Specta
2498 2655 2642 2697 nunc
2662 2641 2837 2697 cultus
2862 2650 2920 2698 et
2948 2642 3164 2698 animos
3189 2642 3527 2715 Iudaeorum,
3556 2646 3650 2717 qui

2046 2736 2198 2808 quasi
2232 2736 2389 2807 primi
2437 2735 2646 2803 fructus
2693 2736 2837 2793 male
2878 2737 3074 2793 feracis
3119 2738 3445 2811 Synagogte,
3473 2740 3655 2810 grossi

2046 2827 2280 2884 labentis
2330 2827 2687 2885 similitudine
2727 2838 3088 2896 corruerunt;
3124 2839 3148 2867 ε
3179 2838 3237 2885 ut
3265 2844 3527 2887 mansura
3556 2846 3656 2889 su—

2050 2920 2147 2994 pra
2176 2938 2350 2979 atrum
2382 2923 2558 3001 nostri
2580 2923 2799 2994 generis
2826 2938 2986 2994 poma
3018 2924 3397 2983 succederent.
3429 2924 3651 2989 Etenim

2049 3016 2257 3086 primus
2284 3016 2588 3088 Synagogae
2640 3015 2873 3089 populus
2907 3017 3061 3087 quasi
3094 3016 3279 3087 radice
3305 3032 3535 3088 operum
3568 3020 3653 3084 iu-

2051 3110 2237 3165 ﬁrmus
2267 3111 2558 3177 arentium,
2585 3110 2891 3171 ubertatem
2919 3112 3201 3181 sapientiae
3223 3111 3488 3171 naturalis
3521 3112 3661 3169 Ιιίδιι-⁷

330 3180 472 3268 iuini
505 3180 801 3278 decidisse;
834 3215 957 3282 quia
987 3180 1241 3283 operibus
1284 3194 1619 3266 infructuosa
1670 3207 1939 3264 durabat:
1971 3180 2015 3246 Ο
2049 3188 2161 3263 rire
2185 3221 2295 3265 non
2326 3206 2520 3277 potuit.
2556 3205 2622 3265 Et
2643 3204 2768 3261 ideo
2784 3204 2933 3263 velut
2956 3180 3168 3267 inutilis
3196 3205 3398 3262 decidit
3420 3205 3653 3272 fructus;

590 3314 644 3361 et
673 3305 865 3375 judicii
898 3305 1040 3360 diem
1075 3305 1224 3361 velut
1253 3305 1459 3361 aestatis
1486 3304 1800 3369 adventum,
1835 3315 1945 3372 quo

329 3402 507 3456 adulti
552 3400 760 3456 fructus
805 3408 1073 3456 terrarum
1125 3400 1369 3455 omnium
1431 3398 1823 3464 reconduntur,
1877 3412 1943 3452 ex

328 3494 678 3565 plenitudine
698 3494 977 3559 Ecclesiae,
994 3493 1046 3549 in
1068 3509 1230 3564 quam
1254 3493 1429 3549 Judaei
1457 3508 1669 3565 quoque
1685 3490 1943 3549 credituri

329 3597 486 3654 Sunt,
518 3596 544 3625 ει
572 3587 928 3643 metiendum.

412 3680 547 3739 161.
576 3678 676 3737 Hic
698 3697 829 3752 ergo
856 3681 1064 3737 altioris
1092 3697 1288 3738 sensus
1330 3680 1551 3752 aliquod
1583 3679 1750 3737 etiam
1791 3693 1943 3749 qua:-

331 3798 525 3840 ramus
552 3794 812 3835 arcanum
860 3776 1034 3849 (Esai.
1062 3792 1113 3841 v,
1145 3776 1226 3845 5).
1257 3774 1284 3813 b
1318 3774 1476 3831 Ficus
1524 3775 1576 3830 in
1620 3773 1778 3830 vinea
1811 3781 1939 3830 est:

330 3887 452 3935 erat
476 3884 659 3931 autem
686 3874 842 3929 vinea
870 3871 1081 3928 Domini
1110 3870 1371 3935 Sabaoth,
1393 3886 1554 3942 quam
1584 3868 1736 3925 dedit
1772 3868 1824 3923 in
1854 3884 1941 3924 ra-

332 3971 518 4042 pinam
546 3967 812 4040 gentium.
842 3964 1030 4036 Itaque
1059 3963 1151 4035 qui
1178 3963 1391 4019 vineam
1427 3977 1580 4017 suam
1596 3961 1755 4032 diripi
1787 3960 1937 4027 fecit,

332 4064 423 4119 hic
448 4063 619 4121 etiam
652 4060 807 4116 ﬁcum
833 4058 992 4131 jussit
1023 4056 1223 4113 excidi.
1260 4058 1397 4121 Apta
1430 4064 1611 4110 autem
1650 4066 1939 4126 synagoga:

329 4160 551 4217 arboris
584 4159 743 4215 istius
768 4155 1103 4225 comparatio
1150 4162 1265 4220 est;
1310 4152 1434 4223 quia
1465 4150 1606 4206 sicut
1646 4150 1745 4204 ista
1776 4148 1940 4204 arbor

330 4256 484 4313 foliis
506 4252 818 4311 redundans
846 4250 1137 4308 ﬂuentibus
1173 4264 1324 4329 spem
1350 4246 1684 4321 possessoris
1711 4244 1793 4299 sui
1819 4258 1938 4299 cas—

331 4364 389 4404 sa
417 4356 764 4423 speratornm
815 4355 1170 4417 proventuum
1216 4341 1624 4414 exspectatione
1654 4337 1934 4395 destituit:

333 4442 405 4498 ita
438 4442 609 4509 etiam
662 4442 714 4509 iu
758 4438 1044 4512 Synagoga
1074 4438 1201 4501 dum
1231 4437 1486 4499 doctores
1529 4434 1648 4504 ejus
1678 4431 1938 4504 operibus

328 4535 668 4609 infecundis,
699 4533 878 4595 verbis
907 4539 1115 4587 tantum
1138 4531 1290 4586 velut
1321 4529 1465 4585 foliis
1502 4524 1937 4584 redundantibus

2050 3309 2109 3357 ut
2135 3299 2290 3371 quasi
2320 3315 2386 3356 ex
2431 3298 2624 3356 iisdem
2666 3298 2948 3359 claviculis
2987 3299 3199 3363 arboris
3240 3298 3539 3363 fructuosas
3585 3300 3655 3357 de

2051 3394 2377 3465 pinguedine
2403 3394 2683 3464 religionis
2710 3394 2951 3463 antiquae
2978 3407 3153 3455 novus
3179 3393 3442 3455 Ecclesia:
3467 3410 3653 3465 popu-

2048 3488 2131 3551 lus
2155 3495 2484 3558 emergeret.
2508 3486 2650 3558 Ergo
2679 3484 2774 3543 ille
2801 3486 2890 3556 qui
2920 3494 3058 3550 erat,
3082 3500 3209 3545 esse
3235 3486 3431 3553 desiit;
3451 3497 3652 3547 utesse

2046 3582 2318 3652 inciperet
2340 3581 2430 3651 qui
2460 3596 2569 3637 non
2598 3590 2741 3637 erat.
2771 3579 2937 3637 Primi
2979 3588 3161 3637 tamen
3208 3595 3276 3636 ex
3313 3580 3483 3641 Israel
3513 3599 3652 3651 quos

2046 3687 2256 3734 naturae
2279 3675 2558 3734 validioris
2586 3688 2773 3732 ramus
2799 3673 3097 3741 extulerat,
3132 3675 3239 3733 sub
3264 3676 3458 3735 umbra
3486 3674 3650 3748 Legi:

2038 3780 2102 3831 ,et
2130 3770 2334 3837 crucis,
2384 3769 2438 3825 in
2486 3770 2770 3841 utriusque
2796 3769 2917 3827 sinu
2949 3783 3114 3825 succo
3138 3769 3358 3839 gemine
3382 3770 3646 3839 colorati,

2052 3862 2265 3935 1450
2289 3861 2462 3932 grossi
2494 3860 2914 3916 maturescentis
2940 3859 3194 3929 exemplo
3216 3902 3231 3926 ,
3258 3860 3649 3930 pulcherrimo—

2044 3974 2163 4013 rum
2193 3957 2367 4028 gratia
2385 3955 2660 4012 fructuum
2678 3956 2891 4012 caeteris
2915 3956 3309 4023 praestiterunt,
3338 3954 3535 4023 quibus
3556 3957 3644 4013 di~

2044 4049 2224 4104 citur:
2257 4047 2516 4104 Sedebitis
2545 4063 2702 4116 super
2741 4047 3015 4103 duodecim
3067 4048 3299 4113 thronos,
3347 4047 3645 4120 judicantes

2044 4140 2319 4199 duodecim
2348 4139 2512 4195 tribus
2541 4137 2708 4197 Israel
2737 4138 2953 4207 (Matth.
2976 4154 3092 4203 nx,
3120 4138 3238 4209 98).

2115 4232 2241 4290 164.
2287 4231 2399 4288 Nec
2455 4230 2585 4287 illud
2636 4230 2877 4287 alienum
2906 4229 3050 4301 quod
3080 4227 3255 4286 Adam
3306 4236 3469 4301 atque
3497 4231 3640 4299 Eva,

2043 4327 2202 4397 primi
2233 4326 2311 4383 illi
2347 4326 2519 4382 nostri
2550 4335 2605 4381 ut
2634 4324 2852 4395 generis
2894 4324 2967 4382 ita
2996 4325 3197 4385 erroris
3230 4333 3482 4394 parentes
3501 4366 3517 4391 ,
3548 4327 3642 4395 qui

2043 4419 2206 4491 hujus
2233 4419 2446 4475 arboris
2492 4428 2677 4474 texere
2718 4431 2778 4473 se
2809 4415 2955 4473 foliis
2976 4414 3130 4488 (Gen.
3161 4432 3243 4483 nt,
3292 4415 3382 4489 7),
3404 4416 3642 4487 paradisi
3726 4468 3737 4477 .

2042 4511 2262 4568 exsules
2288 4525 2409 4571 esse
2435 4518 2787 4567 meruerunt:
2841 4523 2967 4565 cum
2998 4508 3212 4569 Domini
3240 4508 3522 4567 deambula
3534 4510 3641 4567 ntis

327 4602 662 4702 έιοτίδηιίηι,
694 4625 867 4689 inanis
889 4624 1081 4688 umbra
1112 4622 1270 4695 Legis
1292 4620 1582 4687 exuberat,
1609 4632 1735 4690 spes
1753 4624 1932 4671 autem
1963 4588 2016 4661 ιθ
2042 4606 2383 4679 praesentiam
2417 4602 2873 4675 transgressionis
2898 4617 3011 4702 sure
3036 4601 3244 4659 conscii
3262 4602 3636 4672 declinarent;

222 4762 237 4777 .
328 4720 454 4777 falsi
480 4728 800 4795 exspectata
825 4726 1145 4795 proventus,
1189 4714 1372 4788 populi
1403 4722 1529 4783 vota
1562 4711 1840 4768 credentis
1871 4710 1937 4766 il-

331 4817 491 4874 ludit.

406 4911 537 4969 162.
589 4910 688 4968 Est
714 4911 876 4969 etiam
907 4909 963 4966 in
999 4916 1189 4965 natura
1222 4905 1459 4973 arboris,
1490 4919 1598 4976 quo
1622 4901 1792 4972 magis
1813 4914 1935 4957 ere.-

332 5011 432 5071 das
454 5011 758 5081 Synagogaa
788 5005 1023 5078 speciem
1053 5002 1460 5075 comparatione
1508 5000 1667 5068 bujus
1707 5009 1933 5067 expres-

332 5121 488 5173 sam;
520 5104 725 5165 etenim
747 5102 794 5163 si
818 5101 1110 5173 diligenter
1130 5098 1393 5168 inquiras,
1417 5095 1707 5151 discretam
1741 5090 1808 5145 ab
1838 5104 1937 5147 usu

332 5199 594 5257 arborum
626 5207 946 5255 cmterarum
970 5188 1421 5249 consuetudinem
1451 5195 1654 5245 natura:
1674 5183 1836 5252 hujus
1858 5182 1941 5237 in-

332 5294 551 5349 venies.
580 5290 821 5360 Namque
853 5287 971 5343 alia:
1000 5286 1191 5341 ﬂorem
1222 5282 1422 5347 ierunt,
1452 5289 1740 5348 antequam
1790 5275 1937 5331 fruc-
1962 5271 1973 5278 ’

334 5396 477 5450 tum,
497 5400 762 5457 pomaque
785 5392 1011 5439 ventura
1033 5376 1339 5449 praeuuntio
1363 5375 1444 5429 sui
1469 5372 1606 5446 ﬂore
1629 5369 1936 5441 designant;

412 5536 439 5564 ⁸
466 5523 668 5595 Scripti
697 5519 985 5577 cod.bene
1034 5513 1215 5580 multi,
1256 5507 1615 5577 metuendum.
1670 5504 1820 5562 Haud
1863 5506 1933 5562 ita

336 5600 559 5727 mii’IeSic
586 5681 777 5729 omnes
801 5663 930 5721 edit.
979 5676 1099 5717 cum
1145 5664 1299 5729 parte
1330 5668 1473 5729 mss.
1509 5651 1764 5729 Attamen
1811 5657 1941 5709 octo

333 5720 847 5800 cedit-ton'itiﬁinar
871 5743 1012 5791 uotae
1042 5720 1337 5802 praeferunt
1361 5746 1373 5782 :
1406 5720 1811 5806 Ficrisjnpentq
1838 5729 1934 5773 est.

415 5795 439 5853 ἶ
469 5813 695 5882 Quidam
718 5823 875 5874 mss.,
898 5795 1112 5863 excussa
1138 5805 1399 5875 fructuum
1426 5797 1534 5851 vice
1554 5795 1723 5865 ﬂoris,
1756 5800 1863 5849 etc.

2042 4712 2101 4761 ut
2145 4700 2512 4773 signiﬁcarent
2571 4698 2810 4765 futurum
2862 4694 3009 4767 quod
3063 4696 3267 4755 ultimis
3303 4696 3642 4767 temporibus

2041 4797 2275 4867 pepulus
2303 4793 2613 4850 Judaaorum
2645 4792 2747 4848 sub
2775 4789 2987 4845 Domini
3018 4788 3319 4847 Salvatoris
3348 4788 3583 4846 adventu
3617 4830 3635 4857 ,

2039 4893 2131 4964 qui
2161 4906 2258 4948 eos
2295 4898 2581 4949 vocaturus
2620 4886 2865 4953 advenit,
2888 4895 3113 4943 exutum
3143 4899 3204 4939 se
3227 4883 3517 4945 virtutibus
3543 4898 3640 4955 per

2038 4986 2235 5047 diaboli
2262 4991 2590 5051 tentamenta
2622 4993 2981 5052 cegnoscens,
3037 4987 3091 5036 et
3131 4979 3332 5045 intecta
3354 4980 3638 5037 conscien-

2041 5080 2130 5134 tia:
2152 5078 2352 5149 probra
2376 5074 2699 5151 formidans,
2725 5091 2752 5128 a
2777 5073 3041 5144 religione
3066 5070 3278 5139 devius,
3304 5072 3635 5142 praevarica-

2038 5177 2188 5231 tione
2234 5171 2517 5236 confusus,
2553 5177 2699 5237 esset
2728 5166 3027 5223 a.Domino
3066 5180 3405 5230 recessurus,
3438 5165 3635 5223 verbo-

2038 5286 2157 5331 rum
2186 5268 2470 5327 ﬂuentium
2503 5264 2650 5319 velut
2680 5261 2928 5317 foliorum
2954 5257 3312 5325 velaminibus
3340 5259 3636 5331 adopertus

2042 5364 2291 5437 pudenda
2331 5368 2633 5434 gestorum.

2103 5504 2131 5544 ἀ
2163 5504 2288 5559 Mss.
2323 5498 2475 5555 multi
2502 5494 2765 5564 bonique.
2806 5501 3087 5545 exuuntur.
3112 5489 3339 5564 Minime
3358 5489 3518 5564 male.

2112 5590 2135 5617 ο
2176 5577 2255 5630 lta
2286 5580 2501 5628 cunctae
2520 5561 2747 5624 editiac
2772 5577 2904 5618 mss.
2950 5578 3055 5617 non
3105 5563 3286 5633 pauci.
3314 5561 3635 5633 Alii_tamen

2038 5652 2222 5723 plures
2247 5656 2301 5723 c_t
2330 5644 2603 5723 potiores,
2642 5646 2700 5692 ut
2743 5650 2988 5723 ma‘naura
3019 5631 3178 5705 supra
3221 5649 3356 5717 eum.
3395 5631 3633 5723 Plemin-

2038 5702 2351 5783 commode}
2375 5715 2421 5771 si
2449 5711 2737 5770 relativum
2769 5706 2837 5762 ad
2867 5702 3097 5773 vocem;
3114 5706 3295 5776 grossi,
3332 5702 3557 5760 referas.
