4040 6554
495 352 634 414 1743
815 383 818 386 ~
1417 370 1446 405 ι

1834 324 2079 386 SANCTI
2113 325 2436 386 AMBROSII

3684 317 3846 375 ιπι

563 467 686 524 165.
707 465 855 534 Ergo
886 461 959 518 illi
978 461 1066 534 qui
1097 459 1224 515 folia
1249 457 1316 512 de
1343 454 1596 514 ﬁculnea,
1632 464 1738 504 non
1775 461 1932 518 poma
1975 460 2095 500 car-
2121 443 2173 506 Α
2199 453 2410 500 stercus
2432 441 2575 514 quod
2608 442 2857 498 mittitur.
2891 439 3136 513 Denique
3157 440 3413 496 Dentium
3438 439 3506 492 de
3528 443 3684 490 terra
3707 450 3840 488 sus-

496 568 742 631 pserunt,
773 557 1032 612 eliminati
1067 563 1191 608 sunt
1233 565 1264 604 a
1296 549 1392 604 Dei
1425 559 1631 615 regno;
1663 551 1820 601 erant
1845 543 1992 593 cuitu
2043 535 2096 590 in

493 629 732 708 animum
789 650 1084 703 viventem.
1117 643 1277 698 Venit
1323 638 1597 696 seettttdtts
1640 635 1834 697 Adam,
1884 641 1939 685 et
1984 629 2096 699 jam

498 763 606 802 non
632 744 781 807 folia,
807 741 900 797 sed
925 755 1077 810 poma
1105 735 1417 808 quzercbat;
1447 741 1565 788 erat
1585 731 1730 784 enim
1763 728 1816 783 in
1846 726 2096 796 spiritum

494 837 882 894 viviﬁcantem.
936 833 992 888 In
1038 830 1228 899 Spiritu
1275 838 1458 882 autem
1510 824 1718 879 fructus
1750 819 1967 875 virtutis
2011 832 2100 872 ac-

491 932 742 1004 quiritur,
772 927 1034 981 Dominus
1063 923 1322 978 aduratur
1355 919 1560 992 (lCor.
1609 932 1698 978 xv,
1724 912 1842 984 45).
1875 912 2101 980 Quere-

492 1024 584 1080 bat
612 1032 792 1076 autem
826 1019 1082 1074 Dominus
1107 1016 1362 1082 nonquia
1398 1013 1631 1067 l'rnclunt
1662 1008 1910 1064 ﬁculnea:
1939 1005 2092 1060 deesv

490 1133 550 1173 se
568 1116 828 1178 nesciret,
853 1112 948 1168 sed
979 1121 1034 1166 ιιι
1065 1109 1384 1165 ostenderet
1406 1107 1459 1162 in
1493 1107 1685 1176 ﬁgura,
1714 1102 1837 1172 quia
1863 1099 2099 1154 fructum

487 1209 770 1279 Synaguga
817 1210 929 1275 jam
959 1203 1162 1258 habere
1191 1202 1438 1256 deberet.
1472 1198 1722 1267 Denique
1753 1209 1820 1249 ex
1866 1206 2101 1259 sequen-

491 1300 636 1356 tibus
687 1299 849 1353 ducet
895 1313 1002 1351 non
1035 1310 1096 1351 se
1141 1303 1267 1348 ante
1323 1303 1534 1361 tempus
1591 1288 1830 1350 venisse,
1882 1283 1972 1355 qui
2007 1297 2102 1354 per

493 1393 784 1450 triennium
819 1392 1002 1454 venit;
1030 1389 1109 1444 sic
1132 1389 1276 1442 enim
1308 1385 1515 1440 babes:

565 1484 747 1558 (ναι-ς.
779 1481 861 1551 7.)
890 1481 1028 1537 Ecce
1055 1480 1179 1534 anni
1207 1490 1311 1532 tres
1333 1486 1450 1531 sunt
1479 1492 1544 1530 ea:
1577 1490 1678 1544 quo
1724 1472 1840 1526 veni
1869 1485 2101 1542 quaerens

495 1584 719 1651 fructum
749 1579 803 1631 in
834 1576 1061 1648 [iculuea
1092 1575 1211 1638 hac,
1253 1582 1300 1626 et
1332 1588 1433 1625 non
1467 1569 1691 1624 invenio.
1729 1565 1955 1623 Succide
1980 1579 2102 1636 ergo

490 1673 677 1739 illam;
705 1683 758 1725 ιιι
781 1669 905 1741 quid
937 1670 1088 1723 etiam
1121 1677 1315 1722 terram
1340 1663 1595 1735 occupat?

565 1764 693 1821 166.
726 1763 889 1820 Venit
935 1761 1000 1816 ad
1046 1759 1344 1826 Abraham,
1378 1758 1526 1811 venit
1554 1754 1621 1808 ad
1657 1752 1901 1825 Moysen,
1950 1750 2103 1806 venit

493 1856 560 1913 ad
585 1857 832 1922 Mariam,
857 1855 960 1910 hoc
988 1863 1091 1917 est,
1116 1851 1265 1908 venit
1289 1851 1340 1905 in
1373 1847 1845 1920 signaculo,venit
1865 1845 1916 1898 in
1934 1843 2096 1913 Lege,

2217 1857 2405 1912 lavacri
2433 1857 2746 1912 Juda'ornm
2779 1856 3168 1924 natiOuumque
3197 1851 3384 1924 populi
3419 1850 3672 1907 fructum
3705 1860 3832 1902 stto-

497 1953 644 2010 venit
678 1953 729 2007 itt
753 1965 1006 2020 corpore.
1041 1947 1350 2003 Adventum
1377 1944 1496 2013 ejus
1523 1958 1594 1997 ex
1623 1940 1906 1996 beneﬁciis
1949 1951 2102 1993 reco-

496 2052 832 2118 gnoscimus.
862 2041 1005 2098 Alibi
1037 2040 1366 2110 puriﬁcatio,
1396 2035 1526 2089 alibi
1555 2033 1939 2095 sanctiﬁcatio,
1973 2028 2107 2084 alibi

489 2138 809 2212 jnstiﬁcatio
836 2143 921 2191 est
952 2152 966 2186 τ
993 2131 1339 2190 circumcisio
1370 2126 1704 2198 puriﬁcavit,
1744 2121 2108 2179 sanctiﬁcavit

495 2234 630 2296 Lex,
655 2229 974 2302 justilicavit
1023 2226 1216 2298 gratia.
1251 2223 1405 2280 Unus
1437 2223 1491 2275 in
1521 2221 1795 2286 omnibus,
1830 2227 1885 2273 et
1917 2218 1970 2270 in
1997 2230 2105 2270 uno

497 2327 704 2384 omnia.
747 2323 918 2380 Nemo
947 2322 1093 2378 enim
1131 2316 1382 2373 mundari
1409 2324 1609 2384 potest.
1656 2312 1760 2367 nisi
1793 2310 1884 2381 qni
1914 2309 2106 2363 metuit

500 2422 828 2480 Dominum:
863 2433 1024 2472 nemo
1054 2415 1254 2484 Legem
1300 2419 1543 2466 meretur
1569 2409 1840 2476 accipere,
1872 2403 1975 2459 nisi
2011 2418 2108 2473 pu-

498 2518 743 2574 riﬁratus
767 2530 793 2565 a
826 2512 1023 2583 culpa:
1060 2523 1220 2564 nemo
1245 2505 1454 2561 accedit
1494 2503 1559 2557 ad
1590 2501 1843 2574 gratiam,
1880 2499 1982 2554 nisi
2010 2514 2108 2554 no-
2152 2571 2155 2576 ί

501 2608 642 2665 verit
669 2607 890 2676 Legem.
928 2603 1070 2673 Ergo
1103 2601 1334 2670 populus
1362 2596 1676 2652 Jndmorum
1707 2607 1884 2662 neque
1924 2590 2108 2661 puriﬁ-

497 2700 611 2756 cari
645 2699 845 2767 potuit;
877 2695 1002 2766 quia
1055 2689 1532 2748 circuntt-isioncm
1583 2702 1688 2740 non
1742 2684 1950 2750 animi,
2009 2681 2106 2737 sed

494 2791 745 2863 COrporis
773 2791 961 2843 ltabttit
994 2831 1008 2853 ,
1043 2800 1221 2857 neque
1265 2781 1630 2844 sattctilicari;
1665 2779 1792 2850 quia
1847 2778 2106 2832 virtutem

456 2946 461 2951 _
499 2886 661 2958 Legis
695 2881 983 2955 ignoravit,
1015 2881 1104 2944 qui
1137 2877 1380 2931 carnalia
1425 2873 1598 2942 magis
1633 2887 1794 2941 quant
1845 2869 2108 2938 Spiritalia

505 2976 836 3048 sequebatur
856 2972 992 3048 (Lex
1022 2980 1190 3025 autem
1219 2968 1400 3042 (Rom.
1433 2982 1528 3026 vu.
1579 2964 1664 3036 Μ)
1698 2963 1954 3034 spiritalis
1982 2961 2106 3032 est),

502 3087 679 3142 neque
724 3067 1044 3138 jtlalliicsll'i;
1073 3063 1196 3135 quia
1229 3063 1554 3117 delictorum
1584 3072 1806 3113 suorum
1837 3054 2108 3125 paeniten-

502 3167 632 3221 tiam
667 3180 771 3216 non
797 3159 1042 3231 gerebat,
1071 3164 1128 3211 et
1159 3155 1282 3211 ideo
1308 3155 1537 3224 gratiam
1573 3150 1876 3206 tte~ciebat.

2201 538 2323 591 citat
2368 539 2595 607 inopem,
2638 547 2686 591 et
2716 537 2782 591 de
2817 547 3036 592 stercore
3083 537 3234 608 erigit
3297 546 3588 605 pauperem
3638 527 3834 599 (Psal.

2200 647 2330 695 cxu,
2361 631 2440 704 7).

2271 725 2399 781 169.
2451 725 2636 797 Itaque
2668 741 2766 796 per
2795 726 3102 782 intellectus
3127 722 3452 781 exercitium
3501 716 3834 788 spiritualis

2200 827 2253 873 et
2281 818 2598 874 humilitatis
2625 818 2872 876 alii-etum
2903 820 3066 875 etiam
3102 817 3324 875 Juda‘os
3351 816 3406 870 in
3439 810 3832 881 Evangelium

2199 909 2399 967 Christi
2431 912 2608 966 cultor
2630 911 2721 967 ille
2747 913 2920 968 bonus
2943 912 3058 967 fore
3085 911 3321 966 :estimat
3346 908 3698 963 fructuosos.
3717 902 3839 958 Me-

2201 1007 2430 1060 minerat
2470 1005 2613 1060 enizn
2643 1005 2766 1077 quia
2817 1021 2913 1076 per
2966 1007 3222 1074 Aggaeum
3271 1000 3540 1058 Dominus
3599 995 3838 1052 locutus

2201 1109 2304 1164 est,
2334 1098 2588 1170 quoniam
2621 1108 2816 1168 quarto
2842 1107 2900 1154 et
2943 1099 3202 1152 vicesimo
3234 1094 3367 1150 noni
3406 1089 3652 1156 mensis,
3681 1102 3717 1142 a
3746 1087 3838 1143 die
3953 1112 3958 1170 ρ

2201 1208 2309 1264 quo
2352 1167 2650 1247 Vfundatutn
2723 1203 2808 1247 est
2868 1191 3132 1261 templum
3189 1187 3404 1242 Domini
3462 1181 3839 1251 omnipoten-

2202 1287 2293 1351 tis,
2330 1286 2564 1351 vineam,
2600 1285 2793 1356 inquit,
2822 1293 2878 1341 et
2919 1283 3075 1350 ﬁcus,
3126 1293 3178 1339 et
3208 1283 3616 1352 malogranata,
3672 1286 3734 1332 et
3764 1274 3835 1330 li-
3953 1287 3962 1334 ξ

2203 1394 2305 1450 gua
2333 1379 2511 1442 oliva),
2544 1393 2667 1450 qua:
2698 1394 2804 1432 non
2835 1376 3063 1433 aﬁ'erent
3092 1376 3350 1440 fructum,
3381 1389 3455 1430 ex
3480 1372 3585 1427 hac
3609 1370 3710 1426 die
3743 1371 3838 1425 be-

2206 1474 2452 1528 nedit-am
2481 1473 2636 1544 (Agg.
2668 1489 2728 1538 tt,
2756 1473 2850 1545 ‘20)
2877 1489 2892 1528 τ
2921 1488 3028 1542 quo
3060 1470 3332 1527 revelatur
3350 1467 3456 1524 sub
3484 1467 3676 1537 ipsum
3703 1465 3834 1520 anni

2204 1568 2482 1639 vergentis
2505 1584 2784 1634 occasum,
2840 1575 2944 1623 IIOC
2969 1577 3075 1631 est,
3119 1565 3306 1621 szecnli
3329 1564 3444 1634 jam
3477 1558 3834 1616 senescentis

2207 1661 2454 1728 occiduo,
2488 1671 2736 1715 sanctum
2770 1661 2862 1717 Dei
2911 1661 3195 1728 teuqilnm,
3227 1657 3372 1730 quod
3402 1668 3491 1712 est
3526 1654 3790 1710 Ecclesia
3813 1695 3831 1719 ,

2207 1771 2328 1811 esse
2359 1755 2723 1820 condendam,
2781 1756 2936 1826 cujus
2963 1755 3134 1825 gratia
3185 1769 3282 1825 per
3319 1749 3828 1808 sanctiﬁcatimicm

2206 1967 2324 2007 rum
2351 1951 2559 2020 possint
2590 1950 2790 2006 habere
2819 1949 3160 2004 meritorum.

2281 2044 2404 2101 170.
2433 2045 2577 2116 Ergo
2611 2061 2708 2114 per
2737 2056 2984 2098 naturam
3011 2041 3248 2107 arboris,
3273 2041 3588 2114 Synagogze
3611 2035 3827 2110 species

2207 2135 2498 2203 ittdiCalut‘,
2531 2135 2788 2190 Secundis
2819 2133 3170 2205 proventibus
3199 2131 3516 2196 fructuosa;
3551 2144 3657 2184 nos
3683 2128 3824 2184 enim

2208 2245 2273 2286 ex
2307 2240 2518 2300 patrum
2550 2231 2783 2285 semine.
2817 2229 3114 2300 Meritoque
3144 2227 3320 2283 .ludzei
3347 2225 3564 2296 gressis
3596 2223 3826 2279 labenti-

2206 2325 2310 2382 bus
2339 2334 2746 2394 comparantur,
2805 2323 2948 2394 quod
2994 2324 3297 2377 incrassato
3343 2318 3539 2385 corde,
3592 2329 3650 2373 et
3692 2331 3822 2387 pra:-

2208 2417 2340 2472 dnra
2367 2417 2579 2473 cervice
2608 2417 2674 2471 ad
2708 2416 3098 2485 perennitatem
3118 2413 3200 2469 sui
3232 2413 3526 2484 pervenire
3560 2425 3671 2466 non
3704 2424 3821 2480 pos-

2209 2519 2353 2566 sunt.
2386 2509 2490 2579 Qui
2511 2511 2556 2566 si
2587 2510 2908 2576 moriantur,
2957 2518 3013 2564 ct
3038 2506 3191 2579 quasi
3215 2504 3480 2562 decidant
3508 2502 3640 2559 huic
3670 2519 3820 2558 mun-

2209 2602 2300 2662 do,
2334 2613 2391 2656 ut
2431 2602 2482 2656 in
2517 2601 2833 2658 interiorem
2886 2601 3161 2655 hominem
3212 2615 3308 2667 per
3333 2597 3539 2652 lavacri
3589 2595 3814 2668 gratiam

2209 2706 2592 2762 renascantur,
2626 2705 2781 2750 erant
2813 2696 2999 2766 utique
3032 2691 3320 2748 fructuosi.
3354 2688 3594 2746 Perﬁdia
3640 2695 3813 2742 autem

2211 2787 2492 2842 hominum
2524 2788 2882 2858 pertinacium
2922 2787 3260 2858 Syuagogam
3293 2781 3543 2839 inutilem
3576 2780 3739 2846 fecit;
3766 2787 3814 2834 et

2213 2880 2335 2936 ideo
2367 2881 2519 2950 quasi
2545 2880 2992 2951 sterilisjubetttr
3020 2879 3218 2934 excidi.

2289 2976 2412 3030 171.
2443 2975 2596 3043 Quod
2627 2975 2696 3030 de
2723 2974 2927 3031 Iuda-is
2955 2974 3159 3029 dictum
3179 3013 3196 3040 ,
3229 2973 3486 3027 omnibus
3516 2968 3807 3027 cavendum

2213 3069 2474 3136 arbitror,
2517 3077 2572 3124 et
2628 3069 2787 3124 nobis
2835 3069 3100 3131 maxime;
3133 3083 3199 3124 ne
3235 3046 3530 3123 fecundum
3563 3063 3808 3121 Ecclesia:

2215 3162 2392 3216 locum
2449 3161 2602 3216 vacui
2641 3161 2852 3216 meritis
2881 3175 3242 3230 occupemus:
3294 3158 3411 3230 qni-
3444 3159 3602 3230 quasi
3652 3155 3807 3212 malo-

3967 1392 3969 1420 |

3967 1429 3969 1452 l

3967 1569 3969 1589 l

3953 2181 3960 2224 .'

3949 2237 3958 2294 ἑ

3947 2315 3954 2394 l

3947 2395 3950 2414 |

3947 2465 3950 2480 .

578 3254 703 3310 167.
757 3251 949 3307 Merito
980 3261 1110 3317 ergo
1151 3246 1332 3300 nullus
1362 3246 1414 3297 in
1455 3245 1742 3311 Synagoga
1788 3238 1999 3294 fructus
2027 3237 2109 3292 in-

2217 3265 2441 3327 granata
2476 3253 2771 3320 benediCIi,
2824 3254 3030 3310 fructus
3060 3257 3201 3308 ferre
3229 3252 3499 3308 debemus
3537 3250 3802 3313 internas,

507 3358 704 3406 ventus
725 3355 840 3400 est:
873 3353 928 3396 et
955 3341 1080 3396 ideo
1103 3339 1323 3410 jnbetur
1344 3335 1543 3390 excidi.
1577 3332 1684 3388 Sed
1715 3334 1888 3385 bonus
1913 3330 2111 3395 cultor,

505 3450 564 3498 et
593 3439 825 3494 fortasse
867 3434 958 3489 ille
1001 3432 1056 3486 in
1107 3447 1215 3501 quo
1249 3428 1506 3484 Ecclesia:
1547 3425 1964 3480 [armamentum
1998 3431 2111 3488 est,

509 3529 808 3605 praescieus
853 3529 1084 3581 alterum
1109 3523 1175 3578 ad
1205 3530 1422 3593 gentes,
1475 3533 1534 3574 se
1564 3527 1744 3572 autem
1796 3516 1862 3570 ad
1895 3531 1992 3571 eos
2021 3515 2113 3582 qui

505 3643 574 3686 ex
605 3622 1022 3682 circumcisione
1053 3628 1199 3679 sunt,
1229 3631 1356 3670 esse
1389 3613 1744 3677 mittendum;
1773 3609 2022 3681 religiose
2047 3623 2116 3663 ne

510 3719 800 3777 excidatur
832 3710 1138 3774 intervenit,
1179 3708 1351 3765 lretus
1383 3705 1668 3762 vocatione
1698 3720 1792 3759 sua
1824 3705 1987 3760 etiam
2022 3714 2118 3770 po-

509 3813 694 3884 pulum
741 3806 1056 3864 Judaeorum
1096 3806 1126 3836 ⁸
1178 3817 1280 3873 per
1327 3798 1624 3856 Ecclesium
1684 3809 1843 3868 posse
1890 3793 2112 3850 salvari.

510 3906 749 3970 Ideoque
779 3900 911 3956 dicit
936 3917 950 3954 :

583 3999 767 4073 (Vers.
801 3998 882 4064 8.)
906 3993 1124 4050 Remitte
1148 3991 1297 4046 illam
1326 3999 1374 4044 et
1401 3989 1499 4044 hoc
1519 4002 1676 4049 anno,
1703 4001 1861 4056 usque
1891 3985 2012 4039 dum
2030 3987 2113 4056 fo-

507 4093 648 4148 diant
679 4091 818 4145 circa
848 4089 1020 4150 illam.
1053 4097 1099 4140 et
1131 4085 1329 4138 mittant
1359 4081 1642 4147 cophinunt
1668 4078 1929 4134 stercoris.

583 4185 708 4242 168.
741 4187 912 4250 Quam
935 4182 1048 4236 cito
1075 4178 1328 4232 duritiam
1353 4174 1665 4231 Judaeornm
1689 4172 2115 4242 superbiamque

516 4277 725 4354 15.51
767 4290 960 4330 canSis
990 4286 1113 4327 esse
1140 4268 1448 4325 sterilitatis
1473 4267 1688 4336 agnovit
1718 4265 1732 4320 !
1757 4265 1940 4335 Itaque
1967 4263 2118 4319 novit

511 4380 789 4431 excolere,
844 4368 934 4438 qui
969 4363 1120 4419 novit
1162 4361 1288 4416 vitia
1343 4358 1776 4428 deprehendere.
1822 4357 2117 4413 Pollicetur

509 4467 641 4523 dura
665 4463 848 4520 cordis
881 4475 1074 4519 ειηίιιιι
1101 4457 1422 4529 apostolicis
1452 4455 1720 4523 ligonibus
1743 4468 1866 4508 esse
1908 4453 2116 4508 lodicu-

511 4560 615 4623 da;
645 4567 704 4612 ut
737 4557 896 4626 longo
929 4553 1134 4608 incultu
1167 4551 1331 4605 situm
1385 4547 1584 4602 mentis
1611 4545 1903 4601 obductum
1933 4559 2115 4601 sermo

505 4653 590 4707 bis
614 4661 804 4704 acutus
827 4650 1085 4712 iuvertat,
1116 4654 1173 4700 ct
1211 4642 1380 4698 corde
1429 4641 1727 4712 proscisso,
1752 4642 1958 4695 excitet
1986 4656 2114 4695 sen-

510 4761 633 4801 sum
661 4743 810 4797 aerio
849 4741 1146 4812 spiramine
1175 4739 1280 4808 iam
1311 4740 1617 4808 vigentem;
1650 4752 1718 4791 ne
1760 4735 1997 4790 radicem
2027 4750 2113 4789 sa-

510 4835 728 4908 pientia:
753 4844 1016 4889 terrarum
1058 4847 1287 4886 acervus
1335 4831 1533 4884 obruat
1571 4838 1626 4884 et
1654 4827 1974 4884 abscondat.
2001 4827 2110 4884 C0-

510 4933 738 5004 phinom
770 4945 982 5000 quoque
1013 4927 1274 4983 stercoris
1300 4926 1433 4981 dicit
1461 4942 1586 4982 esse
1618 4925 1964 4982 mittendum.
2000 4925 2114 4980 Ma-

512 5043 618 5098 lgua
650 5022 892 5088 profecto
944 5021 1026 5075 vis
1079 5021 1360 5082 stereoris,
1417 5036 1539 5086 qua:
1588 5027 1736 5074 tanta
1789 5028 1895 5084 est,
1945 5031 2002 5074 ul
2047 5021 2116 5076 dc

510 5116 818 5174 inlecuudis
851 5112 1101 5181 fecunda,
1135 5114 1205 5166 de
1227 5112 1509 5166 arentibus
1541 5113 1794 5173 virentia.
1819 5113 1888 5169 de
1919 5115 2115 5170 sterili-

510 5213 614 5269 bus
633 5210 792 5265 l'.iciat
815 5208 1084 5262 fructuout
1130 5206 1189 5261 In
1212 5223 1320 5276 quo
1346 5205 1485 5260 sedit
1511 5205 1614 5261 Jvtb
1643 5222 1766 5262 eum
1791 5217 2111 5276 tentaretur,

509 5318 567 5364 et
611 5305 752 5359 vinci
802 5302 1046 5372 nequivit
1087 5299 1235 5368 (Job.
1268 5315 1325 5354 It.
1358 5301 1438 5365 8).
1472 5299 1536 5353 Et
1562 5299 1760 5355 Paulus
1792 5305 2026 5357 a'stitnat
2058 5312 2114 5357 ιιι

509 5405 856 5464 stercora,nt
883 5395 1158 5451 Christum
1190 5391 1487 5446 lueiilaciat
1523 5391 1748 5466 (Philip.
1792 5412 1870 5460 ιιι,
1905 5395 1984 5468 8).
2011 5396 2113 5452 De-

509 5496 674 5565 nique
703 5506 824 5545 eum
876 5495 1002 5542 ante
1052 5485 1155 5540 Job
1213 5483 1444 5552 pluritoa
1491 5486 1840 5553 perdidisset,
1896 5499 2111 5555 postea-

507 5603 667 5657 quam
695 5584 834 5639 sedit
863 5583 916 5634 in
939 5588 1204 5640 stercore,
1234 5591 1340 5629 non
1371 5575 1558 5632 habuit
1587 5581 1729 5647 quod
1775 5582 1822 5636 ei
1861 5583 2112 5638 diabolus

506 5691 697 5751 posse,
724 5677 960 5732 auferre.
989 5672 1136 5727 Βυηςι
1166 5684 1296 5740 ergo
1328 5677 1468 5722 terra
1500 5687 1621 5741 qua:
1654 5674 1878 5741 foditur,
1906 5674 2108 5732 bonum

575 5827 600 5856 ιι
630 5817 789 5880 Rom.
819 5812 980 5880 edit.,
1007 5810 1065 5866 in
1091 5804 1334 5864 Ecclesia
1358 5822 1508 5877 posse
1531 5809 1741 5866 salvari.

2219 3347 2424 3403 fructus
2479 3347 2726 3418 pudoris,
2763 3346 2970 3416 fructos
2998 3346 3426 3414 coniunctionis,
3459 3345 3668 3400 fructus
3697 3356 3801 3398 mu-

2217 3449 2322 3496 tua:
2361 3440 2644 3495 charitatis
2673 3451 2730 3495 et
2777 3442 3002 3507 amoris,
3052 3442 3153 3494 sub
3209 3455 3319 3494 uno
3357 3449 3514 3494 utero
3560 3436 3802 3493 Ecclesia:

2218 3535 2410 3588 matris
2433 3533 2656 3597 inclusi;
2693 3549 2760 3588 ne
2790 3549 2921 3587 aura
2954 3542 3167 3597 noceat,
3205 3547 3274 3588 ne
3301 3526 3514 3602 grando
3542 3530 3798 3594 decutiat,

2219 3641 2287 3681 ne
2308 3635 2473 3681 tostus
2496 3625 2808 3696 cupiditatis
2832 3635 3046 3694 exurat,
3070 3641 3138 3681 ne
3161 3625 3408 3680 humoris
3437 3626 3612 3680 imber
3632 3624 3798 3678 elidat.

2291 3717 2415 3772 172.
2469 3717 2723 3774 Nonnulli
2773 3729 2951 3775 tamen
2994 3718 3155 3774 ﬁcum
3185 3718 3342 3773 istam
3378 3733 3474 3788 per
3501 3717 3796 3790 allegoriam

2217 3827 2326 3867 non
2351 3812 2675 3884 Synagogce,
2705 3814 2803 3870 sed
2834 3815 3056 3870 malitiae
3086 3813 3564 3885 improbitafisqne
3594 3815 3795 3884 ﬁguram

2215 3914 2436 3977 putant;
2467 3905 2518 3960 bi
2553 3915 2735 3961 tamen
2767 3906 2820 3961 in
2845 3907 2994 3962 nullo
3015 3907 3243 3972 distant,
3272 3907 3378 3962 nisi
3410 3907 3555 3978 quod
3581 3923 3673 3974 pro
3692 3921 3799 3975 spec

2216 4000 2300 4054 cie
2346 4013 2517 4066 genus
2570 3999 2797 4069 eligunt.
2832 3998 2887 4055 Id
2916 4009 3096 4055 autem
3127 4014 3328 4055 cavere
3365 4014 3426 4053 se
3455 3999 3661 4064 dicunt,
3689 3997 3794 4070 quia

2219 4091 2482 4148 Dominus
2536 4092 2673 4148 dixit.
2721 4093 2787 4148 ad
2845 4093 3043 4148 ﬁcum:
3097 4092 3399 4164 Numquam
3431 4109 3496 4148 ex
3543 4103 3592 4148 te
3622 4096 3795 4164 {ructus

2217 4202 2461 4241 nascatur
2491 4189 2544 4242 in
2566 4188 2928 4258 sempiternum
2957 4186 3175 4260 (Matth.
3201 4202 3314 4252 ιιι,
3339 4187 3459 4258 19);
3487 4201 3609 4242 cum
3637 4186 3795 4256 utique

2219 4281 2483 4351 plurimos
2505 4296 2571 4336 ex
2595 4279 2800 4336 iudicis
2824 4279 3146 4347 credidisse,
3166 4289 3220 4335 et
3247 4280 3559 4354 credituros
3584 4295 3698 4336 esse
3716 4293 3796 4333 uo-

2217 4374 2477 4430 vcrimus.
2511 4373 2618 4430 Sed
2646 4377 2734 4444 qui
2765 4375 2962 4442 credit,
2994 4391 3100 4430 non
3130 4374 3432 4448 Synagogm
3457 4376 3568 4444 jam
3615 4375 3792 4430 fructus

2217 4478 2324 4536 est,
2353 4469 2448 4525 sed
2483 4469 2778 4525 Ecclesim:
2813 4484 2914 4528 nec
2949 4486 3014 4526 ex
3045 4469 3326 4542 Synagoga
3383 4469 3596 4544 1&52
3645 4469 3792 4524 nasci-

2220 4573 2328 4627 tur,
2365 4566 2454 4631 qui
2477 4566 2786 4620 renascitur
2827 4565 2887 4642 in,
2923 4565 3169 4621 Ecclesia
3203 4581 3216 4618 :
3254 4564 3406 4621 Sicut
3427 4567 3564 4620 cm'm
3593 4563 3792 4634 suntqui

2220 4673 2283 4712 ex
2317 4659 2461 4713 nobis
2490 4660 2744 4720 exierunt.
2768 4657 2858 4712 sed
2887 4675 2988 4712 non
3014 4666 3157 4713 erant
3186 4674 3249 4713 ex
3276 4658 3463 4724 nobis;
3507 4657 3554 4711 si
3598 4657 3719 4712 enim
3739 4669 3792 4710 ex

2221 4750 2366 4805 nobis
2395 4762 2586 4816 essent,
2610 4751 2871 4806 nobiscum
2900 4751 3206 4810 mansissent
3237 4751 3281 4820 (Ι
3307 4750 3473 4806 Joan.
3508 4766 3568 4816 ιι,
3599 4749 3706 4820 19):
3726 4749 3788 4803 sic

2218 4840 2287 4897 de
2320 4842 2383 4894 iis
2410 4843 2497 4912 qui
2528 4857 2594 4897 ex
2627 4841 2827 4898 Jndrcis
2850 4842 3350 4907 credunt,dicimus
3377 4843 3502 4912 quia
3525 4843 3570 4898 si
3590 4858 3651 4898 ex
3673 4841 3788 4914 Syn-

2223 4949 2390 5006 agoga
2448 4947 2651 4999 essent,
2684 4936 2737 4989 in
2768 4935 3052 5008 Synagoga
3083 4946 3405 4993 manerent:
3441 4936 3538 4993 sed
3567 4947 3786 5007 propter-

2223 5043 2286 5084 ea
2315 5028 2566 5085 exierunt
2595 5029 2662 5084 de
2685 5029 2993 5102 Synagoga,
3028 5038 3084 5086 ιιι
3105 5045 3169 5084 ex
3201 5031 3489 5103 Synagoga
3522 5047 3624 5085 non
3648 5030 3787 5085 luisse

2221 5122 2530 5176 credantur.
2591 5122 2794 5177 Deinde
2831 5139 2926 5191 pro
2967 5123 3169 5177 malitia
3198 5121 3555 5179 interveniret
3600 5123 3782 5193 aliquis,

2221 5216 2494 5270 eldiccret
2523 5215 2877 5271 excolendam
2911 5228 2966 5271 ut
2999 5215 3232 5273 l‘rucutm
3261 5217 3514 5285 afferret;
3547 5215 3785 5272 cumich

2219 5311 2431 5364 venerit
2471 5309 2752 5375 Dominus,
2797 5317 2858 5364 ιιι
2903 5310 3114 5367 semina
3157 5309 3526 5383 improbitatis
3577 5311 3784 5367 aboleret

2218 5399 2263 5472 (Ι
2285 5398 2443 5456 Joan.
2476 5417 2555 5465 ιιι,
2590 5401 2672 5471 5).

2289 5494 2468 5567 (\‘ers.
2493 5495 2578 5560 10,
2615 5496 2724 5565 11.)
2754 5495 2883 5551 Erat
2921 5506 3090 5552 autem
3130 5498 3318 5553 docens
3343 5499 3395 5552 in
3423 5498 3689 5574 Syuagoga
3707 5515 3778 5554 co-

2217 5603 2331 5641 rum
2377 5587 2622 5643 sabbatis.
2674 5588 2740 5644 Et
2787 5607 2902 5645 ecce
2931 5593 3114 5648 mulier
3155 5609 3270 5665 qua:
3318 5593 3537 5649 habebat
3579 5595 3778 5664 spiritum

2216 5679 2532 5750 inﬁrmitatis
2575 5683 2728 5739 annis
2768 5683 2942 5741 decem
2997 5696 3044 5741 et
3088 5699 3202 5742 octo
3225 5728 3240 5752 ,
3281 5696 3331 5742 et
3365 5696 3506 5759 erae
3541 5685 3773 5744 inclinata.

3955 3427 3962 3464 l
