  <div class='ocr_page' id='page_1' title='image "/cluster/home/n/w/nwhite01/storage/ocr_20150623/15/hvd.32044015471311/287.png"; bbox 0 0 4186 6358; ppageno 0'>
   <div class='ocr_carea' id='block_1_1' title="bbox 529 376 665 444">
    <p class='ocr_par' dir='ltr' id='par_1_1' title="bbox 529 376 665 444">
     <span class='ocr_line' id='line_1_1' title="bbox 529 376 665 444; baseline -0.007 0"><span class='ocrx_word' id='word_1_1' title='bbox 529 376 665 444; x_wconf 65' lang='grc' dir='ltr'>ιιι-ι</span> 
     </span>
    </p>
   </div>
   <div class='ocr_carea' id='block_1_2' title="bbox 1872 354 2481 436">
    <p class='ocr_par' dir='ltr' id='par_1_2' title="bbox 1872 354 2481 436">
     <span class='ocr_line' id='line_1_2' title="bbox 1872 354 2481 436; baseline -0.007 0"><span class='ocrx_word' id='word_1_2' title='bbox 1872 370 2121 436; x_wconf 74' lang='lat' dir='ltr'><strong>SANCTI</strong></span> <span class='ocrx_word' id='word_1_3' title='bbox 2158 354 2481 434; x_wconf 67' lang='lat' dir='ltr'><strong>Ahekosn</strong></span> 
     </span>
    </p>
   </div>
   <div class='ocr_carea' id='block_1_3' title="bbox 3700 368 3839 436">
    <p class='ocr_par' dir='ltr' id='par_1_3' title="bbox 3700 368 3839 436">
     <span class='ocr_line' id='line_1_3' title="bbox 3700 368 3839 436; baseline 0.007 -1"><span class='ocrx_word' id='word_1_4' title='bbox 3700 368 3839 436; x_wconf 66' lang='lat'><strong>1:48</strong></span> 
     </span>
    </p>
   </div>
   <div class='ocr_carea' id='block_1_4' title="bbox 523 470 3843 571">
    <p class='ocr_par' dir='ltr' id='par_1_4' title="bbox 523 470 3843 571">
     <span class='ocr_line' id='line_1_4' title="bbox 523 470 3843 571; baseline -0.001 -17"><span class='ocrx_word' id='word_1_5' title='bbox 523 488 617 571; x_wconf 90' lang='lat' dir='ltr'><strong>qul</strong></span> <span class='ocrx_word' id='word_1_6' title='bbox 646 500 755 555; x_wconf 74' lang='lat' dir='ltr'><strong>non</strong></span> <span class='ocrx_word' id='word_1_7' title='bbox 781 496 1066 555; x_wconf 73' lang='lat' dir='ltr'><strong>attriverat</strong></span> <span class='ocrx_word' id='word_1_8' title='bbox 1114 497 1365 568; x_wconf 84' lang='lat' dir='ltr'><strong>pbpulus,</strong></span> <span class='ocrx_word' id='word_1_9' title='bbox 1398 492 1694 550; x_wconf 78' lang='lat' dir='ltr'><strong>nesciebat.</strong></span> <span class='ocrx_word' id='word_1_10' title='bbox 1747 486 1868 547; x_wconf 80' lang='lat' dir='ltr'><strong>Teri</strong></span> <span class='ocrx_word' id='word_1_11' title='bbox 1917 490 2129 556; x_wconf 87' lang='lat' dir='ltr'><strong>maluit,</strong></span> <span class='ocrx_word' id='word_1_12' title='bbox 2156 496 2208 557; x_wconf 85' lang='grc' dir='ltr'><strong>Α</strong></span> <span class='ocrx_word' id='word_1_13' title='bbox 2236 488 2335 544; x_wconf 83' lang='lat' dir='ltr'><strong>sub</strong></span> <span class='ocrx_word' id='word_1_14' title='bbox 2369 501 2613 561; x_wconf 87' lang='lat' dir='ltr'><strong>tempore</strong></span> <span class='ocrx_word' id='word_1_15' title='bbox 2642 470 2912 563; x_wconf 83' lang='lat' dir='ltr'><strong>passionis</strong></span> <span class='ocrx_word' id='word_1_16' title='bbox 2946 511 2959 547; x_wconf 87' lang='lat'><strong>:</strong></span> <span class='ocrx_word' id='word_1_17' title='bbox 3005 493 3221 565; x_wconf 82' lang='lat' dir='ltr'><strong>Vigilats</strong></span> <span class='ocrx_word' id='word_1_18' title='bbox 3259 503 3310 550; x_wconf 87' lang='lat' dir='ltr'><strong>et</strong></span> <span class='ocrx_word' id='word_1_19' title='bbox 3350 503 3513 563; x_wconf 89' lang='lat' dir='ltr'><strong>orate,</strong></span> <span class='ocrx_word' id='word_1_20' title='bbox 3541 510 3604 549; x_wconf 88' lang='lat' dir='ltr'><strong>ne</strong></span> <span class='ocrx_word' id='word_1_21' title='bbox 3641 494 3843 551; x_wconf 72' lang='lat' dir='ltr'><strong>intretis</strong></span> 
     </span>
    </p>
   </div>
   <div class='ocr_carea' id='block_1_5' title="bbox 528 574 2128 663">
    <p class='ocr_par' dir='ltr' id='par_1_5' title="bbox 528 574 2128 663">
     <span class='ocr_line' id='line_1_5' title="bbox 528 574 2128 663; baseline -0.006 -18"><span class='ocrx_word' id='word_1_22' title='bbox 528 602 586 646; x_wconf 91' lang='lat' dir='ltr'><strong>ut</strong></span> <span class='ocrx_word' id='word_1_23' title='bbox 624 590 937 648; x_wconf 72' lang='lat' dir='ltr'><strong>diceremus</strong></span> <span class='ocrx_word' id='word_1_24' title='bbox 970 607 983 645; x_wconf 84' lang='lat'><strong>:</strong></span> <span class='ocrx_word' id='word_1_25' title='bbox 1032 584 1228 646; x_wconf 83' lang='lat' dir='ltr'><strong>Christi</strong></span> <span class='ocrx_word' id='word_1_26' title='bbox 1265 586 1398 643; x_wconf 85' lang='lat' dir='ltr'><strong>enim</strong></span> <span class='ocrx_word' id='word_1_27' title='bbox 1446 584 1609 663; x_wconf 82' lang='lat' dir='ltr'><strong>bonus</strong></span> <span class='ocrx_word' id='word_1_28' title='bbox 1637 584 1766 640; x_wconf 89' lang='lat' dir='ltr'><strong>odor</strong></span> <span class='ocrx_word' id='word_1_29' title='bbox 1803 596 1979 637; x_wconf 89' lang='lat' dir='ltr'><strong>sumus</strong></span> <span class='ocrx_word' id='word_1_30' title='bbox 2018 574 2128 636; x_wconf 82' lang='lat' dir='ltr'><strong>Deo</strong></span> 
     </span>
    </p>
   </div>
   <div class='ocr_carea' id='block_1_6' title="bbox 529 668 2129 759">
    <p class='ocr_par' dir='ltr' id='par_1_6' title="bbox 529 668 2129 759">
     <span class='ocr_line' id='line_1_6' title="bbox 529 668 2129 759; baseline -0.006 -21"><span class='ocrx_word' id='word_1_31' title='bbox 529 683 601 759; x_wconf 89' lang='lat' dir='ltr'><strong>(ll</strong></span> <span class='ocrx_word' id='word_1_32' title='bbox 627 684 746 739; x_wconf 75' lang='lat' dir='ltr'><strong>Cor.</strong></span> <span class='ocrx_word' id='word_1_33' title='bbox 781 684 840 753; x_wconf 84' lang='lat' dir='ltr'><strong>Ii,</strong></span> <span class='ocrx_word' id='word_1_34' title='bbox 882 683 996 754; x_wconf 83' lang='grc'><strong>15).</strong></span> <span class='ocrx_word' id='word_1_35' title='bbox 1038 678 1340 753; x_wconf 88' lang='lat' dir='ltr'><strong>Comprimi</strong></span> <span class='ocrx_word' id='word_1_36' title='bbox 1381 680 1601 747; x_wconf 90' lang='lat' dir='ltr'><strong>maluit;</strong></span> <span class='ocrx_word' id='word_1_37' title='bbox 1653 678 1797 734; x_wconf 90' lang='lat' dir='ltr'><strong>unde</strong></span> <span class='ocrx_word' id='word_1_38' title='bbox 1841 668 1894 731; x_wconf 79' lang='lat' dir='ltr'><strong>ei</strong></span> <span class='ocrx_word' id='word_1_39' title='bbox 1937 672 2129 731; x_wconf 88' lang='lat' dir='ltr'><strong>Petrus</strong></span> 
     </span>
    </p>
   </div>
   <div class='ocr_carea' id='block_1_7' title="bbox 524 765 2128 848">
    <p class='ocr_par' dir='ltr' id='par_1_7' title="bbox 524 765 2128 848">
     <span class='ocr_line' id='line_1_7' title="bbox 524 765 2128 848; baseline -0.007 -15"><span class='ocrx_word' id='word_1_40' title='bbox 524 778 662 833; x_wconf 76' lang='lat' dir='ltr'><strong>dixit</strong></span> <span class='ocrx_word' id='word_1_41' title='bbox 688 794 701 830; x_wconf 91' lang='lat'><strong>:</strong></span> <span class='ocrx_word' id='word_1_42' title='bbox 732 776 1090 848; x_wconf 74' lang='lat' dir='ltr'><strong>comprimunt</strong></span> <span class='ocrx_word' id='word_1_43' title='bbox 1121 776 1170 831; x_wconf 82' lang='lat' dir='ltr'><strong>te</strong></span> <span class='ocrx_word' id='word_1_44' title='bbox 1195 768 1358 829; x_wconf 70' lang='lat' dir='ltr'><strong>turbae</strong></span> <span class='ocrx_word' id='word_1_45' title='bbox 1380 771 1536 843; x_wconf 87' lang='lat' dir='ltr'><strong>(Luc.</strong></span> <span class='ocrx_word' id='word_1_46' title='bbox 1558 788 1672 839; x_wconf 73' lang='lat' dir='ltr'><strong>rm,</strong></span> <span class='ocrx_word' id='word_1_47' title='bbox 1706 769 1821 842; x_wconf 73' lang='lat'><strong>45).</strong></span> <span class='ocrx_word' id='word_1_48' title='bbox 1853 765 2128 825; x_wconf 86' lang='lat' dir='ltr'><strong>Seminari</strong></span> 
     </span>
    </p>
   </div>
   <div class='ocr_carea' id='block_1_8' title="bbox 530 858 2129 939">
    <p class='ocr_par' dir='ltr' id='par_1_8' title="bbox 530 858 2129 939">
     <span class='ocr_line' id='line_1_8' title="bbox 530 858 2129 939; baseline -0.006 -15"><span class='ocrx_word' id='word_1_49' title='bbox 530 870 725 924; x_wconf 87' lang='lat' dir='ltr'><strong>maluit</strong></span> <span class='ocrx_word' id='word_1_50' title='bbox 756 870 903 923; x_wconf 89' lang='lat' dir='ltr'><strong>velut</strong></span> <span class='ocrx_word' id='word_1_51' title='bbox 937 870 1164 939; x_wconf 69' lang='lat' dir='ltr'><strong>granum</strong></span> <span class='ocrx_word' id='word_1_52' title='bbox 1191 865 1335 936; x_wconf 90' lang='lat' dir='ltr'><strong>quod</strong></span> <span class='ocrx_word' id='word_1_53' title='bbox 1361 864 1645 936; x_wconf 87' lang='lat' dir='ltr'><strong>acceptum</strong></span> <span class='ocrx_word' id='word_1_54' title='bbox 1696 865 1858 919; x_wconf 91' lang='lat' dir='ltr'><strong>homo</strong></span> <span class='ocrx_word' id='word_1_55' title='bbox 1888 858 2035 916; x_wconf 89' lang='lat' dir='ltr'><strong>misit</strong></span> <span class='ocrx_word' id='word_1_56' title='bbox 2075 859 2129 915; x_wconf 90' lang='lat' dir='ltr'><strong>in</strong></span> 
     </span>
    </p>
   </div>
   <div class='ocr_carea' id='block_1_9' title="bbox 530 957 2132 1027">
    <p class='ocr_par' dir='ltr' id='par_1_9' title="bbox 530 957 2132 1027">
     <span class='ocr_line' id='line_1_9' title="bbox 530 957 2132 1027; baseline -0.006 -10"><span class='ocrx_word' id='word_1_57' title='bbox 530 964 755 1018; x_wconf 78' lang='lat' dir='ltr'><strong>hortum</strong></span> <span class='ocrx_word' id='word_1_58' title='bbox 786 975 982 1027; x_wconf 89' lang='lat' dir='ltr'><strong>suum;</strong></span> <span class='ocrx_word' id='word_1_59' title='bbox 1028 960 1082 1015; x_wconf 89' lang='lat' dir='ltr'><strong>in</strong></span> <span class='ocrx_word' id='word_1_60' title='bbox 1126 959 1285 1015; x_wconf 86' lang='lat' dir='ltr'><strong>horto</strong></span> <span class='ocrx_word' id='word_1_61' title='bbox 1313 958 1456 1015; x_wconf 91' lang='lat' dir='ltr'><strong>enim</strong></span> <span class='ocrx_word' id='word_1_62' title='bbox 1484 957 1736 1013; x_wconf 76' lang='lat' dir='ltr'><strong>Christus</strong></span> <span class='ocrx_word' id='word_1_63' title='bbox 1771 965 1827 1011; x_wconf 94' lang='lat' dir='ltr'><strong>et</strong></span> <span class='ocrx_word' id='word_1_64' title='bbox 1858 962 2048 1026; x_wconf 87' lang='lat' dir='ltr'><strong>captus</strong></span> <span class='ocrx_word' id='word_1_65' title='bbox 2078 963 2132 1009; x_wconf 89' lang='lat' dir='ltr'><strong>et</strong></span> 
     </span>
    </p>
   </div>
   <div class='ocr_carea' id='block_1_10' title="bbox 528 1047 2132 1126">
    <p class='ocr_par' dir='ltr' id='par_1_10' title="bbox 528 1047 2132 1126">
     <span class='ocr_line' id='line_1_10' title="bbox 528 1047 2132 1126; baseline -0.006 -13"><span class='ocrx_word' id='word_1_66' title='bbox 528 1056 777 1126; x_wconf 79' lang='lat' dir='ltr'><strong>sepultus</strong></span> <span class='ocrx_word' id='word_1_67' title='bbox 820 1074 833 1110; x_wconf 92' lang='lat'><strong>:</strong></span> <span class='ocrx_word' id='word_1_68' title='bbox 883 1054 936 1110; x_wconf 92' lang='lat' dir='ltr'><strong>in</strong></span> <span class='ocrx_word' id='word_1_69' title='bbox 970 1056 1129 1110; x_wconf 92' lang='lat' dir='ltr'><strong>horto</strong></span> <span class='ocrx_word' id='word_1_70' title='bbox 1160 1055 1349 1119; x_wconf 88' lang='lat' dir='ltr'><strong>crevit,</strong></span> <span class='ocrx_word' id='word_1_71' title='bbox 1383 1052 1474 1108; x_wconf 90' lang='lat' dir='ltr'><strong>ubi</strong></span> <span class='ocrx_word' id='word_1_72' title='bbox 1505 1053 1669 1108; x_wconf 89' lang='lat' dir='ltr'><strong>etiam</strong></span> <span class='ocrx_word' id='word_1_73' title='bbox 1722 1047 2043 1114; x_wconf 78' lang='lat' dir='ltr'><strong>resurrexit,</strong></span> <span class='ocrx_word' id='word_1_74' title='bbox 2076 1057 2132 1104; x_wconf 89' lang='lat' dir='ltr'><strong>et</strong></span> 
     </span>
    </p>
   </div>
   <div class='ocr_carea' id='block_1_11' title="bbox 526 1140 2133 1216">
    <p class='ocr_par' dir='ltr' id='par_1_11' title="bbox 526 1140 2133 1216">
     <span class='ocr_line' id='line_1_11' title="bbox 526 1140 2133 1216; baseline -0.006 -13"><span class='ocrx_word' id='word_1_75' title='bbox 526 1148 702 1204; x_wconf 76' lang='lat' dir='ltr'><strong>factus</strong></span> <span class='ocrx_word' id='word_1_76' title='bbox 731 1153 817 1203; x_wconf 87' lang='lat' dir='ltr'><strong>est</strong></span> <span class='ocrx_word' id='word_1_77' title='bbox 860 1148 1047 1214; x_wconf 78' lang='lat' dir='ltr'><strong>arbor,</strong></span> <span class='ocrx_word' id='word_1_78' title='bbox 1097 1148 1237 1202; x_wconf 81' lang='lat' dir='ltr'><strong>sieut</strong></span> <span class='ocrx_word' id='word_1_79' title='bbox 1279 1147 1543 1216; x_wconf 86' lang='lat' dir='ltr'><strong>scriptum</strong></span> <span class='ocrx_word' id='word_1_80' title='bbox 1591 1144 1678 1200; x_wconf 75' lang='lat' dir='ltr'><strong>est</strong></span> <span class='ocrx_word' id='word_1_81' title='bbox 1727 1160 1741 1199; x_wconf 93' lang='lat'><strong>:</strong></span> <span class='ocrx_word' id='word_1_82' title='bbox 1778 1142 1933 1198; x_wconf 87' lang='lat' dir='ltr'><strong>Sicut</strong></span> <span class='ocrx_word' id='word_1_83' title='bbox 1980 1140 2133 1195; x_wconf 87' lang='lat' dir='ltr'><strong>arbor</strong></span> 
     </span>
    </p>
   </div>
   <div class='ocr_carea' id='block_1_12' title="bbox 525 1235 2132 1316">
    <p class='ocr_par' dir='ltr' id='par_1_12' title="bbox 525 1235 2132 1316">
     <span class='ocr_line' id='line_1_12' title="bbox 525 1235 2132 1316; baseline -0.006 -18"><span class='ocrx_word' id='word_1_84' title='bbox 525 1242 652 1298; x_wconf 81' lang='lat' dir='ltr'><strong>mali</strong></span> <span class='ocrx_word' id='word_1_85' title='bbox 703 1239 917 1316; x_wconf 59' lang='grc' dir='ltr'><strong>ιω</strong></span> <span class='ocrx_word' id='word_1_86' title='bbox 949 1243 1085 1297; x_wconf 86' lang='lat' dir='ltr'><strong>inter</strong></span> <span class='ocrx_word' id='word_1_87' title='bbox 1124 1242 1266 1315; x_wconf 86' lang='lat' dir='ltr'><strong>ligna</strong></span> <span class='ocrx_word' id='word_1_88' title='bbox 1303 1241 1447 1296; x_wconf 78' lang='lat' dir='ltr'><strong>silva:</strong></span> <span class='ocrx_word' id='word_1_89' title='bbox 1472 1256 1491 1294; x_wconf 93' lang='lat'><strong><em>:</em></strong></span> <span class='ocrx_word' id='word_1_90' title='bbox 1524 1238 1595 1293; x_wconf 87' lang='lat' dir='ltr'><strong>ita</strong></span> <span class='ocrx_word' id='word_1_91' title='bbox 1628 1242 1789 1309; x_wconf 78' lang='lat' dir='ltr'><strong>frater</strong></span> <span class='ocrx_word' id='word_1_92' title='bbox 1818 1252 1963 1292; x_wconf 85' lang='lat' dir='ltr'><strong>meus</strong></span> <span class='ocrx_word' id='word_1_93' title='bbox 1998 1235 2132 1291; x_wconf 87' lang='lat' dir='ltr'><strong>inter</strong></span> 
     </span>
    </p>
   </div>
   <div class='ocr_carea' id='block_1_13' title="bbox 526 1330 1439 1407">
    <p class='ocr_par' dir='ltr' id='par_1_13' title="bbox 526 1330 1439 1407">
     <span class='ocr_line' id='line_1_13' title="bbox 526 1330 1439 1407; baseline -0.005 -16"><span class='ocrx_word' id='word_1_94' title='bbox 526 1336 757 1391; x_wconf 84' lang='lat' dir='ltr'><strong>medium</strong></span> <span class='ocrx_word' id='word_1_95' title='bbox 783 1336 1015 1405; x_wconf 80' lang='lat' dir='ltr'><strong>ﬁliorum</strong></span> <span class='ocrx_word' id='word_1_96' title='bbox 1045 1334 1217 1407; x_wconf 80' lang='lat' dir='ltr'><strong>(Cant.</strong></span> <span class='ocrx_word' id='word_1_97' title='bbox 1257 1348 1318 1402; x_wconf 88' lang='grc' dir='ltr'><strong>ιι,</strong></span> <span class='ocrx_word' id='word_1_98' title='bbox 1360 1330 1439 1405; x_wconf 83' lang='grc'><strong>5).</strong></span> 
     </span>
    </p>
   </div>
   <div class='ocr_carea' id='block_1_14' title="bbox 600 1412 2167 1502">
    <p class='ocr_par' dir='ltr' id='par_1_14' title="bbox 600 1412 2167 1502">
     <span class='ocr_line' id='line_1_14' title="bbox 600 1412 2167 1502; baseline -0.004 -16"><span class='ocrx_word' id='word_1_99' title='bbox 600 1430 727 1486; x_wconf 85' lang='grc' dir='ltr'><strong>18υ.</strong></span> <span class='ocrx_word' id='word_1_100' title='bbox 745 1431 885 1502; x_wconf 86' lang='lat' dir='ltr'><strong>Ergo</strong></span> <span class='ocrx_word' id='word_1_101' title='bbox 897 1438 950 1485; x_wconf 89' lang='lat' dir='ltr'><strong>et</strong></span> <span class='ocrx_word' id='word_1_102' title='bbox 967 1432 1023 1486; x_wconf 85' lang='lat' dir='ltr'><strong>tu</strong></span> <span class='ocrx_word' id='word_1_103' title='bbox 1036 1426 1246 1486; x_wconf 85' lang='lat' dir='ltr'><strong>semina</strong></span> <span class='ocrx_word' id='word_1_104' title='bbox 1261 1426 1313 1484; x_wconf 85' lang='lat' dir='ltr'><strong>iu</strong></span> <span class='ocrx_word' id='word_1_105' title='bbox 1332 1426 1492 1484; x_wconf 82' lang='lat' dir='ltr'><strong>horto</strong></span> <span class='ocrx_word' id='word_1_106' title='bbox 1511 1434 1603 1483; x_wconf 80' lang='lat' dir='ltr'><strong>tuo</strong></span> <span class='ocrx_word' id='word_1_107' title='bbox 1616 1423 1912 1482; x_wconf 86' lang='lat' dir='ltr'><strong>Christum.</strong></span> <span class='ocrx_word' id='word_1_108' title='bbox 1930 1422 2133 1480; x_wconf 91' lang='lat' dir='ltr'><strong>Hortus</strong></span> <span class='ocrx_word' id='word_1_109' title='bbox 2156 1412 2167 1423; x_wconf 81' lang='grc'><em>’</em></span> 
     </span>
    </p>
   </div>
   <div class='ocr_carea' id='block_1_15' title="bbox 529 1518 2130 1596">
    <p class='ocr_par' dir='ltr' id='par_1_15' title="bbox 529 1518 2130 1596">
     <span class='ocr_line' id='line_1_15' title="bbox 529 1518 2130 1596; baseline -0.005 -16"><span class='ocrx_word' id='word_1_110' title='bbox 529 1524 721 1596; x_wconf 91' lang='lat' dir='ltr'><strong>utique</strong></span> <span class='ocrx_word' id='word_1_111' title='bbox 750 1524 901 1580; x_wconf 90' lang='lat' dir='ltr'><strong>locus</strong></span> <span class='ocrx_word' id='word_1_112' title='bbox 926 1523 1120 1595; x_wconf 88' lang='lat' dir='ltr'><strong>plenus</strong></span> <span class='ocrx_word' id='word_1_113' title='bbox 1150 1531 1235 1579; x_wconf 89' lang='lat' dir='ltr'><strong>est</strong></span> <span class='ocrx_word' id='word_1_114' title='bbox 1262 1522 1458 1578; x_wconf 83' lang='lat' dir='ltr'><strong>norum</strong></span> <span class='ocrx_word' id='word_1_115' title='bbox 1489 1532 1544 1577; x_wconf 93' lang='lat' dir='ltr'><strong>et</strong></span> <span class='ocrx_word' id='word_1_116' title='bbox 1582 1520 1855 1576; x_wconf 84' lang='lat' dir='ltr'><strong>fructuum</strong></span> <span class='ocrx_word' id='word_1_117' title='bbox 1883 1518 2130 1575; x_wconf 81' lang='lat' dir='ltr'><strong>diverso—</strong></span> 
     </span>
    </p>
   </div>
   <div class='ocr_carea' id='block_1_16' title="bbox 530 1611 2130 1688">
    <p class='ocr_par' dir='ltr' id='par_1_16' title="bbox 530 1611 2130 1688">
     <span class='ocr_line' id='line_1_16' title="bbox 530 1611 2130 1688; baseline -0.004 -15"><span class='ocrx_word' id='word_1_118' title='bbox 530 1632 675 1685; x_wconf 89' lang='lat' dir='ltr'><strong>rum,</strong></span> <span class='ocrx_word' id='word_1_119' title='bbox 712 1617 765 1671; x_wconf 87' lang='lat' dir='ltr'><strong>ih</strong></span> <span class='ocrx_word' id='word_1_120' title='bbox 795 1633 903 1688; x_wconf 88' lang='lat' dir='ltr'><strong>quo</strong></span> <span class='ocrx_word' id='word_1_121' title='bbox 941 1617 1116 1687; x_wconf 85' lang='lat' dir='ltr'><strong>gratia</strong></span> <span class='ocrx_word' id='word_1_122' title='bbox 1144 1616 1224 1672; x_wconf 89' lang='lat' dir='ltr'><strong>tui</strong></span> <span class='ocrx_word' id='word_1_123' title='bbox 1263 1617 1447 1687; x_wconf 89' lang='lat' dir='ltr'><strong>operis</strong></span> <span class='ocrx_word' id='word_1_124' title='bbox 1475 1615 1742 1681; x_wconf 87' lang='lat' dir='ltr'><strong>emoreat,</strong></span> <span class='ocrx_word' id='word_1_125' title='bbox 1771 1625 1826 1670; x_wconf 89' lang='lat' dir='ltr'><strong>et</strong></span> <span class='ocrx_word' id='word_1_126' title='bbox 1853 1611 2130 1683; x_wconf 80' lang='lat' dir='ltr'><strong>multiplex</strong></span> 
     </span>
    </p>
   </div>
   <div class='ocr_carea' id='block_1_17' title="bbox 528 1707 2130 1780">
    <p class='ocr_par' dir='ltr' id='par_1_17' title="bbox 528 1707 2130 1780">
     <span class='ocr_line' id='line_1_17' title="bbox 528 1707 2130 1780; baseline -0.004 -14"><span class='ocrx_word' id='word_1_127' title='bbox 528 1711 666 1766; x_wconf 91' lang='lat' dir='ltr'><strong>odor</strong></span> <span class='ocrx_word' id='word_1_128' title='bbox 696 1710 1106 1766; x_wconf 66' lang='lat' dir='ltr'><strong>variae&#39;virtutis</strong></span> <span class='ocrx_word' id='word_1_129' title='bbox 1157 1712 1395 1767; x_wconf 81' lang='lat' dir='ltr'><strong>exhalet.</strong></span> <span class='ocrx_word' id='word_1_130' title='bbox 1435 1708 1513 1766; x_wconf 89' lang='lat' dir='ltr'><strong>lbi</strong></span> <span class='ocrx_word' id='word_1_131' title='bbox 1556 1723 1689 1780; x_wconf 82' lang='lat' dir='ltr'><strong>ergo</strong></span> <span class='ocrx_word' id='word_1_132' title='bbox 1735 1709 1807 1762; x_wconf 88' lang='lat' dir='ltr'><strong>sit</strong></span> <span class='ocrx_word' id='word_1_133' title='bbox 1861 1707 2130 1772; x_wconf 80' lang='lat' dir='ltr'><strong>Christus,</strong></span> 
     </span>
    </p>
   </div>
   <div class='ocr_carea' id='block_1_18' title="bbox 531 1796 2133 1860">
    <p class='ocr_par' dir='ltr' id='par_1_18' title="bbox 531 1796 2133 1860">
     <span class='ocr_line' id='line_1_18' title="bbox 531 1796 2133 1860; baseline -0.005 -1"><span class='ocrx_word' id='word_1_134' title='bbox 531 1803 626 1859; x_wconf 86' lang='lat' dir='ltr'><strong>ubi</strong></span> <span class='ocrx_word' id='word_1_135' title='bbox 651 1803 859 1859; x_wconf 80' lang='lat' dir='ltr'><strong>fruetus</strong></span> <span class='ocrx_word' id='word_1_136' title='bbox 885 1813 988 1859; x_wconf 87' lang='lat' dir='ltr'><strong>est.</strong></span> <span class='ocrx_word' id='word_1_137' title='bbox 1038 1802 1258 1859; x_wconf 87' lang='lat' dir='ltr'><strong>Semina</strong></span> <span class='ocrx_word' id='word_1_138' title='bbox 1310 1801 1603 1860; x_wconf 80' lang='lat' dir='ltr'><strong>Dominum</strong></span> <span class='ocrx_word' id='word_1_139' title='bbox 1644 1799 1850 1856; x_wconf 85' lang='lat' dir='ltr'><strong>Jesnm.</strong></span> <span class='ocrx_word' id='word_1_140' title='bbox 1892 1796 2133 1854; x_wconf 90' lang='lat' dir='ltr'><strong>Granum</strong></span> 
     </span>
    </p>
   </div>
   <div class='ocr_carea' id='block_1_19' title="bbox 2232 585 3843 659">
    <p class='ocr_par' dir='ltr' id='par_1_19' title="bbox 2232 585 3843 659">
     <span class='ocr_line' id='line_1_19' title="bbox 2232 585 3843 659; baseline 0.002 -21"><span class='ocrx_word' id='word_1_141' title='bbox 2232 586 2643 639; x_wconf 79' lang='lat' dir='ltr'><strong>intentationem</strong></span> <span class='ocrx_word' id='word_1_142' title='bbox 2675 585 2889 658; x_wconf 80' lang='lat' dir='ltr'><strong>(Matth.</strong></span> <span class='ocrx_word' id='word_1_143' title='bbox 2921 604 3067 655; x_wconf 82' lang='lat' dir='ltr'><strong>xxvi,</strong></span> <span class='ocrx_word' id='word_1_144' title='bbox 3096 586 3222 659; x_wconf 67' lang='lat'><strong>41);</strong></span> <span class='ocrx_word' id='word_1_145' title='bbox 3247 588 3394 645; x_wconf 88' lang='lat' dir='ltr'><strong>velut</strong></span> <span class='ocrx_word' id='word_1_146' title='bbox 3414 590 3579 643; x_wconf 76' lang='lat' dir='ltr'><strong>s&#39;ucco</strong></span> <span class='ocrx_word' id='word_1_147' title='bbox 3605 589 3843 644; x_wconf 88' lang='lat' dir='ltr'><strong>amario-</strong></span> 
     </span>
    </p>
   </div>
   <div class='ocr_carea' id='block_1_20' title="bbox 2233 675 3843 752">
    <p class='ocr_par' dir='ltr' id='par_1_20' title="bbox 2233 675 3843 752">
     <span class='ocr_line' id='line_1_20' title="bbox 2233 675 3843 752; baseline 0.004 -22"><span class='ocrx_word' id='word_1_148' title='bbox 2233 676 2306 730; x_wconf 88' lang='lat' dir='ltr'><strong>ris</strong></span> <span class='ocrx_word' id='word_1_149' title='bbox 2341 675 2611 733; x_wconf 86' lang='lat' dir='ltr'><strong>sermonis</strong></span> <span class='ocrx_word' id='word_1_150' title='bbox 2648 678 2921 751; x_wconf 83' lang='lat' dir='ltr'><strong>increpiti,</strong></span> <span class='ocrx_word' id='word_1_151' title='bbox 2957 678 2985 708; x_wconf 79' lang='grc'><strong>⁸</strong></span> <span class='ocrx_word' id='word_1_152' title='bbox 3012 679 3289 736; x_wconf 83' lang='lat' dir='ltr'><strong>dulciores</strong></span> <span class='ocrx_word' id='word_1_153' title='bbox 3328 681 3477 751; x_wconf 88' lang='lat' dir='ltr'><strong>justo</strong></span> <span class='ocrx_word' id='word_1_154' title='bbox 3506 679 3843 752; x_wconf 74' lang='lat' dir='ltr'><strong>voluptatum</strong></span> 
     </span>
    </p>
   </div>
   <div class='ocr_carea' id='block_1_21' title="bbox 2232 769 3838 845">
    <p class='ocr_par' dir='ltr' id='par_1_21' title="bbox 2232 769 3838 845">
     <span class='ocr_line' id='line_1_21' title="bbox 2232 769 3838 845; baseline 0.005 -23"><span class='ocrx_word' id='word_1_155' title='bbox 2232 769 2529 825; x_wconf 83' lang='lat' dir='ltr'><strong>suavitates</strong></span> <span class='ocrx_word' id='word_1_156' title='bbox 2556 773 2921 841; x_wconf 85' lang='lat' dir='ltr'><strong>corporalium</strong></span> <span class='ocrx_word' id='word_1_157' title='bbox 2953 782 3339 843; x_wconf 87' lang='lat' dir='ltr'><strong>temperamus.</strong></span> <span class='ocrx_word' id='word_1_158' title='bbox 3372 773 3517 845; x_wconf 89' lang='lat' dir='ltr'><strong>Ergo</strong></span> <span class='ocrx_word' id='word_1_159' title='bbox 3546 774 3635 845; x_wconf 91' lang='lat' dir='ltr'><strong>qui</strong></span> <span class='ocrx_word' id='word_1_160' title='bbox 3674 776 3838 830; x_wconf 89' lang='lat' dir='ltr'><strong>semi-</strong></span> 
     </span>
    </p>
   </div>
   <div class='ocr_carea' id='block_1_22' title="bbox 2233 864 3729 937">
    <p class='ocr_par' dir='ltr' id='par_1_22' title="bbox 2233 864 3729 937">
     <span class='ocr_line' id='line_1_22' title="bbox 2233 864 3729 937; baseline 0.005 -21"><span class='ocrx_word' id='word_1_161' title='bbox 2233 872 2325 916; x_wconf 91' lang='lat' dir='ltr'><strong>nat</strong></span> <span class='ocrx_word' id='word_1_162' title='bbox 2350 878 2575 932; x_wconf 79' lang='lat' dir='ltr'><strong>granum</strong></span> <span class='ocrx_word' id='word_1_163' title='bbox 2602 865 2829 936; x_wconf 88' lang='lat' dir='ltr'><strong>sinapis,</strong></span> <span class='ocrx_word' id='word_1_164' title='bbox 2863 868 3099 921; x_wconf 87' lang='lat' dir='ltr'><strong>seminat</strong></span> <span class='ocrx_word' id='word_1_165' title='bbox 3130 882 3355 937; x_wconf 89' lang='lat' dir='ltr'><strong>regnum</strong></span> <span class='ocrx_word' id='word_1_166' title='bbox 3385 869 3671 924; x_wconf 57' lang='lat' dir='ltr'><strong>caelorum.</strong></span> <span class='ocrx_word' id='word_1_167' title='bbox 3726 864 3729 865; x_wconf 52' lang='grc'><strong><em>⁷</em></strong></span> 
     </span>
    </p>
   </div>
   <div class='ocr_carea' id='block_1_23' title="bbox 2308 956 3847 1036">
    <p class='ocr_par' dir='ltr' id='par_1_23' title="bbox 2308 956 3847 1036">
     <span class='ocr_line' id='line_1_23' title="bbox 2308 956 3847 1036; baseline 0.006 -26"><span class='ocrx_word' id='word_1_168' title='bbox 2308 956 2431 1014; x_wconf 79' lang='grc'><strong>185.</strong></span> <span class='ocrx_word' id='word_1_169' title='bbox 2460 956 2538 1014; x_wconf 88' lang='lat' dir='ltr'><strong>Ne</strong></span> <span class='ocrx_word' id='word_1_170' title='bbox 2566 959 2838 1031; x_wconf 76' lang='lat' dir='ltr'><strong>deSpicias</strong></span> <span class='ocrx_word' id='word_1_171' title='bbox 2869 959 2974 1017; x_wconf 87' lang='lat' dir='ltr'><strong>hoc</strong></span> <span class='ocrx_word' id='word_1_172' title='bbox 3001 977 3231 1034; x_wconf 82' lang='lat' dir='ltr'><strong>granum</strong></span> <span class='ocrx_word' id='word_1_173' title='bbox 3276 963 3483 1036; x_wconf 89' lang='lat' dir='ltr'><strong>sinapis</strong></span> <span class='ocrx_word' id='word_1_174' title='bbox 3515 978 3527 1016; x_wconf 88' lang='lat'><strong>:</strong></span> <span class='ocrx_word' id='word_1_175' title='bbox 3564 961 3847 1019; x_wconf 77' lang='lat' dir='ltr'><strong>Minimum</strong></span> 
     </span>
    </p>
   </div>
   <div class='ocr_carea' id='block_1_24' title="bbox 2231 1050 3849 1126">
    <p class='ocr_par' dir='ltr' id='par_1_24' title="bbox 2231 1050 3849 1126">
     <span class='ocr_line' id='line_1_24' title="bbox 2231 1050 3849 1126; baseline 0.005 -23"><span class='ocrx_word' id='word_1_176' title='bbox 2231 1050 2438 1122; x_wconf 81' lang='lat' dir='ltr'><strong>quidem</strong></span> <span class='ocrx_word' id='word_1_177' title='bbox 2450 1064 2524 1106; x_wconf 80' lang='lat' dir='ltr'><strong>est</strong></span> <span class='ocrx_word' id='word_1_178' title='bbox 2540 1054 2774 1109; x_wconf 89' lang='lat' dir='ltr'><strong>omnibus</strong></span> <span class='ocrx_word' id='word_1_179' title='bbox 2786 1056 3083 1122; x_wconf 80' lang='lat' dir='ltr'><strong>seminibus,</strong></span> <span class='ocrx_word' id='word_1_180' title='bbox 3101 1055 3160 1126; x_wconf 84' lang='lat' dir='ltr'><strong>ﬁt</strong></span> <span class='ocrx_word' id='word_1_181' title='bbox 3177 1066 3345 1110; x_wconf 84' lang='lat' dir='ltr'><strong>autent</strong></span> <span class='ocrx_word' id='word_1_182' title='bbox 3356 1073 3470 1110; x_wconf 88' lang='lat' dir='ltr'><strong>cum</strong></span> <span class='ocrx_word' id='word_1_183' title='bbox 3483 1058 3719 1124; x_wconf 79' lang='lat' dir='ltr'><strong>creverit,</strong></span> <span class='ocrx_word' id='word_1_184' title='bbox 3736 1073 3849 1111; x_wconf 84' lang='lat' dir='ltr'><strong>ma-</strong></span> 
     </span>
    </p>
   </div>
   <div class='ocr_carea' id='block_1_25' title="bbox 2224 1144 3851 1221">
    <p class='ocr_par' dir='ltr' id='par_1_25' title="bbox 2224 1144 3851 1221">
     <span class='ocr_line' id='line_1_25' title="bbox 2224 1144 3851 1221; baseline 0.007 -25"><span class='ocrx_word' id='word_1_185' title='bbox 2224 1146 2316 1217; x_wconf 85' lang='lat' dir='ltr'><strong>jus</strong></span> <span class='ocrx_word' id='word_1_186' title='bbox 2331 1146 2562 1200; x_wconf 84' lang='lat' dir='ltr'><strong>omnibus</strong></span> <span class='ocrx_word' id='word_1_187' title='bbox 2577 1144 2801 1202; x_wconf 77' lang='lat' dir='ltr'><strong>oleribus</strong></span> <span class='ocrx_word' id='word_1_188' title='bbox 2828 1146 3046 1221; x_wconf 82' lang='lat' dir='ltr'><strong>(Matth.</strong></span> <span class='ocrx_word' id='word_1_189' title='bbox 3062 1165 3178 1217; x_wconf 82' lang='lat' dir='ltr'><strong>xm,</strong></span> <span class='ocrx_word' id='word_1_190' title='bbox 3198 1148 3309 1221; x_wconf 69' lang='grc'><strong>52).</strong></span> <span class='ocrx_word' id='word_1_191' title='bbox 3326 1149 3382 1206; x_wconf 92' lang='lat' dir='ltr'><strong>Si</strong></span> <span class='ocrx_word' id='word_1_192' title='bbox 3397 1144 3851 1221; x_wconf 43' lang='lat' dir='ltr'><strong>granum‘sinapis</strong></span> 
     </span>
    </p>
   </div>
   <div class='ocr_carea' id='block_1_26' title="bbox 2235 1236 3849 1313">
    <p class='ocr_par' dir='ltr' id='par_1_26' title="bbox 2235 1236 3849 1313">
     <span class='ocr_line' id='line_1_26' title="bbox 2235 1236 3849 1313; baseline 0.004 -21"><span class='ocrx_word' id='word_1_193' title='bbox 2235 1236 2509 1305; x_wconf 83' lang='lat' dir='ltr'><strong>Christus,</strong></span> <span class='ocrx_word' id='word_1_194' title='bbox 2541 1241 3000 1311; x_wconf 88' lang='lat' dir='ltr'><strong>quemadmodum</strong></span> <span class='ocrx_word' id='word_1_195' title='bbox 3033 1242 3285 1298; x_wconf 87' lang='lat' dir='ltr'><strong>Christus</strong></span> <span class='ocrx_word' id='word_1_196' title='bbox 3322 1255 3414 1299; x_wconf 88' lang='lat' dir='ltr'><strong>aut</strong></span> <span class='ocrx_word' id='word_1_197' title='bbox 3455 1244 3715 1299; x_wconf 89' lang='lat' dir='ltr'><strong>minimus</strong></span> <span class='ocrx_word' id='word_1_198' title='bbox 3740 1253 3849 1313; x_wconf 88' lang='lat' dir='ltr'><strong>est,</strong></span> 
     </span>
    </p>
   </div>
   <div class='ocr_carea' id='block_1_27' title="bbox 2204 1332 3849 1409">
    <p class='ocr_par' dir='ltr' id='par_1_27' title="bbox 2204 1332 3849 1409">
     <span class='ocr_line' id='line_1_27' title="bbox 2204 1332 3849 1409; baseline 0.001 -17"><span class='ocrx_word' id='word_1_199' title='bbox 2204 1342 2328 1392; x_wconf 81' lang='lat' dir='ltr'><strong>.aut</strong></span> <span class='ocrx_word' id='word_1_200' title='bbox 2354 1334 2585 1391; x_wconf 80' lang='lat' dir='ltr'><strong>crescit?</strong></span> <span class='ocrx_word' id='word_1_201' title='bbox 2618 1335 2815 1391; x_wconf 81' lang='lat' dir='ltr'><strong>Verum</strong></span> <span class='ocrx_word' id='word_1_202' title='bbox 2850 1354 2956 1393; x_wconf 92' lang='lat' dir='ltr'><strong>non</strong></span> <span class='ocrx_word' id='word_1_203' title='bbox 2982 1353 3077 1409; x_wconf 91' lang='lat' dir='ltr'><strong>per</strong></span> <span class='ocrx_word' id='word_1_204' title='bbox 3106 1344 3382 1405; x_wconf 88' lang='lat' dir='ltr'><strong>naturam,</strong></span> <span class='ocrx_word' id='word_1_205' title='bbox 3410 1332 3441 1374; x_wconf 67' lang='grc'><strong><em>⁵</em></strong></span> <span class='ocrx_word' id='word_1_206' title='bbox 3472 1336 3567 1392; x_wconf 85' lang='lat' dir='ltr'><strong>sed</strong></span> <span class='ocrx_word' id='word_1_207' title='bbox 3597 1353 3692 1407; x_wconf 88' lang='lat' dir='ltr'><strong>per</strong></span> <span class='ocrx_word' id='word_1_208' title='bbox 3718 1352 3849 1408; x_wconf 86' lang='lat' dir='ltr'><strong>spe-</strong></span> 
     </span>
    </p>
   </div>
   <div class='ocr_carea' id='block_1_28' title="bbox 2234 1428 3856 1488">
    <p class='ocr_par' dir='ltr' id='par_1_28' title="bbox 2234 1428 3856 1488">
     <span class='ocr_line' id='line_1_28' title="bbox 2234 1428 3856 1488; baseline 0.001 -4"><span class='ocrx_word' id='word_1_209' title='bbox 2234 1430 2372 1484; x_wconf 91' lang='lat' dir='ltr'><strong>ciem</strong></span> <span class='ocrx_word' id='word_1_210' title='bbox 2406 1443 2599 1485; x_wconf 87' lang='lat' dir='ltr'><strong>rursus</strong></span> <span class='ocrx_word' id='word_1_211' title='bbox 2628 1431 2918 1487; x_wconf 80' lang='lat' dir='ltr'><strong>excrescit.</strong></span> <span class='ocrx_word' id='word_1_212' title='bbox 2950 1430 3044 1486; x_wconf 75' lang='lat' dir='ltr'><strong>Vis</strong></span> <span class='ocrx_word' id='word_1_213' title='bbox 3076 1432 3220 1488; x_wconf 87' lang='lat' dir='ltr'><strong>scire</strong></span> <span class='ocrx_word' id='word_1_214' title='bbox 3251 1428 3573 1487; x_wconf 82' lang='lat' dir='ltr'><strong>minimum?</strong></span> <span class='ocrx_word' id='word_1_215' title='bbox 3617 1429 3856 1486; x_wconf 84' lang='lat' dir='ltr'><strong>Vidimus</strong></span> 
     </span>
    </p>
   </div>
   <div class='ocr_carea' id='block_1_29' title="bbox 2235 1521 3850 1597">
    <p class='ocr_par' dir='ltr' id='par_1_29' title="bbox 2235 1521 3850 1597">
     <span class='ocr_line' id='line_1_29' title="bbox 2235 1521 3850 1597; baseline 0.001 -20"><span class='ocrx_word' id='word_1_216' title='bbox 2235 1538 2373 1590; x_wconf 86' lang='lat' dir='ltr'><strong>eum,</strong></span> <span class='ocrx_word' id='word_1_217' title='bbox 2398 1530 2445 1578; x_wconf 85' lang='lat' dir='ltr'><strong>et</strong></span> <span class='ocrx_word' id='word_1_218' title='bbox 2467 1540 2568 1578; x_wconf 88' lang='lat' dir='ltr'><strong>non</strong></span> <span class='ocrx_word' id='word_1_219' title='bbox 2590 1523 2805 1579; x_wconf 80' lang='lat' dir='ltr'><strong>habebat</strong></span> <span class='ocrx_word' id='word_1_220' title='bbox 2833 1525 3055 1595; x_wconf 78' lang='lat' dir='ltr'><strong>speciem</strong></span> <span class='ocrx_word' id='word_1_221' title='bbox 3079 1542 3239 1595; x_wconf 86' lang='lat' dir='ltr'><strong>neque</strong></span> <span class='ocrx_word' id='word_1_222' title='bbox 3264 1525 3497 1581; x_wconf 87' lang='lat' dir='ltr'><strong>decorem</strong></span> <span class='ocrx_word' id='word_1_223' title='bbox 3522 1521 3698 1597; x_wconf 88' lang='lat' dir='ltr'><strong>(Esai.</strong></span> <span class='ocrx_word' id='word_1_224' title='bbox 3731 1539 3850 1591; x_wconf 76' lang='lat' dir='ltr'><strong>xm,</strong></span> 
     </span>
    </p>
   </div>
   <div class='ocr_carea' id='block_1_30' title="bbox 2236 1616 3903 1696">
    <p class='ocr_par' dir='ltr' id='par_1_30' title="bbox 2236 1616 3903 1696">
     <span class='ocr_line' id='line_1_30' title="bbox 2236 1616 3903 1696; baseline 0.007 -25"><span class='ocrx_word' id='word_1_225' title='bbox 2236 1616 2317 1690; x_wconf 74' lang='lat'><strong>9).</strong></span> <span class='ocrx_word' id='word_1_226' title='bbox 2353 1616 2512 1674; x_wconf 88' lang='lat' dir='ltr'><strong>Disce</strong></span> <span class='ocrx_word' id='word_1_227' title='bbox 2561 1624 2858 1676; x_wconf 87' lang='lat' dir='ltr'><strong>maximum</strong></span> <span class='ocrx_word' id='word_1_228' title='bbox 2908 1639 2922 1675; x_wconf 88' lang='lat'><strong>:</strong></span> <span class='ocrx_word' id='word_1_229' title='bbox 2956 1620 3238 1693; x_wconf 85' lang='lat' dir='ltr'><strong>Speciosus</strong></span> <span class='ocrx_word' id='word_1_230' title='bbox 3287 1623 3455 1693; x_wconf 79' lang='lat' dir='ltr'><strong>forma</strong></span> <span class='ocrx_word' id='word_1_231' title='bbox 3497 1618 3604 1692; x_wconf 70' lang='lat' dir='ltr'><strong>pra!</strong></span> <span class='ocrx_word' id='word_1_232' title='bbox 3638 1616 3853 1692; x_wconf 69' lang='grc'><strong>1455</strong></span> <span class='ocrx_word' id='word_1_233' title='bbox 3892 1687 3903 1696; x_wconf 60' lang='grc'><strong>,</strong></span> 
     </span>
    </p>
   </div>
   <div class='ocr_carea' id='block_1_31' title="bbox 2238 1706 3855 1787">
    <p class='ocr_par' dir='ltr' id='par_1_31' title="bbox 2238 1706 3855 1787">
     <span class='ocr_line' id='line_1_31' title="bbox 2238 1706 3855 1787; baseline 0.004 -24"><span class='ocrx_word' id='word_1_234' title='bbox 2238 1706 2361 1780; x_wconf 84' lang='lat' dir='ltr'><strong>ﬁliis</strong></span> <span class='ocrx_word' id='word_1_235' title='bbox 2391 1706 2661 1767; x_wconf 84' lang='lat' dir='ltr'><strong>hominum</strong></span> <span class='ocrx_word' id='word_1_236' title='bbox 2692 1709 2873 1784; x_wconf 87' lang='lat' dir='ltr'><strong>(Psal.</strong></span> <span class='ocrx_word' id='word_1_237' title='bbox 2922 1730 3076 1781; x_wconf 69' lang='lat' dir='ltr'><strong>sur,</strong></span> <span class='ocrx_word' id='word_1_238' title='bbox 3118 1714 3198 1787; x_wconf 68' lang='grc'><strong>5).</strong></span> <span class='ocrx_word' id='word_1_239' title='bbox 3235 1715 3449 1769; x_wconf 81' lang='lat' dir='ltr'><strong>Etenim</strong></span> <span class='ocrx_word' id='word_1_240' title='bbox 3481 1713 3575 1770; x_wconf 90' lang='lat' dir='ltr'><strong>ille</strong></span> <span class='ocrx_word' id='word_1_241' title='bbox 3604 1714 3696 1784; x_wconf 92' lang='lat' dir='ltr'><strong>qui</strong></span> <span class='ocrx_word' id='word_1_242' title='bbox 3741 1729 3855 1769; x_wconf 90' lang='lat' dir='ltr'><strong>non</strong></span> 
     </span>
    </p>
   </div>
   <div class='ocr_carea' id='block_1_32' title="bbox 2240 1802 3856 1877">
    <p class='ocr_par' dir='ltr' id='par_1_32' title="bbox 2240 1802 3856 1877">
     <span class='ocr_line' id='line_1_32' title="bbox 2240 1802 3856 1877; baseline 0.004 -21"><span class='ocrx_word' id='word_1_243' title='bbox 2240 1802 2475 1858; x_wconf 86' lang='lat' dir='ltr'><strong>habebat</strong></span> <span class='ocrx_word' id='word_1_244' title='bbox 2503 1805 2745 1875; x_wconf 82' lang='lat' dir='ltr'><strong>Speciem</strong></span> <span class='ocrx_word' id='word_1_245' title='bbox 2775 1823 2952 1877; x_wconf 87' lang='lat' dir='ltr'><strong>neque</strong></span> <span class='ocrx_word' id='word_1_246' title='bbox 2981 1806 3262 1875; x_wconf 78' lang='lat' dir='ltr'><strong>decorem,</strong></span> <span class='ocrx_word' id='word_1_247' title='bbox 3290 1804 3650 1863; x_wconf 80' lang='lat' dir='ltr'><strong>excellentior</strong></span> <span class='ocrx_word' id='word_1_248' title='bbox 3680 1805 3856 1862; x_wconf 84' lang='lat' dir='ltr'><strong>lactus</strong></span> 
     </span>
    </p>
   </div>
   <div class='ocr_carea' id='block_1_33' title="bbox 531 1891 3855 1970">
    <p class='ocr_par' dir='ltr' id='par_1_33' title="bbox 531 1891 3855 1970">
     <span class='ocr_line' id='line_1_33' title="bbox 531 1891 3855 1970; baseline 0 -16"><span class='ocrx_word' id='word_1_249' title='bbox 531 1910 616 1955; x_wconf 83' lang='lat' dir='ltr'><strong>eSt</strong></span> <span class='ocrx_word' id='word_1_250' title='bbox 646 1902 769 1954; x_wconf 82' lang='lat' dir='ltr'><strong>cum</strong></span> <span class='ocrx_word' id='word_1_251' title='bbox 800 1896 1303 1969; x_wconf 86' lang='lat' dir='ltr'><strong>comprehenditur,</strong></span> <span class='ocrx_word' id='word_1_252' title='bbox 1342 1896 1506 1952; x_wconf 81' lang='lat' dir='ltr'><strong>arbor</strong></span> <span class='ocrx_word' id='word_1_253' title='bbox 1532 1905 1750 1951; x_wconf 89' lang='lat' dir='ltr'><strong>estcum</strong></span> <span class='ocrx_word' id='word_1_254' title='bbox 1767 1891 2017 1962; x_wconf 80' lang='lat' dir='ltr'><strong>resurgit,</strong></span> <span class='ocrx_word' id='word_1_255' title='bbox 2047 1905 2135 1944; x_wconf 88' lang='lat' dir='ltr'><strong>ar-</strong></span> <span class='ocrx_word' id='word_1_256' title='bbox 2164 1892 2214 1965; x_wconf 76' lang='grc' dir='ltr'><strong>Β</strong></span> <span class='ocrx_word' id='word_1_257' title='bbox 2241 1900 2323 1950; x_wconf 87' lang='lat' dir='ltr'><strong>est</strong></span> <span class='ocrx_word' id='word_1_258' title='bbox 2349 1895 2579 1967; x_wconf 85' lang='lat' dir='ltr'><strong>angelis,</strong></span> <span class='ocrx_word' id='word_1_259' title='bbox 2611 1898 2996 1953; x_wconf 78' lang='lat' dir='ltr'><strong>ultra‘omnem</strong></span> <span class='ocrx_word' id='word_1_260' title='bbox 3025 1899 3254 1969; x_wconf 77' lang='lat' dir='ltr'><strong>gloriam</strong></span> <span class='ocrx_word' id='word_1_261' title='bbox 3279 1897 3690 1970; x_wconf 87' lang='lat' dir='ltr'><strong>prophetarum,</strong></span> <span class='ocrx_word' id='word_1_262' title='bbox 3716 1914 3855 1969; x_wconf 88' lang='lat' dir='ltr'><strong>quos</strong></span> 
     </span>
    </p>
   </div>
   <div class='ocr_carea' id='block_1_34' title="bbox 532 1986 2137 2058">
    <p class='ocr_par' dir='ltr' id='par_1_34' title="bbox 532 1986 2137 2058">
     <span class='ocr_line' id='line_1_34' title="bbox 532 1986 2137 2058; baseline -0.006 -9"><span class='ocrx_word' id='word_1_263' title='bbox 532 1994 633 2049; x_wconf 82' lang='lat' dir='ltr'><strong>bur</strong></span> <span class='ocrx_word' id='word_1_264' title='bbox 659 1986 919 2047; x_wconf 80' lang='lat' dir='ltr'><strong>mundum</strong></span> <span class='ocrx_word' id='word_1_265' title='bbox 947 1991 1304 2047; x_wconf 82' lang='lat' dir='ltr'><strong>obumbrans.</strong></span> <span class='ocrx_word' id='word_1_266' title='bbox 1348 1990 1589 2048; x_wconf 85' lang='lat' dir='ltr'><strong>Granum</strong></span> <span class='ocrx_word' id='word_1_267' title='bbox 1610 2000 1695 2046; x_wconf 87' lang='lat' dir='ltr'><strong>est</strong></span> <span class='ocrx_word' id='word_1_268' title='bbox 1721 2004 1843 2044; x_wconf 90' lang='lat' dir='ltr'><strong>cum</strong></span> <span class='ocrx_word' id='word_1_269' title='bbox 1874 1987 2137 2058; x_wconf 89' lang='lat' dir='ltr'><strong>sepelitur</strong></span> 
     </span>
    </p>
   </div>
   <div class='ocr_carea' id='block_1_35' title="bbox 532 2080 1880 2153">
    <p class='ocr_par' dir='ltr' id='par_1_35' title="bbox 532 2080 1880 2153">
     <span class='ocr_line' id='line_1_35' title="bbox 532 2080 1880 2153; baseline -0.004 -12"><span class='ocrx_word' id='word_1_270' title='bbox 532 2086 588 2141; x_wconf 90' lang='lat' dir='ltr'><strong>in</strong></span> <span class='ocrx_word' id='word_1_271' title='bbox 627 2088 795 2153; x_wconf 74' lang='lat' dir='ltr'><strong>terra,</strong></span> <span class='ocrx_word' id='word_1_272' title='bbox 829 2086 993 2140; x_wconf 80' lang='lat' dir='ltr'><strong>arbor</strong></span> <span class='ocrx_word' id='word_1_273' title='bbox 1022 2092 1109 2141; x_wconf 88' lang='lat' dir='ltr'><strong>est</strong></span> <span class='ocrx_word' id='word_1_274' title='bbox 1132 2100 1255 2140; x_wconf 90' lang='lat' dir='ltr'><strong>cum</strong></span> <span class='ocrx_word' id='word_1_275' title='bbox 1283 2080 1528 2141; x_wconf 81' lang='lat' dir='ltr'><strong>elevatur</strong></span> <span class='ocrx_word' id='word_1_276' title='bbox 1554 2081 1621 2138; x_wconf 87' lang='lat' dir='ltr'><strong>ad</strong></span> <span class='ocrx_word' id='word_1_277' title='bbox 1658 2082 1880 2139; x_wconf 81' lang='lat' dir='ltr'><strong>etelum.</strong></span> 
     </span>
    </p>
   </div>
   <div class='ocr_carea' id='block_1_36' title="bbox 607 2172 2132 2243">
    <p class='ocr_par' dir='ltr' id='par_1_36' title="bbox 607 2172 2132 2243">
     <span class='ocr_line' id='line_1_36' title="bbox 607 2172 2132 2243; baseline -0.003 -10"><span class='ocrx_word' id='word_1_278' title='bbox 607 2180 731 2235; x_wconf 81' lang='grc'><strong>181.</strong></span> <span class='ocrx_word' id='word_1_279' title='bbox 774 2177 969 2235; x_wconf 67' lang='lat' dir='ltr'><strong>Priame</strong></span> <span class='ocrx_word' id='word_1_280' title='bbox 1000 2178 1162 2234; x_wconf 86' lang='lat' dir='ltr'><strong>etiam</strong></span> <span class='ocrx_word' id='word_1_281' title='bbox 1191 2193 1313 2233; x_wconf 90' lang='lat' dir='ltr'><strong>cum</strong></span> <span class='ocrx_word' id='word_1_282' title='bbox 1339 2175 1581 2243; x_wconf 86' lang='lat' dir='ltr'><strong>Christo,</strong></span> <span class='ocrx_word' id='word_1_283' title='bbox 1616 2172 1671 2232; x_wconf 85' lang='lat' dir='ltr'><strong>et</strong></span> <span class='ocrx_word' id='word_1_284' title='bbox 1711 2176 1922 2231; x_wconf 89' lang='lat' dir='ltr'><strong>semina</strong></span> <span class='ocrx_word' id='word_1_285' title='bbox 1949 2173 2132 2229; x_wconf 81' lang='lat' dir='ltr'><strong>ﬁdem.</strong></span> 
     </span>
    </p>
   </div>
   <div class='ocr_carea' id='block_1_37' title="bbox 535 2262 2136 2337">
    <p class='ocr_par' dir='ltr' id='par_1_37' title="bbox 535 2262 2136 2337">
     <span class='ocr_line' id='line_1_37' title="bbox 535 2262 2136 2337; baseline -0.004 -10"><span class='ocrx_word' id='word_1_286' title='bbox 535 2271 809 2327; x_wconf 88' lang='lat' dir='ltr'><strong>Premltur</strong></span> <span class='ocrx_word' id='word_1_287' title='bbox 831 2270 984 2337; x_wconf 80' lang='lat' dir='ltr'><strong>iides,</strong></span> <span class='ocrx_word' id='word_1_288' title='bbox 1019 2286 1141 2327; x_wconf 92' lang='lat' dir='ltr'><strong>cum</strong></span> <span class='ocrx_word' id='word_1_289' title='bbox 1169 2268 1495 2326; x_wconf 80' lang='lat' dir='ltr'><strong>cruciﬁxum</strong></span> <span class='ocrx_word' id='word_1_290' title='bbox 1523 2267 1798 2325; x_wconf 86' lang='lat' dir='ltr'><strong>credimus</strong></span> <span class='ocrx_word' id='word_1_291' title='bbox 1833 2262 2136 2322; x_wconf 69' lang='lat' dir='ltr'><strong>Christum.</strong></span> 
     </span>
    </p>
   </div>
   <div class='ocr_carea' id='block_1_38' title="bbox 536 2352 2140 2434">
    <p class='ocr_par' dir='ltr' id='par_1_38' title="bbox 536 2352 2140 2434">
     <span class='ocr_line' id='line_1_38' title="bbox 536 2352 2140 2434; baseline -0.004 -15"><span class='ocrx_word' id='word_1_292' title='bbox 536 2364 745 2419; x_wconf 83' lang='lat' dir='ltr'><strong>Pressit</strong></span> <span class='ocrx_word' id='word_1_293' title='bbox 774 2364 933 2419; x_wconf 74' lang='lat' dir='ltr'><strong>(idem</strong></span> <span class='ocrx_word' id='word_1_294' title='bbox 960 2363 1182 2431; x_wconf 85' lang='lat' dir='ltr'><strong>Paulus,</strong></span> <span class='ocrx_word' id='word_1_295' title='bbox 1206 2378 1328 2419; x_wconf 92' lang='lat' dir='ltr'><strong>cum</strong></span> <span class='ocrx_word' id='word_1_296' title='bbox 1352 2360 1559 2418; x_wconf 80' lang='lat' dir='ltr'><strong>diceret</strong></span> <span class='ocrx_word' id='word_1_297' title='bbox 1586 2379 1598 2414; x_wconf 91' lang='lat'><strong>:</strong></span> <span class='ocrx_word' id='word_1_298' title='bbox 1641 2358 1709 2417; x_wconf 83' lang='lat' dir='ltr'><strong>Et</strong></span> <span class='ocrx_word' id='word_1_299' title='bbox 1733 2377 1824 2434; x_wconf 88' lang='lat' dir='ltr'><strong>ego</strong></span> <span class='ocrx_word' id='word_1_300' title='bbox 1847 2361 2050 2415; x_wconf 84' lang='lat' dir='ltr'><strong>veniens</strong></span> <span class='ocrx_word' id='word_1_301' title='bbox 2072 2352 2140 2413; x_wconf 86' lang='lat' dir='ltr'><strong>ad</strong></span> 
     </span>
    </p>
   </div>
   <div class='ocr_carea' id='block_1_39' title="bbox 536 2453 2140 2528">
    <p class='ocr_par' dir='ltr' id='par_1_39' title="bbox 536 2453 2140 2528">
     <span class='ocr_line' id='line_1_39' title="bbox 536 2453 2140 2528; baseline -0.003 -18"><span class='ocrx_word' id='word_1_302' title='bbox 536 2462 647 2525; x_wconf 78' lang='lat' dir='ltr'><strong>vos,</strong></span> <span class='ocrx_word' id='word_1_303' title='bbox 680 2459 893 2528; x_wconf 74' lang='lat' dir='ltr'><strong>fratres,</strong></span> <span class='ocrx_word' id='word_1_304' title='bbox 917 2457 1032 2511; x_wconf 72' lang='lat' dir='ltr'><strong>ueni</strong></span> <span class='ocrx_word' id='word_1_305' title='bbox 1059 2471 1162 2511; x_wconf 89' lang='lat' dir='ltr'><strong>non</strong></span> <span class='ocrx_word' id='word_1_306' title='bbox 1205 2456 1321 2510; x_wconf 84' lang='lat' dir='ltr'><strong>cuin</strong></span> <span class='ocrx_word' id='word_1_307' title='bbox 1353 2453 1631 2510; x_wconf 79' lang='lat' dir='ltr'><strong>eniinetitia</strong></span> <span class='ocrx_word' id='word_1_308' title='bbox 1665 2453 1914 2509; x_wconf 81' lang='lat' dir='ltr'><strong>sermonis</strong></span> <span class='ocrx_word' id='word_1_309' title='bbox 1939 2460 2028 2507; x_wconf 90' lang='lat' dir='ltr'><strong>aut</strong></span> <span class='ocrx_word' id='word_1_310' title='bbox 2057 2467 2140 2506; x_wconf 87' lang='lat' dir='ltr'><strong>sa-</strong></span> 
     </span>
    </p>
   </div>
   <div class='ocr_carea' id='block_1_40' title="bbox 535 2544 2141 2618">
    <p class='ocr_par' dir='ltr' id='par_1_40' title="bbox 535 2544 2141 2618">
     <span class='ocr_line' id='line_1_40' title="bbox 535 2544 2141 2618; baseline -0.004 -16"><span class='ocrx_word' id='word_1_311' title='bbox 535 2548 767 2617; x_wconf 77' lang='lat' dir='ltr'><strong>pientiw,</strong></span> <span class='ocrx_word' id='word_1_312' title='bbox 802 2549 1091 2618; x_wconf 66' lang='lat' dir='ltr'><strong>pradicans</strong></span> <span class='ocrx_word' id='word_1_313' title='bbox 1127 2549 1267 2603; x_wconf 82' lang='lat' dir='ltr'><strong>vobis</strong></span> <span class='ocrx_word' id='word_1_314' title='bbox 1296 2547 1595 2618; x_wconf 85' lang='lat' dir='ltr'><strong>mysterium</strong></span> <span class='ocrx_word' id='word_1_315' title='bbox 1622 2544 1756 2614; x_wconf 87' lang='lat' dir='ltr'><strong>Dei;</strong></span> <span class='ocrx_word' id='word_1_316' title='bbox 1799 2562 1962 2617; x_wconf 88' lang='lat' dir='ltr'><strong>neque</strong></span> <span class='ocrx_word' id='word_1_317' title='bbox 2005 2546 2141 2600; x_wconf 87' lang='lat' dir='ltr'><strong>enim</strong></span> 
     </span>
    </p>
   </div>
   <div class='ocr_carea' id='block_1_41' title="bbox 532 2632 2140 2716">
    <p class='ocr_par' dir='ltr' id='par_1_41' title="bbox 532 2632 2140 2716">
     <span class='ocr_line' id='line_1_41' title="bbox 532 2632 2140 2716; baseline -0.003 -19"><span class='ocrx_word' id='word_1_318' title='bbox 532 2644 769 2716; x_wconf 80' lang='lat' dir='ltr'><strong>judicavi</strong></span> <span class='ocrx_word' id='word_1_319' title='bbox 791 2658 873 2698; x_wconf 90' lang='lat' dir='ltr'><strong>me</strong></span> <span class='ocrx_word' id='word_1_320' title='bbox 898 2643 1031 2697; x_wconf 85' lang='lat' dir='ltr'><strong>scire</strong></span> <span class='ocrx_word' id='word_1_321' title='bbox 1056 2642 1182 2714; x_wconf 87' lang='lat' dir='ltr'><strong>quid</strong></span> <span class='ocrx_word' id='word_1_322' title='bbox 1211 2644 1346 2697; x_wconf 84' lang='lat' dir='ltr'><strong>inter</strong></span> <span class='ocrx_word' id='word_1_323' title='bbox 1369 2656 1481 2708; x_wconf 88' lang='lat' dir='ltr'><strong>vos,</strong></span> <span class='ocrx_word' id='word_1_324' title='bbox 1511 2638 1615 2695; x_wconf 83' lang='lat' dir='ltr'><strong>nisi</strong></span> <span class='ocrx_word' id='word_1_325' title='bbox 1641 2632 1823 2695; x_wconf 70' lang='lat' dir='ltr'><strong>Iesum</strong></span> <span class='ocrx_word' id='word_1_326' title='bbox 1851 2632 2140 2707; x_wconf 82' lang='lat' dir='ltr'><strong>Christum,</strong></span> 
     </span>
    </p>
   </div>
   <div class='ocr_carea' id='block_1_42' title="bbox 537 2732 2145 2811">
    <p class='ocr_par' dir='ltr' id='par_1_42' title="bbox 537 2732 2145 2811">
     <span class='ocr_line' id='line_1_42' title="bbox 537 2732 2145 2811; baseline -0.001 -18"><span class='ocrx_word' id='word_1_327' title='bbox 537 2748 587 2794; x_wconf 79' lang='lat' dir='ltr'><strong>et</strong></span> <span class='ocrx_word' id='word_1_328' title='bbox 623 2740 763 2793; x_wconf 89' lang='lat' dir='ltr'><strong>hunc</strong></span> <span class='ocrx_word' id='word_1_329' title='bbox 801 2732 1111 2808; x_wconf 76' lang='lat' dir='ltr'><strong>cruciﬁxum</strong></span> <span class='ocrx_word' id='word_1_330' title='bbox 1147 2737 1190 2811; x_wconf 83' lang='grc' dir='ltr'><strong>(Ι</strong></span> <span class='ocrx_word' id='word_1_331' title='bbox 1212 2736 1332 2793; x_wconf 76' lang='lat' dir='ltr'><strong>Cor.</strong></span> <span class='ocrx_word' id='word_1_332' title='bbox 1367 2752 1424 2803; x_wconf 90' lang='grc' dir='ltr'><strong>ιι,</strong></span> <span class='ocrx_word' id='word_1_333' title='bbox 1470 2738 1493 2792; x_wconf 88' lang='grc'><strong>1</strong></span> <span class='ocrx_word' id='word_1_334' title='bbox 1522 2746 1567 2790; x_wconf 89' lang='lat' dir='ltr'><strong>et</strong></span> <span class='ocrx_word' id='word_1_335' title='bbox 1595 2734 1678 2806; x_wconf 74' lang='grc'><strong>2).</strong></span> <span class='ocrx_word' id='word_1_336' title='bbox 1711 2734 1777 2792; x_wconf 83' lang='grc' dir='ltr'>Ει</span> <span class='ocrx_word' id='word_1_337' title='bbox 1804 2738 1929 2808; x_wconf 75' lang='lat' dir='ltr'><strong>Quia</strong></span> <span class='ocrx_word' id='word_1_338' title='bbox 1959 2738 2145 2793; x_wconf 84' lang='lat' dir='ltr'><strong>docuit</strong></span> 
     </span>
    </p>
   </div>
   <div class='ocr_carea' id='block_1_43' title="bbox 539 2826 2145 2901">
    <p class='ocr_par' dir='ltr' id='par_1_43' title="bbox 539 2826 2145 2901">
     <span class='ocr_line' id='line_1_43' title="bbox 539 2826 2145 2901; baseline -0.001 -16"><span class='ocrx_word' id='word_1_339' title='bbox 539 2847 789 2901; x_wconf 86' lang='lat' dir='ltr'><strong>premere</strong></span> <span class='ocrx_word' id='word_1_340' title='bbox 816 2830 996 2899; x_wconf 84' lang='lat' dir='ltr'><strong>iidem’,</strong></span> <span class='ocrx_word' id='word_1_341' title='bbox 1027 2831 1214 2887; x_wconf 79' lang='lat' dir='ltr'><strong>dociiit</strong></span> <span class='ocrx_word' id='word_1_342' title='bbox 1241 2840 1296 2886; x_wconf 89' lang='lat' dir='ltr'><strong>et</strong></span> <span class='ocrx_word' id='word_1_343' title='bbox 1321 2826 1527 2897; x_wconf 85' lang='lat' dir='ltr'><strong>levare,</strong></span> <span class='ocrx_word' id='word_1_344' title='bbox 1561 2830 1747 2885; x_wconf 87' lang='lat' dir='ltr'><strong>dicens</strong></span> <span class='ocrx_word' id='word_1_345' title='bbox 1777 2848 1790 2884; x_wconf 88' lang='lat'><strong>:</strong></span> <span class='ocrx_word' id='word_1_346' title='bbox 1826 2830 1980 2885; x_wconf 84' lang='lat' dir='ltr'><strong>Nunc</strong></span> <span class='ocrx_word' id='word_1_347' title='bbox 2007 2830 2145 2885; x_wconf 83' lang='lat' dir='ltr'><strong>enim</strong></span> 
     </span>
    </p>
   </div>
   <div class='ocr_carea' id='block_1_44' title="bbox 504 2920 2142 2999">
    <p class='ocr_par' dir='ltr' id='par_1_44' title="bbox 504 2920 2142 2999">
     <span class='ocr_line' id='line_1_44' title="bbox 504 2920 2142 2999; baseline 0 -20"><span class='ocrx_word' id='word_1_348' title='bbox 504 2987 511 2995; x_wconf 33' lang='grc' dir='ltr'><strong>ο</strong></span> <span class='ocrx_word' id='word_1_349' title='bbox 540 2926 852 2995; x_wconf 72' lang='lat' dir='ltr'><strong>cruciﬁxum</strong></span> <span class='ocrx_word' id='word_1_350' title='bbox 862 2929 978 2999; x_wconf 88' lang='lat' dir='ltr'><strong>jam</strong></span> <span class='ocrx_word' id='word_1_351' title='bbox 1002 2938 1103 2979; x_wconf 89' lang='lat' dir='ltr'><strong>non</strong></span> <span class='ocrx_word' id='word_1_352' title='bbox 1127 2920 1357 2978; x_wconf 83' lang='lat' dir='ltr'><strong>novimus</strong></span> <span class='ocrx_word' id='word_1_353' title='bbox 1379 2921 1643 2977; x_wconf 84' lang='lat' dir='ltr'><strong>Christum</strong></span> <span class='ocrx_word' id='word_1_354' title='bbox 1662 2920 1731 2991; x_wconf 92' lang='lat' dir='ltr'><strong>(ll</strong></span> <span class='ocrx_word' id='word_1_355' title='bbox 1763 2922 1886 2978; x_wconf 83' lang='lat' dir='ltr'><strong>Cor.</strong></span> <span class='ocrx_word' id='word_1_356' title='bbox 1935 2938 1990 2989; x_wconf 88' lang='lat' dir='ltr'><strong>v,</strong></span> <span class='ocrx_word' id='word_1_357' title='bbox 2029 2922 2142 2994; x_wconf 78' lang='lat'><strong>16).</strong></span> 
     </span>
    </p>
   </div>
   <div class='ocr_carea' id='block_1_45' title="bbox 540 3002 2147 3085">
    <p class='ocr_par' dir='ltr' id='par_1_45' title="bbox 540 3002 2147 3085">
     <span class='ocr_line' id='line_1_45' title="bbox 540 3002 2147 3085; baseline -0.003 -12"><span class='ocrx_word' id='word_1_358' title='bbox 540 3017 889 3074; x_wconf 84' lang='lat' dir='ltr'><strong>Seminatnns</strong></span> <span class='ocrx_word' id='word_1_359' title='bbox 904 3022 1081 3071; x_wconf 82' lang='lat' dir='ltr'><strong>autem</strong></span> <span class='ocrx_word' id='word_1_360' title='bbox 1113 3002 1437 3081; x_wconf 79' lang='lat' dir='ltr'><strong>iidem,cutn</strong></span> <span class='ocrx_word' id='word_1_361' title='bbox 1455 3030 1522 3070; x_wconf 87' lang='lat' dir='ltr'><strong>ex</strong></span> <span class='ocrx_word' id='word_1_362' title='bbox 1536 3013 1829 3085; x_wconf 75' lang='lat' dir='ltr'><strong>Evangelia</strong></span> <span class='ocrx_word' id='word_1_363' title='bbox 1858 3022 2147 3084; x_wconf 70' lang='lat' dir='ltr'><strong>etapOsto-</strong></span> 
     </span>
    </p>
   </div>
   <div class='ocr_carea' id='block_1_46' title="bbox 546 3108 2147 3181">
    <p class='ocr_par' dir='ltr' id='par_1_46' title="bbox 546 3108 2147 3181">
     <span class='ocr_line' id='line_1_46' title="bbox 546 3108 2147 3181; baseline -0.001 -16"><span class='ocrx_word' id='word_1_364' title='bbox 546 3108 663 3166; x_wconf 87' lang='lat' dir='ltr'><strong>licis</strong></span> <span class='ocrx_word' id='word_1_365' title='bbox 692 3124 755 3165; x_wconf 89' lang='lat' dir='ltr'><strong>ac</strong></span> <span class='ocrx_word' id='word_1_366' title='bbox 797 3109 1129 3181; x_wconf 78' lang='lat' dir='ltr'><strong>propheticis</strong></span> <span class='ocrx_word' id='word_1_367' title='bbox 1159 3108 1481 3165; x_wconf 73' lang='lat' dir='ltr'><strong>lcetiunibus</strong></span> <span class='ocrx_word' id='word_1_368' title='bbox 1520 3108 1796 3163; x_wconf 83' lang='lat' dir='ltr'><strong>credimus</strong></span> <span class='ocrx_word' id='word_1_369' title='bbox 1824 3108 1877 3162; x_wconf 89' lang='lat' dir='ltr'><strong>in</strong></span> <span class='ocrx_word' id='word_1_370' title='bbox 1931 3108 2147 3163; x_wconf 89' lang='lat' dir='ltr'><strong>Domini</strong></span> 
     </span>
    </p>
   </div>
   <div class='ocr_carea' id='block_1_47' title="bbox 540 3200 2148 3275">
    <p class='ocr_par' dir='ltr' id='par_1_47' title="bbox 540 3200 2148 3275">
     <span class='ocr_line' id='line_1_47' title="bbox 540 3200 2148 3275; baseline -0.001 -18"><span class='ocrx_word' id='word_1_371' title='bbox 540 3205 875 3275; x_wconf 83' lang='lat' dir='ltr'><strong>passionem.</strong></span> <span class='ocrx_word' id='word_1_372' title='bbox 901 3200 1247 3259; x_wconf 87' lang='lat' dir='ltr'><strong>Seminamus</strong></span> <span class='ocrx_word' id='word_1_373' title='bbox 1276 3217 1405 3272; x_wconf 85' lang='lat' dir='ltr'><strong>ergo</strong></span> <span class='ocrx_word' id='word_1_374' title='bbox 1448 3200 1634 3267; x_wconf 82' lang='lat' dir='ltr'><strong>ﬁdem,</strong></span> <span class='ocrx_word' id='word_1_375' title='bbox 1693 3217 1815 3255; x_wconf 88' lang='lat' dir='ltr'><strong>cum</strong></span> <span class='ocrx_word' id='word_1_376' title='bbox 1852 3202 1971 3256; x_wconf 83' lang='lat' dir='ltr'><strong>eant</strong></span> <span class='ocrx_word' id='word_1_377' title='bbox 2001 3201 2148 3256; x_wconf 86' lang='lat' dir='ltr'><strong>velut</strong></span> 
     </span>
    </p>
   </div>
   <div class='ocr_carea' id='block_1_48' title="bbox 2241 1987 3856 2062">
    <p class='ocr_par' dir='ltr' id='par_1_48' title="bbox 2241 1987 3856 2062">
     <span class='ocr_line' id='line_1_48' title="bbox 2241 1987 3856 2062; baseline 0.004 -21"><span class='ocrx_word' id='word_1_378' title='bbox 2241 1987 2493 2042; x_wconf 77' lang='lat' dir='ltr'><strong>infirmus</strong></span> <span class='ocrx_word' id='word_1_379' title='bbox 2537 1987 2703 2045; x_wconf 87' lang='lat' dir='ltr'><strong>Israel</strong></span> <span class='ocrx_word' id='word_1_380' title='bbox 2750 1991 2898 2045; x_wconf 89' lang='lat' dir='ltr'><strong>velut</strong></span> <span class='ocrx_word' id='word_1_381' title='bbox 2944 1992 3091 2047; x_wconf 90' lang='lat' dir='ltr'><strong>olera</strong></span> <span class='ocrx_word' id='word_1_382' title='bbox 3148 1990 3603 2057; x_wconf 88' lang='lat' dir='ltr'><strong>manducaverat;</strong></span> <span class='ocrx_word' id='word_1_383' title='bbox 3656 2005 3856 2062; x_wconf 86' lang='lat' dir='ltr'><strong>panem</strong></span> 
     </span>
    </p>
   </div>
   <div class='ocr_carea' id='block_1_49' title="bbox 2241 2079 3858 2154">
    <p class='ocr_par' dir='ltr' id='par_1_49' title="bbox 2241 2079 3858 2154">
     <span class='ocr_line' id='line_1_49' title="bbox 2241 2079 3858 2154; baseline 0.004 -18"><span class='ocrx_word' id='word_1_384' title='bbox 2241 2079 2388 2136; x_wconf 89' lang='lat' dir='ltr'><strong>enim</strong></span> <span class='ocrx_word' id='word_1_385' title='bbox 2414 2098 2520 2151; x_wconf 91' lang='lat' dir='ltr'><strong>quo</strong></span> <span class='ocrx_word' id='word_1_386' title='bbox 2550 2083 2713 2138; x_wconf 88' lang='lat' dir='ltr'><strong>corda</strong></span> <span class='ocrx_word' id='word_1_387' title='bbox 2744 2082 3296 2151; x_wconf 83' lang='lat' dir='ltr'><strong>ﬁrmantur,alterum</strong></span> <span class='ocrx_word' id='word_1_388' title='bbox 3330 2085 3678 2154; x_wconf 78' lang='lat' dir='ltr'><strong>refutaverat,</strong></span> <span class='ocrx_word' id='word_1_389' title='bbox 3718 2083 3858 2143; x_wconf 86' lang='lat' dir='ltr'><strong>alte—</strong></span> 
     </span>
    </p>
   </div>
   <div class='ocr_carea' id='block_1_50' title="bbox 2241 2184 2847 2247">
    <p class='ocr_par' dir='ltr' id='par_1_50' title="bbox 2241 2184 2847 2247">
     <span class='ocr_line' id='line_1_50' title="bbox 2241 2184 2847 2247; baseline 0.005 -19"><span class='ocrx_word' id='word_1_390' title='bbox 2241 2188 2362 2228; x_wconf 89' lang='lat' dir='ltr'><strong>rum</strong></span> <span class='ocrx_word' id='word_1_391' title='bbox 2394 2190 2501 2230; x_wconf 91' lang='lat' dir='ltr'><strong>non</strong></span> <span class='ocrx_word' id='word_1_392' title='bbox 2542 2184 2847 2247; x_wconf 76' lang='lat' dir='ltr'><strong>acceperat.</strong></span> 
     </span>
    </p>
   </div>
   <div class='ocr_carea' id='block_1_51' title="bbox 2317 2254 3854 2341">
    <p class='ocr_par' dir='ltr' id='par_1_51' title="bbox 2317 2254 3854 2341">
     <span class='ocr_line' id='line_1_51' title="bbox 2317 2254 3854 2341; baseline 0.002 -20"><span class='ocrx_word' id='word_1_393' title='bbox 2317 2254 2441 2322; x_wconf 75' lang='grc'><strong>184.</strong></span> <span class='ocrx_word' id='word_1_394' title='bbox 2470 2267 2670 2325; x_wconf 82' lang='lat' dir='ltr'><strong>Semen</strong></span> <span class='ocrx_word' id='word_1_395' title='bbox 2694 2277 2878 2325; x_wconf 89' lang='lat' dir='ltr'><strong>autem</strong></span> <span class='ocrx_word' id='word_1_396' title='bbox 2903 2266 3176 2336; x_wconf 88' lang='lat' dir='ltr'><strong>Christus,</strong></span> <span class='ocrx_word' id='word_1_397' title='bbox 3208 2271 3335 2341; x_wconf 85' lang='lat' dir='ltr'><strong>quia</strong></span> <span class='ocrx_word' id='word_1_398' title='bbox 3363 2276 3551 2327; x_wconf 87' lang='lat' dir='ltr'><strong>semen</strong></span> <span class='ocrx_word' id='word_1_399' title='bbox 3577 2266 3854 2327; x_wconf 65' lang='lat' dir='ltr'><strong>Abrahae:</strong></span> 
     </span>
    </p>
   </div>
   <div class='ocr_carea' id='block_1_52' title="bbox 2244 2361 3847 2436">
    <p class='ocr_par' dir='ltr' id='par_1_52' title="bbox 2244 2361 3847 2436">
     <span class='ocr_line' id='line_1_52' title="bbox 2244 2361 3847 2436; baseline 0.002 -20"><span class='ocrx_word' id='word_1_400' title='bbox 2244 2361 2467 2416; x_wconf 73' lang='lat' dir='ltr'><strong>Abrahae</strong></span> <span class='ocrx_word' id='word_1_401' title='bbox 2489 2364 2627 2417; x_wconf 86' lang='lat' dir='ltr'><strong>enim</strong></span> <span class='ocrx_word' id='word_1_402' title='bbox 2652 2362 2805 2419; x_wconf 71' lang='lat' dir='ltr'><strong>dicite</strong></span> <span class='ocrx_word' id='word_1_403' title='bbox 2833 2372 2952 2419; x_wconf 83' lang='lat' dir='ltr'><strong>sunt</strong></span> <span class='ocrx_word' id='word_1_404' title='bbox 2988 2363 3374 2436; x_wconf 86' lang='lat' dir='ltr'><strong>promissiones,</strong></span> <span class='ocrx_word' id='word_1_405' title='bbox 3409 2372 3457 2419; x_wconf 89' lang='lat' dir='ltr'><strong>et</strong></span> <span class='ocrx_word' id='word_1_406' title='bbox 3486 2364 3669 2419; x_wconf 79' lang='lat' dir='ltr'><strong>semini</strong></span> <span class='ocrx_word' id='word_1_407' title='bbox 3708 2367 3847 2436; x_wconf 86' lang='lat' dir='ltr'><strong>ejus.</strong></span> 
     </span>
    </p>
   </div>
   <div class='ocr_carea' id='block_1_53' title="bbox 2247 2454 3863 2529">
    <p class='ocr_par' dir='ltr' id='par_1_53' title="bbox 2247 2454 3863 2529">
     <span class='ocr_line' id='line_1_53' title="bbox 2247 2454 3863 2529; baseline 0.002 -20"><span class='ocrx_word' id='word_1_408' title='bbox 2247 2454 2371 2510; x_wconf 87' lang='lat' dir='ltr'><strong>Non</strong></span> <span class='ocrx_word' id='word_1_409' title='bbox 2392 2456 2550 2511; x_wconf 90' lang='lat' dir='ltr'><strong>dicit:</strong></span> <span class='ocrx_word' id='word_1_410' title='bbox 2574 2454 2953 2522; x_wconf 81' lang='lat' dir='ltr'><strong>Etseminibus,</strong></span> <span class='ocrx_word' id='word_1_411' title='bbox 2973 2469 3238 2529; x_wconf 84' lang='lat' dir='ltr'><strong>tamquam</strong></span> <span class='ocrx_word' id='word_1_412' title='bbox 3258 2458 3314 2511; x_wconf 90' lang='lat' dir='ltr'><strong>in</strong></span> <span class='ocrx_word' id='word_1_413' title='bbox 3329 2457 3528 2524; x_wconf 83' lang='lat' dir='ltr'><strong>multis,</strong></span> <span class='ocrx_word' id='word_1_414' title='bbox 3544 2456 3634 2512; x_wconf 85' lang='lat' dir='ltr'><strong>sed</strong></span> <span class='ocrx_word' id='word_1_415' title='bbox 3650 2457 3783 2510; x_wconf 88' lang='lat' dir='ltr'><strong>sicut</strong></span> <span class='ocrx_word' id='word_1_416' title='bbox 3802 2457 3863 2513; x_wconf 79' lang='lat' dir='ltr'><strong>in</strong></span> 
     </span>
    </p>
   </div>
   <div class='ocr_carea' id='block_1_54' title="bbox 2245 2540 3863 2621">
    <p class='ocr_par' dir='ltr' id='par_1_54' title="bbox 2245 2540 3863 2621">
     <span class='ocr_line' id='line_1_54' title="bbox 2245 2540 3863 2621; baseline 0.002 -18"><span class='ocrx_word' id='word_1_417' title='bbox 2245 2560 2350 2606; x_wconf 81' lang='lat' dir='ltr'><strong>uno</strong></span> <span class='ocrx_word' id='word_1_418' title='bbox 2382 2568 2400 2605; x_wconf 90' lang='lat'><strong><em>:</em></strong></span> <span class='ocrx_word' id='word_1_419' title='bbox 2423 2544 2491 2605; x_wconf 84' lang='lat' dir='ltr'><strong>Et</strong></span> <span class='ocrx_word' id='word_1_420' title='bbox 2505 2550 2685 2606; x_wconf 83' lang='lat' dir='ltr'><strong>semini</strong></span> <span class='ocrx_word' id='word_1_421' title='bbox 2698 2549 3589 2621; x_wconf 81' lang='lat' dir='ltr'><strong>tuo,quodestChristus(Galat.ut,</strong></span> <span class='ocrx_word' id='word_1_422' title='bbox 3620 2540 3863 2621; x_wconf 75' lang='lat' dir='ltr'><strong>16).Ncc</strong></span> 
     </span>
    </p>
   </div>
   <div class='ocr_carea' id='block_1_55' title="bbox 2245 2644 3861 2713">
    <p class='ocr_par' dir='ltr' id='par_1_55' title="bbox 2245 2644 3861 2713">
     <span class='ocr_line' id='line_1_55' title="bbox 2245 2644 3861 2713; baseline 0 -13"><span class='ocrx_word' id='word_1_423' title='bbox 2245 2646 2420 2700; x_wconf 85' lang='lat' dir='ltr'><strong>solum</strong></span> <span class='ocrx_word' id='word_1_424' title='bbox 2450 2660 2638 2701; x_wconf 87' lang='lat' dir='ltr'><strong>semen</strong></span> <span class='ocrx_word' id='word_1_425' title='bbox 2673 2653 2757 2701; x_wconf 91' lang='lat' dir='ltr'><strong>est</strong></span> <span class='ocrx_word' id='word_1_426' title='bbox 2792 2646 3062 2713; x_wconf 87' lang='lat' dir='ltr'><strong>Christus,</strong></span> <span class='ocrx_word' id='word_1_427' title='bbox 3089 2646 3184 2701; x_wconf 88' lang='lat' dir='ltr'><strong>sed</strong></span> <span class='ocrx_word' id='word_1_428' title='bbox 3198 2646 3359 2701; x_wconf 88' lang='lat' dir='ltr'><strong>etiam</strong></span> <span class='ocrx_word' id='word_1_429' title='bbox 3379 2644 3861 2701; x_wconf 88' lang='lat' dir='ltr'><strong>miuimumomni-</strong></span> 
     </span>
    </p>
   </div>
   <div class='ocr_carea' id='block_1_56' title="bbox 2248 2726 3864 2812">
    <p class='ocr_par' dir='ltr' id='par_1_56' title="bbox 2248 2726 3864 2812">
     <span class='ocr_line' id='line_1_56' title="bbox 2248 2726 3864 2812; baseline -0.001 -17"><span class='ocrx_word' id='word_1_430' title='bbox 2248 2740 2349 2795; x_wconf 91' lang='lat' dir='ltr'><strong>bus</strong></span> <span class='ocrx_word' id='word_1_431' title='bbox 2379 2739 2707 2807; x_wconf 84' lang='lat' dir='ltr'><strong>seminibus;</strong></span> <span class='ocrx_word' id='word_1_432' title='bbox 2748 2741 2873 2812; x_wconf 88' lang='lat' dir='ltr'><strong>quia</strong></span> <span class='ocrx_word' id='word_1_433' title='bbox 2905 2757 3010 2795; x_wconf 87' lang='lat' dir='ltr'><strong>non</strong></span> <span class='ocrx_word' id='word_1_434' title='bbox 3042 2726 3197 2809; x_wconf 69' lang='lat' dir='ltr'><strong>venit</strong></span> <span class='ocrx_word' id='word_1_435' title='bbox 3239 2742 3291 2796; x_wconf 91' lang='lat' dir='ltr'><strong>in</strong></span> <span class='ocrx_word' id='word_1_436' title='bbox 3324 2756 3512 2810; x_wconf 87' lang='lat' dir='ltr'><strong>regno,</strong></span> <span class='ocrx_word' id='word_1_437' title='bbox 3548 2756 3653 2795; x_wconf 90' lang='lat' dir='ltr'><strong>non</strong></span> <span class='ocrx_word' id='word_1_438' title='bbox 3694 2740 3747 2794; x_wconf 91' lang='lat' dir='ltr'><strong>in</strong></span> <span class='ocrx_word' id='word_1_439' title='bbox 3776 2740 3864 2795; x_wconf 66' lang='lat' dir='ltr'><strong>dio</strong></span> 
     </span>
    </p>
   </div>
   <div class='ocr_carea' id='block_1_57' title="bbox 2247 2833 3865 2906">
    <p class='ocr_par' dir='ltr' id='par_1_57' title="bbox 2247 2833 3865 2906">
     <span class='ocr_line' id='line_1_57' title="bbox 2247 2833 3865 2906; baseline 0.001 -18"><span class='ocrx_word' id='word_1_440' title='bbox 2247 2834 2417 2899; x_wconf 84' lang='lat' dir='ltr'><strong>vitiis,</strong></span> <span class='ocrx_word' id='word_1_441' title='bbox 2460 2851 2565 2888; x_wconf 87' lang='lat' dir='ltr'><strong>non</strong></span> <span class='ocrx_word' id='word_1_442' title='bbox 2618 2833 2669 2889; x_wconf 91' lang='lat' dir='ltr'><strong>in</strong></span> <span class='ocrx_word' id='word_1_443' title='bbox 2703 2835 2860 2889; x_wconf 88' lang='lat' dir='ltr'><strong>istius</strong></span> <span class='ocrx_word' id='word_1_444' title='bbox 2899 2834 3087 2890; x_wconf 89' lang='lat' dir='ltr'><strong>mundi</strong></span> <span class='ocrx_word' id='word_1_445' title='bbox 3133 2833 3421 2906; x_wconf 84' lang='lat' dir='ltr'><strong>sapientia.</strong></span> <span class='ocrx_word' id='word_1_446' title='bbox 3454 2834 3647 2889; x_wconf 81' lang='lat' dir='ltr'><strong>Subito</strong></span> <span class='ocrx_word' id='word_1_447' title='bbox 3676 2845 3865 2889; x_wconf 89' lang='lat' dir='ltr'><strong>autem</strong></span> 
     </span>
    </p>
   </div>
   <div class='ocr_carea' id='block_1_58' title="bbox 2248 2924 3977 3005">
    <p class='ocr_par' dir='ltr' id='par_1_58' title="bbox 2248 2924 3977 3005">
     <span class='ocr_line' id='line_1_58' title="bbox 2248 2924 3977 3005; baseline 0.001 -24"><span class='ocrx_word' id='word_1_448' title='bbox 2248 2931 2397 2982; x_wconf 90' lang='lat' dir='ltr'><strong>velut</strong></span> <span class='ocrx_word' id='word_1_449' title='bbox 2440 2927 2603 2983; x_wconf 88' lang='lat' dir='ltr'><strong>arbor</strong></span> <span class='ocrx_word' id='word_1_450' title='bbox 2642 2928 2933 2983; x_wconf 84' lang='lat' dir='ltr'><strong>sublimem</strong></span> <span class='ocrx_word' id='word_1_451' title='bbox 2978 2944 3089 2982; x_wconf 68' lang='lat' dir='ltr'><strong>sua:</strong></span> <span class='ocrx_word' id='word_1_452' title='bbox 3122 2928 3380 2983; x_wconf 82' lang='lat' dir='ltr'><strong>verticem</strong></span> <span class='ocrx_word' id='word_1_453' title='bbox 3412 2928 3695 2998; x_wconf 80' lang='lat' dir='ltr'><strong>poteSIatis</strong></span> <span class='ocrx_word' id='word_1_454' title='bbox 3724 2924 3868 2983; x_wconf 81' lang='lat' dir='ltr'><strong>ell&#39;u-</strong></span> <span class='ocrx_word' id='word_1_455' title='bbox 3969 2997 3977 3005; x_wconf 30' lang='lat'><em>.</em></span> 
     </span>
    </p>
   </div>
   <div class='ocr_carea' id='block_1_59' title="bbox 2249 3018 3868 3093">
    <p class='ocr_par' dir='ltr' id='par_1_59' title="bbox 2249 3018 3868 3093">
     <span class='ocr_line' id='line_1_59' title="bbox 2249 3018 3868 3093; baseline 0.001 -20"><span class='ocrx_word' id='word_1_456' title='bbox 2249 3019 2348 3085; x_wconf 88' lang='lat' dir='ltr'><strong>dit,</strong></span> <span class='ocrx_word' id='word_1_457' title='bbox 2393 3030 2451 3074; x_wconf 87' lang='lat' dir='ltr'><strong>ut</strong></span> <span class='ocrx_word' id='word_1_458' title='bbox 2494 3022 2741 3075; x_wconf 86' lang='lat' dir='ltr'><strong>dicamus</strong></span> <span class='ocrx_word' id='word_1_459' title='bbox 2775 3038 2789 3073; x_wconf 91' lang='lat'><strong>:</strong></span> <span class='ocrx_word' id='word_1_460' title='bbox 2821 3018 2928 3076; x_wconf 84' lang='lat' dir='ltr'><strong>Sub</strong></span> <span class='ocrx_word' id='word_1_461' title='bbox 2960 3019 3141 3075; x_wconf 87' lang='lat' dir='ltr'><strong>umbra</strong></span> <span class='ocrx_word' id='word_1_462' title='bbox 3181 3022 3293 3091; x_wconf 84' lang='lat' dir='ltr'><strong>ejus</strong></span> <span class='ocrx_word' id='word_1_463' title='bbox 3325 3021 3613 3093; x_wconf 82' lang='lat' dir='ltr'><strong>concupiui,</strong></span> <span class='ocrx_word' id='word_1_464' title='bbox 3656 3029 3704 3075; x_wconf 88' lang='lat' dir='ltr'><strong>et</strong></span> <span class='ocrx_word' id='word_1_465' title='bbox 3747 3021 3868 3076; x_wconf 80' lang='lat' dir='ltr'><strong>sedi</strong></span> 
     </span>
    </p>
   </div>
   <div class='ocr_carea' id='block_1_60' title="bbox 2252 3109 3865 3185">
    <p class='ocr_par' dir='ltr' id='par_1_60' title="bbox 2252 3109 3865 3185">
     <span class='ocr_line' id='line_1_60' title="bbox 2252 3109 3865 3185; baseline 0.001 -18"><span class='ocrx_word' id='word_1_466' title='bbox 2252 3111 2429 3184; x_wconf 79' lang='lat' dir='ltr'><strong>(Cant.</strong></span> <span class='ocrx_word' id='word_1_467' title='bbox 2456 3128 2514 3175; x_wconf 84' lang='grc' dir='ltr'>ιι.</span> <span class='ocrx_word' id='word_1_468' title='bbox 2540 3109 2620 3185; x_wconf 82' lang='grc'><strong>5).</strong></span> <span class='ocrx_word' id='word_1_469' title='bbox 2651 3112 2720 3167; x_wconf 88' lang='grc' dir='ltr'>Ει</span> <span class='ocrx_word' id='word_1_470' title='bbox 2758 3112 3071 3185; x_wconf 79' lang='lat' dir='ltr'><strong>frequenter</strong></span> <span class='ocrx_word' id='word_1_471' title='bbox 3107 3113 3291 3178; x_wconf 88' lang='lat' dir='ltr'><strong>simul,</strong></span> <span class='ocrx_word' id='word_1_472' title='bbox 3327 3122 3385 3169; x_wconf 92' lang='lat' dir='ltr'><strong>ut</strong></span> <span class='ocrx_word' id='word_1_473' title='bbox 3423 3112 3678 3181; x_wconf 90' lang='lat' dir='ltr'><strong>arbitror,</strong></span> <span class='ocrx_word' id='word_1_474' title='bbox 3711 3112 3865 3169; x_wconf 86' lang='lat' dir='ltr'><strong>vidc-</strong></span> 
     </span>
    </p>
   </div>
   <div class='ocr_carea' id='block_1_61' title="bbox 2255 3196 3863 3274">
    <p class='ocr_par' dir='ltr' id='par_1_61' title="bbox 2255 3196 3863 3274">
     <span class='ocr_line' id='line_1_61' title="bbox 2255 3196 3863 3274; baseline 0.002 -17"><span class='ocrx_word' id='word_1_475' title='bbox 2255 3204 2413 3258; x_wconf 86' lang='lat' dir='ltr'><strong>batur</strong></span> <span class='ocrx_word' id='word_1_476' title='bbox 2438 3211 2493 3258; x_wconf 90' lang='lat' dir='ltr'><strong>et</strong></span> <span class='ocrx_word' id='word_1_477' title='bbox 2523 3203 2709 3270; x_wconf 88' lang='lat' dir='ltr'><strong>arbor,</strong></span> <span class='ocrx_word' id='word_1_478' title='bbox 2737 3213 2791 3258; x_wconf 89' lang='lat' dir='ltr'><strong>et</strong></span> <span class='ocrx_word' id='word_1_479' title='bbox 2811 3220 3064 3274; x_wconf 83' lang='lat' dir='ltr'><strong>granum.</strong></span> <span class='ocrx_word' id='word_1_480' title='bbox 3090 3196 3329 3260; x_wconf 70' lang='lat' dir='ltr'><strong>Granum</strong></span> <span class='ocrx_word' id='word_1_481' title='bbox 3362 3212 3445 3259; x_wconf 88' lang='lat' dir='ltr'><strong>est</strong></span> <span class='ocrx_word' id='word_1_482' title='bbox 3474 3219 3597 3260; x_wconf 88' lang='lat' dir='ltr'><strong>cum</strong></span> <span class='ocrx_word' id='word_1_483' title='bbox 3628 3204 3863 3261; x_wconf 86' lang='lat' dir='ltr'><strong>dicitur:</strong></span> 
     </span>
    </p>
   </div>
   <div class='ocr_carea' id='block_1_62' title="bbox 545 3289 3866 3371">
    <p class='ocr_par' dir='ltr' id='par_1_62' title="bbox 545 3289 3866 3371">
     <span class='ocr_line' id='line_1_62' title="bbox 545 3289 3866 3371; baseline 0.001 -20"><span class='ocrx_word' id='word_1_484' title='bbox 545 3294 752 3352; x_wconf 86' lang='lat' dir='ltr'><strong>mollito</strong></span> <span class='ocrx_word' id='word_1_485' title='bbox 775 3304 829 3351; x_wconf 88' lang='lat' dir='ltr'><strong>et</strong></span> <span class='ocrx_word' id='word_1_486' title='bbox 856 3294 1081 3351; x_wconf 81' lang='lat' dir='ltr'><strong>subacto</strong></span> <span class='ocrx_word' id='word_1_487' title='bbox 1107 3294 1226 3351; x_wconf 78' lang='lat' dir='ltr'><strong>s&#39;o‘lo</strong></span> <span class='ocrx_word' id='word_1_488' title='bbox 1242 3294 1537 3350; x_wconf 59' lang='lat' dir='ltr'><strong>Dominicm</strong></span> <span class='ocrx_word' id='word_1_489' title='bbox 1570 3294 1749 3349; x_wconf 85' lang='lat' dir='ltr'><strong>carnis</strong></span> <span class='ocrx_word' id='word_1_490' title='bbox 1768 3293 2064 3364; x_wconf 87' lang='lat' dir='ltr'><strong>operimus;</strong></span> <span class='ocrx_word' id='word_1_491' title='bbox 2092 3302 2149 3349; x_wconf 84' lang='lat' dir='ltr'><strong>ut</strong></span> <span class='ocrx_word' id='word_1_492' title='bbox 2173 3289 2218 3353; x_wconf 90' lang='lat' dir='ltr'><strong>C</strong></span> <span class='ocrx_word' id='word_1_493' title='bbox 2256 3296 2446 3353; x_wconf 84' lang='lat' dir='ltr'><strong>Nonne</strong></span> <span class='ocrx_word' id='word_1_494' title='bbox 2483 3299 2565 3352; x_wconf 88' lang='lat' dir='ltr'><strong>hic</strong></span> <span class='ocrx_word' id='word_1_495' title='bbox 2602 3307 2677 3353; x_wconf 89' lang='lat' dir='ltr'><strong>est</strong></span> <span class='ocrx_word' id='word_1_496' title='bbox 2714 3298 2854 3368; x_wconf 80' lang='lat' dir='ltr'><strong>ﬁlius</strong></span> <span class='ocrx_word' id='word_1_497' title='bbox 2900 3296 3101 3367; x_wconf 74' lang='lat' dir='ltr'><strong>Ioseph</strong></span> <span class='ocrx_word' id='word_1_498' title='bbox 3153 3296 3291 3369; x_wconf 79' lang='lat' dir='ltr'><strong>fabri</strong></span> <span class='ocrx_word' id='word_1_499' title='bbox 3340 3296 3698 3371; x_wconf 56' lang='lat' dir='ltr'><strong>(illatua-xm,</strong></span> <span class='ocrx_word' id='word_1_500' title='bbox 3732 3298 3866 3371; x_wconf 79' lang='lat'><strong>55)?</strong></span> 
     </span>
    </p>
   </div>
   <div class='ocr_carea' id='block_1_63' title="bbox 543 3382 2147 3461">
    <p class='ocr_par' dir='ltr' id='par_1_63' title="bbox 543 3382 2147 3461">
     <span class='ocr_line' id='line_1_63' title="bbox 543 3382 2147 3461; baseline -0.002 -16"><span class='ocrx_word' id='word_1_501' title='bbox 543 3393 697 3461; x_wconf 83' lang='lat' dir='ltr'><strong>quasi</strong></span> <span class='ocrx_word' id='word_1_502' title='bbox 727 3402 925 3461; x_wconf 84' lang='lat' dir='ltr'><strong>vapore</strong></span> <span class='ocrx_word' id='word_1_503' title='bbox 953 3400 1005 3446; x_wconf 90' lang='lat' dir='ltr'><strong>et</strong></span> <span class='ocrx_word' id='word_1_504' title='bbox 1020 3384 1334 3457; x_wconf 81' lang='lat' dir='ltr'><strong>compressit</strong></span> <span class='ocrx_word' id='word_1_505' title='bbox 1361 3390 1503 3445; x_wconf 87' lang='lat' dir='ltr'><strong>sacri</strong></span> <span class='ocrx_word' id='word_1_506' title='bbox 1528 3390 1772 3458; x_wconf 86' lang='lat' dir='ltr'><strong>corporis</strong></span> <span class='ocrx_word' id='word_1_507' title='bbox 1788 3382 1921 3443; x_wconf 78' lang='lat' dir='ltr'><strong>ﬁdes</strong></span> <span class='ocrx_word' id='word_1_508' title='bbox 1943 3402 2000 3443; x_wconf 80' lang='lat' dir='ltr'><strong>se</strong></span> <span class='ocrx_word' id='word_1_509' title='bbox 2033 3388 2147 3455; x_wconf 82' lang='lat' dir='ltr'><strong>ipsa</strong></span> 
     </span>
    </p>
   </div>
   <div class='ocr_carea' id='block_1_64' title="bbox 542 3480 2146 3550">
    <p class='ocr_par' dir='ltr' id='par_1_64' title="bbox 542 3480 2146 3550">
     <span class='ocr_line' id='line_1_64' title="bbox 542 3480 2146 3550; baseline -0.003 -12"><span class='ocrx_word' id='word_1_510' title='bbox 542 3484 880 3538; x_wconf 87' lang='lat' dir='ltr'><strong>disseminet.</strong></span> <span class='ocrx_word' id='word_1_511' title='bbox 934 3484 1037 3550; x_wconf 72' lang='lat' dir='ltr'><strong>Qui</strong></span> <span class='ocrx_word' id='word_1_512' title='bbox 1089 3481 1233 3538; x_wconf 85' lang='lat' dir='ltr'><strong>enim</strong></span> <span class='ocrx_word' id='word_1_513' title='bbox 1281 3481 1576 3537; x_wconf 78' lang='lat' dir='ltr'><strong>crediderit</strong></span> <span class='ocrx_word' id='word_1_514' title='bbox 1626 3483 1825 3536; x_wconf 80' lang='lat' dir='ltr'><strong>factum</strong></span> <span class='ocrx_word' id='word_1_515' title='bbox 1873 3480 2146 3534; x_wconf 85' lang='lat' dir='ltr'><strong>hominem</strong></span> 
     </span>
    </p>
   </div>
   <div class='ocr_carea' id='block_1_65' title="bbox 546 3572 2151 3645">
    <p class='ocr_par' dir='ltr' id='par_1_65' title="bbox 546 3572 2151 3645">
     <span class='ocr_line' id='line_1_65' title="bbox 546 3572 2151 3645; baseline -0.004 -12"><span class='ocrx_word' id='word_1_516' title='bbox 546 3576 640 3634; x_wconf 90' lang='lat' dir='ltr'><strong>Dei</strong></span> <span class='ocrx_word' id='word_1_517' title='bbox 670 3574 890 3645; x_wconf 86' lang='lat' dir='ltr'><strong>Filium,</strong></span> <span class='ocrx_word' id='word_1_518' title='bbox 933 3572 1107 3632; x_wconf 83' lang='lat' dir='ltr'><strong>eredit</strong></span> <span class='ocrx_word' id='word_1_519' title='bbox 1134 3580 1405 3631; x_wconf 81' lang='lat' dir='ltr'><strong>mortuum</strong></span> <span class='ocrx_word' id='word_1_520' title='bbox 1463 3590 1583 3631; x_wconf 84' lang='lat' dir='ltr'><strong>esse</strong></span> <span class='ocrx_word' id='word_1_521' title='bbox 1625 3590 1721 3644; x_wconf 90' lang='lat' dir='ltr'><strong>pro</strong></span> <span class='ocrx_word' id='word_1_522' title='bbox 1753 3575 1930 3639; x_wconf 87' lang='lat' dir='ltr'><strong>nobis,</strong></span> <span class='ocrx_word' id='word_1_523' title='bbox 1976 3572 2151 3629; x_wconf 82' lang='lat' dir='ltr'><strong>credit</strong></span> 
     </span>
    </p>
   </div>
   <div class='ocr_carea' id='block_1_66' title="bbox 546 3662 2143 3740">
    <p class='ocr_par' dir='ltr' id='par_1_66' title="bbox 546 3662 2143 3740">
     <span class='ocr_line' id='line_1_66' title="bbox 546 3662 2143 3740; baseline -0.004 -14"><span class='ocrx_word' id='word_1_524' title='bbox 546 3671 917 3727; x_wconf 68' lang='lat' dir='ltr'><strong>resurretissc</strong></span> <span class='ocrx_word' id='word_1_525' title='bbox 960 3678 1057 3740; x_wconf 84' lang='lat' dir='ltr'><strong>pro</strong></span> <span class='ocrx_word' id='word_1_526' title='bbox 1096 3666 1275 3735; x_wconf 74' lang='lat' dir='ltr'><strong>nobis,</strong></span> <span class='ocrx_word' id='word_1_527' title='bbox 1303 3666 1473 3723; x_wconf 85' lang='lat' dir='ltr'><strong>credit</strong></span> <span class='ocrx_word' id='word_1_528' title='bbox 1505 3668 1819 3723; x_wconf 84' lang='lat' dir='ltr'><strong>ascendisse</strong></span> <span class='ocrx_word' id='word_1_529' title='bbox 1844 3682 1940 3738; x_wconf 89' lang='lat' dir='ltr'><strong>pro</strong></span> <span class='ocrx_word' id='word_1_530' title='bbox 1969 3662 2143 3721; x_wconf 90' lang='lat' dir='ltr'><strong>nobis.</strong></span> 
     </span>
    </p>
   </div>
   <div class='ocr_carea' id='block_1_67' title="bbox 548 3758 2117 3837">
    <p class='ocr_par' dir='ltr' id='par_1_67' title="bbox 548 3758 2117 3837">
     <span class='ocr_line' id='line_1_67' title="bbox 548 3758 2117 3837; baseline -0.003 -17"><span class='ocrx_word' id='word_1_531' title='bbox 548 3764 770 3820; x_wconf 86' lang='lat' dir='ltr'><strong>Sentin</strong></span> <span class='ocrx_word' id='word_1_532' title='bbox 798 3777 928 3834; x_wconf 85' lang='lat' dir='ltr'><strong>ergo</strong></span> <span class='ocrx_word' id='word_1_533' title='bbox 958 3758 1140 3837; x_wconf 79' lang='lat' dir='ltr'><strong>tidem,</strong></span> <span class='ocrx_word' id='word_1_534' title='bbox 1170 3760 1655 3830; x_wconf 79' lang='lat' dir='ltr'><strong>eum&#39;sepulturam</strong></span> <span class='ocrx_word' id='word_1_535' title='bbox 1680 3760 1798 3830; x_wconf 87' lang='lat' dir='ltr'><strong>ejus</strong></span> <span class='ocrx_word' id='word_1_536' title='bbox 1831 3760 2117 3815; x_wconf 86' lang='lat' dir='ltr'><strong>intersero.</strong></span> 
     </span>
    </p>
   </div>
   <div class='ocr_carea' id='block_1_68' title="bbox 622 3846 2149 3925">
    <p class='ocr_par' dir='ltr' id='par_1_68' title="bbox 622 3846 2149 3925">
     <span class='ocr_line' id='line_1_68' title="bbox 622 3846 2149 3925; baseline -0.003 -15"><span class='ocrx_word' id='word_1_537' title='bbox 622 3850 746 3912; x_wconf 71' lang='grc'><strong>182.</strong></span> <span class='ocrx_word' id='word_1_538' title='bbox 791 3848 884 3910; x_wconf 74' lang='lat' dir='ltr'><strong>Vis</strong></span> <span class='ocrx_word' id='word_1_539' title='bbox 928 3854 1070 3910; x_wconf 90' lang='lat' dir='ltr'><strong>scire</strong></span> <span class='ocrx_word' id='word_1_540' title='bbox 1116 3846 1342 3925; x_wconf 78' lang='lat' dir='ltr'><strong>granum</strong></span> <span class='ocrx_word' id='word_1_541' title='bbox 1387 3851 1687 3919; x_wconf 89' lang='lat' dir='ltr'><strong>Christum,</strong></span> <span class='ocrx_word' id='word_1_542' title='bbox 1732 3862 1788 3907; x_wconf 88' lang='lat' dir='ltr'><strong>et</strong></span> <span class='ocrx_word' id='word_1_543' title='bbox 1824 3852 2149 3907; x_wconf 85' lang='lat' dir='ltr'><strong>seminatum</strong></span> 
     </span>
    </p>
   </div>
   <div class='ocr_carea' id='block_1_69' title="bbox 550 3942 2152 4023">
    <p class='ocr_par' dir='ltr' id='par_1_69' title="bbox 550 3942 2152 4023">
     <span class='ocr_line' id='line_1_69' title="bbox 550 3942 2152 4023; baseline -0.005 -15"><span class='ocrx_word' id='word_1_544' title='bbox 550 3949 860 4015; x_wconf 83' lang='lat' dir='ltr'><strong>Christum?</strong></span> <span class='ocrx_word' id='word_1_545' title='bbox 889 3947 1012 4003; x_wconf 72' lang='lat' dir='ltr'><strong>Nisi</strong></span> <span class='ocrx_word' id='word_1_546' title='bbox 1042 3964 1266 4023; x_wconf 86' lang='lat' dir='ltr'><strong>granum</strong></span> <span class='ocrx_word' id='word_1_547' title='bbox 1305 3947 1462 4001; x_wconf 90' lang='lat' dir='ltr'><strong>tritici</strong></span> <span class='ocrx_word' id='word_1_548' title='bbox 1501 3942 1691 4003; x_wconf 82' lang='lat' dir='ltr'><strong>cadens</strong></span> <span class='ocrx_word' id='word_1_549' title='bbox 1731 3948 1785 4002; x_wconf 89' lang='lat' dir='ltr'><strong>in</strong></span> <span class='ocrx_word' id='word_1_550' title='bbox 1816 3958 2006 4002; x_wconf 86' lang='lat' dir='ltr'><strong>terram</strong></span> <span class='ocrx_word' id='word_1_551' title='bbox 2042 3963 2152 4000; x_wconf 87' lang='lat' dir='ltr'><strong>mo-</strong></span> 
     </span>
    </p>
   </div>
   <div class='ocr_carea' id='block_1_70' title="bbox 549 4039 2148 4111">
    <p class='ocr_par' dir='ltr' id='par_1_70' title="bbox 549 4039 2148 4111">
     <span class='ocr_line' id='line_1_70' title="bbox 549 4039 2148 4111; baseline -0.003 -13"><span class='ocrx_word' id='word_1_552' title='bbox 549 4048 733 4111; x_wconf 83' lang='lat' dir='ltr'><strong>riatur,</strong></span> <span class='ocrx_word' id='word_1_553' title='bbox 764 4042 937 4108; x_wconf 74' lang='lat' dir='ltr'><strong>ipsum</strong></span> <span class='ocrx_word' id='word_1_554' title='bbox 978 4044 1145 4096; x_wconf 88' lang='lat' dir='ltr'><strong>solum</strong></span> <span class='ocrx_word' id='word_1_555' title='bbox 1171 4049 1340 4095; x_wconf 85' lang='lat' dir='ltr'><strong>manet</strong></span> <span class='ocrx_word' id='word_1_556' title='bbox 1371 4056 1390 4094; x_wconf 89' lang='lat'><strong><em>:</em></strong></span> <span class='ocrx_word' id='word_1_557' title='bbox 1416 4040 1653 4095; x_wconf 82' lang='lat' dir='ltr'><strong>siautem</strong></span> <span class='ocrx_word' id='word_1_558' title='bbox 1686 4048 1943 4095; x_wconf 85' lang='lat' dir='ltr'><strong>mortuum</strong></span> <span class='ocrx_word' id='word_1_559' title='bbox 1969 4039 2148 4111; x_wconf 78' lang='lat' dir='ltr'><strong>fuerit,</strong></span> 
     </span>
    </p>
   </div>
   <div class='ocr_carea' id='block_1_71' title="bbox 550 4130 2155 4211">
    <p class='ocr_par' dir='ltr' id='par_1_71' title="bbox 550 4130 2155 4211">
     <span class='ocr_line' id='line_1_71' title="bbox 550 4130 2155 4211; baseline -0.002 -17"><span class='ocrx_word' id='word_1_560' title='bbox 550 4140 771 4195; x_wconf 84' lang='lat' dir='ltr'><strong>multum</strong></span> <span class='ocrx_word' id='word_1_561' title='bbox 791 4142 1020 4211; x_wconf 84' lang='lat' dir='ltr'><strong>fructum</strong></span> <span class='ocrx_word' id='word_1_562' title='bbox 1045 4132 1227 4204; x_wconf 71' lang='lat' dir='ltr'><strong>alfcrel</strong></span> <span class='ocrx_word' id='word_1_563' title='bbox 1253 4136 1436 4204; x_wconf 75' lang='lat' dir='ltr'><strong>(Joan.</strong></span> <span class='ocrx_word' id='word_1_564' title='bbox 1471 4149 1566 4200; x_wconf 81' lang='lat' dir='ltr'><strong>xu,</strong></span> <span class='ocrx_word' id='word_1_565' title='bbox 1596 4130 1714 4206; x_wconf 73' lang='lat'><strong>24).</strong></span> <span class='ocrx_word' id='word_1_566' title='bbox 1748 4136 1888 4207; x_wconf 86' lang='lat' dir='ltr'><strong>Ergo</strong></span> <span class='ocrx_word' id='word_1_567' title='bbox 1931 4151 2037 4191; x_wconf 89' lang='lat' dir='ltr'><strong>non</strong></span> <span class='ocrx_word' id='word_1_568' title='bbox 2068 4151 2155 4190; x_wconf 84' lang='lat' dir='ltr'><strong>er-</strong></span> 
     </span>
    </p>
   </div>
   <div class='ocr_carea' id='block_1_72' title="bbox 548 4224 2155 4299">
    <p class='ocr_par' dir='ltr' id='par_1_72' title="bbox 548 4224 2155 4299">
     <span class='ocr_line' id='line_1_72' title="bbox 548 4224 2155 4299; baseline -0.001 -12"><span class='ocrx_word' id='word_1_569' title='bbox 548 4232 809 4299; x_wconf 81' lang='lat' dir='ltr'><strong>ravimus,</strong></span> <span class='ocrx_word' id='word_1_570' title='bbox 857 4230 978 4299; x_wconf 82' lang='lat' dir='ltr'><strong>quia</strong></span> <span class='ocrx_word' id='word_1_571' title='bbox 1014 4226 1250 4283; x_wconf 86' lang='lat' dir='ltr'><strong>diximus</strong></span> <span class='ocrx_word' id='word_1_572' title='bbox 1289 4224 1433 4299; x_wconf 86' lang='lat' dir='ltr'><strong>quod</strong></span> <span class='ocrx_word' id='word_1_573' title='bbox 1484 4229 1601 4297; x_wconf 89' lang='lat' dir='ltr'><strong>ipse</strong></span> <span class='ocrx_word' id='word_1_574' title='bbox 1626 4228 1737 4298; x_wconf 88' lang='lat' dir='ltr'><strong>jam</strong></span> <span class='ocrx_word' id='word_1_575' title='bbox 1784 4224 2016 4284; x_wconf 77' lang='lat' dir='ltr'><strong>dixerat.</strong></span> <span class='ocrx_word' id='word_1_576' title='bbox 2059 4226 2155 4286; x_wconf 86' lang='lat' dir='ltr'><strong>Est</strong></span> 
     </span>
    </p>
   </div>
   <div class='ocr_carea' id='block_1_73' title="bbox 553 4320 2151 4394">
    <p class='ocr_par' dir='ltr' id='par_1_73' title="bbox 553 4320 2151 4394">
     <span class='ocr_line' id='line_1_73' title="bbox 553 4320 2151 4394; baseline 0 -15"><span class='ocrx_word' id='word_1_577' title='bbox 553 4332 733 4381; x_wconf 85' lang='lat' dir='ltr'><strong>autem</strong></span> <span class='ocrx_word' id='word_1_578' title='bbox 757 4332 810 4379; x_wconf 89' lang='lat' dir='ltr'><strong>et</strong></span> <span class='ocrx_word' id='word_1_579' title='bbox 836 4330 1062 4394; x_wconf 83' lang='lat' dir='ltr'><strong>granum</strong></span> <span class='ocrx_word' id='word_1_580' title='bbox 1088 4322 1271 4387; x_wconf 89' lang='lat' dir='ltr'><strong>tritici;</strong></span> <span class='ocrx_word' id='word_1_581' title='bbox 1300 4320 1424 4390; x_wconf 84' lang='lat' dir='ltr'><strong>quia</strong></span> <span class='ocrx_word' id='word_1_582' title='bbox 1447 4320 1737 4376; x_wconf 77' lang='lat' dir='ltr'><strong>confirmat</strong></span> <span class='ocrx_word' id='word_1_583' title='bbox 1762 4336 1857 4376; x_wconf 87' lang='lat' dir='ltr'><strong>cor</strong></span> <span class='ocrx_word' id='word_1_584' title='bbox 1881 4320 2151 4379; x_wconf 88' lang='lat' dir='ltr'><strong>hominis:</strong></span> 
     </span>
    </p>
   </div>
   <div class='ocr_carea' id='block_1_74' title="bbox 550 4410 2156 4490">
    <p class='ocr_par' dir='ltr' id='par_1_74' title="bbox 550 4410 2156 4490">
     <span class='ocr_line' id='line_1_74' title="bbox 550 4410 2156 4490; baseline -0.003 -15"><span class='ocrx_word' id='word_1_585' title='bbox 550 4427 605 4475; x_wconf 87' lang='lat' dir='ltr'><strong>et</strong></span> <span class='ocrx_word' id='word_1_586' title='bbox 631 4432 860 4490; x_wconf 89' lang='lat' dir='ltr'><strong>granum</strong></span> <span class='ocrx_word' id='word_1_587' title='bbox 892 4416 1123 4486; x_wconf 86' lang='lat' dir='ltr'><strong>sinapis;</strong></span> <span class='ocrx_word' id='word_1_588' title='bbox 1150 4413 1273 4486; x_wconf 85' lang='lat' dir='ltr'><strong>quia</strong></span> <span class='ocrx_word' id='word_1_589' title='bbox 1300 4429 1395 4470; x_wconf 93' lang='lat' dir='ltr'><strong>cor</strong></span> <span class='ocrx_word' id='word_1_590' title='bbox 1423 4410 1662 4469; x_wconf 87' lang='lat' dir='ltr'><strong>hominis</strong></span> <span class='ocrx_word' id='word_1_591' title='bbox 1689 4413 1959 4469; x_wconf 85' lang='lat' dir='ltr'><strong>accendit.</strong></span> <span class='ocrx_word' id='word_1_592' title='bbox 1990 4415 2057 4469; x_wconf 88' lang='lat' dir='ltr'><strong>Et</strong></span> <span class='ocrx_word' id='word_1_593' title='bbox 2086 4416 2156 4470; x_wconf 89' lang='lat' dir='ltr'><strong>li-</strong></span> 
     </span>
    </p>
   </div>
   <div class='ocr_carea' id='block_1_75' title="bbox 551 4504 2152 4576">
    <p class='ocr_par' dir='ltr' id='par_1_75' title="bbox 551 4504 2152 4576">
     <span class='ocr_line' id='line_1_75' title="bbox 551 4504 2152 4576; baseline -0.004 -7"><span class='ocrx_word' id='word_1_594' title='bbox 551 4522 639 4569; x_wconf 90' lang='lat' dir='ltr'><strong>cet</strong></span> <span class='ocrx_word' id='word_1_595' title='bbox 677 4508 745 4567; x_wconf 89' lang='lat' dir='ltr'><strong>ad</strong></span> <span class='ocrx_word' id='word_1_596' title='bbox 783 4510 966 4566; x_wconf 85' lang='lat' dir='ltr'><strong>omnia</strong></span> <span class='ocrx_word' id='word_1_597' title='bbox 1015 4508 1301 4576; x_wconf 78' lang='lat' dir='ltr'><strong>utrumque</strong></span> <span class='ocrx_word' id='word_1_598' title='bbox 1339 4508 1662 4573; x_wconf 77' lang='lat' dir='ltr'><strong>conveniat;</strong></span> <span class='ocrx_word' id='word_1_599' title='bbox 1708 4504 1922 4562; x_wconf 84' lang='lat' dir='ltr'><strong>videtur</strong></span> <span class='ocrx_word' id='word_1_600' title='bbox 1966 4514 2152 4563; x_wconf 88' lang='lat' dir='ltr'><strong>tamen</strong></span> 
     </span>
    </p>
   </div>
   <div class='ocr_carea' id='block_1_76' title="bbox 552 4597 2152 4675">
    <p class='ocr_par' dir='ltr' id='par_1_76' title="bbox 552 4597 2152 4675">
     <span class='ocr_line' id='line_1_76' title="bbox 552 4597 2152 4675; baseline -0.001 -17"><span class='ocrx_word' id='word_1_601' title='bbox 552 4604 783 4675; x_wconf 73' lang='lat' dir='ltr'><strong>granum</strong></span> <span class='ocrx_word' id='word_1_602' title='bbox 822 4599 1007 4666; x_wconf 69' lang='lat' dir='ltr'><strong>tritibi,</strong></span> <span class='ocrx_word' id='word_1_603' title='bbox 1036 4614 1159 4655; x_wconf 89' lang='lat' dir='ltr'><strong>cum</strong></span> <span class='ocrx_word' id='word_1_604' title='bbox 1190 4597 1259 4654; x_wconf 86' lang='lat' dir='ltr'><strong>de</strong></span> <span class='ocrx_word' id='word_1_605' title='bbox 1282 4597 1400 4670; x_wconf 83' lang='lat' dir='ltr'><strong>ejus</strong></span> <span class='ocrx_word' id='word_1_606' title='bbox 1426 4600 1822 4654; x_wconf 87' lang='lat' dir='ltr'><strong>resurrectione</strong></span> <span class='ocrx_word' id='word_1_607' title='bbox 1848 4608 2107 4656; x_wconf 84' lang='lat' dir='ltr'><strong>tractatur</strong></span> <span class='ocrx_word' id='word_1_608' title='bbox 2138 4617 2152 4655; x_wconf 90' lang='lat'><strong>:</strong></span> 
     </span>
    </p>
   </div>
   <div class='ocr_carea' id='block_1_77' title="bbox 2255 3386 3863 3472">
    <p class='ocr_par' dir='ltr' id='par_1_77' title="bbox 2255 3386 3863 3472">
     <span class='ocr_line' id='line_1_77' title="bbox 2255 3386 3863 3472; baseline 0.001 -25"><span class='ocrx_word' id='word_1_609' title='bbox 2255 3392 2360 3447; x_wconf 78' lang='lat' dir='ltr'><strong>Sed</strong></span> <span class='ocrx_word' id='word_1_610' title='bbox 2386 3395 2526 3447; x_wconf 88' lang='lat' dir='ltr'><strong>inter</strong></span> <span class='ocrx_word' id='word_1_611' title='bbox 2546 3395 2659 3447; x_wconf 71' lang='lat' dir='ltr'><strong>lliBC</strong></span> <span class='ocrx_word' id='word_1_612' title='bbox 2684 3394 2845 3448; x_wconf 83' lang='lat' dir='ltr'><strong>verba</strong></span> <span class='ocrx_word' id='word_1_613' title='bbox 2868 3393 3041 3472; x_wconf 87' lang='lat' dir='ltr'><strong>crevit</strong></span> <span class='ocrx_word' id='word_1_614' title='bbox 3065 3386 3267 3460; x_wconf 88' lang='lat' dir='ltr'><strong>subito,</strong></span> <span class='ocrx_word' id='word_1_615' title='bbox 3293 3395 3617 3449; x_wconf 81' lang='lat' dir='ltr'><strong>testantibus</strong></span> <span class='ocrx_word' id='word_1_616' title='bbox 3633 3390 3863 3463; x_wconf 64' lang='lat' dir='ltr'><strong>indicis,</strong></span> 
     </span>
    </p>
   </div>
   <div class='ocr_carea' id='block_1_78' title="bbox 2253 3480 3865 3558">
    <p class='ocr_par' dir='ltr' id='par_1_78' title="bbox 2253 3480 3865 3558">
     <span class='ocr_line' id='line_1_78' title="bbox 2253 3480 3865 3558; baseline 0.005 -22"><span class='ocrx_word' id='word_1_617' title='bbox 2253 3483 2375 3552; x_wconf 85' lang='lat' dir='ltr'><strong>quia</strong></span> <span class='ocrx_word' id='word_1_618' title='bbox 2408 3484 2561 3554; x_wconf 86' lang='lat' dir='ltr'><strong>quasi</strong></span> <span class='ocrx_word' id='word_1_619' title='bbox 2590 3485 2715 3540; x_wconf 72' lang='lat' dir='ltr'><strong>lane</strong></span> <span class='ocrx_word' id='word_1_620' title='bbox 2747 3480 2959 3542; x_wconf 74' lang='lat' dir='ltr'><strong>arboris</strong></span> <span class='ocrx_word' id='word_1_621' title='bbox 2990 3501 3171 3542; x_wconf 89' lang='lat' dir='ltr'><strong>ramos</strong></span> <span class='ocrx_word' id='word_1_622' title='bbox 3202 3504 3306 3541; x_wconf 88' lang='lat' dir='ltr'><strong>non</strong></span> <span class='ocrx_word' id='word_1_623' title='bbox 3337 3496 3585 3557; x_wconf 86' lang='lat' dir='ltr'><strong>poterant</strong></span> <span class='ocrx_word' id='word_1_624' title='bbox 3609 3502 3865 3558; x_wconf 79' lang='lat' dir='ltr'><strong>compre-</strong></span> 
     </span>
    </p>
   </div>
   <div class='ocr_carea' id='block_1_79' title="bbox 2254 3562 3860 3656">
    <p class='ocr_par' dir='ltr' id='par_1_79' title="bbox 2254 3562 3860 3656">
     <span class='ocr_line' id='line_1_79' title="bbox 2254 3562 3860 3656; baseline 0.004 -25"><span class='ocrx_word' id='word_1_625' title='bbox 2254 3572 2512 3641; x_wconf 87' lang='lat' dir='ltr'><strong>hendere,</strong></span> <span class='ocrx_word' id='word_1_626' title='bbox 2538 3577 2807 3634; x_wconf 82' lang='lat' dir='ltr'><strong>dicentes:</strong></span> <span class='ocrx_word' id='word_1_627' title='bbox 2831 3562 3111 3635; x_wconf 84' lang='lat' dir='ltr'><strong>Undehuic</strong></span> <span class='ocrx_word' id='word_1_628' title='bbox 3133 3583 3231 3634; x_wconf 84' lang='lat' dir='ltr'><strong>ista</strong></span> <span class='ocrx_word' id='word_1_629' title='bbox 3252 3580 3505 3652; x_wconf 68' lang='lat' dir='ltr'><strong>sapientia</strong></span> <span class='ocrx_word' id='word_1_630' title='bbox 3523 3576 3682 3654; x_wconf 87' lang='lat' dir='ltr'><strong>(Ibid.</strong></span> <span class='ocrx_word' id='word_1_631' title='bbox 3699 3624 3714 3647; x_wconf 90' lang='lat'><strong>,</strong></span> <span class='ocrx_word' id='word_1_632' title='bbox 3739 3582 3860 3656; x_wconf 72' lang='lat'><strong>5(5).</strong></span> 
     </span>
    </p>
   </div>
   <div class='ocr_carea' id='block_1_80' title="bbox 2328 3670 3860 3744">
    <p class='ocr_par' dir='ltr' id='par_1_80' title="bbox 2328 3670 3860 3744">
     <span class='ocr_line' id='line_1_80' title="bbox 2328 3670 3860 3744; baseline 0.006 -21"><span class='ocrx_word' id='word_1_633' title='bbox 2328 3671 2451 3725; x_wconf 80' lang='grc'><strong>185.</strong></span> <span class='ocrx_word' id='word_1_634' title='bbox 2482 3670 2720 3727; x_wconf 87' lang='lat' dir='ltr'><strong>Granum</strong></span> <span class='ocrx_word' id='word_1_635' title='bbox 2747 3672 2909 3741; x_wconf 84' lang='lat' dir='ltr'><strong>igitur</strong></span> <span class='ocrx_word' id='word_1_636' title='bbox 2928 3682 3015 3729; x_wconf 86' lang='lat' dir='ltr'><strong>est</strong></span> <span class='ocrx_word' id='word_1_637' title='bbox 3042 3672 3231 3744; x_wconf 85' lang='lat' dir='ltr'><strong>ﬁgura,</strong></span> <span class='ocrx_word' id='word_1_638' title='bbox 3256 3674 3420 3728; x_wconf 86' lang='lat' dir='ltr'><strong>arbor</strong></span> <span class='ocrx_word' id='word_1_639' title='bbox 3445 3684 3529 3728; x_wconf 89' lang='lat' dir='ltr'><strong>est</strong></span> <span class='ocrx_word' id='word_1_640' title='bbox 3550 3676 3818 3744; x_wconf 86' lang='lat' dir='ltr'><strong>sapientia</strong></span> <span class='ocrx_word' id='word_1_641' title='bbox 3844 3695 3860 3732; x_wconf 85' lang='lat'><strong>:</strong></span> 
     </span>
    </p>
   </div>
   <div class='ocr_carea' id='block_1_81' title="bbox 2257 3762 3865 3841">
    <p class='ocr_par' dir='ltr' id='par_1_81' title="bbox 2257 3762 3865 3841">
     <span class='ocr_line' id='line_1_81' title="bbox 2257 3762 3865 3841; baseline 0.004 -25"><span class='ocrx_word' id='word_1_642' title='bbox 2257 3765 2309 3817; x_wconf 91' lang='lat' dir='ltr'><strong>in</strong></span> <span class='ocrx_word' id='word_1_643' title='bbox 2340 3762 2493 3833; x_wconf 85' lang='lat' dir='ltr'><strong>cujus</strong></span> <span class='ocrx_word' id='word_1_644' title='bbox 2524 3763 2899 3820; x_wconf 80' lang='lat' dir='ltr'><strong>frondentibus</strong></span> <span class='ocrx_word' id='word_1_645' title='bbox 2929 3765 3090 3820; x_wconf 88' lang='lat' dir='ltr'><strong>ramis</strong></span> <span class='ocrx_word' id='word_1_646' title='bbox 3124 3766 3214 3821; x_wconf 89' lang='lat' dir='ltr'><strong>ille</strong></span> <span class='ocrx_word' id='word_1_647' title='bbox 3258 3768 3568 3841; x_wconf 80' lang='lat' dir='ltr'><strong>nycticorax</strong></span> <span class='ocrx_word' id='word_1_648' title='bbox 3605 3768 3655 3822; x_wconf 89' lang='lat' dir='ltr'><strong>in</strong></span> <span class='ocrx_word' id='word_1_649' title='bbox 3684 3768 3865 3823; x_wconf 85' lang='lat' dir='ltr'><strong>donti-</strong></span> 
     </span>
    </p>
   </div>
   <div class='ocr_carea' id='block_1_82' title="bbox 2254 3857 3865 3934">
    <p class='ocr_par' dir='ltr' id='par_1_82' title="bbox 2254 3857 3865 3934">
     <span class='ocr_line' id='line_1_82' title="bbox 2254 3857 3865 3934; baseline 0.004 -22"><span class='ocrx_word' id='word_1_650' title='bbox 2254 3858 2401 3925; x_wconf 86' lang='lat' dir='ltr'><strong>cilio,</strong></span> <span class='ocrx_word' id='word_1_651' title='bbox 2443 3857 2533 3913; x_wconf 92' lang='lat' dir='ltr'><strong>ille</strong></span> <span class='ocrx_word' id='word_1_652' title='bbox 2563 3873 2747 3927; x_wconf 88' lang='lat' dir='ltr'><strong>passer</strong></span> <span class='ocrx_word' id='word_1_653' title='bbox 2770 3860 3064 3930; x_wconf 87' lang='lat' dir='ltr'><strong>singularis</strong></span> <span class='ocrx_word' id='word_1_654' title='bbox 3104 3859 3156 3915; x_wconf 93' lang='lat' dir='ltr'><strong>in</strong></span> <span class='ocrx_word' id='word_1_655' title='bbox 3186 3860 3413 3916; x_wconf 73' lang='lat' dir='ltr'><strong>mdilicio</strong></span> <span class='ocrx_word' id='word_1_656' title='bbox 3443 3859 3615 3934; x_wconf 86' lang='lat' dir='ltr'><strong>(Psal.</strong></span> <span class='ocrx_word' id='word_1_657' title='bbox 3643 3878 3717 3927; x_wconf 76' lang='grc' dir='ltr'>οι,</span> <span class='ocrx_word' id='word_1_658' title='bbox 3753 3864 3784 3917; x_wconf 88' lang='grc'>7</span> <span class='ocrx_word' id='word_1_659' title='bbox 3816 3873 3865 3918; x_wconf 86' lang='lat' dir='ltr'><strong>et</strong></span> 
     </span>
    </p>
   </div>
   <div class='ocr_carea' id='block_1_83' title="bbox 2255 3948 3865 4025">
    <p class='ocr_par' dir='ltr' id='par_1_83' title="bbox 2255 3948 3865 4025">
     <span class='ocr_line' id='line_1_83' title="bbox 2255 3948 3865 4025; baseline 0.004 -20"><span class='ocrx_word' id='word_1_660' title='bbox 2255 3950 2336 4023; x_wconf 83' lang='lat'><strong>8),</strong></span> <span class='ocrx_word' id='word_1_661' title='bbox 2365 3948 2457 4005; x_wconf 88' lang='lat' dir='ltr'><strong>ille</strong></span> <span class='ocrx_word' id='word_1_662' title='bbox 2488 3959 2674 4020; x_wconf 88' lang='lat' dir='ltr'><strong>raptus</strong></span> <span class='ocrx_word' id='word_1_663' title='bbox 2709 3951 2761 4005; x_wconf 92' lang='lat' dir='ltr'><strong>in</strong></span> <span class='ocrx_word' id='word_1_664' title='bbox 2806 3952 3135 4021; x_wconf 85' lang='lat' dir='ltr'><strong>paradisum,</strong></span> <span class='ocrx_word' id='word_1_665' title='bbox 3170 3954 3221 4007; x_wconf 91' lang='lat' dir='ltr'><strong>in</strong></span> <span class='ocrx_word' id='word_1_666' title='bbox 3253 3970 3435 4008; x_wconf 88' lang='lat' dir='ltr'><strong>aerem</strong></span> <span class='ocrx_word' id='word_1_667' title='bbox 3468 3954 3760 4025; x_wconf 81' lang='lat' dir='ltr'><strong>rapiendas</strong></span> <span class='ocrx_word' id='word_1_668' title='bbox 3808 3965 3865 4011; x_wconf 89' lang='lat' dir='ltr'><strong>et</strong></span> 
     </span>
    </p>
   </div>
   <div class='ocr_carea' id='block_1_84' title="bbox 2258 4038 3866 4119">
    <p class='ocr_par' dir='ltr' id='par_1_84' title="bbox 2258 4038 3866 4119">
     <span class='ocr_line' id='line_1_84' title="bbox 2258 4038 3866 4119; baseline 0.004 -24"><span class='ocrx_word' id='word_1_669' title='bbox 2258 4038 2452 4109; x_wconf 88' lang='lat' dir='ltr'><strong>nubes,</strong></span> <span class='ocrx_word' id='word_1_670' title='bbox 2505 4048 2616 4097; x_wconf 88' lang='lat' dir='ltr'><strong>tuta</strong></span> <span class='ocrx_word' id='word_1_671' title='bbox 2661 4042 2772 4111; x_wconf 88' lang='lat' dir='ltr'><strong>jam</strong></span> <span class='ocrx_word' id='word_1_672' title='bbox 2814 4043 2946 4100; x_wconf 87' lang='lat' dir='ltr'><strong>sede</strong></span> <span class='ocrx_word' id='word_1_673' title='bbox 2990 4045 3296 4116; x_wconf 85' lang='lat' dir='ltr'><strong>requiescat</strong></span> <span class='ocrx_word' id='word_1_674' title='bbox 3344 4040 3408 4119; x_wconf 95' lang='lat' dir='ltr'><strong>(ll</strong></span> <span class='ocrx_word' id='word_1_675' title='bbox 3449 4044 3689 4115; x_wconf 60' lang='lat' dir='ltr'><strong>Comm,</strong></span> <span class='ocrx_word' id='word_1_676' title='bbox 3719 4046 3773 4110; x_wconf 73' lang='grc'>4,</span> <span class='ocrx_word' id='word_1_677' title='bbox 3815 4057 3866 4101; x_wconf 87' lang='lat' dir='ltr'><strong>et</strong></span> 
     </span>
    </p>
   </div>
   <div class='ocr_carea' id='block_1_85' title="bbox 2256 4131 3866 4211">
    <p class='ocr_par' dir='ltr' id='par_1_85' title="bbox 2256 4131 3866 4211">
     <span class='ocr_line' id='line_1_85' title="bbox 2256 4131 3866 4211; baseline 0.007 -25"><span class='ocrx_word' id='word_1_678' title='bbox 2256 4132 2278 4186; x_wconf 90' lang='lat' dir='ltr'><strong>l</strong></span> <span class='ocrx_word' id='word_1_679' title='bbox 2305 4131 2484 4189; x_wconf 86' lang='lat' dir='ltr'><strong>Thess.</strong></span> <span class='ocrx_word' id='word_1_680' title='bbox 2518 4150 2588 4202; x_wconf 85' lang='lat' dir='ltr'><strong>tv,</strong></span> <span class='ocrx_word' id='word_1_681' title='bbox 2622 4134 2735 4208; x_wconf 87' lang='grc'><strong>16).</strong></span> <span class='ocrx_word' id='word_1_682' title='bbox 2764 4135 3133 4208; x_wconf 83' lang='lat' dir='ltr'><strong>Requiescunt</strong></span> <span class='ocrx_word' id='word_1_683' title='bbox 3159 4137 3319 4193; x_wconf 88' lang='lat' dir='ltr'><strong>etiam</strong></span> <span class='ocrx_word' id='word_1_684' title='bbox 3350 4147 3645 4211; x_wconf 89' lang='lat' dir='ltr'><strong>potestates</strong></span> <span class='ocrx_word' id='word_1_685' title='bbox 3680 4152 3735 4196; x_wconf 90' lang='lat' dir='ltr'><strong>et</strong></span> <span class='ocrx_word' id='word_1_686' title='bbox 3764 4157 3866 4197; x_wconf 78' lang='lat' dir='ltr'><strong>an-</strong></span> 
     </span>
    </p>
   </div>
   <div class='ocr_carea' id='block_1_86' title="bbox 2256 4226 3865 4301">
    <p class='ocr_par' dir='ltr' id='par_1_86' title="bbox 2256 4226 3865 4301">
     <span class='ocr_line' id='line_1_86' title="bbox 2256 4226 3865 4301; baseline 0.007 -22"><span class='ocrx_word' id='word_1_687' title='bbox 2256 4226 2662 4296; x_wconf 86' lang='lat' dir='ltr'><strong>gelicoelorum,</strong></span> <span class='ocrx_word' id='word_1_688' title='bbox 2687 4232 3081 4300; x_wconf 59' lang='lat' dir='ltr'><strong>etquicumiue</strong></span> <span class='ocrx_word' id='word_1_689' title='bbox 3099 4226 3472 4301; x_wconf 87' lang='lat' dir='ltr'><strong>spiritualibus</strong></span> <span class='ocrx_word' id='word_1_690' title='bbox 3504 4234 3659 4287; x_wconf 86' lang='lat' dir='ltr'><strong>iactis</strong></span> <span class='ocrx_word' id='word_1_691' title='bbox 3674 4233 3865 4289; x_wconf 87' lang='lat' dir='ltr'><strong>evola-</strong></span> 
     </span>
    </p>
   </div>
   <div class='ocr_carea' id='block_1_87' title="bbox 2261 4308 3861 4394">
    <p class='ocr_par' dir='ltr' id='par_1_87' title="bbox 2261 4308 3861 4394">
     <span class='ocr_line' id='line_1_87' title="bbox 2261 4308 3861 4394; baseline 0.006 -20"><span class='ocrx_word' id='word_1_692' title='bbox 2261 4335 2320 4374; x_wconf 88' lang='lat' dir='ltr'><strong>rc</strong></span> <span class='ocrx_word' id='word_1_693' title='bbox 2340 4308 2981 4394; x_wconf 62' lang='lat' dir='ltr'><strong>merueruntRequievit</strong></span> <span class='ocrx_word' id='word_1_694' title='bbox 2994 4332 3214 4379; x_wconf 89' lang='lat' dir='ltr'><strong>sanctus</strong></span> <span class='ocrx_word' id='word_1_695' title='bbox 3227 4323 3489 4393; x_wconf 82' lang='lat' dir='ltr'><strong>Joannes,</strong></span> <span class='ocrx_word' id='word_1_696' title='bbox 3504 4341 3626 4381; x_wconf 91' lang='lat' dir='ltr'><strong>cum</strong></span> <span class='ocrx_word' id='word_1_697' title='bbox 3642 4343 3861 4384; x_wconf 88' lang='lat' dir='ltr'><strong>recum-</strong></span> 
     </span>
    </p>
   </div>
   <div class='ocr_carea' id='block_1_88' title="bbox 2260 4413 3865 4491">
    <p class='ocr_par' dir='ltr' id='par_1_88' title="bbox 2260 4413 3865 4491">
     <span class='ocr_line' id='line_1_88' title="bbox 2260 4413 3865 4491; baseline 0.007 -23"><span class='ocrx_word' id='word_1_698' title='bbox 2260 4413 2413 4468; x_wconf 87' lang='lat' dir='ltr'><strong>beret</strong></span> <span class='ocrx_word' id='word_1_699' title='bbox 2455 4430 2620 4483; x_wconf 87' lang='lat' dir='ltr'><strong>super</strong></span> <span class='ocrx_word' id='word_1_700' title='bbox 2648 4424 2834 4486; x_wconf 86' lang='lat' dir='ltr'><strong>pectus</strong></span> <span class='ocrx_word' id='word_1_701' title='bbox 2860 4414 3025 4484; x_wconf 82' lang='lat' dir='ltr'><strong>Jesu;</strong></span> <span class='ocrx_word' id='word_1_702' title='bbox 3076 4418 3240 4473; x_wconf 82' lang='lat' dir='ltr'><strong>inuno</strong></span> <span class='ocrx_word' id='word_1_703' title='bbox 3270 4428 3325 4474; x_wconf 90' lang='lat' dir='ltr'><strong>et</strong></span> <span class='ocrx_word' id='word_1_704' title='bbox 3354 4421 3468 4489; x_wconf 90' lang='lat' dir='ltr'><strong>ipse</strong></span> <span class='ocrx_word' id='word_1_705' title='bbox 3497 4421 3616 4491; x_wconf 87' lang='lat' dir='ltr'><strong>ejus</strong></span> <span class='ocrx_word' id='word_1_706' title='bbox 3646 4422 3865 4479; x_wconf 87' lang='lat' dir='ltr'><strong>arboris</strong></span> 
     </span>
    </p>
   </div>
   <div class='ocr_carea' id='block_1_89' title="bbox 2259 4509 3867 4582">
    <p class='ocr_par' dir='ltr' id='par_1_89' title="bbox 2259 4509 3867 4582">
     <span class='ocr_line' id='line_1_89' title="bbox 2259 4509 3867 4582; baseline 0.007 -21"><span class='ocrx_word' id='word_1_707' title='bbox 2259 4521 2421 4563; x_wconf 90' lang='lat' dir='ltr'><strong>succo</strong></span> <span class='ocrx_word' id='word_1_708' title='bbox 2451 4509 2595 4565; x_wconf 88' lang='lat' dir='ltr'><strong>velut</strong></span> <span class='ocrx_word' id='word_1_709' title='bbox 2623 4525 2803 4566; x_wconf 89' lang='lat' dir='ltr'><strong>ramus</strong></span> <span class='ocrx_word' id='word_1_710' title='bbox 2829 4510 3157 4568; x_wconf 86' lang='lat' dir='ltr'><strong>extenditur.</strong></span> <span class='ocrx_word' id='word_1_711' title='bbox 3192 4512 3392 4568; x_wconf 85' lang='lat' dir='ltr'><strong>Ramus</strong></span> <span class='ocrx_word' id='word_1_712' title='bbox 3423 4524 3505 4569; x_wconf 88' lang='lat' dir='ltr'><strong>est</strong></span> <span class='ocrx_word' id='word_1_713' title='bbox 3526 4513 3743 4582; x_wconf 88' lang='lat' dir='ltr'><strong>Petrus,</strong></span> <span class='ocrx_word' id='word_1_714' title='bbox 3776 4534 3867 4572; x_wconf 86' lang='lat' dir='ltr'><strong>ra-</strong></span> 
     </span>
    </p>
   </div>
   <div class='ocr_carea' id='block_1_90' title="bbox 2263 4598 3863 4680">
    <p class='ocr_par' dir='ltr' id='par_1_90' title="bbox 2263 4598 3863 4680">
     <span class='ocr_line' id='line_1_90' title="bbox 2263 4598 3863 4680; baseline 0.008 -27"><span class='ocrx_word' id='word_1_715' title='bbox 2263 4613 2382 4655; x_wconf 88' lang='lat' dir='ltr'><strong>mus</strong></span> <span class='ocrx_word' id='word_1_716' title='bbox 2411 4609 2495 4656; x_wconf 86' lang='lat' dir='ltr'><strong>est</strong></span> <span class='ocrx_word' id='word_1_717' title='bbox 2534 4598 2735 4657; x_wconf 85' lang='lat' dir='ltr'><strong>Paulus</strong></span> <span class='ocrx_word' id='word_1_718' title='bbox 2788 4604 3094 4673; x_wconf 87' lang='lat' dir='ltr'><strong>posteriora</strong></span> <span class='ocrx_word' id='word_1_719' title='bbox 3140 4605 3490 4673; x_wconf 75' lang='lat' dir='ltr'><strong>obliviscens,</strong></span> <span class='ocrx_word' id='word_1_720' title='bbox 3536 4616 3598 4665; x_wconf 80' lang='lat' dir='ltr'><strong>et</strong></span> <span class='ocrx_word' id='word_1_721' title='bbox 3638 4624 3700 4663; x_wconf 89' lang='lat' dir='ltr'><strong>ea</strong></span> <span class='ocrx_word' id='word_1_722' title='bbox 3740 4625 3863 4680; x_wconf 68' lang='lat' dir='ltr'><strong>quae</strong></span> 
     </span>
    </p>
   </div>
   <div class='ocr_carea' id='block_1_91' title="bbox 553 4688 2907 4767">
    <p class='ocr_par' dir='ltr' id='par_1_91' title="bbox 553 4688 2907 4767">
     <span class='ocr_line' id='line_1_91' title="bbox 553 4688 2907 4767; baseline -0.001 -16"><span class='ocrx_word' id='word_1_723' title='bbox 553 4697 707 4767; x_wconf 88' lang='lat' dir='ltr'><strong>panis</strong></span> <span class='ocrx_word' id='word_1_724' title='bbox 749 4697 893 4751; x_wconf 91' lang='lat' dir='ltr'><strong>enim</strong></span> <span class='ocrx_word' id='word_1_725' title='bbox 946 4692 1042 4749; x_wconf 86' lang='lat' dir='ltr'><strong>Dei</strong></span> <span class='ocrx_word' id='word_1_726' title='bbox 1088 4703 1192 4758; x_wconf 89' lang='lat' dir='ltr'><strong>est,</strong></span> <span class='ocrx_word' id='word_1_727' title='bbox 1228 4694 1319 4762; x_wconf 89' lang='lat' dir='ltr'><strong>qui</strong></span> <span class='ocrx_word' id='word_1_728' title='bbox 1362 4691 1431 4748; x_wconf 89' lang='lat' dir='ltr'><strong>de</strong></span> <span class='ocrx_word' id='word_1_729' title='bbox 1472 4692 1613 4748; x_wconf 81' lang='lat' dir='ltr'><strong>coelo</strong></span> <span class='ocrx_word' id='word_1_730' title='bbox 1646 4688 1931 4749; x_wconf 81' lang='lat' dir='ltr'><strong>descendit</strong></span> <span class='ocrx_word' id='word_1_731' title='bbox 1962 4691 2144 4767; x_wconf 82' lang='lat' dir='ltr'><strong>(Joan.</strong></span> <span class='ocrx_word' id='word_1_732' title='bbox 2173 4689 2229 4752; x_wconf 91' lang='lat' dir='ltr'><strong>D</strong></span> <span class='ocrx_word' id='word_1_733' title='bbox 2254 4699 2379 4747; x_wconf 89' lang='lat' dir='ltr'><strong>sunt</strong></span> <span class='ocrx_word' id='word_1_734' title='bbox 2410 4692 2594 4761; x_wconf 87' lang='lat' dir='ltr'><strong>priora</strong></span> <span class='ocrx_word' id='word_1_735' title='bbox 2620 4704 2907 4765; x_wconf 85' lang='lat' dir='ltr'><strong>appetens.</strong></span> 
     </span>
    </p>
   </div>
   <div class='ocr_carea' id='block_1_92' title="bbox 554 4782 2151 4858">
    <p class='ocr_par' dir='ltr' id='par_1_92' title="bbox 554 4782 2151 4858">
     <span class='ocr_line' id='line_1_92' title="bbox 554 4782 2151 4858; baseline 0 -13"><span class='ocrx_word' id='word_1_736' title='bbox 554 4794 629 4854; x_wconf 84' lang='lat' dir='ltr'><strong>vt,</strong></span> <span class='ocrx_word' id='word_1_737' title='bbox 677 4787 797 4858; x_wconf 77' lang='lat'><strong>55);</strong></span> <span class='ocrx_word' id='word_1_738' title='bbox 858 4800 923 4841; x_wconf 87' lang='lat' dir='ltr'><strong>eo</strong></span> <span class='ocrx_word' id='word_1_739' title='bbox 970 4785 1113 4856; x_wconf 88' lang='lat' dir='ltr'><strong>quod</strong></span> <span class='ocrx_word' id='word_1_740' title='bbox 1165 4784 1400 4841; x_wconf 85' lang='lat' dir='ltr'><strong>Verbum</strong></span> <span class='ocrx_word' id='word_1_741' title='bbox 1453 4782 1572 4851; x_wconf 90' lang='lat' dir='ltr'><strong>Dei,</strong></span> <span class='ocrx_word' id='word_1_742' title='bbox 1624 4790 1678 4840; x_wconf 89' lang='lat' dir='ltr'><strong>et</strong></span> <span class='ocrx_word' id='word_1_743' title='bbox 1734 4788 2151 4845; x_wconf 87' lang='lat' dir='ltr'><strong>resurrectionis</strong></span> 
     </span>
    </p>
   </div>
   <div class='ocr_carea' id='block_1_93' title="bbox 552 4877 2149 4951">
    <p class='ocr_par' dir='ltr' id='par_1_93' title="bbox 552 4877 2149 4951">
     <span class='ocr_line' id='line_1_93' title="bbox 552 4877 2149 4951; baseline -0.001 -12"><span class='ocrx_word' id='word_1_744' title='bbox 552 4881 861 4951; x_wconf 73' lang='lat' dir='ltr'><strong>exemplum</strong></span> <span class='ocrx_word' id='word_1_745' title='bbox 886 4877 1097 4934; x_wconf 81' lang='lat' dir='ltr'><strong>trientes</strong></span> <span class='ocrx_word' id='word_1_746' title='bbox 1116 4878 1248 4943; x_wconf 89' lang='lat' dir='ltr'><strong>alat,</strong></span> <span class='ocrx_word' id='word_1_747' title='bbox 1274 4891 1424 4947; x_wconf 90' lang='lat' dir='ltr'><strong>spem</strong></span> <span class='ocrx_word' id='word_1_748' title='bbox 1451 4886 1630 4946; x_wconf 83' lang='lat' dir='ltr'><strong>acuat,</strong></span> <span class='ocrx_word' id='word_1_749' title='bbox 1660 4878 1838 4935; x_wconf 75' lang='lat' dir='ltr'><strong>firmet</strong></span> <span class='ocrx_word' id='word_1_750' title='bbox 1862 4878 2110 4937; x_wconf 69' lang='lat' dir='ltr'><strong>allectum</strong></span> <span class='ocrx_word' id='word_1_751' title='bbox 2134 4898 2149 4936; x_wconf 90' lang='lat'><strong>:</strong></span> 
     </span>
    </p>
   </div>
   <div class='ocr_carea' id='block_1_94' title="bbox 554 4971 2156 5048">
    <p class='ocr_par' dir='ltr' id='par_1_94' title="bbox 554 4971 2156 5048">
     <span class='ocr_line' id='line_1_94' title="bbox 554 4971 2156 5048; baseline -0.001 -17"><span class='ocrx_word' id='word_1_752' title='bbox 554 4988 785 5048; x_wconf 82' lang='lat' dir='ltr'><strong>granum</strong></span> <span class='ocrx_word' id='word_1_753' title='bbox 828 4976 1009 5029; x_wconf 79' lang='lat' dir='ltr'><strong>autem</strong></span> <span class='ocrx_word' id='word_1_754' title='bbox 1040 4971 1273 5040; x_wconf 83' lang='lat' dir='ltr'><strong>sinapis;</strong></span> <span class='ocrx_word' id='word_1_755' title='bbox 1319 4984 1387 5026; x_wconf 88' lang='lat' dir='ltr'><strong>eo</strong></span> <span class='ocrx_word' id='word_1_756' title='bbox 1431 4971 1576 5041; x_wconf 88' lang='lat' dir='ltr'><strong>quod</strong></span> <span class='ocrx_word' id='word_1_757' title='bbox 1612 4972 1850 5027; x_wconf 87' lang='lat' dir='ltr'><strong>amarior</strong></span> <span class='ocrx_word' id='word_1_758' title='bbox 1874 4980 1930 5028; x_wconf 87' lang='lat' dir='ltr'><strong>et</strong></span> <span class='ocrx_word' id='word_1_759' title='bbox 1976 4975 2156 5030; x_wconf 88' lang='lat' dir='ltr'><strong>acrior</strong></span> 
     </span>
    </p>
   </div>
   <div class='ocr_carea' id='block_1_95' title="bbox 556 5063 2150 5137">
    <p class='ocr_par' dir='ltr' id='par_1_95' title="bbox 556 5063 2150 5137">
     <span class='ocr_line' id='line_1_95' title="bbox 556 5063 2150 5137; baseline -0.002 -12"><span class='ocrx_word' id='word_1_760' title='bbox 556 5084 737 5125; x_wconf 87' lang='lat' dir='ltr'><strong>sermo</strong></span> <span class='ocrx_word' id='word_1_761' title='bbox 766 5067 835 5120; x_wconf 89' lang='lat' dir='ltr'><strong>sit</strong></span> <span class='ocrx_word' id='word_1_762' title='bbox 865 5065 933 5119; x_wconf 90' lang='lat' dir='ltr'><strong>de</strong></span> <span class='ocrx_word' id='word_1_763' title='bbox 960 5064 1169 5120; x_wconf 90' lang='lat' dir='ltr'><strong>Domini</strong></span> <span class='ocrx_word' id='word_1_764' title='bbox 1202 5063 1454 5135; x_wconf 86' lang='lat' dir='ltr'><strong>passione</strong></span> <span class='ocrx_word' id='word_1_765' title='bbox 1484 5082 1497 5116; x_wconf 73' lang='grc' dir='ltr'>ε</span> <span class='ocrx_word' id='word_1_766' title='bbox 1529 5066 1767 5119; x_wconf 84' lang='lat' dir='ltr'><strong>amarior</strong></span> <span class='ocrx_word' id='word_1_767' title='bbox 1790 5065 1855 5121; x_wconf 92' lang='lat' dir='ltr'><strong>ad</strong></span> <span class='ocrx_word' id='word_1_768' title='bbox 1887 5065 2150 5137; x_wconf 84' lang='lat' dir='ltr'><strong>ﬂendum,</strong></span> 
     </span>
    </p>
   </div>
   <div class='ocr_carea' id='block_1_96' title="bbox 552 5157 2156 5228">
    <p class='ocr_par' dir='ltr' id='par_1_96' title="bbox 552 5157 2156 5228">
     <span class='ocr_line' id='line_1_96' title="bbox 552 5157 2156 5228; baseline 0.002 -13"><span class='ocrx_word' id='word_1_769' title='bbox 552 5162 735 5217; x_wconf 80' lang='lat' dir='ltr'><strong>acrior</strong></span> <span class='ocrx_word' id='word_1_770' title='bbox 762 5159 830 5214; x_wconf 85' lang='lat' dir='ltr'><strong>ad</strong></span> <span class='ocrx_word' id='word_1_771' title='bbox 858 5158 1336 5214; x_wconf 87' lang='lat' dir='ltr'><strong>commovendum.</strong></span> <span class='ocrx_word' id='word_1_772' title='bbox 1370 5157 1554 5228; x_wconf 85' lang='lat' dir='ltr'><strong>Itaque</strong></span> <span class='ocrx_word' id='word_1_773' title='bbox 1572 5174 1695 5215; x_wconf 91' lang='lat' dir='ltr'><strong>cum</strong></span> <span class='ocrx_word' id='word_1_774' title='bbox 1724 5160 1973 5216; x_wconf 88' lang='lat' dir='ltr'><strong>audimus</strong></span> <span class='ocrx_word' id='word_1_775' title='bbox 1998 5172 2053 5218; x_wconf 90' lang='lat' dir='ltr'><strong>et</strong></span> <span class='ocrx_word' id='word_1_776' title='bbox 2077 5162 2156 5219; x_wconf 87' lang='lat' dir='ltr'><strong>le-</strong></span> 
     </span>
    </p>
   </div>
   <div class='ocr_carea' id='block_1_97' title="bbox 555 5248 2155 5324">
    <p class='ocr_par' dir='ltr' id='par_1_97' title="bbox 555 5248 2155 5324">
     <span class='ocr_line' id='line_1_97' title="bbox 555 5248 2155 5324; baseline 0.003 -17"><span class='ocrx_word' id='word_1_777' title='bbox 555 5253 731 5324; x_wconf 83' lang='lat' dir='ltr'><strong>gimus</strong></span> <span class='ocrx_word' id='word_1_778' title='bbox 754 5248 1031 5321; x_wconf 73' lang='lat' dir='ltr'><strong>jejunasse</strong></span> <span class='ocrx_word' id='word_1_779' title='bbox 1064 5250 1347 5304; x_wconf 79' lang='lat' dir='ltr'><strong>Dtiminum</strong></span> <span class='ocrx_word' id='word_1_780' title='bbox 1378 5248 1593 5322; x_wconf 77' lang='lat' dir='ltr'><strong>(Matth.</strong></span> <span class='ocrx_word' id='word_1_781' title='bbox 1624 5258 1699 5318; x_wconf 84' lang='lat' dir='ltr'><strong>iv,</strong></span> <span class='ocrx_word' id='word_1_782' title='bbox 1730 5250 1810 5320; x_wconf 76' lang='lat'><strong>2),</strong></span> <span class='ocrx_word' id='word_1_783' title='bbox 1836 5250 2020 5310; x_wconf 83' lang='lat' dir='ltr'><strong>sitisse</strong></span> <span class='ocrx_word' id='word_1_784' title='bbox 2051 5255 2155 5312; x_wconf 80' lang='grc' dir='ltr'><strong>υσ-</strong></span> 
     </span>
    </p>
   </div>
   <div class='ocr_carea' id='block_1_98' title="bbox 558 5332 2153 5422">
    <p class='ocr_par' dir='ltr' id='par_1_98' title="bbox 558 5332 2153 5422">
     <span class='ocr_line' id='line_1_98' title="bbox 558 5332 2153 5422; baseline 0.004 -21"><span class='ocrx_word' id='word_1_785' title='bbox 558 5342 762 5401; x_wconf 89' lang='lat' dir='ltr'><strong>minum</strong></span> <span class='ocrx_word' id='word_1_786' title='bbox 794 5343 977 5417; x_wconf 82' lang='lat' dir='ltr'><strong>(Joan.</strong></span> <span class='ocrx_word' id='word_1_787' title='bbox 1026 5359 1100 5411; x_wconf 84' lang='lat' dir='ltr'><strong>tv,</strong></span> <span class='ocrx_word' id='word_1_788' title='bbox 1143 5342 1220 5415; x_wconf 85' lang='lat'><strong>7),</strong></span> <span class='ocrx_word' id='word_1_789' title='bbox 1265 5342 1595 5418; x_wconf 84' lang='lat' dir='ltr'><strong>lacrymasse</strong></span> <span class='ocrx_word' id='word_1_790' title='bbox 1634 5346 1921 5404; x_wconf 81' lang='lat' dir='ltr'><strong>Dominum</strong></span> <span class='ocrx_word' id='word_1_791' title='bbox 1970 5332 2153 5422; x_wconf 85' lang='lat' dir='ltr'><strong>(Joan.</strong></span> 
     </span>
    </p>
   </div>
   <div class='ocr_carea' id='block_1_99' title="bbox 558 5436 2155 5514">
    <p class='ocr_par' dir='ltr' id='par_1_99' title="bbox 558 5436 2155 5514">
     <span class='ocr_line' id='line_1_99' title="bbox 558 5436 2155 5514; baseline 0.005 -21"><span class='ocrx_word' id='word_1_792' title='bbox 558 5453 635 5506; x_wconf 75' lang='grc' dir='ltr'><strong>ιι,</strong></span> <span class='ocrx_word' id='word_1_793' title='bbox 664 5436 783 5510; x_wconf 78' lang='lat'><strong>35),</strong></span> <span class='ocrx_word' id='word_1_794' title='bbox 818 5437 1110 5508; x_wconf 85' lang='lat' dir='ltr'><strong>vapulasse</strong></span> <span class='ocrx_word' id='word_1_795' title='bbox 1141 5436 1453 5508; x_wconf 89' lang='lat' dir='ltr'><strong>Dominum,</strong></span> <span class='ocrx_word' id='word_1_796' title='bbox 1476 5438 1748 5497; x_wconf 87' lang='lat' dir='ltr'><strong>dicentem</strong></span> <span class='ocrx_word' id='word_1_797' title='bbox 1787 5457 2003 5514; x_wconf 90' lang='lat' dir='ltr'><strong>quoque</strong></span> <span class='ocrx_word' id='word_1_798' title='bbox 2029 5459 2155 5501; x_wconf 90' lang='lat' dir='ltr'><strong>eum</strong></span> 
     </span>
    </p>
   </div>
   <div class='ocr_carea' id='block_1_100' title="bbox 630 5624 2171 5702">
    <p class='ocr_par' dir='ltr' id='par_1_100' title="bbox 630 5624 2171 5702">
     <span class='ocr_line' id='line_1_100' title="bbox 630 5624 2171 5702; baseline 0.003 -19"><span class='ocrx_word' id='word_1_799' title='bbox 630 5624 660 5658; x_wconf 78' lang='grc'><strong>⁸</strong></span> <span class='ocrx_word' id='word_1_800' title='bbox 684 5626 817 5685; x_wconf 82' lang='lat' dir='ltr'><strong>Mss.</strong></span> <span class='ocrx_word' id='word_1_801' title='bbox 863 5627 1086 5698; x_wconf 83' lang='lat' dir='ltr'><strong>aliquot,</strong></span> <span class='ocrx_word' id='word_1_802' title='bbox 1111 5627 1344 5683; x_wconf 87' lang='lat' dir='ltr'><strong>dulciore</strong></span> <span class='ocrx_word' id='word_1_803' title='bbox 1379 5638 1547 5684; x_wconf 83' lang='lat' dir='ltr'><strong>musto</strong></span> <span class='ocrx_word' id='word_1_804' title='bbox 1590 5630 1905 5702; x_wconf 82' lang='lat' dir='ltr'><strong>voluptatum</strong></span> <span class='ocrx_word' id='word_1_805' title='bbox 1949 5632 2171 5687; x_wconf 83' lang='lat' dir='ltr'><strong>suavita-</strong></span> 
     </span>
    </p>
   </div>
   <div class='ocr_carea' id='block_1_101' title="bbox 557 5708 2165 5901">
    <p class='ocr_par' dir='ltr' id='par_1_101' title="bbox 557 5708 2165 5901">
     <span class='ocr_line' id='line_1_101' title="bbox 557 5708 2165 5845; baseline 0.003 -20"><span class='ocrx_word' id='word_1_806' title='bbox 557 5708 811 5827; x_wconf 40' lang='lat' dir='ltr'><strong>mihi?</strong></span> <span class='ocrx_word' id='word_1_807' title='bbox 846 5769 975 5827; x_wconf 87' lang='lat' dir='ltr'><strong>edit.</strong></span> <span class='ocrx_word' id='word_1_808' title='bbox 1004 5769 1246 5837; x_wconf 71' lang='lat' dir='ltr'><strong>Vocibus,</strong></span> <span class='ocrx_word' id='word_1_809' title='bbox 1277 5771 1368 5825; x_wconf 88' lang='lat' dir='ltr'><strong>sed</strong></span> <span class='ocrx_word' id='word_1_810' title='bbox 1444 5790 1498 5828; x_wconf 88' lang='lat' dir='ltr'><strong>er</strong></span> <span class='ocrx_word' id='word_1_811' title='bbox 1532 5773 1769 5845; x_wconf 88' lang='lat' dir='ltr'><strong>speciem,</strong></span> <span class='ocrx_word' id='word_1_812' title='bbox 1811 5771 2037 5839; x_wconf 90' lang='lat' dir='ltr'><strong>addunt,</strong></span> <span class='ocrx_word' id='word_1_813' title='bbox 2071 5790 2165 5845; x_wconf 81' lang='lat' dir='ltr'><strong>no-</strong></span> 
     </span>
     <span class='ocr_line' id='line_1_102' title="bbox 558 5786 2158 5901; baseline -0.001 1"><span class='ocrx_word' id='word_1_814' title='bbox 558 5852 721 5901; x_wconf 84' lang='lat' dir='ltr'><strong>stram</strong></span> <span class='ocrx_word' id='word_1_815' title='bbox 741 5842 930 5901; x_wconf 71' lang='lat' dir='ltr'><strong>:liom.</strong></span> <span class='ocrx_word' id='word_1_816' title='bbox 954 5850 1290 5901; x_wconf 73' lang='lat' dir='ltr'><strong>unanimam.</strong></span> <span class='ocrx_word' id='word_1_817' title='bbox 1315 5786 1441 5901; x_wconf 51' lang='lat' dir='ltr'><strong>Sed,</strong></span> <span class='ocrx_word' id='word_1_818' title='bbox 1442 5854 1689 5901; x_wconf 87' lang='lat' dir='ltr'><strong>neutrum</strong></span> <span class='ocrx_word' id='word_1_819' title='bbox 1718 5853 2158 5901; x_wconf 75' lang='lat' dir='ltr'><strong>aunoscuntmss.</strong></span> 
     </span>
    </p>
   </div>
   <div class='ocr_carea' id='block_1_102' title="bbox 558 5838 2158 5925">
    <p class='ocr_par' dir='ltr' id='par_1_102' title="bbox 558 5838 2158 5925">
     <span class='ocr_line' id='line_1_103' title="bbox 558 5838 2158 5925; baseline 0.004 -23"><span class='ocrx_word' id='word_1_820' title='bbox 558 5852 721 5911; x_wconf 82' lang='lat' dir='ltr'><strong>stram</strong></span> <span class='ocrx_word' id='word_1_821' title='bbox 741 5842 930 5901; x_wconf 70' lang='lat' dir='ltr'><strong>:liom.</strong></span> <span class='ocrx_word' id='word_1_822' title='bbox 954 5850 1290 5917; x_wconf 80' lang='lat' dir='ltr'><strong>assumptum.</strong></span> <span class='ocrx_word' id='word_1_823' title='bbox 1315 5838 1423 5901; x_wconf 82' lang='lat' dir='ltr'><strong>Sed</strong></span> <span class='ocrx_word' id='word_1_824' title='bbox 1442 5838 1689 5903; x_wconf 72' lang='lat' dir='ltr'><strong>neutrum</strong></span> <span class='ocrx_word' id='word_1_825' title='bbox 1718 5838 2158 5925; x_wconf 50' lang='lat' dir='ltr'><strong>agnoscuntur“.</strong></span> 
     </span>
    </p>
   </div>
   <div class='ocr_carea' id='block_1_103' title="bbox 2335 4774 3864 4864">
    <p class='ocr_par' dir='ltr' id='par_1_103' title="bbox 2335 4774 3864 4864">
     <span class='ocr_line' id='line_1_104' title="bbox 2335 4774 3864 4864; baseline 0.007 -24"><span class='ocrx_word' id='word_1_826' title='bbox 2335 4782 2457 4841; x_wconf 80' lang='grc'><strong>186.</strong></span> <span class='ocrx_word' id='word_1_827' title='bbox 2500 4774 2559 4842; x_wconf 80' lang='lat' dir='ltr'><strong>in</strong></span> <span class='ocrx_word' id='word_1_828' title='bbox 2590 4799 2818 4858; x_wconf 78' lang='lat' dir='ltr'><strong>quorum</strong></span> <span class='ocrx_word' id='word_1_829' title='bbox 2850 4790 3026 4858; x_wconf 89' lang='lat' dir='ltr'><strong>sinus,</strong></span> <span class='ocrx_word' id='word_1_830' title='bbox 3066 4799 3121 4845; x_wconf 92' lang='lat' dir='ltr'><strong>et</strong></span> <span class='ocrx_word' id='word_1_831' title='bbox 3143 4791 3403 4863; x_wconf 85' lang='lat' dir='ltr'><strong>quosdam</strong></span> <span class='ocrx_word' id='word_1_832' title='bbox 3436 4790 3864 4864; x_wconf 85' lang='lat' dir='ltr'><strong>disputationum</strong></span> 
     </span>
    </p>
   </div>
   <div class='ocr_carea' id='block_1_104' title="bbox 2261 4882 3868 4956">
    <p class='ocr_par' dir='ltr' id='par_1_104' title="bbox 2261 4882 3868 4956">
     <span class='ocr_line' id='line_1_105' title="bbox 2261 4882 3868 4956; baseline 0.007 -24"><span class='ocrx_word' id='word_1_833' title='bbox 2261 4888 2533 4945; x_wconf 83' lang='lat' dir='ltr'><strong>recessus,</strong></span> <span class='ocrx_word' id='word_1_834' title='bbox 2563 4882 2652 4952; x_wconf 91' lang='lat' dir='ltr'><strong>qui</strong></span> <span class='ocrx_word' id='word_1_835' title='bbox 2679 4898 2899 4938; x_wconf 84' lang='lat' dir='ltr'><strong>eramus</strong></span> <span class='ocrx_word' id='word_1_836' title='bbox 2925 4884 3106 4956; x_wconf 86' lang='lat' dir='ltr'><strong>longe,</strong></span> <span class='ocrx_word' id='word_1_837' title='bbox 3148 4899 3246 4940; x_wconf 89' lang='lat' dir='ltr'><strong>nos</strong></span> <span class='ocrx_word' id='word_1_838' title='bbox 3274 4887 3483 4945; x_wconf 90' lang='lat' dir='ltr'><strong>scillcet</strong></span> <span class='ocrx_word' id='word_1_839' title='bbox 3520 4903 3585 4942; x_wconf 86' lang='lat' dir='ltr'><strong>ex</strong></span> <span class='ocrx_word' id='word_1_840' title='bbox 3628 4890 3868 4945; x_wconf 85' lang='lat' dir='ltr'><strong>nationi-</strong></span> 
     </span>
    </p>
   </div>
   <div class='ocr_carea' id='block_1_105' title="bbox 2262 4968 3867 5052">
    <p class='ocr_par' dir='ltr' id='par_1_105' title="bbox 2262 4968 3867 5052">
     <span class='ocr_line' id='line_1_106' title="bbox 2262 4968 3867 5052; baseline 0.006 -24"><span class='ocrx_word' id='word_1_841' title='bbox 2262 4972 2362 5029; x_wconf 89' lang='lat' dir='ltr'><strong>bus</strong></span> <span class='ocrx_word' id='word_1_842' title='bbox 2401 4977 2736 5047; x_wconf 85' lang='lat' dir='ltr'><strong>congregati,</strong></span> <span class='ocrx_word' id='word_1_843' title='bbox 2770 4992 2907 5048; x_wconf 90' lang='lat' dir='ltr'><strong>quos</strong></span> <span class='ocrx_word' id='word_1_844' title='bbox 2951 4978 3041 5033; x_wconf 90' lang='lat' dir='ltr'><strong>diu</strong></span> <span class='ocrx_word' id='word_1_845' title='bbox 3074 4980 3097 5008; x_wconf 80' lang='lat'><strong><em>°</em></strong></span> <span class='ocrx_word' id='word_1_846' title='bbox 3148 4993 3249 5049; x_wconf 90' lang='lat' dir='ltr'><strong>per</strong></span> <span class='ocrx_word' id='word_1_847' title='bbox 3288 4978 3451 5035; x_wconf 88' lang='lat' dir='ltr'><strong>inane</strong></span> <span class='ocrx_word' id='word_1_848' title='bbox 3502 4968 3684 5036; x_wconf 86' lang='lat' dir='ltr'><strong>mundi</strong></span> <span class='ocrx_word' id='word_1_849' title='bbox 3736 4999 3867 5052; x_wconf 76' lang='lat' dir='ltr'><strong>pro-</strong></span> 
     </span>
    </p>
   </div>
   <div class='ocr_carea' id='block_1_106' title="bbox 2262 5067 3866 5145">
    <p class='ocr_par' dir='ltr' id='par_1_106' title="bbox 2262 5067 3866 5145">
     <span class='ocr_line' id='line_1_107' title="bbox 2262 5067 3866 5145; baseline 0.006 -22"><span class='ocrx_word' id='word_1_850' title='bbox 2262 5067 2397 5123; x_wconf 88' lang='lat' dir='ltr'><strong>cella</strong></span> <span class='ocrx_word' id='word_1_851' title='bbox 2428 5076 2485 5125; x_wconf 91' lang='lat' dir='ltr'><strong>et</strong></span> <span class='ocrx_word' id='word_1_852' title='bbox 2516 5069 2675 5124; x_wconf 88' lang='lat' dir='ltr'><strong>turbo</strong></span> <span class='ocrx_word' id='word_1_853' title='bbox 2701 5070 2956 5141; x_wconf 61' lang='lat' dir='ltr'><strong>nequitia</strong></span> <span class='ocrx_word' id='word_1_854' title='bbox 2991 5070 3256 5142; x_wconf 86' lang='lat' dir='ltr'><strong>spiritalis</strong></span> <span class='ocrx_word' id='word_1_855' title='bbox 3284 5073 3540 5144; x_wconf 87' lang='lat' dir='ltr'><strong>agitabat,</strong></span> <span class='ocrx_word' id='word_1_856' title='bbox 3566 5076 3866 5145; x_wconf 86' lang='lat' dir='ltr'><strong>assumptis</strong></span> 
     </span>
    </p>
   </div>
   <div class='ocr_carea' id='block_1_107' title="bbox 2266 5163 3867 5236">
    <p class='ocr_par' dir='ltr' id='par_1_107' title="bbox 2266 5163 3867 5236">
     <span class='ocr_line' id='line_1_108' title="bbox 2266 5163 3867 5236; baseline 0.005 -19"><span class='ocrx_word' id='word_1_857' title='bbox 2266 5163 2526 5219; x_wconf 89' lang='lat' dir='ltr'><strong>virtutum</strong></span> <span class='ocrx_word' id='word_1_858' title='bbox 2577 5164 2823 5236; x_wconf 84' lang='lat' dir='ltr'><strong>remigiis</strong></span> <span class='ocrx_word' id='word_1_859' title='bbox 2866 5165 3209 5234; x_wconf 79' lang='lat' dir='ltr'><strong>advolunius;</strong></span> <span class='ocrx_word' id='word_1_860' title='bbox 3247 5174 3308 5221; x_wconf 90' lang='lat' dir='ltr'><strong>ut</strong></span> <span class='ocrx_word' id='word_1_861' title='bbox 3356 5182 3455 5223; x_wconf 89' lang='lat' dir='ltr'><strong>nos</strong></span> <span class='ocrx_word' id='word_1_862' title='bbox 3506 5168 3695 5223; x_wconf 87' lang='lat' dir='ltr'><strong>umbra</strong></span> <span class='ocrx_word' id='word_1_863' title='bbox 3736 5183 3867 5225; x_wconf 84' lang='lat' dir='ltr'><strong>san-</strong></span> 
     </span>
    </p>
   </div>
   <div class='ocr_carea' id='block_1_108' title="bbox 2261 5255 3861 5329">
    <p class='ocr_par' dir='ltr' id='par_1_108' title="bbox 2261 5255 3861 5329">
     <span class='ocr_line' id='line_1_109' title="bbox 2261 5255 3861 5329; baseline 0.004 -19"><span class='ocrx_word' id='word_1_864' title='bbox 2261 5260 2473 5329; x_wconf 87' lang='lat' dir='ltr'><strong>ctorum</strong></span> <span class='ocrx_word' id='word_1_865' title='bbox 2499 5256 2569 5312; x_wconf 91' lang='lat' dir='ltr'><strong>ab</strong></span> <span class='ocrx_word' id='word_1_866' title='bbox 2610 5255 2765 5312; x_wconf 89' lang='lat' dir='ltr'><strong>istius</strong></span> <span class='ocrx_word' id='word_1_867' title='bbox 2796 5257 2981 5314; x_wconf 89' lang='lat' dir='ltr'><strong>mundi</strong></span> <span class='ocrx_word' id='word_1_868' title='bbox 3030 5256 3228 5314; x_wconf 88' lang='lat' dir='ltr'><strong>ardore</strong></span> <span class='ocrx_word' id='word_1_869' title='bbox 3257 5258 3533 5329; x_wconf 78' lang='lat' dir='ltr'><strong>defendat,</strong></span> <span class='ocrx_word' id='word_1_870' title='bbox 3564 5272 3725 5317; x_wconf 71' lang='lat' dir='ltr'><strong>certa:</strong></span> <span class='ocrx_word' id='word_1_871' title='bbox 3752 5272 3861 5316; x_wconf 86' lang='lat' dir='ltr'><strong>sta-</strong></span> 
     </span>
    </p>
   </div>
   <div class='ocr_carea' id='block_1_109' title="bbox 2266 5328 3865 5425">
    <p class='ocr_par' dir='ltr' id='par_1_109' title="bbox 2266 5328 3865 5425">
     <span class='ocr_line' id='line_1_110' title="bbox 2266 5328 3865 5425; baseline 0.005 -22"><span class='ocrx_word' id='word_1_872' title='bbox 2266 5348 2428 5406; x_wconf 89' lang='lat' dir='ltr'><strong>tionis</strong></span> <span class='ocrx_word' id='word_1_873' title='bbox 2451 5328 2577 5421; x_wconf 44' lang='lat' dir='ltr'><strong>&#39;jam</strong></span> <span class='ocrx_word' id='word_1_874' title='bbox 2631 5347 2927 5407; x_wconf 80' lang='lat' dir='ltr'><strong>Securitate</strong></span> <span class='ocrx_word' id='word_1_875' title='bbox 2994 5360 3327 5408; x_wconf 88' lang='lat' dir='ltr'><strong>vernantes:</strong></span> <span class='ocrx_word' id='word_1_876' title='bbox 3375 5367 3441 5409; x_wconf 89' lang='lat' dir='ltr'><strong>eo</strong></span> <span class='ocrx_word' id='word_1_877' title='bbox 3489 5354 3632 5425; x_wconf 93' lang='lat' dir='ltr'><strong>quod</strong></span> <span class='ocrx_word' id='word_1_878' title='bbox 3679 5352 3865 5412; x_wconf 80' lang='lat' dir='ltr'><strong>anima</strong></span> 
     </span>
    </p>
   </div>
   <div class='ocr_carea' id='block_1_110' title="bbox 2263 5443 3869 5518">
    <p class='ocr_par' dir='ltr' id='par_1_110' title="bbox 2263 5443 3869 5518">
     <span class='ocr_line' id='line_1_111' title="bbox 2263 5443 3869 5518; baseline 0.002 -19"><span class='ocrx_word' id='word_1_879' title='bbox 2263 5450 2448 5500; x_wconf 84' lang='lat' dir='ltr'><strong>nostra</strong></span> <span class='ocrx_word' id='word_1_880' title='bbox 2476 5443 2733 5516; x_wconf 86' lang='lat' dir='ltr'><strong>gravibus</strong></span> <span class='ocrx_word' id='word_1_881' title='bbox 2756 5459 2907 5513; x_wconf 85' lang='lat' dir='ltr'><strong>ante,</strong></span> <span class='ocrx_word' id='word_1_882' title='bbox 2934 5445 3078 5501; x_wconf 90' lang='lat' dir='ltr'><strong>sicut</strong></span> <span class='ocrx_word' id='word_1_883' title='bbox 3099 5444 3187 5500; x_wconf 86' lang='lat' dir='ltr'><strong>illa</strong></span> <span class='ocrx_word' id='word_1_884' title='bbox 3214 5445 3433 5515; x_wconf 91' lang='lat' dir='ltr'><strong>mulier,</strong></span> <span class='ocrx_word' id='word_1_885' title='bbox 3460 5447 3713 5503; x_wconf 77' lang='lat' dir='ltr'><strong>inclinata</strong></span> <span class='ocrx_word' id='word_1_886' title='bbox 3735 5462 3869 5518; x_wconf 80' lang='lat' dir='ltr'><strong>pee-</strong></span> 
     </span>
    </p>
   </div>
   <div class='ocr_carea' id='block_1_111' title="bbox 2345 5634 3862 5717">
    <p class='ocr_par' dir='ltr' id='par_1_111' title="bbox 2345 5634 3862 5717">
     <span class='ocr_line' id='line_1_112' title="bbox 2345 5634 3862 5717; baseline 0.003 -26"><span class='ocrx_word' id='word_1_887' title='bbox 2345 5644 2376 5717; x_wconf 58' lang='grc' dir='ltr'>ξ</span> <span class='ocrx_word' id='word_1_888' title='bbox 2404 5634 2549 5717; x_wconf 52' lang='lat' dir='ltr'><strong>fidit.</strong></span> <span class='ocrx_word' id='word_1_889' title='bbox 2579 5652 2771 5717; x_wconf 78' lang='lat' dir='ltr'><strong>omnes</strong></span> <span class='ocrx_word' id='word_1_890' title='bbox 2789 5649 2844 5695; x_wconf 91' lang='lat' dir='ltr'><strong>et</strong></span> <span class='ocrx_word' id='word_1_891' title='bbox 2877 5652 3011 5717; x_wconf 70' lang='lat' dir='ltr'><strong>mss.</strong></span> <span class='ocrx_word' id='word_1_892' title='bbox 3050 5636 3321 5717; x_wconf 77' lang='lat' dir='ltr'><strong>nonnulli,</strong></span> <span class='ocrx_word' id='word_1_893' title='bbox 3349 5654 3441 5711; x_wconf 86' lang='lat' dir='ltr'><strong>per</strong></span> <span class='ocrx_word' id='word_1_894' title='bbox 3481 5653 3624 5717; x_wconf 77' lang='lat' dir='ltr'><strong>mare</strong></span> <span class='ocrx_word' id='word_1_895' title='bbox 3654 5638 3862 5717; x_wconf 75' lang='lat' dir='ltr'><strong>mundi.</strong></span> 
     </span>
    </p>
   </div>
   <div class='ocr_carea' id='block_1_112' title="bbox 2272 5705 3867 5783">
    <p class='ocr_par' dir='ltr' id='par_1_112' title="bbox 2272 5705 3867 5783">
     <span class='ocr_line' id='line_1_113' title="bbox 2272 5705 3867 5783; baseline 0.005 -24"><span class='ocrx_word' id='word_1_896' title='bbox 2272 5705 2377 5783; x_wconf 59' lang='lat' dir='ltr'><strong>Alii</strong></span> <span class='ocrx_word' id='word_1_897' title='bbox 2402 5708 2816 5777; x_wconf 81' lang='lat' dir='ltr'><strong>frequentiores,</strong></span> <span class='ocrx_word' id='word_1_898' title='bbox 2845 5727 2936 5783; x_wconf 85' lang='lat' dir='ltr'><strong>per</strong></span> <span class='ocrx_word' id='word_1_899' title='bbox 2954 5710 3107 5764; x_wconf 86' lang='lat' dir='ltr'><strong>inane</strong></span> <span class='ocrx_word' id='word_1_900' title='bbox 3127 5709 3305 5783; x_wconf 79' lang='lat' dir='ltr'><strong>mundi</strong></span> <span class='ocrx_word' id='word_1_901' title='bbox 3339 5705 3360 5764; x_wconf 75' lang='grc' dir='ltr'><em>ἐ</em></span> <span class='ocrx_word' id='word_1_902' title='bbox 3388 5709 3531 5779; x_wconf 85' lang='lat' dir='ltr'><strong>quod</strong></span> <span class='ocrx_word' id='word_1_903' title='bbox 3566 5708 3744 5780; x_wconf 74' lang='lat' dir='ltr'><strong>aptius</strong></span> <span class='ocrx_word' id='word_1_904' title='bbox 3768 5725 3867 5768; x_wconf 81' lang='lat' dir='ltr'><strong>co-</strong></span> 
     </span>
    </p>
   </div>
   <div class='ocr_carea' id='block_1_113' title="bbox 2270 5776 3867 5868">
    <p class='ocr_par' dir='ltr' id='par_1_113' title="bbox 2270 5776 3867 5868">
     <span class='ocr_line' id='line_1_114' title="bbox 2270 5776 3867 5868; baseline 0.009 -39"><span class='ocrx_word' id='word_1_905' title='bbox 2270 5776 2442 5868; x_wconf 49' lang='lat' dir='ltr'><strong>haeret</strong></span> <span class='ocrx_word' id='word_1_906' title='bbox 2469 5776 2591 5836; x_wconf 87' lang='lat' dir='ltr'><strong>cum</strong></span> <span class='ocrx_word' id='word_1_907' title='bbox 2633 5776 3007 5868; x_wconf 63' lang='lat' dir='ltr'><strong>sequentibus.</strong></span> <span class='ocrx_word' id='word_1_908' title='bbox 3046 5781 3277 5868; x_wconf 77' lang='lat' dir='ltr'><strong>Quidam</strong></span> <span class='ocrx_word' id='word_1_909' title='bbox 3313 5776 3491 5841; x_wconf 84' lang='lat' dir='ltr'><strong>tamen</strong></span> <span class='ocrx_word' id='word_1_910' title='bbox 3522 5776 3725 5859; x_wconf 77' lang='lat' dir='ltr'><strong>legunt,</strong></span> <span class='ocrx_word' id='word_1_911' title='bbox 3769 5801 3867 5868; x_wconf 67' lang='grc' dir='ltr'><strong><em>ρετ</em></strong></span> 
     </span>
    </p>
   </div>
   <div class='ocr_carea' id='block_1_114' title="bbox 2268 5856 3651 5933">
    <p class='ocr_par' dir='ltr' id='par_1_114' title="bbox 2268 5856 3651 5933">
     <span class='ocr_line' id='line_1_115' title="bbox 2268 5856 3651 5933; baseline 0.014 -29"><span class='ocrx_word' id='word_1_912' title='bbox 2268 5856 2472 5908; x_wconf 80' lang='lat' dir='ltr'><strong>inanem</strong></span> <span class='ocrx_word' id='word_1_913' title='bbox 2499 5856 2677 5913; x_wconf 84' lang='lat' dir='ltr'><strong>mundi</strong></span> <span class='ocrx_word' id='word_1_914' title='bbox 2705 5856 2988 5933; x_wconf 81' lang='lat' dir='ltr'><strong>procellam</strong></span> <span class='ocrx_word' id='word_1_915' title='bbox 3013 5860 3181 5930; x_wconf 81' lang='lat' dir='ltr'><strong>turbo,</strong></span> <span class='ocrx_word' id='word_1_916' title='bbox 3210 5868 3317 5923; x_wconf 81' lang='lat' dir='ltr'><strong>etc.</strong></span> <span class='ocrx_word' id='word_1_917' title='bbox 3581 5856 3595 5859; x_wconf 46' lang='grc'><strong>⁷</strong></span> <span class='ocrx_word' id='word_1_918' title='bbox 3644 5868 3651 5873; x_wconf 64' lang='grc'><em>⁴</em></span> 
     </span>
    </p>
   </div>
  </div>
