4186 6358
244 268 247 269 ί
336 306 475 380 tm
542 373 548 378 _

1243 333 1641 395 exposrrto
1678 320 1936 401 li‘VANc.
1979 344 2130 405 ssc.
2168 296 2324 408 Luc.
2362 352 2496 409 ua.
2538 354 2653 413 vn.

3495 367 3635 427 1750

328 430 578 554 ωὶίε,“ἰιι
617 444 817 554 passer
853 444 1040 516 erepta
1069 446 1139 554 de
1183 438 1390 554 laqueq
1414 455 1729 511 venantium
1756 457 1809 512 in
1839 474 1927 514 ra-
1950 456 2000 525 Α
2030 463 2383 524 ,λΕάίίίοθιηυε
2432 471 2649 541 turrim,
2686 484 3062 547 computemus
3093 489 3341 552 sumptus
3386 481 3635 554 Scriptu-

329 547 447 588 mos
476 532 688 623 Domini
719 542 1038 611 montesque
1064 545 1336 615 migravit.
1367 542 1553 616 Itaque
1581 561 1706 606 ante
1734 567 1925 623 super-

328 626 452 684 ﬂuis
488 620 964 689 observationibus
990 639 1137 703 vani,
1180 644 1236 693 et
1270 638 1416 693 inani
1445 639 1663 698 levitate
1692 620 1926 700 volitan-

332 729 433 787 tes,
467 736 613 776 nunc
653 721 764 792 jam
817 740 914 794 per
963 724 1122 783 [idem
1153 728 1358 785 Christi
1400 732 1565 788 soluti
1605 746 1819 801 manus,
1871 745 1930 793 et

328 811 489 869 liberi
516 830 544 867 a
575 815 806 871 vinculis
823 816 1197 887 sabbatorum,
1228 822 1388 878 bonis
1408 825 1665 896 operibus
1688 827 1927 885 intendi-

329 918 451 958 mus
496 920 511 958 :
545 914 601 961 et
631 907 683 962 in
714 908 848 978 ipsis
878 908 1054 980 epulis
1078 911 1384 970 libertatem
1416 917 1699 986 habemus,
1730 919 1930 977 intem-

329 998 633 1068 perantiam
655 1001 1017 1071 excludimus;
1039 1022 1108 1061 ne
1129 1004 1287 1064 liberi
1306 1026 1335 1062 a
1354 1008 1519 1080 Lege,
1540 1013 1930 1083 cupiditatibus

325 1092 629 1169 serviattrtts
659 1111 673 1149 :
706 1095 821 1152 Lex
850 1101 993 1154 enim
1027 1100 1211 1171 ligavit
1249 1101 1374 1171 sibi,
1413 1108 1472 1159 ut
1497 1106 1811 1162 absolveret
1835 1124 1929 1165 cu-

324 1183 664 1255 piditatibus;
687 1188 873 1246 Gratia
904 1204 1026 1262 qttte
1055 1195 1319 1250 minorem
1339 1196 1560 1253 abstulit
1585 1199 1926 1271 servitutem,

324 1278 500 1336 multo
526 1282 780 1353 graviora
813 1289 1090 1357 praecepit.
1124 1286 1315 1343 Omnia
1336 1291 1481 1346 nobis
1506 1291 1680 1357 licent,
1710 1294 1801 1349 sed
1827 1312 1930 1351 non

325 1376 499 1430 omnia
534 1377 815 1449 expediunt
852 1379 896 1451 (ι
919 1380 1039 1436 Cor.
1066 1399 1120 1449 x,
1150 1382 1275 1455 29.);
1324 1402 1488 1455 grave
1515 1393 1601 1442 est
1638 1386 1783 1442 enim
1833 1404 1931 1460 po-

323 1476 521 1525 testate
554 1473 653 1539 nti,
702 1480 761 1527 ut
807 1474 910 1529 sub
940 1484 1265 1546 potestatem
1303 1481 1535 1536 recidas.
1570 1479 1784 1539 Desiste
1810 1499 1932 1541 esse

319 1564 424 1619 sub
451 1562 618 1635 Lege,
650 1570 709 1621 ut
739 1568 938 1625 virtute
967 1574 1131 1641 supra
1162 1566 1363 1643 Legem
1393 1572 1493 1629 sis.

395 1657 582 1731 (Vers.
606 1656 727 1732 Et.)
758 1660 851 1716 Cui
873 1665 1044 1719 simile
1062 1650 1329 1722 (estimatio
1348 1685 1561 1741 regnum
1586 1668 1722 1725 Dei?
1747 1670 1932 1728 Simile

320 1759 395 1805 est
422 1754 674 1823 fermento
696 1754 833 1823 quod
860 1765 1128 1827 acceptum
1155 1758 1339 1814 mulier
1360 1762 1625 1816 abscondit
1650 1764 1705 1817 in
1731 1764 1928 1834 farina,

321 1842 485 1897 donec
510 1847 871 1915 fermentatum
896 1858 969 1903 est
997 1858 1180 1904 totum.

394 1936 522 1993 187.
558 1938 685 1995 Haec
708 1946 735 1977 ⁸
756 1940 826 1996 de
849 1943 1194 2013 requirendis
1221 1945 1613 2015 qumstionibus
1640 1964 1925 2020 compara-

321 2029 395 2086 tio
428 2036 635 2087 tantum
673 2031 1044 2105 ambiguitatis
1080 2034 1331 2104 offundit,
1361 2048 1418 2095 ut
1442 2039 1684 2098 diversas
1713 2041 1927 2117 1456

320 2122 521 2179 habeat
545 2127 843 2182 sententias
865 2128 1249 2197 plurimordm.
1261 2130 1577 2204 Opportune
1594 2137 1778 2207 itaque
1798 2154 1923 2207 gra-

318 2232 448 2272 num
494 2219 660 2300 tritici
715 2234 879 2290 supra
911 2220 1146 2278 diximus
1189 2220 1490 2291 Christum,
1539 2214 1661 2297 quia
1705 2228 1927 2285 suberat

320 2311 478 2367 nobis
499 2310 745 2382 Spiritale
766 2310 1117 2381 fermentum,
1138 2330 1312 2385 eoque
1325 2314 1573 2390 plerique
1593 2319 1924 2375 fermentum

317 2404 594 2461 Christum
613 2414 821 2476 putant,
840 2405 986 2478 quod
1013 2407 1265 2466 virtutem
1294 2408 1506 2467 attollat
1531 2420 1834 2484 acceptam.
1862 2413 1929 2469 Et

319 2500 445 2570 quia
477 2499 806 2556 fermentum
835 2516 903 2558 ex
929 2499 1126 2571 farina,
1161 2511 1220 2559 ut
1262 2516 1368 2560 non
1399 2506 1584 2583 specie
1609 2506 1794 2577 generi
1828 2512 1929 2562 suo

322 2599 548 2663 pra:th
580 2612 594 2649 :
627 2594 878 2651 Christus
919 2606 1136 2666 quoque
1165 2610 1232 2652 ex
1266 2597 1529 2667 patribus,
1558 2598 1784 2670 aequalis
1806 2615 1929 2654 cor-

323 2703 477 2758 pore,
496 2688 595 2745 sed
620 2687 904 2745 divinitate
930 2688 1370 2761 incomparabiiis
1396 2688 1803 2764 pracemiuebut.
1830 2691 1929 2765 lgié

321 2789 406 2836 tur
419 2790 607 2837 sancta
620 2782 860 2839 Ecclesia
880 2792 1000 2854 qua!
1023 2794 1149 2855 typo
1166 2784 1407 2841 mulieris
1422 2786 1575 2841 istius
1591 2784 1929 2857 Evangelicm

322 2874 605 2947 figuratur,
634 2879 790 2949 cujus
804 2877 978 2933 farina
1003 2894 1101 2933 nos
1130 2886 1338 2945 sumus,
1368 2878 1653 2935 Dominutn
1667 2876 1850 2936 Jesum
1874 2879 1929 2935 in

326 2969 675 3026 interioribus
691 2978 888 3027 nostra:
901 2971 1427 3041 mentisabsc0ndat,
1444 2973 1615 3028 donec
1628 2973 1793 3027 animi
1806 2988 1932 3028 nos-

326 3066 398 3120 tri
416 3074 629 3122 secreta
654 3067 950 3137 penetralia
963 3068 1109 3122 calor
1129 3067 1412 3138 sapientiae
1423 3067 1662 3123 caelestis
1673 3065 1927 3122 obducat.

402 3161 526 3218 188.
562 3160 630 3215 Et
661 3161 787 3232 quia
830 3165 883 3215 in
915 3154 1172 3217 Matthaeo
1202 3160 1427 3231 legimus
1454 3160 1629 3217 tribus
1656 3159 1930 3216 mensuris

2029 572 2236 624 rarum,
2270 560 2620 620 conferamus
2648 565 2954 637 impensas;
2991 586 3060 627 ne
3089 575 3213 645 quis
3241 573 3402 637 etiam
3432 575 3501 630 de
3530 589 3634 631 no-

2028 662 2199 706 strum
2231 655 2411 724 aliquo
2437 657 2583 713 dicat
2619 677 2632 712 :
2672 659 2777 715 Hic
2806 664 2968 720 voluit
3007 666 3288 738 a'diﬁcare,
3319 678 3367 723 et
3396 668 3500 724 non
3540 686 3636 741 po-

2029 744 2124 798 tuit
2147 762 2503 806 consummare
2534 752 2684 822 (Luc.
2714 770 2821 819 xlv.
2844 756 2962 829 50).
3003 759 3106 829 Qui
3133 760 3363 818 aedificat
3388 762 3634 831 domum;

2029 836 2230 893 bonum
2275 841 2437 897 debet
2470 843 2655 914 jacere
2703 846 3142 908 fundamentum.
3192 854 3400 911 Bonum
3445 856 3640 912 funda—

2030 940 2269 986 mentum
2303 943 2385 988 est
2410 933 2565 998 ﬁdes.
2600 938 2799 997 bonum
2822 940 3235 1002 fundamentum
3259 951 3632 1019 apostolorum

2030 1036 2084 1080 et
2123 1026 2510 1117 prophetarum
2539 1031 2757 1102 (Ep/tes.
2782 1051 2841 1102 ll,
2869 1035 3000 1109 20);
3029 1040 3240 1098 duobus
3267 1043 3409 1099 enim
3442 1043 3645 1101 Testa-'

2030 1118 2232 1175 mentis
2258 1120 2392 1177 fides
2415 1134 2602 1180 nostra
2637 1130 2917 1201 consurgit
2947 1148 3089 1193 :nec
3118 1135 3371 1206 injuriam
3396 1138 3521 1193 facit
3542 1140 3633 1210 qui

2029 1225 2217 1281 parem
2234 1211 2434 1269 dixerit
2451 1214 2504 1270 in
2523 1227 2750 1289 utroque
2766 1221 3002 1292 perfecta
3012 1242 3173 1296 mque
3190 1228 3320 1284 ﬁdei
3339 1244 3601 1287 essemeu
3616 1260 3637 1271 -

2029 1318 2375 1375 suram,cum
2396 1310 2511 1380 ipse
2550 1312 2695 1369 dicat
2718 1314 2980 1374 Dominus
3005 1337 3017 1373 :
3051 1320 3111 1374 Si
3136 1323 3411 1379 crederetis
3434 1323 3633 1397 Moysi,

2029 1398 2299 1475 crederetis
2316 1412 2362 1456 et
2380 1400 2505 1458 mihi
2527 1405 2709 1477 (Joan.
2732 1425 2783 1476 v,
2803 1408 2927 1484 46);
2958 1413 3082 1483 quia
3103 1415 3221 1470 etiu
3240 1416 3426 1489 Moyse
3440 1417 3627 1473 Denti-

2029 1508 2133 1547 nus
2154 1504 2237 1549 est
2254 1495 2481 1552 locutus.
2514 1497 2657 1555 Bene
2679 1516 2810 1573 ergo
2826 1504 2878 1557 itt
2906 1512 3136 1576 utroque
3152 1507 3387 1576 perfecta
3410 1526 3631 1565 mensu—

2029 1602 2088 1644 ra
2100 1589 2223 1657 quia
2238 1588 2507 1659 perfectus
2519 1592 2571 1647 in
2591 1603 2839 1666 utroque:
2854 1607 2910 1652 et
2926 1596 3060 1654 fides
3074 1601 3354 1672 utriusque
3366 1618 3493 1667 una;
3509 1604 3637 1674 quia

2030 1679 2188 1734 unius
2210 1681 2520 1738 estvirtutis
2534 1694 2589 1739 et
2602 1701 2799 1743 sensus
2812 1690 3089 1746 oraculum
3107 1702 3272 1764 atque
3290 1708 3631 1763 responsum.

2101 1772 2224 1830 190.
2270 1774 2353 1831 Me
2410 1786 2590 1834 tamen
2627 1781 2782 1852 sequi
2825 1781 2993 1854 juvat
3022 1785 3165 1854 quod
3216 1788 3335 1857 ipse
3372 1786 3637 1844 Dominus

1956 1859 2005 1919 B
2033 1867 2216 1924 docuit
2264 1869 2591 1929 fermentum
2624 1875 2883 1932 Ecclesia:
2927 1879 3228 1949 spiritalem
3273 1894 3397 1937 esse
3436 1880 3639 1937 doctri-

2026 1976 2186 2028 nam;
2216 1980 2336 2017 nam
2377 1980 2500 2020 cum
2527 1967 2787 2039 scriptum
2817 1969 2924 2024 sit:
2955 1966 3136 2026 Cavete
3160 1988 3193 2026 a
3214 1974 3468 2043 fermento
3491 1972 3635 2027 Plia-

2027 2055 2294 2111 risazorum
2321 2056 2536 2132 (Matth.
2566 2076 2681 2129 xvr,
2713 2060 2809 2136 6);
2842 2072 2898 2119 et
2927 2078 3052 2120 cum
3079 2066 3378 2135 Apostolus
3398 2066 3631 2124 dixerit:

2030 2138 2155 2201 Non
2188 2148 2241 2201 in
2283 2151 2531 2221 fermento
2577 2152 2819 2225 nequitia:
2860 2160 2908 2208 et
2954 2154 3174 2211 malitia
3214 2156 3260 2227 (ι
3292 2155 3420 2215 Cor.
3450 2173 3502 2224 ν,
3548 2158 3632 2229 8),

2029 2239 2334 2296 ostenditur
2364 2241 2490 2314 quia
2538 2242 2783 2301 doctrina
2817 2244 3144 2304 fermentum
3176 2257 3281 2305 est.
3322 2248 3430 2307 Sed
3484 2251 3633 2308 aliud

2029 2344 2113 2391 est
2143 2334 2464 2393 fermentum
2496 2339 2741 2407 zizaniae,
2769 2340 2915 2397 aliud
2945 2341 3271 2400 fermentum
3299 2344 3481 2401 tritici.
3516 2343 3630 2402 Un-

2030 2422 2099 2485 de
2149 2439 2201 2484 et
2254 2428 2411 2486 bonis
2459 2432 2773 2489 auctoribus
2819 2428 3244 2507 acquiescimus,
3288 2447 3347 2494 ut
3388 2438 3632 2496 dicamus

2030 2521 2156 2593 quia
2188 2522 2431 2578 Ecclesia
2462 2536 2710 2581 renatum
2754 2524 3029 2582 hominem
3057 2528 3147 2599 qui
3195 2536 3281 2585 est
3305 2528 3358 2583 in
3398 2543 3632 2596 corpore

2032 2623 2088 2667 et
2113 2611 2292 2668 anima
2322 2624 2376 2669 et
2419 2612 2632 2685 spiritu,
2677 2614 2949 2674 fermento
2993 2618 3295 2692 sanctificat
3334 2620 3630 2692 spirituali.
3697 2628 3701 2636 '

2031 2704 2408 2761 Sanctificatur
2455 2708 2601 2763 enim
2650 2706 2679 2747 δ
2723 2725 2925 2781 corpus
2962 2722 3126 2783 atque
3169 2712 3373 2783 animo,
3422 2715 3478 2768 et
3515 2712 3633 2785 ipsa

2039 2797 2248 2873 1457
2275 2802 2448 2873 gratia
2477 2803 2738 2873 Spiritaiis
2787 2806 2986 2877 accipit
3028 2807 3474 2864 sanctificationis
3501 2823 3635 2879 aug-

2034 2903 2309 2959 mentum;
2342 2909 2464 2949 cum
2514 2910 2609 2966 per
2647 2894 2908 2953 Ecclesiae
2934 2898 3084 2954 velut
3102 2899 3372 2971 quoddam
3404 2900 3639 2958 fermen-

2037 2987 2200 3040 tantis
2244 2984 2506 3055 officium,
2556 2988 3066 3062 Scripturarumque
3134 2991 3459 3059 doctrinam,
3508 3008 3632 3064 qua:

2033 3080 2187 3135 velut
2227 3080 2537 3136 cmlestium
2581 3082 2875 3137 collatione
2925 3098 3239 3141 sermonum
3287 3094 3345 3142 et
3380 3086 3634 3146 ubertate

2035 3175 2362 3239 concrescit,
2393 3173 2608 3230 infusus
2638 3176 2733 3229 toti
2763 3174 2971 3230 homini
2999 3184 3163 3248 atque
3187 3178 3488 3248 permixtus
3505 3194 3637 3237 usus

327 3252 704 3309 absconditum
731 3264 854 3310 esse
891 3253 1215 3342 fermentum
1246 3252 1459 3325 (Matth.
1501 3268 1607 3322 χνι,
1641 3251 1758 3325 55),
1791 3267 1922 3309 con-

2035 3266 2344 3334 inoieverit,
2378 3276 2438 3322 ut
2474 3268 2607 3323 fiant
2648 3284 2811 3323 unum
2850 3271 3017 3326 etiam
3047 3282 3069 3310 ο
3116 3272 3232 3342 ipsa
3278 3271 3633 3331 fermentum.

328 3362 525 3420 gruere
549 3348 722 3404 visunt
756 3352 843 3405 est
868 3360 924 3404 ut
960 3346 1053 3405 Dei
1088 3338 1282 3403 Filium
1322 3347 1671 3404 crederemus
1698 3344 1927 3403 abscon-

2028 3360 2185 3428 Quod
2217 3362 2401 3431 utique
2434 3372 2561 3417 tunc
2593 3362 2673 3429 lit,
2703 3378 2823 3419 cum
2853 3364 2957 3419 sibi
2990 3364 3089 3419 tria
3122 3363 3238 3422 haec
3267 3367 3380 3435 pari
3407 3367 3638 3437 quadam

328 3445 499 3499 dittlm
532 3441 588 3497 iri
619 3442 780 3513 Lege,
813 3441 1133 3513 adopertam
1165 3442 1218 3498 in
1247 3440 1552 3514 Prophetis,
1587 3440 1927 3513 Evangeiicis

2035 3453 2379 3526 cupiditatum
2416 3455 2570 3511 lance
2605 3457 2976 3525 consentiunt,
3024 3471 3079 3513 et
3106 3457 3332 3530 aequalis
3371 3459 3577 3531 aspirat
3604 3455 3632 3496 ἀ

331 3540 808 3613 praedicationibus
858 3540 1245 3613 adimpletum;
1297 3552 1354 3597 ut
1407 3540 1701 3612 perfectam
1765 3539 1926 3595 fidem

333 3637 489 3693 nobis
518 3640 764 3709 acquirat
794 3653 861 3694 ex
886 3639 1164 3704 omnibus,
1194 3647 1247 3693 et
1272 3628 1600 3707 scriptorum
1636 3634 1931 3692 collatione

333 3734 600 3789 formatus
628 3734 680 3789 in
718 3732 896 3802 nobis,
927 3735 1019 3805 qui
1067 3740 1255 3789 sumus
1284 3748 1481 3803 corpus
1509 3734 1701 3804 ipsius,
1749 3733 1930 3787 omnia

333 3834 387 3882 et
434 3828 487 3882 i‘n
540 3827 793 3883 onmibus
836 3826 1157 3898 impleatur;
1207 3826 1324 3897 ipSe
1370 3829 1512 3882 enim
1546 3830 1665 3883 erat
1693 3825 1933 3882 Verbum

337 3908 453 3989 Dei,
491 3916 656 3992 atque
681 3921 997 3994 mysterium
1026 3912 1169 3991 quod
1194 3919 1572 3975 absconditum
1600 3926 1685 3974 est
1711 3934 1740 3973 a
1762 3933 1935 3973 saecu-

336 4013 403 4069 lis
430 4018 488 4068 et
513 4028 544 4067 a
578 4011 1022 4083 generationibus
1053 4030 1067 4067 ε
1096 4027 1206 4084 quo
1235 4006 1379 4078 nihil,
1403 4020 1580 4083 potest
1607 4011 1674 4066 ad
1712 4026 1937 4082 expres-

337 4108 547 4163 sionem
583 4106 943 4177 perennitatis
981 4106 1102 4176 ejus
1138 4105 1449 4161 attestatius
1489 4103 1594 4158 dici
1641 4100 1863 4177 (Coloss.
1894 4119 1935 4172 ι,

338 4200 457 4272 26).
495 4196 630 4255 Erat
670 4201 814 4256 enini
855 4194 1122 4271 profecto,
1171 4208 1228 4255 ut
1258 4194 1609 4254 absconditus
1636 4198 1935 4269 sacrilegis,

342 4291 723 4348 manifestaius
756 4293 808 4348 in
844 4285 1073 4359 ‘sanctis,
1107 4291 1522 4363 pra-destinatus
1561 4300 1687 4346 ante
1714 4290 1936 4355 smcula,

2031 3549 2322 3605 concordia
2348 3551 2711 3629 voluptatum.

2110 3644 2233 3699 191.
2267 3642 2382 3699 lioc
2402 3643 2565 3715 igitur
2594 3636 2851 3700 Ecclesia:
2887 3659 3025 3717 opus
3056 3661 3166 3701 non
3197 3645 3633 3711 tumultuarium,

2034 3754 2137 3795 nec
2165 3739 2467 3807 fortuitum,
2508 3737 2604 3795 sed
2647 3739 2901 3795 diuturna
2938 3738 3291 3811 meditatione
3330 3739 3633 3804 collatum;

2035 3840 2096 3886 ut
2129 3828 2243 3887 huic
2273 3832 2373 3887 tria
2402 3848 2570 3887 unum
2597 3831 2727 3899 sint,
2761 3832 2969 3902 integra
3001 3846 3033 3886 a
3064 3832 3182 3901 lege
3210 3833 3439 3901 peccati.
3466 3829 3635 3901 Cujus

2037 3924 2323 3979 sententia:
2375 3932 2704 3979 assertorem
2753 3922 3015 3979 habemus
3072 3922 3390 3992 Apostolum
3447 3921 3635 3976 dicen-

2041 4028 2145 4073 tem
2173 4036 2186 4073 :
2218 4016 2344 4089 Ipse
2368 4029 2541 4073 autem
2575 4016 2825 4073 Dominus
2854 4017 3143 4085 sanctiﬁcet
3181 4031 3269 4070 vos
3305 4032 3396 4086 per
3423 4015 3635 4079 omnia;

2039 4120 2096 4164 ut
2127 4110 2322 4182 integer
2345 4110 2581 4179 spiritus,
2605 4118 2655 4163 et
2683 4106 2880 4174 anima,
2906 4119 2953 4162 et
2985 4123 3171 4179 corpus
3200 4108 3313 4161 sine
3338 4106 3546 4178 querela
3578 4106 3636 4160 in

2042 4198 2124 4255 die
2164 4196 2373 4254 Domini
2415 4199 2577 4254 nostri
2621 4197 2748 4254 Jesu
2799 4197 2991 4263 Christi
3033 4208 3260 4254 servetur
3299 4196 3344 4268 (l
3372 4194 3552 4252 Thess.
3577 4212 3638 4262 ν,

2040 4290 2154 4366 23).
2181 4291 2336 4361 Quod
2360 4307 2455 4363 per
2477 4292 2761 4347 saecularia
2782 4291 2999 4362 quidem
3020 4299 3354 4347 tentamenta
3382 4305 3490 4345 non
3514 4303 3644 4361 pro-

342 4397 659 4442 servaretur
699 4386 766 4440 ad
811 4386 1062 4458 gloriam.
1118 4383 1244 4440 Haec
1287 4394 1369 4440 est
1418 4392 1599 4439 autem
1646 4382 1838 4455 gloria,
1884 4389 1943 4437 ut
2043 4383 2213 4452 venit,
2256 4387 2358 4441 nisi
2388 4383 2712 4441 fermentum
2743 4384 2876 4441 illud
2922 4385 3007 4445 cui
3035 4394 3384 4457 comparatur
3410 4398 3639 4455 regnum

345 4480 637 4551 possimus,
665 4477 881 4546 fratres,
898 4479 1220 4550 investigare
1234 4477 1547 4550 mysterium
1567 4477 1941 4533 absconditum

346 4588 375 4628 a
404 4571 623 4628 sazc'ulis
652 4572 707 4626 in
762 4572 898 4627 Deo.
931 4566 1086 4640 Quod
1141 4570 1193 4627 in
1233 4569 1367 4638 Deo,
1395 4571 1581 4643 utique
1618 4581 1672 4627 et
1702 4586 1769 4626 ex
1800 4570 1940 4640 Deo;

2046 4481 2332 4545 caelorum,
2369 4479 2564 4536 mulier
2594 4480 2681 4535 illa
2720 4479 3048 4552 Evangelica
3089 4479 3386 4536 abscondat
3424 4478 3480 4534 in
3513 4477 3643 4533 fari-

2049 4591 2131 4630 na:
2153 4575 2423 4630 mensuris
2447 4574 2638 4639 tribus,
2663 4574 2838 4630 donec
2859 4572 3213 4630 fermenletur
3236 4580 3404 4628 totum
3420 4568 3640 4646 (Matth.

348 4682 526 4738 neque
554 4665 700 4722 enim
733 4665 876 4720 Deus
913 4664 1105 4719 aliena:
1132 4672 1302 4736 capax
1333 4642 1513 4736 potest
1546 4677 1667 4719 esse
1712 4675 1940 4718 natura.
1972 4642 2021 4704 Ῑ)
2052 4684 2171 4736 χιιι,
2207 4667 2337 4741 55);
2369 4676 2480 4723 tres
2517 4667 2659 4723 enim
2692 4683 2964 4724 niensuraa
3004 4677 3153 4734 sunt,
3190 4677 3247 4720 ut
3273 4660 3408 4733 dixi,
3438 4664 3642 4728 carnis,

404 4762 547 4818 189;
576 4759 690 4817 Nec
723 4772 841 4815 sum
873 4759 1069 4816 dubius
1112 4756 1300 4828 animi,
1331 4757 1476 4830 quod
1522 4756 1689 4829 aliqui
1736 4757 1804 4812 de
1845 4757 1948 4813 hoc
2047 4762 2263 4828 animae,
2294 4769 2349 4816 et
2375 4761 2620 4830 spiritus,
2653 4770 2676 4798 ο
2707 4758 2801 4814 sed
2825 4759 3051 4830 Spiritus
3071 4773 3180 4831 quo
3203 4759 3431 4813 vivimus
3454 4769 3647 4813 omnes

352 4857 554 4912 mundo
583 4845 784 4910 dictum
822 4861 1031 4926 putent,
1080 4851 1255 4909 donec
1284 4851 1639 4908 fermentctur
1685 4851 1738 4905 in
1778 4849 1944 4921 Lege,

354 4946 657 5020 Prophetis,
689 4946 1018 5017 Evangelio;
1052 4956 1108 5001 ut
1137 4946 1421 4999 Dominum
1452 4944 1628 4999 omnis
1658 4940 1838 5014 lingua
1870 4941 1949 4997 fa-

353 5053 550 5100 teatur.
583 5040 771 5112 Itaque
798 5041 1154 5099 discutiamus
1173 5040 1376 5103 omnia,
1411 5046 1465 5095 et
1503 5038 1815 5110 diligentius
1858 5052 1949 5093 re-

353 5139 655 5210 Quiramus.
710 5137 880 5195 Nemo
926 5138 1137 5194 invenit
1176 5137 1278 5193 nisi
1320 5136 1410 5208 qui
1468 5140 1594 5191 ante
1650 5133 1946 5206 quaesierit.

2051 4852 2103 4909 in
2138 4848 2243 4909 hoc
2269 4867 2501 4923 corpore
2531 4853 2618 4907 siti
2648 4870 2661 4906 :
2698 4851 2801 4907 hoc
2825 4853 3006 4908 verius
3034 4848 3254 4923 quando
3279 4850 3460 4905 carnis
3489 4844 3647 4903 lasci-

2049 4946 2133 5001 via
2162 4961 2268 5000 non
2296 4943 2583 5011 redundat,
2616 4954 2671 4999 et
2710 4944 2891 4999 anima
2923 4941 3297 5014 corporalibus
3328 4958 3438 4997 non
3471 4942 3651 4996 incur-

2052 5048 2211 5095 vatur
2239 5037 2540 5103 erroribus,
2573 5053 2637 5093 ac
2666 5052 2919 5093 mensura
2950 5036 3170 5092 vivendi
3196 5035 3252 5091 in
3282 5030 3397 5090 toto
3432 5032 3655 5090 homine

2061 5132 2326 5190 inoliensa
2365 5140 2636 5188 servatur.
2682 5131 2787 5189 Sed
2812 5132 2935 5203 quia
2960 5145 3339 5186 mensurarum
3364 5127 3653 5201 aequalitas

424 5305 453 5334 δ
486 5294 653 5351 Rom.
685 5292 819 5350 edit.
863 5292 1000 5361 sola,
1033 5292 1097 5348 de
1135 5290 1455 5361 requirendis
1476 5288 1957 5361 comparationibus
2063 5287 2389 5361 cumanimn
2411 5295 2469 5361 et
2486 5301 2719 5357 corpore
2743 5297 3084 5343 numeratur.

353 5372 590 5441 quiestio.

424 5438 453 5477 ι’
482 5438 684 5494 Omnes
713 5435 870 5503 edit.,
902 5452 1090 5504 corpus
1120 5446 1270 5507 atque
1296 5437 1470 5507 anima
1501 5450 1591 5504 per
1613 5434 1835 5506 gratiam
1857 5432 1960 5506 spi-

356 5512 578 5575 ritalem,
608 5518 658 5565 et
691 5510 907 5590 accipit,
939 5518 1045 5590 etc.
1091 5506 1661 5590 E_colttrario__otttttes
1690 5519 1957 5590 _n.tss.,.:..

2140 5372 2162 5430 (ξ
2187 5358 2443 5415 Nonnulli
2472 5373 2630 5424 mss.,
2662 5361 2775 5430 ipsa
2805 5376 2893 5427 per
2922 5361 3252 5429 fermentum.

2138 5427 2164 5467 ἀ
2186 5430 2357 5497 Edit.,
2387 5431 2666 5484 concordia
2682 5427 3021 5486 uoluntatum.
3065 5431 3216 5486 Haud
3247 5430 3426 5497 male;
3469 5427 3665 5484 melius

2073 5500 2253 5558 tamen
2287 5510 2420 5556 mss.
2447 5500 2564 5556 fere
2602 5501 2670 5555 ad
2701 5519 2889 5569 unum,
2932 5504 3207 5557 concordia
3237 5497 3667 5574 voluptatumnid

356 5593 405 5637 et
426 5584 541 5654 ipsa
566 5566 736 5651 gratia
774 5566 1027 5654 spiritalis
1048 5580 1256 5654 accipit,
1284 5582 1391 5654 etc.
1437 5577 1659 5654 Melius;
1689 5575 1776 5631 hic
1817 5566 1968 5654 enim
2070 5584 2178 5654 est.
2203 5586 2325 5628 cum
2357 5587 2580 5644 corpus,
2609 5574 2811 5642 anima,
2841 5566 2895 5629 et
2917 5575 3141 5644 spiritus
3169 5566 3368 5630 iisdem'
3386 5573 3551 5630 rebus
3571 5566 3669 5625 de-

359 5649 503 5710 ide'nt
543 5649 650 5718 est,
688 5649 859 5724 gratia
895 5651 1146 5721 spiritalis
1176 5666 1240 5724 ac
1278 5652 1387 5716 ipse
1419 5650 1635 5723 spiritus
1670 5649 1973 5724 :quentad:

361 5727 583 5783 modum
627 5712 832 5779 uirtutis
871 5712 1061 5794 gratia,
1109 5722 1221 5786 vel,
1264 5712 1456 5787 decus,'
1492 5737 1637 5791 saepe
1675 5712 1780 5775 non
1826 5712 1972 5773 aliud

369 5809 549 5862 sonat,
597 5814 761 5869 quam
816 5793 929 5866 ipsa
975 5797 1162 5851 uirtus.
1202 5796 1454 5864 Alioquin
1490 5793 1588 5869 hic
1633 5795 1977 5849 omitteretur

382 5868 745 5939 sanctiliCatio
767 5872 1013 5953 spiritus,
1042 5869 1137 5947 qui
1174 5883 1341 5943 supra
1375 5880 1439 5926 ac
1470 5868 1728 5945 deinceps
1763 5880 1980 5941 semper

2076 5648 2650 5788 lecﬂﬁﬁﬁrittrt...
2702 5715 2800 5771 huc
2838 5719 3024 5772 verius.
3066 5716 3170 5772 Ista
3225 5716 3276 5771 in
3320 5714 3673 5788 decemmSS-

2082 5805 2190 5845 non
2222 5782 2572 5859 reperiuntur
2596 5806 2608 5843 :
2638 5787 2833 5859 quibus
2862 5789 3061 5845 ablatis
3086 5800 3277 5845 sensus
3299 5786 3433 5843 nihil
3462 5782 3676 5843 videtur

2086 5877 2346 5942 passurus
2375 5861 2712 5923 detrimenti.
