4040 6524
511 283 643 343 1751

1865 279 2114 340 SANCTI
2154 277 2482 338 AMBROSII

505 399 631 459 sine
658 403 980 474 adiumento
1002 404 1263 462 Ecclesiae
1284 411 1448 472 atque
1463 400 1722 456 doctrinm
1745 396 1968 453 difﬁcile
1989 411 2114 468 per-
2141 399 2192 459 Α
2217 409 2336 451 cum
2356 393 2639 450 revelatum
2669 393 2846 459 fuerit,
2877 393 3068 448 similes
3089 392 3137 446 ei
3155 392 3353 446 erimus
3377 389 3422 458 (Ι
3444 386 3620 442 latos.
3652 399 3749 452 tu,
3771 382 3858 452 2).

510 510 764 565 severat;
805 501 1010 558 idcirco
1058 499 1256 556 mulier
1299 499 1412 560 illa.
1444 512 1565 568 qum
1598 496 1824 565 figuram
1858 493 2118 548 Ecclesia:

510 595 674 667 gerit.
711 597 914 652 tamdiu
938 597 1190 651 virttttetn
1215 594 1318 649 illis
1341 591 1603 648 doctrinm
1626 589 1890 662 spiritalis
1918 587 2122 643 admis-

513 698 623 754 cet,
655 689 833 746 donec
866 691 1220 746 fermentetur
1247 696 1390 743 totus
1422 687 1512 742 ille
1553 686 1781 740 interior
1803 685 1967 739 homo
1995 697 2122 737 cor-

515 780 602 836 dis
628 783 1004 844 absconditus,
1039 791 1093 836 et
1123 782 1176 835 in
1219 781 1450 851 gratiam
1482 780 1640 849 panis
1667 777 1909 833 caelestis
1939 789 2123 830 assur-

517 887 627 946 gat.
663 874 809 931 Bene
847 878 990 931 enim
1017 877 1338 930 l't'rmcnlttttt
1373 874 1623 929 doctrina
1667 872 1866 926 dicitur
1895 868 2120 936 Christi,

515 969 640 1038 quia
670 969 826 1038 panis
857 980 940 1025 est
967 969 1247 1035 Christus,
1271 978 1326 1024 et
1356 967 1656 1039 Apostolus
1683 968 1796 1022 ait:
1833 965 1966 1033 Quia
1989 979 2124 1018 unus

514 1062 665 1132 panis
686 1079 844 1116 unum
863 1079 1050 1133 corpus
1078 1063 1228 1118 multi
1253 1079 1431 1118 sumus
1456 1060 1499 1134 (l
1523 1059 1644 1115 Cor.
1677 1076 1733 1127 χ,
1767 1059 1879 1132 17).

590 1153 717 1210 192.
753 1153 842 1212 Fit
866 1171 1000 1226 ergo
1026 1171 1191 1210 unum
1217 1156 1573 1220 fermentum,
1604 1153 1823 1224 quando
1853 1167 1984 1207 caro
2015 1165 2124 1206 non

452 1313 463 1317 ς
516 1250 856 1320 concupiscit
883 1251 1150 1306 adversus
1179 1250 1457 1320 spiritum,
1489 1265 1590 1304 nec
1618 1247 1842 1318 spiritus
1865 1247 2126 1301 adversus

514 1356 739 1398 carnem
771 1359 786 1400 :
819 1345 916 1398 sed
945 1343 1085 1418 faCta
1115 1345 1298 1399 carnis
1325 1343 1741 1407 mortiﬁcamus,
1773 1352 1826 1396 et
1855 1341 2032 1395 anima
2057 1355 2122 1394 ex

515 1434 649 1490 ﬂatu
681 1434 779 1491 Dei
813 1437 999 1491 ﬂatum
1033 1439 1158 1492 vita:
1185 1439 1484 1509 sumpsisse
1527 1453 1587 1492 se
1625 1437 1865 1502 conscia,
1899 1434 2124 1490 sarcula-

515 1527 596 1584 ris
625 1531 1045 1586 necessitudinis
1069 1533 1318 1603 contagia
1353 1542 1572 1588 terrena
1603 1530 1861 1586 declinat.
1896 1529 2050 1586 Unde
2073 1537 2130 1584 et

521 1621 824 1691 Aposmlus
853 1639 959 1678 non
986 1625 1038 1677 in
1072 1640 1258 1686 carne.
1285 1625 1380 1680 sed
1416 1626 1465 1678 in
1495 1625 1688 1694 spiritu
1717 1622 1996 1677 ambulare
2027 1637 2127 1675 nos

521 1715 776 1784 praecipit
806 1734 819 1769 :
850 1725 906 1770 ut
953 1717 1270 1772 sanctiﬁcati
1300 1733 1395 1788 per
1437 1717 1712 1772 lavacrum
1756 1717 2126 1787 regeneratio-

2223 490 2411 562 Itaque
2452 504 2576 543 cum
2609 487 2704 542 Dei
2751 497 2944 543 natura
2995 487 3065 542 sit
3111 486 3347 558 simplex
3387 481 3648 555 (spiritus
3701 481 3861 535 enim

2223 583 2512 654 Deusest),
2538 599 2637 640 nos
2659 599 2872 654 quoque
2895 585 2948 638 itt
2976 581 3221 638 eamdem
3255 579 3552 650 imaginem
3579 574 3864 646 ﬁgurabi-

2225 695 2348 734 mur
2379 679 2445 752 (ll
2465 677 2585 734 Cor.
2613 695 2692 741 Ill.
2721 679 2813 748 18)
2841 694 2856 744 ;
2881 685 2939 732 ut
2967 677 3142 748 qualis
3167 675 3434 739 caelestis,
3471 671 3619 726 tales
3647 681 3708 724 et
3741 683 3861 723 cce—

2223 771 2409 826 lestes.
2456 769 2622 841 lgiaur
2663 771 2808 827 sicut
2838 771 3176 842 portavimus
3204 767 3500 839 imaginem
3534 763 3697 818 illius
3745 768 3865 814 ter-

2223 865 2364 929 reni,
2402 874 2680 934 portemus
2726 872 2781 918 et
2821 863 3111 935 imaginem
3147 862 3306 932 ltujus
3349 857 3610 915 celestis
3642 855 3692 922 (Ι
3730 853 3860 910 Cor.

2227 972 2328 1023 xv,
2362 957 2431 1012 48
2458 945 2649 1029 είά9),
2681 972 2843 1027 quam
2870 958 3084 1011 animus
3100 969 3289 1012 noster
3317 953 3487 1009 debet
3519 950 3796 1005 induere.

2301 1051 2424 1107 195.
2472 1053 2630 1122 (Cap.
2676 1049 2818 1106 XIV.
2849 1049 3100 1107 --.'Vers.
3133 1048 3317 1118 2-H.)
3375 1047 3446 1102 Et
3490 1044 3622 1101 ideo
3668 1045 3860 1113 primo

2225 1144 2428 1199 abhinc
2459 1143 2582 1199 loco
2609 1152 2834 1199 curatur
2871 1143 3226 1214 hydropicus,
3261 1142 3314 1196 in
3349 1154 3460 1210 quo
3504 1138 3702 1192 ﬂuxus
3735 1150 3858 1190 car-

2228 1239 2314 1294 nis
2355 1238 2684 1303 cxuberans,
2726 1237 2923 1292 anima:
2951 1236 3211 1306 gravabat
3241 1233 3447 1298 ofﬁcia,
3487 1232 3731 1302 spiritus
3755 1245 3856 1284 es-

2228 1329 2538 1401 stinguebat
2567 1329 2842 1385 ardorem.
2878 1329 3080 1385 Deinde
3115 1328 3344 1384 docetur
3371 1325 3690 1389 humilitas,
3723 1325 3853 1378 dum

2227 1423 2282 1478 in
2312 1423 2406 1478 illo
2432 1422 2692 1479 convivio
2734 1423 3008 1494 nuptiali‘l
3031 1424 3345 1495 appetentia
3381 1421 3486 1477 loci
3539 1419 3854 1490 superioris

2227 1525 2474 1579 arcetur;
2501 1514 2800 1571 clementer
2831 1527 3032 1581 tamen,
3078 1523 3141 1570 ut
3180 1511 3558 1586 persuasionis
3587 1513 3851 1566 humani-

2230 1618 2314 1664 tas
2341 1611 2695 1680 aSpcritatent
2727 1610 3080 1666 coercitionis
3120 1608 3465 1674 excluderet,
3495 1606 3645 1661 ratio
3686 1604 3849 1675 proli.

2229 1712 2381 1757 ceret
2425 1704 2491 1757 ad
2527 1703 2898 1773 persuasionis
2923 1701 3201 1768 eﬂ‘cctutn,
3227 1711 3307 1757 'ct
3349 1699 3629 1756 correctio
3660 1712 3847 1752 emen-

516 1803 628 1871 nis,
662 1815 901 1863 veiersm
935 1809 1210 1866 hominem
1242 1826 1366 1865 sum
1389 1810 1502 1865 suis
1529 1809 1816 1865 desideriis
1837 1818 2122 1874 εχυεηιρε,
2156 1791 2203 1852 Β
2229 1796 2382 1852 daret
2413 1795 2685 1854 allectum.
2714 1792 2852 1853 Huic
2879 1797 3034 1867 quasi
3062 1799 3306 1868 proximo
3332 1796 3507 1851 limite
3537 1793 3848 1848 humanitas

521 1898 696 1954 induti
733 1902 955 1966 novum,
986 1904 1078 1971 qui
1108 1903 1408 1958 secundum
1439 1904 1716 1958 Christum
1738 1914 1980 1966 creatur,
2017 1919 2124 1957 non

521 1993 578 2048 in
595 2002 864 2049 vetustate
883 1995 1102 2060 litteras.
1124 1997 1218 2052 sed
1243 1998 1294 2052 in
1316 1998 1555 2052 novitate
1573 1996 1797 2066 spiritus
1816 1996 2129 2067 gradiamur

529 2086 755 2159 (Coloss.
773 2091 1105 2164 ttt,9et10);
1135 2109 1240 2162 qtto
1271 2093 1442 2164 possit
1469 2093 1628 2148 nobis
1650 2093 1814 2149 etiam
1849 2107 2130 2148 resurrec-

524 2181 692 2238 tionis
718 2191 968 2254 tempore
999 2186 1306 2257 incorrupta
1340 2189 1589 2257 corporis
1631 2195 1687 2242 et
1713 2188 1911 2243 animat
1938 2196 1994 2244 et
2019 2188 2131 2258 spi-

526 2273 667 2329 ritus
707 2292 929 2333 manere
974 2280 1330 2334 communio:
1359 2288 1415 2335 ct
1442 2291 1570 2336 tttnc
1615 2281 1799 2336 omnia
1830 2296 1951 2350 quae
1996 2281 2133 2350 peti—

528 2380 672 2432 mus,
699 2368 1054 2438 impetremus
1082 2370 1260 2443 (lium.
1284 2389 1362 2441 vi,
1389 2371 1468 2446 4).
1500 2374 1653 2442 Quod
1685 2374 1956 2445 pleriSqtte
1987 2375 2134 2430 vide-

527 2469 620 2514 tur
645 2460 811 2516 etiam
856 2463 1112 2519 Dominus
1142 2466 1500 2536 significasse,
1536 2468 1664 2521 dttm
1695 2467 1827 2524 dicit
1859 2485 1872 2521 :
1906 2468 1969 2523 Si
2004 2468 2134 2522 duo-

529 2553 625 2607 bus
662 2569 727 2608 ea:
766 2553 908 2609 vobis
949 2559 1262 2626 convenerit,
1321 2575 1476 2629 super
1527 2569 1739 2626 terram,
1790 2561 1854 2614 de
1897 2561 2038 2614 omni
2080 2576 2137 2616 re

487 2725 491 2728 ι
528 2661 907 2718 quamcumque
935 2650 1207 2720 petieritis,
1230 2651 1320 2722 ﬁet
1348 2653 1489 2708 vobis
1528 2671 1560 2707 a
1586 2651 1750 2708 Patre
1790 2669 1922 2720 meo,
1956 2655 2045 2726 qui
2080 2655 2137 2709 in

529 2741 676 2796 caelis
701 2753 775 2796 est
808 2743 1030 2811 (Matth.
1056 2761 1206 2810 xvut,
1234 2746 1348 2818 19).

607 2833 729 2891 195.
763 2835 950 2907 Itaque
973 2839 1066 2892 alii
1089 2841 1247 2903 duos.
1273 2841 1510 2896 animam
1535 2851 1587 2896 et
1609 2856 1808 2913 corpus
1831 2843 2136 2914 accipiunt:

535 2927 632 2984 alii
661 2932 898 2986 animam
925 2942 978 2986 et
1011 2933 1301 3002 spiritum;
1350 2942 1412 2990 ut
1447 2938 1491 2989 si
1528 2935 1580 2989 itt
1617 2946 1782 3002 terra,
1817 2936 1918 2991 hoc
1949 2947 2053 3003 est,
2083 2936 2138 2992 in

536 3034 769 3088 corpore
797 3023 903 3078 sibi
950 3026 1128 3079 anima
1170 3027 1504 3096 spiritustine
1535 3029 1904 3094 consentiant,
1941 3043 2039 3083 nec
2080 3043 2140 3084 se

537 3117 856 3187 impugncnt
883 3121 1115 3176 invicem
1157 3121 1389 3176 diversis
1420 3123 1834 3192 cupiditatibus,
1869 3122 2050 3177 omnia
2085 3124 2138 3178 in

2231 1893 2760 1964 c0pulatur,qu:eita
2781 1893 3072 1947 Dontiuiczn
3086 1892 3373 1948 sententiae
3402 1889 3736 1946 deﬁnitione
3767 1888 3844 1942 di-

2233 1985 2551 2056 stinguitur,
2587 1985 2631 2038 si
2663 1985 2717 2040 itt
2740 1999 3006 2054 pauperes
3032 1995 3084 2040 et
3105 1983 3314 2039 debiles
3332 1981 3658 2038 conferatur
3685 1996 3702 2045 ;
3730 1994 3845 2034 nam

2233 2077 2556 2148 hoSpitalem
2590 2077 3021 2132 retnuneraturis
3050 2091 3174 2133 esse
3197 2074 3431 2132 affectus
3467 2074 3716 2128 avaritiae
3743 2080 3840 2126 est.

2310 2172 2434 2228 196.
2495 2169 2691 2242 (Vers.
2741 2171 2970 2242 18-21.)
3019 2170 3362 2227 Postremum
3409 2169 3571 2240 quasi
3605 2169 3845 2223 emeritrc

2238 2269 2447 2324 militiae
2487 2268 2607 2324 viro
2650 2267 3177 2324 contetunendarum
3222 2264 3562 2336 stipendium
3594 2259 3843 2332 pra'scri-

2237 2366 2384 2423 bitur
2410 2367 2725 2422 facultatum
2751 2384 2768 2434 ;
2792 2367 2935 2438 quod
2969 2381 3145 2437 neque
3173 2365 3265 2420 ille
3301 2364 3397 2437 qui
3425 2362 3630 2419 studiis
3676 2361 3842 2415 inten-

2240 2472 2326 2518 tus
2367 2461 2716 2518 inferioribus
2761 2462 3137 2533 possessiones
3182 2461 3284 2515 sibi
3334 2470 3591 2514 terrenas
3625 2455 3839 2518 coemit,

2239 2571 2465 2627 regnum
2514 2557 2636 2612 coeli
2677 2556 2848 2627 possit
2894 2555 3149 2625 adipisci,
3199 2569 3322 2609 cum
3366 2552 3634 2607 Dominus
3663 2550 3836 2604 dicat:

2248 2649 2427 2706 Vende
2470 2651 2643 2705 omnia
2692 2662 2802 2719 tua,
2852 2660 2898 2705 et
2924 2665 3131 2715 sequere
3166 2665 3244 2704 me
3287 2645 3510 2719 (Matth.
3557 2660 3684 2707 xix,
3725 2643 3837 2713 9.1);

2242 2757 2344 2797 nec
2375 2743 2464 2798 ille
2509 2741 2604 2814 qui
2631 2744 2764 2799 emit
2795 2745 2982 2809 boves,
3027 2758 3153 2798 cum
3195 2741 3433 2797 Elismtts
3465 2738 3754 2805 occiderit,
3788 2745 3834 2792 et

2243 2838 2445 2908 populo
2475 2839 2726 2894 diviserit
2765 2853 2902 2910 quos
2933 2838 3163 2894 habebat
3192 2836 3284 2909 (Ill
3314 2835 3447 2908 Reg.
3484 2851 3606 2902 ιιι,
3632 2835 3728 2906 2|)
3757 2851 3771 2888 :
3796 2842 3841 2888 et

2244 2931 2337 2987 ille
2365 2933 2453 3003 qui
2478 2932 2628 2988 ducit
2649 2947 2900 2997 uxorem,
2931 2936 3130 3002 cogitet
3171 2947 3295 3003 qua:
3323 2931 3512 2986 mundi
3562 2939 3716 2995 sunt.
3744 2944 3837 2983 non

2245 3042 2366 3095 qua:
2409 3026 2527 3080 Dei.
2575 3025 2692 3080 Non
2741 3041 2850 3095 quo
2891 3024 3209 3096 conjugiunt
3259 3022 3720 3094 reprehendatur.
3758 3019 3840 3076 scd

2246 3119 2374 3190 quia
2398 3121 2462 3172 ad
2488 3118 2748 3189 majorem
2801 3117 3064 3172 honorem
3095 3126 3319 3172 vocetur
3368 3115 3698 3186 integritas;
3727 3126 3841 3183 quo-

536 3206 787 3262 eﬁ'ectutn
818 3211 1110 3266 videantur
1150 3224 1300 3268 orata
1334 3229 1492 3284 posse
1521 3215 1742 3270 deduci.
1777 3214 1931 3282 Quod
1966 3217 2036 3270 ita
2063 3216 2140 3283 ﬁt,
2169 3193 2396 3266 Cniam
2431 3209 2624 3265 Mulier
2661 3211 2877 3280 innupta
2924 3220 2971 3264 et
3010 3210 3165 3264 vidua
3217 3210 3412 3280 cogitat
3457 3225 3575 3274 quoe
3612 3218 3726 3262 sunt
3749 3205 3838 3260 Deo

542 3315 667 3356 cum
699 3301 896 3359 fuerint
927 3315 1158 3377 utraque
1197 3325 1386 3375 unum,
1419 3309 1463 3364 si
1493 3309 1793 3366 subtractis
1821 3311 2141 3376 inimicitiis,

544 3393 628 3449 vel
658 3395 872 3460 solutis,
904 3397 1012 3451 duo
1060 3400 1366 3453 condantur
1405 3401 1458 3454 in
1511 3417 1676 3454 unum
1724 3417 1924 3457 novum
1971 3403 2147 3458 homi-

545 3503 696 3554 nem,
729 3489 783 3544 id
814 3503 920 3557 est,
959 3494 1138 3547 anima
1177 3493 1393 3570 1458
1418 3503 1474 3552 et
1524 3497 1751 3566 spiritus
1786 3516 1801 3553 :
1834 3497 1900 3554 Ut
1945 3517 2147 3556 oremus

546 3583 757 3654 spiritu,
787 3601 993 3640 oremus
1020 3597 1068 3642 et
1098 3600 1268 3644 mente
1288 3590 1334 3659 (l
1359 3589 1479 3645 Cor.
1516 3607 1624 3657 XIV,
1661 3589 1771 3664 15).
1807 3592 1959 3650 Licet
1981 3595 2147 3664 pleri-

545 3690 655 3744 que
694 3676 832 3731 duos
866 3679 1093 3747 populos
1123 3681 1413 3751 accipiant,
1446 3698 1512 3736 ex
1535 3681 1744 3738 lSraele
1788 3693 1841 3738 et
1880 3700 1945 3739 ex
1975 3687 2149 3755 genti-

545 3764 648 3822 bus
675 3768 729 3824 in
772 3786 934 3825 unum
969 3775 1389 3828 resurrectionis
1429 3783 1678 3844 tempore
1709 3778 2146 3848 congregandos;

548 3867 610 3915 ut
637 3861 726 3915 ﬁat
755 3861 808 3916 in
839 3877 1105 3919 :cternmn
1149 3881 1405 3921 mansura
1439 3868 1721 3938 perfectio,
1752 3879 1806 3924 ct
1836 3871 1886 3926 id
1917 3872 2061 3942 quod
2083 3888 2150 3927 ex

547 3964 703 4025 parte
732 3965 837 4021 est,
861 3957 1198 4016 destruatur.
1233 3962 1485 4033 Plerique
1515 3971 1696 4018 autem
1724 3966 1895 4020 virum
1928 3976 1984 4021 ct
2016 3983 2150 4022 uxo-

547 4063 663 4104 rem
693 4053 1104 4110 consentientes
1129 4055 1227 4110 sibi
1260 4056 1440 4112 studio
1469 4057 1759 4112 cliarilatis
1782 4061 2075 4131 accipiunt.

625 4141 750 4216 194.
791 4145 974 4218 Itaque
1003 4148 1045 4202 si
1080 4149 1132 4203 in
1169 4149 1268 4205 hac
1299 4152 1404 4205 vita
1435 4161 1544 4206 trcs
1576 4168 1847 4208 mensura:
1877 4155 1929 4209 in
1957 4157 2152 4213 eodem

549 4238 817 4296 fermento
871 4243 1192 4310 manserint,
1239 4245 1413 4302 donec
1459 4246 1884 4314 fermententur,
1931 4261 1985 4306 et
2025 4252 2158 4308 fiant

550 4346 746 4399 unum;
780 4343 838 4387 ttt
879 4336 1248 4405 :equalitatum
1279 4338 1428 4392 nulla
1457 4339 1719 4394 distantia
1751 4341 1841 4407 sit,
1873 4357 1973 4397 nec
2001 4357 2152 4399 com-

469 4435 472 4440 ‘
550 4426 712 4492 positi
741 4443 807 4481 ex
839 4426 998 4482 triutn
1025 4429 1343 4488 diversitate
1366 4432 1674 4502 videamur,
1710 4435 1812 4489 erit
1841 4436 1892 4490 in
1919 4436 2154 4494 futurum

553 4517 899 4589 diligi-utilius
945 4521 1221 4577 Christum
1286 4523 1601 4596 incorrupta
1653 4528 1966 4583 communio
2007 4547 2020 4584 :
2055 4546 2157 4586 nec

2249 3304 2399 3370 mini,
2429 3315 2483 3358 ut
2516 3296 2582 3358 sit
2605 3314 2787 3358 sancta
2812 3319 3029 3373 corpore
3055 3312 3103 3356 et
3130 3303 3341 3373 spiritu.
3378 3299 3521 3356 Nam
3553 3317 3674 3371 qui:
3697 3310 3838 3370 nupta

2250 3410 2344 3464 est,
2392 3399 2585 3471 cogitat
2615 3415 2730 3470 qua:
2775 3408 2894 3453 sunt
2936 3397 3138 3466 mundi,
3194 3397 3458 3468 quomodo
3501 3395 3706 3466 placeat
3748 3395 3837 3449 viro

2253 3492 2298 3565 (1
2329 3490 2450 3547 Cor.
2483 3508 2580 3558 vtt,
2611 3493 2723 3563 54).

2327 3587 2451 3644 197.
2493 3586 2600 3643 Sed
2631 3594 2690 3641 ut
2720 3588 2770 3642 in
2801 3587 3054 3659 gratiam,
3089 3597 3146 3642 ut
3176 3601 3338 3657 supra
3386 3601 3513 3642 cum
3541 3585 3739 3653 viduis,
3775 3584 3835 3639 ita

2254 3696 2399 3736 nunc
2421 3680 2584 3735 etiam
2617 3695 2738 3735 cum
2771 3680 3089 3751 conjttgibus
3118 3689 3484 3747 revertamur,
3516 3695 3627 3736 non
3657 3677 3834 3747 refugi-

2255 3791 2378 3831 mus
2405 3775 2743 3846 opinionem,
2775 3790 2936 3846 quam
2961 3784 3265 3842 sequuntur
3289 3774 3537 3845 plerique
3564 3783 3625 3829 ut
3650 3773 3743 3827 tria
3761 3786 3834 3842 ge.

2255 3886 2388 3927 nera
2436 3870 2715 3925 hominum
2771 3883 2802 3922 a
2856 3869 3134 3923 consortio
3183 3882 3396 3938 magnae
3449 3867 3594 3923 illius
3651 3863 3834 3939 1459

2257 3978 2430 4018 cocum
2484 3963 2817 4037 aestimemus
2869 3960 3109 4030 excludi,
3162 3961 3473 4031 gentilium,
3524 3959 3830 4027 Judazorutn,

2258 4053 2668 4111 hrcreticornm.

2333 4151 2456 4206 198.
2491 4150 2557 4204 Et
2579 4148 2698 4204 ideo
2721 4148 3017 4220 Apostolus
3038 4147 3321 4203 avaritiam
3348 4146 3484 4202 dicit
3509 4161 3635 4202 esse
3654 4144 3831 4216 fugien-

2259 4244 2406 4310 dam,
2442 4261 2508 4299 ne
2540 4244 2784 4314 impediti
2835 4259 2986 4299 more
3029 4243 3242 4315 gentili,
3279 4243 3590 4314 iniquitate,
3635 4241 3827 4300 malitis.

2260 4338 2617 4407 impudicitia,
2657 4339 2905 4406 aVaritia,
2942 4339 3008 4393 ad
3055 4353 3280 4408 regnum
3327 4336 3533 4394 Christi
3579 4333 3830 4408 pervenire

2261 4446 2596 4502 nequeamus
2623 4431 2804 4497 (Rom.
2826 4430 2998 4501 1.29).
3036 4430 3217 4485 Omnis
3252 4432 3391 4486 enim
3420 4431 3731 4496 immundus,
3760 4439 3830 4484 cut

2261 4540 2464 4590 avarus,
2486 4524 2624 4595 quod
2651 4533 2724 4578 est
2751 4523 3008 4578 idolorum
3037 4526 3274 4588 servitus.
3315 4542 3418 4578 nou
3445 4523 3601 4580 habet
3639 4523 3824 4580 luendi-

556 4612 843 4682 compositi
894 4615 1270 4682 manebimus;
1305 4633 1428 4673 nam
1474 4629 1530 4675 et
1568 4621 1658 4692 qui
1692 4624 1981 4694 compositi
2013 4641 2139 4680 nunt

2261 4627 2412 4671 tatem
2441 4618 2491 4671 in
2520 4633 2674 4688 regno
2703 4615 2893 4671 Christi
2922 4627 2968 4672 et
2995 4616 3086 4672 Dei
3126 4616 3346 4690 (Ephes.
3366 4633 3421 4687 v,
3452 4618 3532 4690 5).

557 4718 768 4768 sumus,
797 4721 960 4762 unum
989 4709 1215 4772 erimus.
1240 4719 1294 4766 et
1315 4712 1368 4766 itt
1399 4729 1559 4768 uuam
1585 4716 1946 4771 substantiam
1982 4728 2158 4775 trans-

558 4796 930 4851 formabimur.
964 4799 1149 4869 Neque
1177 4802 1321 4857 enim
1352 4805 1404 4859 in
1437 4809 1839 4863 resurrectione
1875 4811 2021 4865 aliud
2056 4812 2160 4867 erit

557 4888 668 4942 alio
695 4889 942 4953 inferius,
972 4891 1113 4945 sicut
1143 4911 1285 4950 nunc
1329 4896 1536 4965 fragilis
1573 4902 1624 4953 in
1665 4902 1823 4955 nobis
1858 4911 1944 4958 est
1978 4907 2157 4962 carnis

557 4977 872 5046 inﬁrmitas,
902 4989 955 5034 et
985 4985 1284 5051 corporalis
1317 4985 1578 5042 habitudo
1611 5002 1818 5047 natura:
1855 4995 1937 5050 vel
1967 4998 2158 5053 vulne-

559 5074 712 5127 ribus
741 5082 910 5141 pitet,
936 5077 1015 5130 vel
1042 5077 1258 5145 injuriis
1289 5079 1556 5147 subiacet,
1580 5085 1664 5138 vel
1697 5087 1779 5141 sui
1811 5091 1994 5143 oneris
2017 5094 2158 5150 mole

558 5163 819 5233 depressa
866 5179 1026 5232 Supra
1059 5177 1230 5223 terras
1259 5173 1447 5240 nequit
1473 5175 1734 5230 extollere
1787 5178 1949 5232 altius
1997 5190 2160 5251 atque

558 5253 782 5310 elevare
828 5254 1159 5323 vestigium:
1190 5261 1286 5314 sed
1335 5261 1387 5314 in
1419 5263 1684 5332 simplit-is
1731 5278 1996 5323 creaturae
2038 5287 2160 5342 gra-

561 5349 692 5404 tiam
725 5349 1102 5418 liguraltitnnr,
1131 5366 1252 5407 cutn
1289 5355 1618 5422 completum
1647 5357 1810 5414 fuerit
1855 5363 1998 5430 quod
2044 5365 2156 5421 dic-

560 5449 674 5495 tum
708 5450 790 5495 est
813 5459 840 5493 a
868 5439 1077 5496 Joanne
1096 5459 1110 5497 :
1129 5439 1459 5513 Charissimi,
1491 5465 1625 5503 nunc
1649 5453 1744 5520 ﬁlii
1767 5452 1866 5508 Dei
1888 5473 2086 5524 sumus,
2114 5468 2162 5514 et

559 5533 790 5588 nondum
819 5535 1093 5589 revelatum
1139 5547 1211 5591 est
1256 5539 1382 5608 quid
1417 5541 1606 5596 erimus
1646 5560 1664 5598 :
1696 5547 1785 5599 sed
1822 5549 2014 5604 scimus
2042 5552 2162 5622 quia

634 5683 660 5711 α
683 5673 792 5757 liss
847 5677 1114 5759 nonnulli,
1143 5681 1212 5759 de
1239 5683 1464 5759 polentia
1493 5685 1593 5739 loci
1619 5690 1900 5759 superioris
1927 5702 2152 5749 arcetur.

558 5741 918 5828 Rallgii.\‘e\l‘t)
951 5741 1272 5828 itttet'jectis,
1298 5755 1384 5828 ubi
1409 5769 1516 5810 vet.
1542 5741 1766 5828 edit.'ac
1784 5741 2157 5828 niss.}iér}iiol

562 5814 722 5871 bibitis
751 5814 1049 5875 humanitas
1068 5814 1278 5888 ,VRo'm'.
1309 5814 1628 5886 ittvertendo
1654 5814 1915 5901 reposuit,
1944 5814 2155 5904 ibiibi.

2331 4710 2453 4767 199.
2486 4709 2661 4765 Judaei
2691 4720 2876 4764 autem
2925 4710 3200 4779 corporali
3250 4710 3558 4766 ministerio
3582 4711 3704 4782 juga
3746 4709 3829 4765 sibi

2262 4803 2424 4873 Legis
2457 4806 2757 4873 imponunt,
2788 4813 2844 4858 et
2883 4801 3007 4857 ideo
3039 4801 3337 4856 secundum
3368 4803 3693 4874 Propltetatn
3720 4801 3830 4859 :Di-

2261 4913 2563 4965 rumpamus
2591 4891 2796 4949 vincula
2839 4912 3040 4961 eorum,
3082 4905 3131 4948 et
3175 4897 3517 4969 proﬁciamus
3558 4914 3591 4950 a
3616 4897 3830 4969 uobist-

2265 5008 2386 5064 gum
2407 4993 2640 5059 ipsorum
2663 4989 2838 5061 (I’sal.
2864 5006 2921 5055 tt,
2945 4990 3001 5061 '5)
3029 5008 3043 5056 ;
3067 4989 3344 5045 Christum
3368 4991 3516 5046 enim
3542 4992 3828 5062 recepimus,

2267 5087 2355 5156 qui
2388 5084 2692 5142 cervicibus
2725 5085 2926 5139 nostris
2957 5084 3175 5153 pietatis
3215 5099 3331 5138 suae
3355 5084 3548 5155 jngum
3582 5085 3704 5140 mite
3736 5100 3830 5140 sus.

2267 5179 2475 5249 pendit.
2511 5177 2760 5246 Quinque
2789 5185 2969 5231 autem
2995 5177 3126 5248 juga
3175 5187 3301 5231 sunt
3333 5178 3628 5233 verborum
3656 5177 3826 5241 decem,

2267 5271 2351 5327 vel
2378 5269 2616 5341 quinque
2647 5268 2771 5324 libri
2795 5269 2996 5324 veteris
3029 5269 3184 5338 legis,
3217 5269 3286 5324 de
3316 5270 3519 5340 quibus
3553 5273 3603 5326 in
3630 5271 3827 5341 Evange-

2267 5364 2340 5419 lio
2381 5362 2604 5419 videtur
2641 5361 3000 5417 Samaritana:
3029 5363 3214 5418 dicere
3244 5378 3260 5417 :
3293 5348 3539 5433 Quinque
3581 5365 3701 5418 enim
3721 5363 3826 5434 viros

2269 5457 2494 5512 habuisti
2523 5455 2706 5526 (latin.
2733 5471 2809 5523 Iv,
2845 5459 2958 5530 18).

2337 5550 2465 5606 209.
2493 5548 2563 5604 At
2585 5565 2712 5604 vero
2743 5550 2965 5606 haeresis
2985 5551 3133 5608 velut
3153 5552 3264 5608 Eva
3293 5550 3534 5609 femineo
3557 5554 3760 5624 rigorem
3779 5550 3824 5604 ﬁ-

2263 5697 2340 5750 sio
2377 5693 2736 5767 humanitatis.
2785 5695 3027 5767 Denique
3065 5697 3151 5754 ttbi
3192 5713 3387 5754 omnes
3431 5699 3569 5753 edit.
3615 5713 3670 5753 ac
3705 5695 3821 5762 pauci

2265 5766 2674 5842 mss.pro;t_:iino
2724 5766 3178 5842 timineéreliqui
3231 5771 3539 5842 elegantius
3590 5769 3818 5828 exhibent;

2263 5841 2502 5910 proximo
2528 5837 2712 5892 limite.

3710 265 3864 324 175!
