4040 6494
193 371 344 429 1755

1166 352 1534 414 EXPOSITIO
1575 353 1832 412 EVANG.
1871 353 2023 412 SEC.
2065 355 2220 414 LUC.
2261 357 2392 413 LIB.
2437 357 2546 415 VII.

3373 363 3516 421 1754

191 485 283 542 dei
311 492 487 540 tentat
507 482 804 544 at‘l'ectu,et
825 477 1029 534 lubrica
1052 476 1312 534 facilitate
1329 476 1641 549 prolabens,
1665 475 1816 529 leno-
1842 473 1896 533 Α
1919 471 2170 544 malaque
2201 473 2558 546 distinguere,
2591 483 2646 532 et
2673 477 2940 534 adversus
2965 485 3294 535 tentamenta
3323 481 3512 552 nequi-

197 576 346 634 cinia
373 575 492 628 falsi
515 569 736 627 decoris
753 568 988 634 allectat,
1007 569 1384 626 intemeratam
1410 566 1815 640 negligenslutl-

194 670 565 726 chritutliuem
581 662 846 720 veritatis.
861 663 1453 735 ldeoigiturexcusant,
1471 662 1593 734 quia
1613 661 1813 717 nemini

197 758 858 826 intercluditurregnum,
877 757 977 810 nisi
1007 757 1053 812 ei
1071 775 1230 828 quem
1246 775 1354 812 sua!
1381 755 1644 828 professio
1667 755 1814 810 vocis

168 852 500 907 excluserit
536 869 548 904 :
581 849 850 904 Dominus
895 858 1078 905 autem
1124 867 1314 908 omnes
1340 854 1638 908 clementer
1680 851 1816 905 iuvi-

197 953 295 1010 tat,
325 943 424 1000 sed
468 957 572 999 nos
619 952 718 997 aut
767 943 973 998 desidia
1026 955 1237 1011 nostra,
1277 956 1367 1000 aut
1406 961 1560 1000 error
1591 945 1812 1000 avertit.

271 1037 403 1093 201.
437 1038 584 1109 Ergo
617 1049 674 1093 et
705 1037 798 1094 ille
825 1040 916 1109 qui
945 1038 1132 1094 villam
1163 1039 1314 1106 emit,
1341 1039 1556 1094 alienus
1585 1054 1613 1093 a
1646 1056 1814 1112 regno

194 1140 317 1196 est;
352 1143 608 1188 ementes
631 1133 780 1187 enim
803 1143 965 1203 atque
991 1133 1288 1190 vendentes
1320 1145 1344 1172 ⁸
1368 1135 1504 1200 Noe,
1529 1143 1588 1190 ut
1609 1134 1808 1206 legisti,

194 1232 453 1294 tempore
467 1227 679 1282 diluvia
695 1227 992 1284 obruerunt
1009 1228 1162 1299 (Luc;
1180 1245 1306 1298 xvtt,
1321 1229 1439 1300 2|),
1457 1241 1509 1286 et
1525 1231 1616 1286 ille
1630 1231 1816 1302 quiju-

195 1334 324 1390 gum
348 1321 538 1391 potius
558 1322 695 1392 legis
719 1339 881 1394 quam
898 1324 1084 1393 gratia:
1101 1339 1296 1379 munus
1321 1324 1486 1395 elegit
1505 1343 1516 1378 :
1533 1335 1586 1380 et
1614 1325 1706 1382 ille
1721 1326 1814 1398 qui

197 1413 747 1482 pt-Opterducendam
762 1424 985 1471 excusat
1000 1433 1248 1482 uxorem;
1265 1421 1527 1488 scriptum
1545 1419 1810 1474 estenim:

199 1501 266 1558 Si
283 1505 399 1574 quis
422 1508 561 1560 venit
577 1507 648 1560 ad
667 1525 744 1561 me
759 1518 805 1562 et
827 1525 926 1562 non
951 1510 1056 1563 odit
1075 1521 1270 1578 patrem
1284 1526 1457 1576 suum,
1473 1521 1520 1564 et
1541 1523 1748 1565 matrem
1766 1521 1813 1565 et

197 1611 445 1665 uxorem,
470 1616 574 1653 non
604 1610 765 1670 potest
791 1617 927 1654 meus
947 1602 1229 1672 discipulus
1251 1620 1358 1658 esse
1385 1603 1540 1673 (Luc.
1560 1620 1668 1668 xlv,
1693 1604 1811 1676 2|).

201 1689 423 1746 Etenim
441 1693 488 1748 si
509 1706 732 1765 propter
748 1705 797 1749 le
819 1696 1074 1750 Dominus
1093 1714 1204 1751 stuc
1224 1699 1504 1752 renuntiat
1526 1698 1708 1763 matri,
1733 1697 1815 1753 di-

199 1798 336 1838 cens
370 1803 385 1840 :
414 1784 550 1850 Qua:
591 1798 663 1840 est
684 1795 845 1840 mater
868 1804 1002 1856 mea,
1030 1798 1120 1844 aut
1151 1789 1239 1858 qui
1259 1793 1447 1861 fratres
1477 1791 1574 1844 mei
1593 1788 1810 1862 (Matth.
1835 1810 1837 1812 ·

1923 563 2012 620 tite
2059 568 2340 632 Spiritalis,
2398 567 2520 624 lidei
2577 571 2860 648 munimen
2905 572 3224 628 obtendere.
3269 572 3512 644 Denique

1923 657 2203 726 Dominus,
2253 672 2310 715 ut
2342 662 2552 718 vineam
2591 679 2744 720 suam
2799 664 3111 722 ostenderet
3138 666 3303 723 fuisse
3333 667 3512 722 muni-

1920 759 2055 816 tam,
2089 752 2154 805 Et
2175 771 2368 822 sepem,
2402 755 2597 828 inquit,
2625 760 2961 827 circumdedi,
2989 771 3036 816 et
3063 761 3369 834 circumfodi
3395 778 3510 816 eam

1921 845 2134 919 (Matth.
2162 865 2269 912 xxi,
2302 849 2415 922 55).
2450 853 2516 906 Et
2541 856 2834 923 Apostolus
2865 855 3101 912 medium
3131 859 3394 929 parietem
3426 871 3512 913 se-

1919 940 2003 1010 pis
2023 941 2153 995 dicit
2181 957 2303 998 esse
2326 944 2620 1012 sublatmn,
2644 948 2734 1018 qni
2759 949 3220 1004 c0ntiuuatiouem
3251 950 3510 1004 munitio-

1918 1034 2003 1089 nis
2039 1034 2309 1106 irruperat
2349 1037 2562 1112 (Epltes.
2601 1057 2660 1108 tt,
2702 1041 2817 1114 l4).
2859 1044 3020 1100 Fides
3064 1037 3227 1115 igitur
3271 1054 3326 1100 ct
3372 1045 3512 1099 ratio

1917 1130 2199 1200 quaeritur,
2229 1139 2288 1186 et
2316 1133 2579 1200 quast-itur
2625 1135 2675 1188 in
2711 1136 2922 1204 plateis,
2959 1136 3060 1191 hoc
3103 1147 3208 1201 est,
3233 1137 3286 1192 in
3322 1136 3514 1192 meati-

1917 1221 2018 1279 bus
2046 1224 2321 1279 interioris
2349 1225 2575 1282 allectus
2599 1244 2613 1294 ;
2642 1230 2768 1300 quia
2795 1231 3057 1300 scriptum
3085 1242 3170 1286 est
3199 1247 3214 1283 :
3240 1229 3306 1284 In
3330 1229 3513 1300 plateis

1918 1321 2019 1374 tuis
2041 1319 2404 1388 di/Iundantur
2424 1338 2573 1393 aqua:
2600 1333 2701 1377 tua:
2731 1322 2917 1394 (Prov.
2955 1340 3009 1393 v,
3039 1325 3151 1395 16).

1987 1414 2116 1470 204.
2148 1415 2260 1472 Nec
2290 1420 2391 1472 hoc
2422 1427 2598 1473 tamen
2644 1419 2862 1487 plenum
2892 1429 2994 1485 est,
3025 1429 3081 1475 ut
3125 1420 3322 1491 aliquis
3352 1433 3512 1476 voca-

1920 1518 2004 1562 tus
2025 1507 2300 1576 adveniat,
2335 1510 2438 1564 nisi
2472 1518 2676 1566 vestem
2708 1509 2908 1567 habeat
2935 1512 3252 1582 nuptialem,
3279 1512 3379 1568 hoc
3401 1521 3511 1577 est,

1922 1614 1944 1642 ε
1966 1602 2124 1659 iidem
2173 1604 2368 1660 habeat
2393 1615 2448 1661 et
2479 1607 2816 1662 charitatem.
2848 1607 2911 1662 Et
2944 1607 3067 1663 ideo
3105 1609 3195 1679 qui
3247 1624 3434 1679 pacein
3459 1617 3514 1664 et

1919 1695 2238 1752 charitatem
2265 1715 2370 1754 non
2391 1698 2646 1755 detulerit
2666 1700 2733 1754 ad
2753 1700 2950 1756 Christi
2969 1701 3180 1767 altaria,
3207 1700 3430 1756 tolletur
3447 1701 3512 1756 li-

1917 1791 2059 1862 gatis
2091 1792 2316 1862 pedibus
2341 1800 2397 1848 et
2427 1795 2696 1858 manibus,
2721 1803 2768 1848 et
2799 1795 3024 1850 mittetur
3041 1796 3094 1849 in
3121 1794 3354 1849 tenebras
3375 1804 3516 1850 exte-

197 1891 299 1943 xtt,
323 1877 451 1949 48);
477 1878 506 1916 δ
529 1895 628 1935 cur
659 1889 714 1936 tu
759 1881 987 1937 Domino
1023 1893 1115 1937 tuo
1154 1883 1339 1954 cupias
1369 1883 1680 1939 anteferre?
1707 1883 1812 1939 Sed
1845 1876 1892 1938 B
1920 1887 2100 1940 riores.
2132 1883 2255 1940 Illic
2276 1889 2369 1942 erit
2397 1889 2568 1958 ﬂetus,
2593 1899 2638 1944 et
2663 1889 2853 1944 stridor
2876 1889 3106 1944 dentium
3127 1889 3344 1961 (Matth.
3375 1897 3510 1955 χιιι,

195 1985 376 2042 neque
401 1973 660 2044 ignorare
679 1985 948 2041 naturam,
971 1994 1146 2050 neque
1167 1981 1375 2035 servire
1399 1990 1612 2034 natura:
1634 1979 1816 2034 Domi-

196 2077 304 2120 nus
331 2067 536 2136 jubet:
571 2070 667 2126 sed
715 2071 784 2127 ita
830 2072 1113 2144 indulgere
1153 2081 1384 2141 naturzc,
1438 2083 1493 2128 ut
1537 2074 1818 2129 venereris

199 2168 513 2228 auctorem,
559 2178 661 2219 nec
708 2179 738 2218 a
773 2165 883 2219 Deo
920 2174 1203 2237 parentum
1227 2181 1416 2220 amore
1445 2165 1741 2222 desciscas.

272 2253 402 2310 202.
439 2255 628 2329 (\‘ers.
659 2259 874 2331 21-25.)
904 2260 1090 2332 Itaque
1122 2274 1242 2332 pOSt
1287 2262 1512 2318 divitum
1556 2263 1816 2332 resupina

200 2341 426 2403 fastidia
459 2353 700 2406 contulit
737 2368 796 2408 se
837 2353 902 2408 ad
930 2355 1316 2426 gentes,jubet
1344 2356 1517 2412 bonos
1560 2366 1612 2412 et
1641 2358 1815 2412 malos

204 2438 458 2512 introire,
488 2456 548 2501 ut
577 2447 750 2502 bonos
779 2459 991 2519 augeat,
1031 2453 1294 2505 malorum
1325 2451 1578 2506 allectum
1616 2454 1668 2508 in
1701 2469 1816 2508 me-

205 2530 345 2587 liora
398 2551 740 2607 commutet;
789 2553 845 2596 ut
887 2543 1252 2612 compleretur
1285 2544 1415 2599 illud
1460 2545 1604 2615 quod
1653 2545 1817 2602 hodie

207 2623 413 2682 lectum
439 2644 528 2685 est
557 2651 570 2687 :
602 2632 750 2688 Tunc
785 2635 894 2705 lupi
923 2645 970 2689 et
997 2637 1120 2707 agni
1163 2638 1318 2690 simul
1339 2648 1613 2708 pascentur
1638 2638 1812 2707 (Esai.

209 2733 340 2784 va,
373 2722 494 2793 25).
523 2725 718 2780 Invitat
751 2743 1034 2796 pauperes,
1068 2729 1302 2794 debiles,
1337 2744 1513 2784 caseos
1543 2748 1556 2784 :
1591 2746 1699 2801 quo
1730 2746 1820 2784 os-

212 2814 460 2872 tenditur
489 2819 647 2875 nobis
670 2822 812 2891 quod
847 2822 1054 2879 nullum
1083 2823 1334 2877 debilitas
1365 2825 1611 2892 Corporis
1634 2825 1821 2880 exclu-

212 2903 365 2962 data
401 2925 594 2982 regno,
629 2915 913 2984 rariusque
956 2915 1238 2988 delinquat
1277 2918 1361 2970 cui
1396 2917 1648 2972 illecebra
1677 2917 1822 2973 desit

212 3005 483 3071 peccandi
523 3025 534 3060 :
571 3009 654 3063 vel
687 3009 829 3079 quod
877 3009 1162 3066 infirmitas
1205 3023 1550 3081 peccatorum
1595 3029 1690 3083 per
1721 3014 1822 3068 tui—

213 3096 578 3154 sericordiam
614 3101 825 3157 Domini
857 3104 1192 3169 remittatur;
1231 3114 1286 3160 ut
1310 3123 1414 3160 non
1446 3121 1510 3161 ex
1537 3107 1817 3175 operibus,

214 3189 312 3242 sed
345 3204 416 3246 ex
462 3193 568 3249 lide
599 3195 912 3267 redemptus
955 3213 984 3252 a
1017 3197 1245 3254 crimine
1273 3199 1365 3268 sit,
1399 3212 1454 3255 ιιι
1487 3199 1699 3274 1460
1727 3203 1816 3273 qui

215 3281 508 3354 gloriatur,
535 3288 587 3342 in
620 3288 847 3344 Domino
870 3291 1152 3362 glOrietur.

288 3375 418 3432 203.
462 3380 620 3436 Mittit
669 3381 854 3454 itaque
904 3385 970 3440 ad
1017 3387 1198 3442 exitus
1231 3387 1480 3455 viarum;
1530 3391 1818 3461 prudentia

217 3469 365 3525 enim
409 3475 462 3529 in
494 3476 640 3530 exitu
673 3479 903 3534 canitur.
946 3480 1106 3534 Mittit
1134 3481 1200 3534 atl
1241 3483 1471 3552 plateas,
1519 3484 1642 3554 quia
1675 3485 1825 3540 misit

215 3564 284 3620 ad
315 3582 670 3639 peccatores;
704 3586 762 3628 ut
792 3575 858 3629 de
886 3576 1172 3632 latioribus
1198 3578 1298 3632 viis
1325 3578 1390 3633 ad
1419 3592 1700 3650 augustam
1733 3597 1826 3636 vc-

217 3659 424 3729 nirent,
457 3682 578 3736 qua:
603 3665 749 3722 ducit
774 3667 840 3722 ad
875 3670 1060 3724 vitam.
1109 3670 1271 3726 Mittit
1303 3671 1367 3726 ad
1413 3674 1550 3736 vias,
1578 3683 1632 3729 et
1677 3675 1822 3731 circa

219 3765 404 3824 sepes,
450 3759 592 3829 quod
628 3759 680 3814 hi
713 3761 964 3816 videlicet
1005 3763 1113 3832 apti
1162 3765 1274 3818 sint
1319 3781 1485 3835 regno
1531 3766 1818 3835 ctelorum,

221 3850 314 3916 qui
353 3851 517 3906 nullis
552 3853 898 3920 przcsentium
931 3855 1323 3924 cupiditatibus
1364 3861 1612 3928 occupati
1643 3857 1709 3913 ad
1741 3859 1823 3914 l'u-

223 3946 346 3994 tura
381 3941 662 4012 festinant,
711 3944 764 3998 in
811 3946 1045 4015 quodam
1084 3948 1242 4002 bonzc
1288 3950 1576 4005 voluntatis
1609 3954 1824 4008 tramite

224 4037 506 4090 constituti
543 4053 555 4088 :
589 4045 643 4090 et
670 4036 759 4106 qui
791 4038 952 4092 modo
997 4041 1146 4108 scpis
1177 4056 1294 4108 qua:
1337 4042 1403 4094 ab
1436 4041 1652 4096 incultis
1680 4045 1824 4100 culta

223 4137 500 4193 secernat,
532 4138 585 4183 et
607 4127 860 4184 incursus
887 4139 1072 4186 arceat
1108 4131 1428 4195 bestiarum.
1459 4135 1638 4189 norint
1687 4136 1825 4194 bona

305 4272 330 4298 τι
355 4264 427 4318 Ita
459 4265 636 4320 cuncti
662 4281 792 4320 mss.
813 4281 874 4320 ac
901 4276 1007 4319 vet.
1039 4266 1169 4321 edit.
1199 4266 1298 4334 nisi
1326 4266 1466 4334 quod
1495 4265 1578 4320 hre
1609 4283 1730 4324 cmn
1762 4271 1823 4324 il-

231 4333 409 4388 Iorutn
443 4336 720 4390 nonnullis
765 4337 885 4390 loco
933 4333 1245 4401 obruerunt,
1269 4339 1463 4392 habent
1489 4339 1818 4396 sorbuerunt.

233 4403 382 4480 Edit.
413 4418 589 4462 autem
617 4409 796 4466 Rom”
832 4408 985 4474 Lolli,
1012 4417 1068 4462 ἰιι
1096 4410 1283 4479 legisti,
1324 4421 1550 4480 tempore
1579 4413 1817 4468 incendio

233 4479 509 4545 perferunt.
538 4480 852 4536 Seddocum
875 4481 943 4536 ab
970 4483 1256 4537 Ambrosio
1278 4497 1342 4535 ex
1367 4479 1626 4536 memori:
1659 4487 1812 4540 citari

234 4552 575 4604 manifestum
610 4561 711 4606 est.
753 4553 920 4608 Porro
965 4553 1223 4622 quidquid
1255 4554 1446 4620 legitur
1491 4568 1520 4607 a
1565 4557 1812 4623 vocibus,

230 4635 436 4695 excusat
464 4639 694 4690 uxorem,
731 4638 899 4695 usque
937 4627 1001 4679 ad
1037 4624 1247 4679 numeri
1276 4628 1553 4695 sequentis
1583 4629 1816 4694 initium,

233 4693 288 4747 in
327 4695 460 4749 edit.
494 4696 648 4749 liom.
682 4693 872 4750 contra
893 4697 1118 4752 aliarum
1148 4713 1211 4750 ac
1235 4693 1367 4752 mss.
1392 4699 1630 4751 omnium
1659 4693 1818 4755 [idem

233 4765 492 4842 reiectum
542 4767 716 4842 fuerat
759 4776 880 4840 post
933 4771 1118 4834 verba,
1170 4769 1495 4840 improbitate
1525 4772 1819 4842 deliquerit,

235 4849 380 4910 num.
414 4837 484 4894 26
516 4840 707 4910 posita.

310 4908 336 4947 ι’
357 4908 525 4965 Paris.
557 4915 802 4982 quaedam
831 4913 987 4977 edit.,
1023 4930 1118 4968 cur
1151 4921 1198 4966 te
1225 4911 1447 4966 Domino
1476 4921 1581 4966 tuo.
1612 4913 1817 4980 Inepte.

313 4993 334 5019 ε
360 4982 486 5037 Mss.
532 4999 638 5037 non
669 4987 847 5051 pauci,
892 5002 993 5041 nec
1039 4996 1329 5054 postrema:
1363 4985 1575 5049 classis,
1610 4985 1821 5054 firmam

243 5053 446 5122 (aliqui,
480 5055 663 5122 ﬁdunt)
689 5057 870 5111 habeat
891 5053 1210 5110 Charilatem.

308 5123 331 5161 ἀ
355 5125 602 5195 Pio-rique
635 5143 766 5181 mss.
800 5140 960 5196 atque
1003 5129 1134 5181 edit.
1173 5128 1298 5182 Era.
1349 5139 1401 5185 et
1427 5127 1552 5184 Gill.
1584 5127 1639 5182 in
1677 5143 1822 5182 mar-

237 5195 377 5265 gine,
407 5196 578 5251 lumen
598 5199 810 5252 interius
836 5195 909 5252 est
935 5198 1190 5252 Christus.

312 5279 334 5306 ο
357 5268 626 5337 Coquzeus
653 5269 706 5324 ιιι
739 5271 830 5324 lib.
858 5285 953 5324 X‘Xt
981 5270 1044 5323 de
1069 5268 1284 5324 Citvitate
1315 5268 1428 5334 Dei,
1452 5286 1572 5337 cap.
1603 5268 1656 5330 9.
1686 5271 1824 5326 scri-

238 5337 314 5393 bit
340 5340 710 5405 Atnhrosiuiu,
748 5342 961 5395 tametsi
988 5343 1083 5394 bas
1111 5356 1298 5410 [muas
1339 5343 1706 5410 metaphorice
1739 5342 1821 5396 vi-

239 5411 430 5466 deatur
457 5412 825 5481 interpretari,
856 5428 962 5465 ιιοιι
993 5423 1168 5466 tamen
1201 5428 1398 5483 negare
1426 5429 1601 5467 verum
1624 5426 1668 5466 et
1699 5429 1825 5481 pro.

240 5484 408 5552 prium
458 5484 647 5553 ignem,
699 5485 787 5554 qui
835 5493 1064 5544 torqueat
1110 5485 1400 5538 daumatos.
1452 5485 1650 5539 Contra
1694 5500 1822 5539 vero

243 5553 467 5608 I'Iuetius
494 5553 718 5623 Origen.
744 5555 839 5609 lib.
872 5570 930 5622 tt,
965 5564 1156 5623 quam.
1195 5556 1281 5616 II.
1307 5557 1468 5610 t-ita'to
1499 5559 1599 5609 hoc
1631 5556 1822 5611 Docto-

199 5654 201 5656 -
242 5626 506 5698 risnostri
538 5627 676 5698 loco,
713 5625 913 5698 Ignem,
957 5627 1149 5693 inquit,
1179 5627 1232 5680 in
1273 5627 1597 5698 conscientiae
1625 5627 1823 5695 facibus

242 5707 286 5750 et
307 5697 528 5768 ﬂagellis
571 5696 831 5752 ilideniul
873 5697 1118 5767 Origenes
1158 5699 1416 5750 constituit
1451 5697 1627 5752 Ambr.
1661 5699 1823 5753 Certe

242 5769 457 5837 quidem
486 5770 752 5835 apertiora
797 5779 920 5823 sunt
965 5769 1320 5822 Ambrosiana
1350 5771 1533 5828 verba.
1574 5783 1732 5837 quam
1767 5783 1824 5824 ut

244 5840 453 5908 possint
474 5838 828 5906 Coqutnanam
857 5841 1354 5907 interpretationem
1383 5839 1687 5894 admittere.
1717 5841 1820 5895 Ned-

243 5915 349 5974 t'tue
380 5920 510 5966 vero
554 5909 704 5964 sultis
749 5909 1067 5969 Ambt'osiua
1110 5910 1209 5965 liac
1241 5911 1293 5967 in
1342 5927 1401 5969 re
1431 5911 1710 5979 amplexus
1739 5918 1819 5966 est

1927 1978 2036 2048 15).
2081 1979 2213 2047 Quae
2250 1991 2376 2034 sunt
2421 1980 2661 2036 tenebra:
2701 1982 3043 2036 exteriores?
3079 1978 3352 2051 Numquid
3404 1979 3519 2036 illic

1919 2089 2135 2143 quoque
2164 2090 2412 2129 carceres
2441 2074 2607 2146 aliqui
2641 2075 2992 2144 Iatutniasque
3013 2073 3314 2129 subeunda!
3346 2072 3513 2128 sunt?

1921 2168 2162 2224 Minime.
2191 2169 2296 2225 Sed
2325 2171 2649 2242 quicumque
2677 2182 2826 2226 extra
2855 2170 3123 2242 promissa
3151 2181 3276 2225 sunt
3309 2169 3512 2226 caeles-

1919 2261 2052 2318 tium
2100 2262 2496 2329 mandatorum,
2551 2263 2603 2318 in
2656 2263 2892 2318 tenebris
2937 2263 3297 2318 exterioribus
3335 2271 3510 2326 sunt;

1919 2356 2041 2426 quia
2070 2356 2322 2410 mandata
2370 2357 2459 2411 Dei
2491 2355 2672 2412 lumen
2719 2365 2842 2410 sunt
2873 2373 2886 2409 :
2918 2367 2976 2412 et
3025 2357 3357 2427 quicumque
3391 2356 3513 2410 sine

1917 2449 2136 2504 Christo
2173 2459 2277 2511 est.
2311 2449 2362 2503 iu
2409 2450 2649 2505 tenebris
2680 2458 2801 2515 est;
2842 2450 2966 2521 quia
2995 2447 3021 2486 ἀ
3051 2449 3235 2505 lumen
3263 2449 3314 2504 iu
3358 2457 3514 2504 tene-

1921 2544 2032 2600 bris
2056 2553 2142 2599 est
2171 2545 2437 2598 Christus.

1990 2635 2117 2690 2o5.
2149 2637 2288 2706 Ergo
2330 2653 2504 2707 neque
2541 2648 2624 2692 est
2669 2637 3035 2707 corporalium
3067 2637 3269 2692 stridor
3316 2635 3514 2706 aliquis

1921 2729 2187 2796 dentium,
2235 2747 2410 2800 neque
2454 2731 2593 2800 ignis
2623 2731 2816 2802 aliquis
2849 2740 3142 2800 perpetuus
3170 2729 3514 2784 ﬂammarum

1926 2836 1949 2864 ε
1978 2827 2367 2896 Corporalium,
2395 2843 2571 2894 neque
2589 2827 2793 2881 vermis
2817 2838 2899 2881 est
2921 2824 3246 2894 corporalis.
3273 2821 3380 2879 Sed
3404 2823 3518 2876 lucc

1924 2921 2046 2976 ideo
2077 2932 2372 2993 ponuntur,
2413 2921 2540 2994 quia
2579 2921 2721 2976 sicut
2767 2937 2832 2976 ex
2864 2919 3032 2974 multa
3064 2917 3331 2974 cruditate
3356 2923 3412 2970 et
3440 2914 3521 2970 fe-

1922 3016 2052 3073 bres
2083 3027 2380 3072 nascuntur
2405 3025 2460 3071 et
2490 3031 2727 3082 vermes,
2779 3015 2849 3070 ita
2885 3015 2928 3068 si
2972 3014 3092 3085 quis
3124 3026 3230 3066 non
3254 3009 3522 3079 decoquat

1925 3118 2147 3181 peccata
2191 3125 2316 3176 sua,
2376 3109 2525 3165 velut
2571 3109 2802 3179 quadam
2855 3105 3171 3175 interposita
3223 3103 3518 3158 sobrietate

1925 3204 2294 3272 abstinentiae,
2341 3203 2435 3258 sed
2489 3201 2764 3257 miscendo
2811 3209 3030 3276 peccata
3085 3197 3344 3267 peccatis,
3387 3205 3522 3249 tam-

1847 3277 1894 3342 (ἶ
1926 3313 2088 3370 quam
2137 3291 2458 3353 cruditatem
2505 3293 2794 3366 quamdam
2843 3291 3129 3347 contrahat
3179 3301 3421 3345 veterum
3466 3296 3522 3342 et

1924 3395 2227 3447 recentium
2250 3389 2592 3453 delictorum,
2624 3387 2746 3456 igne
2767 3384 3028 3440 adoretur
3058 3383 3298 3454 proprio,
3333 3391 3387 3435 et
3407 3381 3522 3436 suis

1925 3485 2202 3541 vermibus
2221 3492 2597 3539 consumetur.
2622 3479 2775 3536 Unde
2796 3487 2850 3534 et
2877 3478 3066 3534 Esaias
3095 3478 3173 3530 ait
3203 3495 3215 3528 :
3245 3475 3519 3529 Ambulate

1925 3581 1980 3635 in
2004 3581 2197 3636 lumine
2217 3580 2351 3650 ignis
2372 3579 2546 3641 vestri,
2575 3586 2618 3630 et
2641 3576 2850 3646 ﬂaunna
2879 3589 3030 3644 quam
3053 3570 3357 3626 accendistis
3383 3567 3521 3622 vobis

1931 3673 2100 3747 (Esai.
2131 3690 2179 3739 1.,
2216 3674 2328 3743 II).
2365 3673 2505 3742 Ignis
2530 3680 2611 3726 est
2643 3685 2801 3740 quem
2825 3678 3045 3737 generat
3073 3666 3330 3721 mmstitia
3353 3662 3522 3717 delic-

1927 3777 2108 3823 torum
2138 3784 2152 3822 :
2177 3765 2380 3820 vermis
2423 3772 2525 3826 est,
2555 3777 2620 3817 eo
2661 3761 2804 3831 quod
2842 3759 2859 3798 ί
2895 3756 3285 3814 irrationabilis
3324 3756 3521 3809 anima:

1926 3873 2150 3931 peccata
2199 3866 2437 3911 mentem
2493 3855 2570 3908 rei
2623 3868 2954 3922 sensumque
3003 3857 3413 3920 compungam,
3471 3854 3526 3899 et

1927 3950 2174 4021 qutedatn
2198 3947 2435 4001 exedant
2454 3945 2662 4000 viscera
2681 3945 3032 3999 conscientiae
3063 3959 3076 3996 :
3101 3957 3220 4012 quzL-
3248 3948 3521 4007 tamquam

1931 4056 2145 4096 vermes
2178 4037 2385 4112 1461
2418 4054 2482 4091 ex
2524 4051 2849 4105 unoquoque
2888 4045 3201 4093 nascuntur.
3247 4041 3521 4098 tamquam

1931 4152 1996 4191 ex
2051 4147 2281 4203 θοι-ιιοιι)
2329 4129 2647 4202 peccatoris.
2720 4128 2965 4196 Denique
3017 4125 3275 4182 Dominus
3326 4121 3378 4178 id
3429 4136 3525 4193 per

1931 4269 2179 4340 Origcnis
2205 4267 2540 4340 opinionem.
2577 4264 2732 4340 Idcm_
2752 4264 2951 4340 quippe
2978 4263 3137 4340 sentit
3169 4257 3515 4340 Greg._l_V_yss.

1929 4334 2055 4397 lib:
2073 4340 2135 4394 de
2180 4339 2362 4394 Anima
2403 4347 2450 4390 et
2490 4353 2680 4390 resnrr.
2715 4335 2846 4389 Item
2871 4335 3028 4389 Joau.
3062 4335 3306 4387 Datnasc.
3342 4334 3436 4385 lib.
3465 4346 3517 4385 tv

1927 4415 1991 4467 de
2029 4411 2246 4466 Orthod.
2292 4410 2394 4478 ﬁde
2424 4409 2522 4463 sub
2569 4409 2752 4461 linem.
2793 4407 2979 4460 Plures
3021 4408 3180 4460 etiam
3213 4405 3382 4458 fuisse
3424 4403 3515 4478 qui

1925 4496 2132 4539 starent
2162 4485 2228 4534 ab
2252 4476 2360 4541 hac
2387 4483 2675 4540 sententia,
2715 4486 2940 4533 testatur
2979 4478 3197 4530 llieron.
3235 4477 3328 4530 lib.
3355 4490 3428 4537 Ill,
3461 4476 3514 4528 in

1928 4555 2096 4624 Epist.
2122 4555 2189 4608 ad
2211 4552 2426 4616 ΕρΙιεε..
2447 4553 2568 4616 v,6.
2592 4551 2690 4624 Qui
2716 4549 2928 4616 quidem
2963 4548 3087 4624 licet
3109 4551 3310 4624 acriter
3337 4547 3513 4602 eidem

1929 4621 2214 4681 sententiae
2244 4626 2331 4679 hic
2357 4633 2412 4678 et
2449 4625 2576 4677 alibi
2607 4622 2926 4691 refragetur,
2961 4621 3155 4673 alicubi
3190 4629 3368 4674 tamen
3402 4633 3508 4672 non

1927 4698 2143 4755 videtur
2169 4702 2337 4767 ipsam
2364 4695 2606 4764 rejicere,
2637 4704 2693 4746 ut
2718 4702 2839 4767 pota
2871 4693 2960 4747 lib.
2996 4707 3122 4767 xvnt
3149 4691 3432 4767 Comment.
3459 4692 3513 4744 in

1929 4770 2058 4826 Isai.
2083 4759 2221 4839 Aug.
2248 4783 2375 4820 vero
2403 4759 2687 4839 postquam
2711 4759 2869 4839 dubie
2899 4773 2952 4839 et
2973 4766 3138 4839 anxie
3171 4763 3262 4816 lib.
3287 4759 3509 4839 deGen.

1927 4846 1995 4896 ad
2015 4845 2094 4896 lit.
2123 4833 2244 4906 ca'p.
2268 4839 2338 4893 '52
2362 4846 2417 4892 et
2443 4833 2622 4903 53,_de
2647 4833 2798 4888 Civil.
2828 4835 2920 4890 Dei
2952 4836 3043 4888 lib.
3072 4851 3160 4898 xx,
3192 4849 3307 4900 cap.
3339 4835 3393 4900 9,
3423 4833 3510 4893 10.

1936 4915 1996 4969 t6
2021 4925 2071 4967 et
2093 4912 2186 4974 26,
2210 4915 2419 4964 loeutus
2446 4919 2548 4974 cst,
2581 4908 2675 4961 lib.
2709 4909 2924 4961 detnum
2956 4922 3084 4972 xxu,
3117 4921 3235 4977 cap.
3273 4909 3360 4970 It),
3393 4908 3468 4978 ait
3500 4924 3512 4960 :

1928 4984 2032 5040 Cur
2060 4988 2194 5038 enim
2221 4999 2319 5035 non
2346 4982 2576 5034 dicamus
2604 4981 2830 5048 quamvis
2854 4979 3016 5039 miris,
3050 4990 3216 5031 tamen
3240 4979 3372 5032 veris
3402 4993 3514 5031 mo-

1928 5058 2010 5112 dis
2053 5058 2204 5110 etiam
2237 5054 2447 5124 spiritus
2483 5052 2817 5116 incorporeas
2861 5067 3010 5118 passe
3036 5067 3185 5122 plena
3228 5050 3516 5120 corporalis

1928 5129 2060 5212 ignis
2088 5127 2255 5198 afﬂigi
2286 5141 2305 5178 :
2331 5125 2524 5204 quibus
2551 5126 2684 5212 satis
2713 5124 2960 5212 tiStemlit_
2978 5138 3038 5176 sc
3057 5125 3128 5212 in.
3145 5137 3264 5177 eam
3295 5130 3513 5176 sentcn-

1929 5193 2056 5255 tiam
2090 5193 2217 5266 qua?
2237 5193 2377 5251 nunc
2405 5197 2455 5247 in
2482 5195 2761 5250 catholicis
2791 5195 2993 5266 scholis
3020 5193 3248 5257 obtinet,
3283 5209 3517 5262 propen-

1926 5271 2076 5328 dere.
2104 5269 2209 5326 Sed
2240 5283 2337 5322 ucc
2372 5267 2440 5322 ab
2469 5269 2558 5322 illa
2590 5268 2795 5320 alienus
2827 5277 2909 5319 cst
2940 5265 3168 5335 ipsemet
3193 5266 3514 5319 Ambrosius

1927 5342 1980 5398 in
2017 5342 2209 5411 psalm.
2233 5355 2398 5411 cxvttt
2432 5340 2593 5411 variis
2623 5339 2774 5402 locis,
2800 5340 3032 5390 maxime
3065 5338 3152 5390 ubi
3181 5337 3248 5411 de
3282 5337 3371 5390 illo
3395 5337 3515 5406 igne

1929 5408 2143 5477 tractat,
2177 5429 2284 5478 quo
2311 5409 2473 5463 etiam
2502 5409 2681 5480 justus
2712 5424 2772 5461 ac
2812 5420 3028 5462 sanctos
3066 5408 3304 5464 urendos
3329 5411 3510 5480 tradit.

1927 5484 2068 5540 Nihil
2109 5493 2287 5537 autem
2317 5491 2401 5536 est
2435 5479 2575 5551 quad
2606 5480 2852 5550 opposita
2894 5496 3016 5534 eum
3057 5495 3360 5549 proponere
3393 5479 3517 5547 quis

1929 5558 2176 5618 miretur,
2231 5563 2415 5622 utpote
2446 5556 2496 5607 in
2535 5552 2908 5630 Controversia
2946 5551 3102 5619 cujus
3133 5562 3358 5630 utraque
3391 5565 3516 5630 pars

1927 5642 2245 5696 magnorum
2274 5640 2335 5678 ac
2359 5635 2668 5679 sanctorum
2705 5625 2942 5676 virorum
2979 5624 3298 5696 auezoritate
3324 5622 3520 5674 innita-

1927 5693 2041 5760 tur;
2069 5709 2256 5752 neutra
2298 5713 2425 5750 vero
2473 5698 2541 5750 ab
2591 5696 2830 5750 Ecclesia
2869 5694 3147 5761 repudiata
3192 5693 3299 5745 sit:
3331 5707 3513 5756 quein-

1923 5769 2214 5825 admodum
2245 5785 2365 5823 cum
2400 5768 2654 5824 Bellaria.
2690 5765 2784 5820 lib.
2817 5779 2853 5820 tt
2907 5770 2970 5817 de
3003 5763 3248 5835 Purgat.,
3277 5777 3396 5832 cap.
3428 5763 3516 5829 11,

1928 5844 2164 5895 fatentur
2190 5841 2448 5910 theologi.
2732 5908 2735 5910 _
2920 5907 2928 5910 Α
2996 5906 3004 5910 _
3130 5905 3140 5910 ,
3483 5897 3514 5910 --

2004 5911 2022 5948 f
2053 5913 2189 5968 Edit.
2223 5922 2328 5966 vet.
2360 5903 2424 5966 εἷς
2453 5922 2585 5966 mss.
2635 5908 2740 5964 non
2777 5907 2957 5980 pauci,
2989 5903 3370 5961 irrationabilia
3407 5903 3521 5960 attit-
