4040 6492
546 355 687 415 i755

1905 354 2153 420 SANCTI
2191 358 2512 424 AMBROSII

3729 376 3755 432 ί
3768 377 3881 433 756

544 474 763 533 Esaiam
804 475 1104 535 declaravit
1143 476 1328 535 dicens
1357 494 1372 533 :
1401 476 1467 532 Et
1503 476 2011 581 videbunt-membra
2038 475 2136 534 ho-
2164 480 2212 542 Α
2242 511 2368 570 est;
2403 502 2508 559 Vo,
2544 514 2729 563 autem
2769 506 2956 581 com,“
2987 509 3113 565 es“,
3153 506 3369 578 (mn-“5’
3404 522 3455 568 α
3516 528 3763 567 mem,”
3813 531 3879 569 ετ

544 567 744 622 minam
788 570 1237 636 prwuaricantium
1285 570 1339 624 in
1370 580 1449 625 me
1478 583 1498 624 :
1525 580 1575 625 et
1608 571 1795 627 vermis
1835 586 2013 627 eorum
2037 584 2141 629 non

543 663 816 733 morietur,
841 673 891 717 et
915 663 1052 736 ignis
1078 679 1181 717 non
1192 663 1546 747 exstinguetur
1566 661 1740 731 (Esai.
1772 679 1920 731 LXVI,
1945 664 2064 738 24).

614 754 743 811 206:
796 747 1013 812 Striilar
1041 770 1257 828 quoque
1298 756 1542 811 dentium
1585 757 1766 827 prodit
1806 757 2144 829 indignantis

542 848 825 914 allectum;
855 865 922 906 eo
945 849 1087 921 quod
1114 864 1237 905 sero
1257 862 1693 922 unumquemque
1710 852 1992 922 poeniteat,
2017 866 2144 909 sero

546 942 879 1013 ingemiscat,
921 956 1045 997 sero
1092 945 1356 999 irascatur
1384 944 1523 1012 sibi,
1554 944 1694 1015 quod
1722 954 1828 999 tatu
1873 945 2143 1017 pervicaci

545 1034 889 1103 improbitate
915 1034 1223 1105 deliquerit.

618 1128 775 1199 (Cap.
807 1127 1165 1187 XV.--Vers.
1198 1128 1281 1200 ι.)
1313 1130 1442 1196 Quis
1469 1146 1533 1186 ea:
1561 1131 1722 1196 vobis,
1764 1131 1962 1202 inquit,
1992 1134 2146 1189 homo

541 1221 628 1292 qui
664 1220 820 1276 habet
858 1232 1063 1277 centum
1101 1237 1218 1277 oues
1240 1263 1255 1290 ,
1302 1232 1350 1278 et
1392 1226 1438 1281 si
1477 1226 1723 1280 erraverit
1757 1242 1865 1281 una
1899 1242 1963 1282 ea:
1999 1227 2144 1297 illis,

541 1330 712 1368 nonne
756 1315 969 1370 dimittit
1012 1318 1297 1390 nonaginta
1336 1334 1515 1373 nouem
1540 1319 1595 1373 in
1623 1318 1845 1387 deserto,
1882 1329 1930 1374 et
1958 1320 2051 1375 ibit
2078 1320 2148 1376 ad

514 1482 519 1485 _
545 1407 694 1462 illam
722 1425 838 1480 qua
865 1412 1054 1466 errauit
1075 1411 1112 1481 2’,

614 1500 743 1557 207.
790 1502 1070 1560 Didiceras
1117 1506 1173 1561 in
1228 1508 1606 1578 superioribus
1665 1509 1924 1583 ablegare
1978 1512 2152 1584 negli-

547 1596 812 1666 gentiam,
858 1597 1033 1654 vitare
1075 1602 1470 1672 arrogantiam,
1507 1602 1856 1661 devotionem
1906 1620 2147 1678 sumere,

550 1690 907 1747 saecularibus
978 1696 1427 1765 occupationibus
1491 1712 1598 1752 non
1664 1699 1883 1766 teneri,
1942 1701 2151 1757 caduca

554 1798 665 1838 non
708 1783 967 1855 praeferre
1017 1790 1298 1859 perpetuis
1349 1807 1361 1843 :
1411 1790 1507 1847 sed
1564 1794 1688 1863 quia
1747 1784 2007 1881 fragilitas
2048 1792 2146 1852 hu-

2244 595 2482 653 mentbris
2511 602 2624 674 ejus
2664 599 2857 676 (lbid.,
2886 600 3010 677 15).
3048 598 3201 660 Venit
3222 604 3397 677 itaque
3425 603 3608 667 Filius
3631 606 3880 662 hominis

2244 691 2444 745 salvum
2492 696 2666 765 facere
2706 696 2846 767 quod
2894 696 3117 768 perierat
3140 696 3292 772 (Luc.
3332 715 3443 766 xu,
3496 698 3613 769 10);
3662 717 3877 757 omnes

2245 783 2502 848 scilicet:
2535 788 2671 853 Quia
2702 788 2835 844 sicut
2874 790 2929 845 in
2957 790 3126 846 Adam
3155 784 3329 849 omnes
3354 796 3678 858 moriuntur,
3711 796 3799 850 ita
3830 806 3880 851 et

2246 876 2301 931 in
2329 874 2532 934 Christo
2565 897 2740 937 omnes
2760 882 3156 955 viviﬁcabuntur
3178 884 3219 960 (Ι
3253 884 3375 943 Cor.
3412 905 3501 954 xv,
3520 888 3642 961 22).

2318 969 2446 1027 210.
2484 973 2642 1029 Dives
2682 973 2847 1044 igitur
2893 987 3077 1047 pastor
3117 979 3275 1048 cujus
3316 996 3512 1037 omnes
3539 997 3644 1038 nos
3673 993 3879 1038 cente-

2248 1060 2382 1117 sima
2420 1063 2630 1139 15.62
2660 1068 2834 1136 portio
2857 1084 3065 1126 sumus.
3097 1070 3271 1129 Habet
3300 1056 3661 1146 Angelorum,
3698 1062 3877 1132 habet

2249 1148 2737 1229 Archangelorum,
2772 1160 3237 1230 Dominatiouum,
3276 1163 3648 1233 Potestatum,
3680 1165 3875 1221 Thro-

2250 1252 2467 1331 noi'um,
2499 1251 2841 1325 aliorUmque
2896 1256 3325 1313 innumerabiles
3366 1275 3589 1331 greges,
3622 1275 3778 1331 quos
3822 1261 3875 1315 in

2250 1328 2527 1399 montibus
2556 1345 2866 1418 dereliquit.
2898 1344 3000 1418 Qui
3032 1352 3287 1422 quoniam
3318 1328 3447 1407 sunt
3472 1328 3872 1420 rationabiles,

2251 1453 2357 1492 non
2420 1438 2690 1495 immerito
2760 1440 3045 1499 hominum
3117 1443 3493 1514 redemptione
3550 1444 3870 1502 laetantur.

2251 1530 2585 1602 Quamquam
2611 1532 2715 1590 hoc
2743 1551 2958 1607 quoque
2988 1535 3229 1605 proficiat
3256 1537 3320 1594 ad
3344 1539 3615 1595 incentiva
3663 1530 3868 1610 probi-

2256 1624 2400 1688 tatis,
2425 1625 2470 1679 si
2500 1627 2864 1698 unusquisque
2885 1629 3299 1685 conversionem
3327 1646 3477 1685 suam
3503 1641 3719 1699 gratam
3736 1633 3870 1688 lore

2254 1716 2442 1789 credat
2472 1717 2706 1774 cmtibus
2735 1719 3080 1790 angelorum,
3110 1738 3340 1792 quorum
3367 1731 3460 1779 aut
3480 1722 3749 1779 aﬂ'ectare
3782 1742 3871 1795 pa-

2258 1804 2571 1868 trocinium.
2613 1819 2705 1862 aut
2747 1806 2927 1866 vereri
2968 1810 3134 1868 debet
3173 1812 3463 1869 oﬁ'ensam.
3496 1814 3567 1870 Et
3607 1825 3663 1869 tu
3702 1816 3873 1887 igitur

549 1888 711 1931 mana
747 1876 961 1935 ﬁrmum
998 1881 1189 1976 nequit
1220 1882 1275 1937 in
1311 1891 1461 1939 tanto
1500 1885 1687 1943 saeculi
1714 1876 1933 1944 lubrico
1958 1900 2147 1945 tenere
2177 1876 2225 1950 Β
2255 1909 2374 1955 esto
2406 1901 2613 1973 angelis
2645 1900 2869 1971 lmtitire,
2900 1905 3171 1976 gaudeant
3195 1906 3263 1963 de
3295 1907 3470 1964 reditu
3501 1916 3615 1965 tuo.

551 1970 878 2041 vestigium,
935 1973 1100 2030 etiam
1153 1967 1415 2032 adversus
1467 1993 1709 2035 errorem
1758 1981 1994 2037 remedia
2052 1980 2148 2037 tibi

553 2063 727 2119 bonos
775 2066 1017 2123 medicus
1073 2069 1499 2137 demonstravit,
1555 2086 1705 2144 spem
1760 2076 1943 2131 veniae
1980 2073 2149 2146 iudex

553 2158 865 2215 misericors
911 2176 1018 2217 non
1069 2164 1528 2236 negavitultaqoe
1567 2182 1674 2222 non
1713 2166 1888 2224 Otiose
1925 2179 2150 2225 sanctus

551 2248 724 2306 Lucas
770 2249 949 2324 (Vera.
994 2252 1028 2310 8
1072 2264 1118 2309 et
1162 2258 1295 2330 seq.)
1343 2273 1411 2313 ex
1458 2258 1652 2315 ordine
1702 2268 1816 2317 tres
1858 2262 2151 2333 parabolas

554 2342 779 2421 posuit:
812 2346 929 2400 ovis
973 2363 1095 2419 quae
1140 2350 1398 2419 perierat,
1439 2360 1495 2408 et
1534 2352 1752 2409 inventa
1790 2365 1913 2409 est:
1953 2355 2150 2411 drach-

555 2450 660 2490 maa
705 2451 825 2508 quae
881 2440 1150 2509 perierat,
1196 2449 1253 2497 et
1290 2443 1509 2499 iuventa
1552 2454 1637 2500 est
1686 2463 1700 2501 :
1745 2444 1843 2501 ﬁlii
1888 2448 1977 2515 qui
2033 2457 2153 2505 erat

552 2541 821 2599 mortuus,
871 2542 926 2588 et
972 2535 1201 2603 revixit;
1234 2546 1292 2592 ut
1325 2539 1523 2609 triplici
1567 2540 1810 2596 remedio
1841 2542 2147 2613 provocati,

553 2625 781 2682 volnere
814 2636 1000 2685 nostra
1035 2646 1330 2701 curemus;
1368 2644 1609 2705 spartum
1641 2636 1785 2692 enim
1817 2636 2008 2706 triplex
2042 2652 2151 2694 non

552 2733 955 2792 corrumpetur.

623 2815 753 2873 208.
792 2816 898 2886 Qui
926 2828 1054 2876 sunt
1077 2821 1166 2877 isti
1189 2863 1206 2891 ,
1242 2832 1427 2893 pater,
1461 2833 1652 2896 pastor
1675 2865 1689 2892 ,
1718 2826 1961 2884 mulier?
2002 2826 2151 2884 Non-

554 2928 623 2967 ne
672 2914 813 2970 Deus
860 2914 1042 2984 Pater,
1087 2900 1340 2975 Christus
1376 2931 1581 2992 pastor,
1632 2924 1825 2981 mulier
1868 2922 2157 2982 Ecclesia?

548 3003 799 3062 Christus
843 3018 895 3064 te
942 3024 1044 3065 suo
1084 3010 1317 3083 corpore
1343 3015 1516 3083 vehit,
1558 3016 1649 3088 qui
1693 3026 1779 3073 tua
1825 3019 1877 3074 in
1920 3032 1980 3074 se
2031 3034 2156 3090 pec:

551 3109 668 3154 cata
710 3102 976 3174 suscepit,
1004 3106 1217 3175 ,quterit
1247 3107 1515 3175 Ecclesia,
1546 3111 1741 3180 recipit
1775 3112 1958 3168 Pater.
1988 3113 2156 3183 Quasi

555 3196 742 3257 pastor
769 3190 1002 3257 revehit,
1026 3194 1178 3262 quasi
1208 3205 1380 3251 mater
1407 3197 1648 3267 inquirit,
1676 3200 1833 3269 quasi
1862 3209 2013 3270 pater
2033 3210 2159 3257 ves-

556 3281 640 3336 tit.
676 3281 856 3338 Prima
898 3278 1294 3354 misericordia,
1339 3290 1575 3345 secunda
1615 3291 1951 3363 soﬁragatio,
1995 3296 2153 3350 tertia
2182 3287 2226 3351 (Ἰ

556 3370 949 3428 reconciliatio.
990 3374 1210 3445 Singula
1241 3377 1469 3448 singulis
1491 3378 1799 3449 quadrent:
1842 3382 2156 3454 redemptor

556 3464 829 3528 subvenit,
859 3464 1097 3522 Ecclesia
1124 3467 1475 3540 suﬁ‘ragatur,
1519 3482 1711 3528 auctor
1751 3476 2151 3531 reconciliatur.

562 3551 766 3607 Eadem
806 3553 974 3610 divini
1008 3558 1192 3628 operis
1235 3560 1644 3628 misericordia,
1677 3562 1771 3618 sed
1816 3563 2029 3619 diversa
2060 3576 2157 3635 pro

560 3643 769 3698 meritis
817 3648 1018 3704 nostris
1058 3649 1249 3719 gratia.
1298 3650 1427 3706 Ovis
1451 3667 1480 3706 a
1513 3662 1728 3723 pastore
1756 3654 1896 3711 lassa
1936 3672 2160 3714 revoca~

507 3746 513 3753 '
561 3745 648 3791 tur
675 3754 689 3791 :
717 3737 975 3796 drachma
1016 3758 1136 3811 qua:
1167 3743 1422 3813 perierat,
1458 3745 1777 3803 invenitur:
1823 3748 1891 3804 ad
1937 3749 2154 3807 Patrem

562 3828 703 3885 ﬁlius
724 3832 841 3889 suis
868 3834 1113 3905 vestigiis
1141 3837 1300 3904 redit,
1323 3849 1377 3894 et
1400 3838 1560 3909 plena
1581 3840 1926 3899 condemnati
1951 3846 2158 3903 erroris

561 3924 866 3995 regreditur
887 3929 1229 3999 peenitentia.
1250 3931 1403 3989 Unde
1434 3935 1573 3992 bene
1592 3938 1855 4000 scriptum
1885 3951 1971 3995 est
2002 3958 2014 3995 :
2043 3940 2157 3997 Ηο-

560 4016 720 4073 mines
747 4028 793 4074 et
807 4021 1046 4093 jumenta
1066 4023 1232 4079 salvos
1254 4026 1438 4097 facies,
1453 4024 1675 4084 Domine
1696 4027 1871 4103 (Psal.
1904 4033 2155 4103 xxxv,8).

559 4112 690 4180 Quae
720 4123 848 4170 sunt
870 4116 968 4170 ista
1005 4116 1292 4186 jumenta‘i
1324 4120 1465 4176 Dixit
1505 4123 1812 4193 propheta:
1849 4126 2035 4181 Semen
2065 4126 2155 4181 Is-

558 4208 669 4263 rael
696 4208 752 4263 in
781 4227 953 4266 semen
990 4211 1275 4281 hominum,
1326 4224 1372 4270 et
1400 4212 1541 4270 Iuda
1568 4217 1623 4271 in
1653 4235 1823 4273 semen
1852 4220 2158 4276 animalium

559 4298 778 4372 (Jerem.
804 4321 961 4378 χχιι,
979 4304 1092 4378 27).
1126 4304 1311 4378 Itaque
1337 4308 1500 4365 Israel
1527 4313 1679 4381 quasi
1705 4304 1869 4369 homo
1891 4310 2154 4382 salvator,

556 4399 709 4469 quasi
730 4399 850 4456 ovis
869 4398 896 4456 J
905 4401 1005 4456 uda
1025 4402 1320 4473 colligitur.
1346 4403 1486 4459 Malo
1508 4412 1641 4476 ergo
1664 4406 1802 4461 ﬁlius
1825 4400 1968 4475 esse,
1993 4416 2155 4478 Quam

554 4494 701 4559 ovis;
747 4494 864 4549 ovis
902 4497 1045 4551 enim
1082 4511 1111 4551 a
1141 4500 1362 4568 pastore
1400 4498 1688 4571 repetitur,
1718 4516 1746 4555 a
1781 4498 1945 4560 Patre
1978 4501 2153 4561 Filius

557 4585 875 4641 honoratur.

2322 1993 2449 2050 2M.
2494 1994 2608 2051 Non
2634 1997 2867 2052 otiosum
2888 1998 3053 2053 etiam
3084 1998 3229 2070 quod
3258 2000 3453 2056 mulier
3480 2001 3569 2056 illa
3595 2000 3864 2058 drachma

2252 2086 2473 2143 laetatur
2504 2089 2743 2145 inventa.
2771 2090 2887 2145 Non
2918 2088 3210 2147 mediocris
3247 2094 3362 2148 haec
3390 2090 3655 2149 drachma
3678 2106 3785 2160 est,
3818 2097 3866 2150 in

2252 2198 2354 2254 qua
2389 2182 2646 2253 principis
2668 2194 2751 2239 est
2781 2185 2968 2255 ligura.
2997 2184 3065 2241 Et
3096 2186 3219 2241 ideo
3244 2186 3424 2258 imago
3459 2189 3628 2257 regis,
3660 2205 3863 2246 censos

2256 2275 2516 2331 Ecclesiae
2542 2278 2643 2332 est.
2679 2275 2822 2333 Oves
2853 2291 3064 2346 sumus,
3100 2283 3323 2335 Oremus
3363 2286 3421 2335 tit
3457 2292 3634 2351 super
3662 2296 3857 2353 aquam

2260 2368 2577 2424 reiectionis
2630 2384 2730 2425 nos
2777 2371 3051 2427 collocare
3094 2372 3364 2443 dignetur.
3399 2372 3567 2441 Oves,
3615 2375 3853 2447 inquam,

2260 2473 2488 2528 sumus,
2545 2468 2791 2531 petamus
2844 2458 3093 2535 pascua:
3154 2464 3430 2521 drachma:
3486 2481 3708 2536 sumus,
3764 2466 3854 2525 ba-

2263 2556 2490 2614 beamus
2539 2558 2772 2629 pretium
2822 2577 2836 2615 :
2877 2559 2971 2615 ﬁlii
3018 2576 3243 2627 sumus,
3277 2548 3604 2619 festinemus
3646 2565 3711 2619 ad
3759 2563 3854 2619 Pa-

2259 2662 2419 2709 trem.

2330 2765 2458 2821 212.
2499 2775 2524 2803 ι
2555 2764 2666 2823 Nec
2693 2782 2983 2823 vereamur
3008 2768 3131 2839 quia
3162 2777 3445 2839 acceptum
3475 2771 3739 2841 Spiritalis
3770 2787 3852 2843 pa-

2264 2850 2578 2915 trimonium
2614 2859 2895 2932 dignitatis
2927 2863 3160 2919 terrenis
3191 2862 3542 2936 prodegimus
3573 2868 3852 2938 voluptati—

2262 2950 2382 3018 bus,
2415 2953 2557 3024 qttod
2590 2952 2750 3007 Pater
2787 2953 2839 3008 in
2884 2953 3026 3009 ﬁlios
3063 2970 3221 3025 quem
3251 2954 3510 3026 habebat,
3550 2960 3849 3015 thesaurum

2259 3047 2508 3103 contulit.
2550 3030 2698 3103 Fidei
2746 3061 2947 3103 census
2988 3065 3279 3118 numquam
3327 3053 3638 3108 exiuanitur
3674 3073 3688 3108 :
3739 3055 3852 3112 licet

2265 3148 2431 3197 totum
2462 3140 2696 3206 dederit,
2731 3149 2903 3197 totum
2932 3143 3127 3210 habet;
3151 3144 3276 3215 quia
3309 3144 3453 3212 quod
3484 3145 3731 3215 donavit,
3754 3164 3849 3204 non

2263 3236 2483 3291 amittit.
2514 3235 2625 3292 Nec
2651 3252 2879 3293 vereare
2904 3280 2919 3304 ,
2948 3253 3015 3292 ne
3045 3249 3096 3293 te
3123 3253 3229 3293 non
3262 3240 3489 3312 recipiat
3520 3259 3535 3295 :
3570 3240 3692 3298 Non
3719 3246 3846 3299 enim

2261 3331 2544 3386 delectatur
2565 3330 2707 3385 Deus
2728 3332 3014 3403 perditione
3036 3335 3265 3388 vivorum
3289 3334 3443 3406 (Sap.
3475 3353 3515 3403 ι,
3541 3338 3629 3407 13)
3660 3356 3674 3393 :
3704 3341 3845 3395 etiam

2258 3440 2552 3480 occurrens
2582 3425 2817 3481 venienti
2849 3425 2945 3481 tibi
2971 3425 3130 3483 cadet
3149 3443 3316 3498 supra
3344 3430 3546 3486 collum
3575 3430 3847 3491 :Domintts

2258 3517 2401 3573 enim
2425 3519 2576 3589 erigit
2596 3519 2775 3574 allisos
2797 3518 2972 3590 (Psnl.
2989 3535 3145 3587 CXLV,
3166 3519 3243 3593 8).
3268 3520 3525 3578 Osculum
3547 3525 3700 3581 dabit
3721 3526 3846 3598 quod

2260 3610 2345 3668 est
2376 3612 2566 3682 pignus
2599 3606 2816 3681 pieiatis
2842 3621 2898 3666 et
2922 3612 3147 3668 amoris.
3174 3613 3407 3684 Stolam,
3437 3618 3723 3683 annulum,
3750 3621 3845 3689 cal-

2259 3710 2541 3760 ceamenta
2572 3703 3057 3775 proferrijubebit.
3092 3704 3174 3761 Tu
3219 3705 3399 3763 adhuc
3446 3708 3705 3781 injuriam
3745 3729 3844 3770 me-

2262 3801 2388 3866 tuis,
2423 3796 2451 3861 ἓ)
2484 3798 2574 3854 ille
2614 3798 2853 3855 restituit
2881 3796 3201 3869 dignitatem
3235 3819 3247 3855 :
3293 3811 3349 3857 tu
3395 3806 3725 3875 supplicium
3760 3823 3841 3864 ve-

2260 3893 2398 3949 reris
2426 3935 2440 3959 ,
2497 3891 2585 3949 ille
2626 3892 2885 3948 .osculum
2934 3892 3155 3950 defert:
3200 3903 3255 3950 tu
3310 3896 3615 3953 convicium
3665 3902 3840 3967 times,

2260 3987 2490 4044 adornat
2548 3986 2639 4043 ille
2668 3985 3008 4044 convivium:
3056 3988 3163 4047 Sed
3194 3989 3511 4064 jamjpsam
3546 3996 3841 4064 parabolatu

2257 4080 2632 4141 discutiamus.

2331 4186 2509 4255 iVers.
2538 4197 2626 4265 Η,
2662 4196 2776 4261 12.)
2804 4196 2975 4253 Homo
3002 4198 3215 4269 quidam
3238 4200 3416 4256 habuit
3446 4202 3579 4289 duos
3612 4206 3764 4269 ﬁlios.
3798 4216 3839 4262 et

2260 4293 2392 4349 dixit
2458 4290 2539 4348 illi
2584 4294 2957 4350 adolescentior
2997 4311 3011 4348 :
3054 4293 3137 4349 Da
3205 4297 3330 4353 mihi
3400 4299 3688 4370 portionem
3739 4301 3842 4356 8th-

2258 4389 2489 4446 stantite.

2327 4504 2460 4563 215.
2530 4503 2698 4562 Vides
2740 4504 2882 4577 quod
2928 4504 3174 4563 divinum
3227 4509 3617 4579 patrimonium
3675 4524 3841 4584 peten—

2260 4603 2402 4659 tibus
2433 4601 2612 4657 datur.
2650 4601 2761 4658 Nec
2800 4610 2954 4672 putes
2983 4602 3197 4673 culpam
3242 4606 3436 4674 patris.
3475 4608 3619 4679 quod
3650 4610 3839 4668 adoles-

626 4674 754 4732 209.
795 4676 1137 4738 Gaudeamos
1165 4681 1354 4754 igitur,
1385 4685 1639 4754 quoniam
1662 4687 1781 4742 ovis
1807 4686 1896 4743 illa
1920 4703 2041 4759 qua:
2066 4704 2159 4761 pe—
2185 4691 2235 4752 D
2262 4695 2491 4754 centiori
2539 4693 2689 4751 dedit
2718 4713 2730 4749 :
2767 4695 2913 4750 nulla
2956 4694 3053 4750 Dei
3102 4709 3271 4765 regno
3319 4674 3532 4754 inﬁrma
3576 4713 3729 4769 tetas,
3759 4716 3839 4760 nec

557 4766 723 4823 rierat
749 4769 802 4825 in
843 4770 1036 4838 Adam,
1075 4774 1284 4831 levatur
1323 4778 1375 4832 in
1413 4776 1649 4835 Christo.
1682 4780 2152 4852 ilttm'eriChristi,

556 4863 739 4918 crucis
778 4863 993 4921 brachia
1038 4878 1184 4925 sunt.
1229 4870 1347 4928 Illic
1391 4881 1610 4943 peccata
1651 4892 1771 4932 mea
1804 4878 2053 4950 deposui,
2100 4879 2153 4937 in

558 4955 647 5011 illa.
678 4957 905 5026 patibuli
928 4960 1126 5019 nobilis
1150 4971 1364 5021 cervice
1392 4968 1661 5039 requievi.
1683 4970 1811 5026 Ovis
1834 4972 1926 5029 illa
1952 4989 2155 5045 genere

558 5056 643 5103 est
664 5062 787 5117 una,
813 5064 919 5107 non
939 5054 1124 5122 specie
1150 5073 1164 5110 :
1194 5055 1386 5113 Omnes
1407 5061 1543 5114 enim
1570 5074 1729 5116 unum
1750 5080 1939 5133 corpus
1954 5083 2156 5134 summ,

553 5140 646 5196 sed
690 5143 854 5198 multa
903 5144 1128 5201 membra
1169 5147 1215 5220 tl
1241 5146 1360 5203 Cor.
1398 5165 1454 5218 Χ,
1500 5149 1625 5219 17);
1659 5162 1715 5210 et
1743 5138 1864 5211 ideo
1893 5158 2154 5228 scriptum

562 5302 660 5362 iure
681 5286 1138 5362 peccata_.‘Melius
1163 5287 1329 5346 Corb.
1357 5298 1413 5347 et
1442 5290 1533 5346 alii
1566 5290 1795 5362 aliquot,
1828 5292 2162 5353 irrationabi-

561 5359 865 5443 [ἱεμιηὸηιαεἱ
892 5358 945 5414 id
967 5369 1069 5444 est.
1120 5362 1286 5431 partis
1315 5363 1629 5444 inferioris,
1661 5358 1820 5435 quam
1854 5382 1960 5422 non
1994 5362 2163 5444 semei

559 5432 794 5508 animam
825 5431 1158 5508 δίψμΙίνίωιί
1188 5431 1724 5508 vocat'Ambrosius,
1765 5454 1889 5494 cum
1919 5433 2084 5508 supra
2109 5442 2162 5497 in

564 5502 782 5581 homhn:
819 5502 917 5581 tria
943 5504 1206 5581 agnoscit,
1237 5516 1444 5581 corpus,
1474 5502 1720 5574 animant,
1750 5518 1798 5564 et
1824 5502 2081 5581 spiritum.
2108 5514 2163 5571 In

559 5589 666 5650 quo
691 5573 1001 5650 Platonicos
1030 5576 1242 5650 videtur
1273 5573 1549 5645 imitatus;
1584 5595 1704 5633 nam
1734 5573 1992 5637 Pltotiuus
2022 5585 2165 5650 apud

563 5644 883 5702 Numenium
943 5647 1155 5702 dictitat
1221 5647 1493 5705 hominem
1537 5644 1852 5714 συνιστάναι
1892 5656 1944 5711 ἐκ
1981 5644 2167 5734 τρίῶν,

569 5723 831 5800 σὼμοετος.
862 5725 949 5778 καὶ
969 5727 1181 5800 ψυχῆς,
1200 5729 1289 5784 καὶ
1316 5735 1425 5784 νοῦς

641 5794 666 5834 ἀ
707 5794 782 5876 ita
816 5794 1647 5876 mssaceilit.omnes,excepta
1663 5804 1820 5876 Rom.
1845 5806 1997 5872 ;ba~c
2026 5807 2171 5864 enim
2274 5825 2570 5876 sustteusus
2617 5820 2912 5875 remaneat,
2941 5794 3065 5867 ideo
3094 5794 3223 5866 illud
3260 5827 3365 5868 non

2265 4787 2398 4845 ﬁdes
2423 4800 2679 4860 gravatur
2704 4790 2882 4846 annis.
2910 4787 3032 4861 ipse
3060 4799 3209 4847 certe
3238 4788 3582 4862 scjttdicavit
3603 4795 3837 4853 idoneum

2261 4881 2351 4950 qui
2378 4884 2646 4954 poposcit.
2674 4885 2851 4956 Atque
2888 4886 3097 4942 utinam
3127 4901 3233 4945 non
3263 4888 3586 4945 recessisset
3611 4904 3641 4942 a
3682 4900 3836 4961 patre,

2262 4972 2711 5045 impedimentum
2735 4978 3002 5033 nescisset
3020 4981 3198 5034 artatis
3232 4997 3244 5033 :
3274 4979 3366 5034 sed
3391 4989 3737 5051 posteaquam
3762 4984 3840 5037 do-

2265 5083 2411 5122 mum
2455 5070 2683 5141 patriam
2714 5071 3103 5143 derelinquens
3144 5074 3371 5144 peregre
3421 5073 3698 5143 proiectus
3746 5082 3831 5140 est,

2269 5173 2290 5202 ο
2321 5160 2485 5234 coepit
2526 5179 2707 5236 egere.
2758 5162 2946 5222 Merito
2976 5181 3110 5238 ergo
3149 5166 3398 5239 prodegit
3447 5167 3835 5252 patrimonium,

2302 5302 2421 5377 uod_
2431 5300 2588 5377 Pater
2611 5304 2665 5377 in
2694 5298 2894 5358 Filium
2920 5321 3073 5377 quem
3096 5305 3333 5374 habebat,
3350 5304 3653 5361 thesaurum
3681 5316 3839 5362 contu-

2289 5374 2348 5449 it.
2376 5373 2527 5449 idsi
2549 5376 2906 5449 enimsensus.
2932 5373 2967 5433 ’.
3011 5419 3025 5449 ε
3072 5418 3086 5431 .
3129 5395 3218 5432 nec
3239 5394 3444 5433 vereare
3464 5379 3588 5449 quia
3607 5391 3838 5447 acceptum

2268 5446 2937 5522 spi_ritalis_patrimonium
2987 5419 3254 5521 dignitatis
3305 5419 3521 5507 terrenis
3576 5419 3837 5522 prodegerit

2270 5516 2637 5593 voluptatibus,
2673 5536 2737 5572 ne
2767 5530 2813 5572 te
2838 5537 2939 5575 non
2963 5516 3194 5593 recipiat.

2344 5587 2372 5627 δ
2575 5590 2799 5657 aliquot.
2833 5584 3086 5648 errantem
3112 5594 3202 5647 ille
3221 5594 3446 5649 restituet
3476 5593 3729 5661 dignitati.

2348 5672 2369 5701 ε
2411 5658 2572 5728 prtt
2606 5678 2769 5735 egere,
2798 5664 2954 5735 deest
2992 5666 3042 5719 in
3074 5665 3324 5720 omnibus
3352 5678 3478 5719 mss.
3526 5658 3634 5721 Sed
3664 5683 3769 5723 cum
3793 5664 3834 5721 iu

2274 5735 2525 5789 omnibus
2552 5728 2683 5789 edit.
2718 5728 3002 5804 haheatitr,
3036 5751 3208 5804 eoque
3251 5734 3473 5805 dempto
3497 5751 3686 5794 sensus
3708 5737 3834 5810 quasi

3486 5811 3713 5867 tavimus
3740 5818 3835 5866 loco

567 5878 737 5935 totum
769 5870 949 5951 locum
982 5875 1203 5954 invertit
1232 5877 1284 5934 iu
1307 5870 1452 5938 hunc
1479 5870 1699 5968 modum
1729 5897 1740 5935 :
1770 5870 1881 5938 Nec
1909 5895 2172 5956 percutitur
2278 5870 2634 5965 movendum.
2666 5882 2871 5957 Quibus
2900 5870 3100 5947 tamen
3131 5884 3372 5966 potiores
3411 5870 3503 5947 hic
3543 5884 3837 5967 videbuntur
