4040 6492
196 397 364 457 1757
1197 395 1561 455 exeosmo
1598 382 1856 471 avsus.
1898 397 2051 455 sec.
2096 354 2254 457 Luc.
2297 399 2428 456 LIB.
2472 398 2586 457 vn.
3404 393 3545 454 1758

194 500 304 589 qui
340 522 590 577 recessit
616 521 684 576 ab
707 512 968 575 Ecclesia.
995 516 1352 588 Posteaquam
1374 517 1619 583 domum,
1651 514 1843 587 inquit,
1872 518 1928 580 Α
1954 525 2012 572 ut
2066 525 2306 574 ventrem
2335 530 2492 573 suum
2523 514 2813 589 impleant,
2836 530 3065 590 quorum
3100 515 3238 573 Deus
3260 527 3448 574 venter
3463 526 3552 576 est

201 615 483 682 patriam
512 613 921 682 derelinquens,
1951 610 2181 683 (Philip.
2211 627 2290 675 ιιι,
2330 611 2447 681 19).
2472 611 2604 679 Quis
2626 622 2809 667 autem
2839 611 3018 683 aptior
3045 609 3420 681 hujuscemodi
3450 610 3548 667 ho-
3573 590 3583 601 ’

288 707 501 781 (Vers.
532 707 647 779 l5.)
684 707 913 779 Peregre
957 708 1219 779 profectus
1247 715 1322 760 est
1350 704 1406 759 in
1434 702 1694 778 regionem
1726 702 1842 757 lon-
1949 704 2189 758 minibus
2219 704 2393 768 cibus,
2425 719 2587 775 quam
2615 704 2662 758 is
2694 704 2785 775 qui
2813 704 3023 775 siliquae
3053 702 3218 759 modo
3249 704 3393 759 intus
3418 704 3534 760 ins-

201 800 520 872 ginquam.
1948 798 2055 859 nis.
2088 797 2217 853 foris
2253 798 2435 853 mollis
2460 810 2545 854 est
2575 816 2589 852 :
2631 813 2741 870 quo
2765 812 2964 869 corpus
2997 814 3102 854 non
3136 797 3407 866 reficitur,
3448 797 3549 858 sed

285 896 441 953 214.
486 894 626 964 Quid
656 896 802 952 enim
839 892 1189 966 longinquius
1217 907 1377 962 quam
1408 905 1435 944 a
1465 904 1523 946 se
1552 887 1840 956 recedere;
1947 891 2223 962 impletur;
2249 901 2304 946 ut
2334 889 2395 945 fit
2415 892 2586 961 magis
2611 892 2789 963 oneri,
2822 908 2980 963 quam
3010 892 3174 948 usui?

201 1004 324 1045 nec
360 990 713 1062 regionibus,
751 988 850 1045 sed
893 980 1137 1044 moribus
1169 986 1452 1056 separari:
1501 981 1699 1038 studiis
1726 981 1845 1036 dis-
2015 983 2145 1039 218.
2179 985 2208 1026 b
2251 983 2393 1040 Sunt
2433 985 2524 1055 qui
2574 999 2770 1055 porcos
2815 985 3087 1057 accipiant
3139 1000 3242 1056 pro
3294 986 3548 1058 gregibus

200 1092 453 1139 cretum
482 1099 630 1147 esse,
674 1098 781 1137 non
813 1082 977 1138 terris
1013 1098 1029 1141 :
1064 1091 1119 1136 et
1142 1078 1294 1151 quasi
1325 1076 1590 1133 interfuso
1620 1075 1848 1130 luxuria:
1947 1077 2279 1143 daemonum,
2315 1076 2540 1147 siliquas
2567 1092 2667 1149 pro
2696 1078 2824 1134 exili
2858 1079 3062 1134 virtute
3097 1078 3336 1137 inanium
3370 1078 3549 1134 homi-

203 1178 527 1234 saecnlaris
554 1186 715 1245 a-stu,
739 1185 764 1214 η
796 1177 1030 1232 divortia
1059 1174 1263 1231 habere
1303 1170 1843 1228 factorumetenim
1949 1187 2110 1237 num,
2169 1184 2589 1241 sermonumque
2634 1169 2923 1240 iactantia,
2972 1170 3064 1242 qui
3104 1169 3241 1226 nihil
3289 1171 3552 1241 prodesse

206 1269 319 1340 qui
346 1285 416 1324 se
468 1288 497 1325 a
526 1269 750 1324 Christo
779 1278 1015 1339 separat,
1046 1267 1199 1323 exsul
1240 1276 1325 1322 est
1352 1264 1562 1334 patrias,
1596 1264 1737 1320 civis
1762 1270 1847 1319 est
1950 1274 2197 1337 possunt,
2230 1264 2377 1320 inani
2418 1263 2648 1336 quadam
2690 1262 3051 1336 philosophiae
3093 1264 3436 1332 seductione,
3494 1275 3551 1321 et

1949 1358 2182 1429 quodam
2241 1371 2443 1413 sonoro
2504 1355 2770 1413 facundia:
2821 1356 3010 1425 plausu
3069 1373 3321 1428 pompam
3374 1358 3549 1429 magis

1948 1467 2108 1521 quam
2159 1450 2444 1506 utilitatem
2488 1449 2725 1519 aliquam
2786 1448 3248 1507 demonstrantes.
3291 1451 3400 1508 Sed
3431 1451 3552 1509 hace

1949 1543 2204 1599 diuturna
2233 1543 2630 1599 oblectamenta
2659 1555 2784 1597 esse
2811 1556 2919 1597 non
2945 1550 3195 1613 possunt;
3224 1554 3281 1598 et
3308 1542 3456 1608 ideo.

2020 1637 2149 1692 219.
2175 1634 2344 1691 Nemo
2373 1635 2452 1690 illi
2482 1634 2668 1699 dabat;
2700 1641 2818 1689 erat
2840 1632 2986 1688 enim
3029 1633 3084 1689 in
3115 1634 3340 1705 regione
3384 1633 3554 1700 illius,

210 1362 462 1418 mundi.
495 1364 604 1419 Sed
631 1379 728 1418 nos
757 1379 861 1417 non
888 1378 1067 1417 sumus
1109 1360 1318 1414 advenae
1356 1370 1511 1429 atque
1564 1358 1845 1429 peregrini,

209 1442 320 1510 sed
355 1458 509 1511 cives
551 1458 728 1511 sumus
757 1464 1075 1520 sanctorum,
1109 1462 1157 1508 et
1194 1452 1463 1507 domestici
1489 1448 1586 1506 Dei
1624 1449 1847 1520 (Ephes.

204 1565 282 1613 ιι,
318 1549 428 1622 19)
461 1567 477 1617 ;
510 1550 602 1621 qui
645 1551 791 1604 enim
824 1562 1042 1604 eramus
1085 1547 1266 1617 longe,
1296 1545 1426 1602 facti
1453 1560 1645 1600 sumus
1682 1559 1850 1616 prope

213 1647 276 1700 in
331 1648 617 1718 sanguine
648 1646 854 1701 Christi
892 1644 1080 1716 (lbid.,
1114 1643 1227 1716 15).
1260 1643 1379 1700 Νοιι
1409 1642 1751 1699 invideamus
1778 1641 1849 1698 de

216 1739 543 1810 longinqua
576 1739 801 1809 regione
824 1738 1226 1803 remeantibus;
1260 1740 1384 1808 quia
1417 1745 1474 1793 et
1500 1752 1600 1792 nos
1639 1735 1842 1791 fuimus

1975 1729 2043 1799 tui
2075 1727 2348 1785 neminem
2378 1727 2581 1792 habet;
2612 1727 2736 1797 quia
2768 1739 2865 1782 eos
2901 1726 2993 1796 qui
3029 1734 3180 1791 sunt,
3221 1740 3329 1781 non
3366 1723 3550 1781 habet.

215 1831 275 1885 in
338 1833 580 1899 regione
638 1832 951 1902 longinqua,
998 1831 1141 1887 sicut
1185 1831 1374 1886 Esaias
1413 1832 1571 1885 docet
1608 1828 1843 1884 dicens:
1951 1825 2154 1878 Omnes
2202 1824 2401 1893 quippe
2438 1830 2631 1891 gentes
2687 1820 2739 1875 in
2776 1818 2948 1874 nihilo
2991 1818 3331 1873 (estitnantur
3375 1815 3551 1888 (Esai.

219 1916 463 1996 1563
512 1922 620 1992 Qui
670 1923 913 1979 sedebant
960 1923 1015 1978 in
1042 1924 1253 1994 regione
1283 1923 1476 1977 umbrae
1515 1922 1715 1987 mortis,
1757 1922 1850 1976 lux
1877 1908 1926 1980 Β
1953 1932 2047 1982 χι,
2077 1913 2168 1985 15)
2202 1931 2216 1968 :
2250 1915 2399 1969 solus
2419 1925 2601 1968 autem
2634 1912 2780 1967 Deus
2800 1920 2885 1968 est
2908 1911 3003 1983 qui
3025 1910 3259 1965 vivilicat
3281 1918 3553 1976 mortuos,

211 2025 343 2071 orta
374 2026 459 2071 est
488 2016 594 2071 illis
620 2015 798 2087 (Esai.
828 2031 902 2082 Ix,
927 2016 1007 2088 2).
1035 2017 1206 2088 Regio
1226 2031 1357 2088 ergo
1386 2016 1700 2087 longinqua,
1731 2029 1851 2070 um—
1954 2008 2023 2064 Et
2076 2018 2220 2064 vocat
2255 2024 2371 2081 quia
2408 2024 2511 2062 non
2547 2017 2697 2075 sunt,
2735 2016 2996 2077 tamquam
3038 2014 3320 2076 quauunt
3357 2004 3549 2076 (liam.

217 2109 327 2165 bra
358 2118 456 2166 est
488 2111 684 2165 mortis
714 2129 727 2166 :
759 2126 859 2167 nos
885 2121 1093 2178 autem,
1126 2110 1325 2182 quibus
1354 2110 1579 2180 spiritus
1603 2116 1731 2164 ante
1769 2109 1849 2162 fa-
1955 2121 2029 2173 tv,
2065 2102 2183 2175 17).

214 2203 373 2258 ciem
429 2203 692 2260 Christus
747 2217 831 2260 est
889 2205 1148 2260 Dominus
1177 2246 1209 2270 ,,
1244 2206 1296 2259 in
1349 2203 1541 2259 umbra
1613 2202 1852 2259 vivimus

216 2293 472 2351 Christi.
510 2298 575 2351 Et
605 2292 729 2353 ideo
766 2297 900 2353 dicit
930 2296 1177 2353 Ecclesia
1208 2314 1221 2351 :
1263 2294 1331 2352 In
1358 2297 1541 2352 umbra
1583 2300 1695 2372 ejus
1722 2313 1851 2351 cou-

217 2389 437 2455 cupivi,
469 2398 519 2444 et
549 2388 660 2443 sedi
689 2387 861 2460 (Cant.
896 2405 957 2455 ιι,
1000 2388 1082 2461 5).
1120 2388 1219 2445 Ille
1246 2390 1407 2461 igitur
1431 2390 1661 2451 vivendo
1693 2390 1852 2444 luxu-

219 2481 388 2536 riose
418 2482 766 2552 consumpsit
796 2481 979 2537 omnia
998 2493 1322 2537 ornamenta
1350 2493 1576 2537 naturae.
1611 2481 1767 2539 Unde
1798 2490 1854 2537 tu

217 2576 320 2642 qui
348 2575 625 2646 accepisti
673 2578 965 2647 imaginem
1032 2576 1151 2642 Dei,
1204 2579 1295 2645 qui
1337 2576 1504 2633 habes
1541 2573 1871 2633 similitudi:

144 2732 153 2740 ί
220 2682 361 2721 nem
393 2666 544 2749 ejus,
569 2666 681 2722 noli
702 2683 823 2723 eam
854 2668 1214 2749 inrationabili
1245 2669 1489 2725 foeditate
1509 2684 1853 2725 consumere.

220 2756 391 2828 Opus
442 2748 539 2813 Dei
575 2774 657 2823 es,
703 2758 819 2813 noli
865 2758 1011 2829 ligno
1051 2759 1238 2816 dicere
1266 2777 1281 2813 :
1314 2760 1474 2815 Pater
1521 2778 1662 2816 meus
1707 2780 1762 2818 es
1801 2774 1858 2818 tu

227 2847 568 2927 (Jerem..n,
602 2850 730 2922 27);
766 2867 832 2906 ne
854 2850 1090 2921 accipias
1121 2850 1531 2908 similitudinem
1566 2852 1858 2923 ligni;quia

224 2944 519 3013 scriptum
549 2953 632 2999 est
662 2961 676 2998 :
709 2942 921 3001 Similes
947 2944 1075 3014 ﬁunt
1102 2946 1227 3012 illis,
1257 2946 1344 3017 qui
1370 2945 1566 3017 faciunt
1596 2963 1656 3002 ea
1682 2946 1856 3018 (Psal.
1913 2945 1922 2956 ’

226 3053 392 3103 cxtn,
430 3034 514 3108 8).

2026 2200 2206 2271 (Vers.
2236 2198 2351 2270 l7.)
2383 2194 2450 2253 In
2476 2214 2529 2253 se
2558 2207 2731 2253 autent
2758 2211 2990 2252 reversus
3011 2194 3141 2251 dixit
3173 2209 3192 2249 :
3221 2193 3439 2262 Quantis
3462 2209 3559 2265 pa-

1956 2296 2105 2351 nibus
2135 2294 2433 2350 mercenarii
2466 2294 2628 2365 patris
2647 2292 2746 2346 mei
2770 2289 3066 2347 abundant!

2026 2390 2153 2446 220.
2198 2390 2344 2446 Bene
2373 2390 2425 2445 in
2448 2403 2507 2443 se
2526 2388 2839 2453 revertitur,
2869 2386 3014 2456 quia
3037 2400 3097 2442 se
3128 2386 3383 2441 recessit.
3419 2383 3548 2439 Ete-

1958 2485 2068 2540 nim
2128 2485 2219 2555 qui
2270 2483 2334 2537 ad
2374 2483 2662 2539 Dominum
2701 2480 3027 2550 regreditur,
3074 2495 3135 2535 se
3179 2478 3282 2534 sibi
3332 2460 3556 2534 reddit:

1965 2575 2178 2650 1m
2202 2583 2259 2632 et
2280 2576 2369 2647 qui
2395 2574 2601 2632 recedit
2623 2590 2654 2629 a
2682 2572 2926 2641 Christo,
2947 2588 3007 2629 se
3030 2572 3133 2628 sibi
3161 2571 3398 2627 abdicat.
3422 2570 3564 2626 Mer-

1961 2671 2166 2726 ceuarii
2205 2680 2385 2724 autem
2428 2669 2521 2740 qui
2555 2677 2704 2734 sunt,
2738 2667 2840 2723 nisi
2875 2668 2965 2737 qui
2996 2666 3063 2722 ad
3105 2665 3411 2722 mercedem
3445 2678 3564 2720 ser-

1961 2764 2138 2828 vium,
2184 2762 2274 2832 qui
2313 2771 2440 2817 sunt
2481 2776 2551 2817 ex
2592 2759 2782 2828 Israel,
2824 2776 2932 2814 non
2983 2759 3036 2814 id
3066 2757 3210 2829 quod
3237 2757 3439 2813 bonum
3477 2763 3564 2813 est

1963 2857 2249 2930 probitatis
2298 2855 2479 2911 studio
2528 2863 2939 2925 persequentes,
2987 2866 3089 2908 nec
3114 2852 3330 2907 virtutis
3359 2856 3558 2921 gratta,

1964 2951 2061 3007 sed
2095 2951 2344 3006 utilitatis
2391 2948 2569 3005 studio
2617 2947 2940 3019 provocati?
2981 2946 3051 3003 At
3099 2961 3232 3003 vero
3280 2944 3423 3000 filius
3467 2943 3561 3015 qui

1967 3045 2131 3101 habet
2159 3043 2395 3115 Spiritus
2417 3042 2590 3098 sancti
2615 3041 2808 3112 pignus
2836 3042 2888 3095 iu
2915 3040 3102 3108 corde,
3131 3038 3408 3095 saecularis
3424 3052 3569 3092 mer-

309 3127 511 3202 (Vers.
546 3128 665 3203 14.)
695 3127 864 3187 Facta
893 3143 969 3187 est
998 3136 1158 3204 [alites
1189 3150 1281 3203 per
1309 3135 1573 3206 regionem
1597 3134 1761 3189 illam.
1965 3138 2117 3195 cedis
2142 3147 2164 3176 ο
2196 3137 2387 3191 Iucella
2417 3149 2522 3191 non
2549 3134 2765 3205 quaerit,
2799 3133 2992 3204 quibus
3020 3132 3245 3189 serviat.
3296 3128 3556 3186 llaaredes

305 3222 451 3278 215.
488 3222 684 3281 Fames
717 3238 827 3281 non
859 3226 1169 3297 epularum,
1204 3226 1300 3283 sed
1330 3226 1598 3283 bonorum
1632 3243 1861 3299 operum
1967 3243 2094 3287 sunt
2143 3227 2304 3286 etiam
2350 3228 2671 3284 mercenarii
2701 3226 2791 3298 qui
2825 3225 3203 3281 conducuntur
3228 3222 3296 3278 ad
3323 3222 3557 3278 vineam.

230 3324 413 3387 atque
450 3317 737 3384 virtutum,
764 3334 884 3390 quae
909 3328 1038 3375 sunt
1068 3320 1466 3376 miserabiliora
1483 3320 1711 3392 jejunis.
1735 3320 1864 3377 Ete-
1890 3312 1937 3379 C
1968 3324 2153 3379 Bonus
2196 3322 2563 3377 mercenarius
2604 3321 2819 3387 Petrus,
2851 3318 3114 3385 Joannes,
3152 3316 3409 3382 Jacobus,
3439 3315 3565 3386 qui-

233 3409 357 3463 nitn
391 3407 492 3481 qui
518 3408 723 3465 recedit
750 3426 778 3464 a
802 3404 971 3467 verbo
998 3406 1116 3477 Dei,
1149 3415 1318 3468 esurit
1342 3429 1355 3466 :
1392 3413 1525 3483 Quia
1554 3432 1653 3469 non
1681 3416 1863 3472 insolo
1968 3419 2069 3475 bus
2095 3417 2293 3473 dicitur
2319 3434 2332 3471 :
2377 3415 2573 3481 Venite,
2589 3425 2635 3471 et
2665 3416 2856 3486 faciam
2884 3429 2970 3471 vos
2992 3414 3276 3483 piscatores
3301 3410 3565 3465 hominum

235 3521 380 3571 pane
405 3503 531 3558 vivit
556 3504 729 3567 homo,
763 3496 853 3559 sed
880 3505 933 3560 in
965 3508 1103 3560 onmi
1127 3507 1278 3562 verbo
1309 3505 1410 3563 Dei
1438 3508 1651 3580 (Matth.
1678 3512 1751 3576 iv,
1779 3506 1857 3574 ι).

235 3597 347 3666 Qui
414 3597 624 3651 recedit
660 3614 689 3653 a
714 3594 885 3664 fonte,
922 3598 1075 3655 sitit:
1113 3599 1207 3672 qui
1245 3600 1451 3657 recedit
1491 3618 1521 3657 a
1569 3602 1859 3672 thesauro,

237 3699 371 3761 eget
410 3706 425 3743 :
463 3690 555 3760 qui
585 3680 789 3746 recedit
817 3706 844 3744 a
874 3690 1163 3763 sapientia,
1210 3676 1496 3750 hebetatur
1535 3713 1547 3749 :
1580 3694 1672 3764 qui
1713 3711 1865 3752 rece-

239 3781 369 3836 dita
391 3780 973 3847 virtute,dissolvitur.
995 3768 1187 3838 Merito
1204 3798 1336 3855 ergo
1357 3786 1460 3840 iste
1484 3796 1647 3857 egere
1672 3788 1863 3857 C(Bpil,

241 3874 380 3943 quia
450 3871 735 3929 thesauros
781 3873 1065 3945 sapientiae
1129 3880 1202 3932 et'
1238 3877 1483 3933 scientia:
1541 3877 1659 3945 Dei,
1720 3878 1862 3933 divi-

248 3969 570 4038 tiarumquc
615 3969 926 4024 cmlestium
956 3969 1301 4027 altitudinem
1348 3972 1661 4044 dereliquit.
1689 3973 1865 4044 Egere

254 4077 396 4130 ergo
427 4061 550 4117 ideo
586 4062 773 4132 coapit,
798 4075 845 4117 et
880 4062 1083 4119 famem
1117 4067 1250 4135 pati,
1295 4067 1422 4137 quia
1457 4068 1595 4122 nihil
1627 4068 1865 4138 prodigae

249 4157 394 4211 satis
428 4165 511 4210 est
547 4156 833 4228 Voluptati.
868 4157 1099 4228 Semper
1145 4152 1346 4216 famem
1389 4162 1591 4233 patitur
1618 4165 1727 4228 sui,
1773 4161 1865 4233 qui

251 4246 541 4303 alimentis
571 4249 848 4317 perpetuis
871 4250 1051 4323 nescit
1078 4249 1312 4322 impleri.

332 4337 523 4410 (Vers.
555 4337 670 4411 15.)
694 4334 829 4394 Abiit
850 4340 1045 4411 itaque,
1070 4351 1117 4395 et
1139 4339 1360 4396 adhaesit
1387 4343 1480 4398 uni
1509 4342 1717 4398 ciuiuus.

330 4432 469 4489 ste.
518 4414 619 4502 Qui
661 4434 806 4489 enim
846 4436 1036 4501 haeret,
1064 4435 1116 4490 in
1148 4422 1346 4507 laqueo
1374 4447 1477 4494 est.
1530 4437 1601 4493 Et
1652 4438 1867 4497 videtur

255 4524 400 4582 civis
447 4524 547 4583 iste
596 4528 849 4599 princeps
893 4546 1014 4587 esse
1054 4529 1209 4587 iStius
1250 4534 1457 4591 mundi.
1500 4533 1746 4607 Denique
1795 4537 1863 4594 ad

259 4620 447 4675 villam
505 4622 620 4701 ejus
664 4620 906 4701 mittitur
965 4640 1125 4696 quam
1178 4624 1345 4697 emit,
1400 4628 1492 4699 qui
1547 4638 1781 4686 excusat
1828 4647 1859 4688 a

1968 3512 2187 3586 (Matth.
2216 3526 2288 3577 tv,
2318 3507 2429 3580 l9).
2460 3509 2554 3566 Isti
2596 3525 2703 3565 non
2741 3507 2978 3578 siliquis,
3000 3504 3097 3560 sed
3133 3503 3362 3574 panibus
3387 3502 3562 3557 abun-

1965 3608 2119 3662 dant.
2156 3606 2398 3675 Denique
2439 3604 2774 3675 collegerunt
2826 3603 3255 3670 fragmentornm
3297 3596 3565 3667 cophinos

1965 3700 2250 3757 duodecim
2277 3696 2494 3772 (Matth.
2535 3714 2646 3763 xw,
2672 3694 2786 3767 2ο).
2813 3695 2856 3750 Ο
2884 3693 3113 3750 Domine
3141 3691 3295 3759 Jesu,
3332 3691 3377 3745 si
3409 3688 3565 3745 nobis

1966 3795 2182 3850 auferas
2217 3793 2465 3865 siliquas,
2498 3800 2555 3847 et
2579 3806 2745 3862 panes
2774 3790 3012 3847 tribuas!
3055 3788 3137 3844 Tu
3169 3786 3314 3842 enim
3344 3784 3568 3855 dispen—

1966 3897 2114 3941 sator
2141 3887 2193 3939 iu
2222 3884 2383 3939 domo
2412 3900 2472 3939 es
2499 3884 2696 3939 Patris.
2729 3883 2774 3938 Ο
2799 3883 2842 3937 si
2878 3896 2978 3936 nos
3016 3895 3235 3952 quoque
3282 3891 3570 3933 mercena—

1969 3980 2081 4033 rios
2130 3976 2371 4045 digneris
2410 3976 2739 4042 conducere,
2770 3976 2894 4031 licet
2927 3989 3054 4030 sero
3080 3973 3399 4028 venientes!
3432 3969 3568 4025 Nam

1967 4083 2021 4129 et
2045 4071 2331 4127 undecima
2360 4069 2620 4127 conducis
2657 4069 2785 4124 liora
2821 4067 3036 4141 (Matth.
3064 4083 3160 4136 xx,
3186 4066 3266 4134 9),
3298 4072 3355 4121 et
3380 4080 3568 4135 a‘qna-

1969 4165 2073 4219 lem
2104 4164 2343 4235 dignaris
2370 4162 2680 4221 mercedem
2708 4163 2944 4224 solvere,
2969 4160 3233 4230 aequalem
3259 4156 3567 4215 mercedem

1968 4259 2115 4326 vitae,
2151 4273 2258 4313 non
2285 4257 2507 4329 gloriae;
2552 4272 2728 4328 neque
2756 4257 2904 4311 enim
2943 4255 3196 4311 omnibus
3221 4254 3463 4324 reposita
3488 4260 3573 4308 est

1946 4352 2439 4424 rcoronajustitite,
2482 4352 2578 4408 sed
2608 4352 2659 4408 ei
2682 4351 2771 4423 qui
2797 4357 2978 4422 potest
3014 4349 3202 4405 dicere
3235 4365 3249 4404 :
3299 4345 3573 4403 Certamen

1966 4448 2154 4503 bonum
2182 4445 2371 4501 certari
2395 4444 2484 4519 (Il.
2509 4444 2646 4501 Tim.
2679 4460 2754 4511 tv,
2790 4442 2871 4514 7.)

2037 4539 2165 4594 221.
2198 4538 2352 4607 Quod
2402 4517 2526 4594 ideo
2569 4552 2675 4594 non
2709 4517 3240 4609 praetermittendum
3270 4532 3573 4589 arbitratus

1966 4646 2107 4699 sum,
2134 4635 2259 4703 quia
2291 4632 2406 4687 scio
2432 4630 2695 4701 quosdam
2752 4628 2938 4684 dicere
2986 4626 3132 4699 quod
3163 4622 3190 4663 δ
3223 4624 3292 4682 ad
3340 4633 3574 4680 mortem

258 4707 456 4784 "8"0-
508 4698 571 4768 Et
618 4710 796 4785 Ρὲεοίί
825 4720 1069 4789 POI‘COSf
1114 4717 1237 4775 illos
1281 4721 1469 4793 utique
1518 4721 1571 4778 in
1601 4739 1736 4795 quos
1777 4710 2075 4795 pe-Dsibi
2131 4698 2333 4782 lavacri
2385 4698 2614 4797 gratiam
2641 4766 2658 4793 ,
2715 4724 2799 4780 vel
2852 4720 3228 4794 paenitentiam
3261 4728 3569 4777 reservent.

263 4806 330 4860 tit
357 4806 609 4863 diabolus
639 4810 887 4878 introire,
921 4829 1059 4884 quos
1089 4815 1395 4886 praecipitat
1434 4818 1487 4872 in
1521 4834 1674 4874 mare
1707 4820 1866 4877 istius

267 4898 481 4966 mundi,
504 4902 558 4956 in
589 4886 841 4961 sdrdibus
869 4921 933 4961 ac
958 4905 1130 4963 fetore
1151 4911 1419 4965 viventes.

340 4991 521 5068 (Vers.
551 4992 662 5068 16.)
689 4995 755 5051 Ει
785 4998 1039 5072 cupiebat,
1068 4998 1266 5072 inquit,
1291 5002 1498 5073 siliquis
1520 5005 1734 5076 implere
1748 5022 1867 5064 ven-

272 5096 402 5143 trem
429 5105 599 5145 suum.

339 5174 468 5237 2n.
514 5168 703 5255 Neque
744 5183 887 5239 enim
926 5183 1030 5240 alia
1081 5198 1213 5243 cura
1260 5197 1345 5244 est
1398 5186 1720 5263 luxuriosis,
1760 5198 1865 5255 nisi

268 5340 407 5401 mss.
449 5325 1187 5401 subintelligere_p0terunt,
1241 5330 1667 5401 impedimentum
1708 5339 1863 5393 sensit

266 5398 464 5461 atatis,
495 5396 578 5451 vel
620 5397 755 5474 quid
777 5397 995 5474 simile;
1022 5399 1122 5474 nisi
1174 5414 1273 5470 pro
1298 5396 1656 5474 derelinquens
1707 5406 1864 5465 malis

267 5483 425 5593 eum,
449 5469 846 5524 recentioribus
887 5469 1209 5540 quibusdam
1258 5487 1391 5529 mss.
1439 5469 1661 5545 legere,
1717 5480 1864 5535 dere-

292 5556 401 5593 aaut
432 5580 447 5593 .

292 5549 447 5610 iquit.

344 5619 371 5648 α
415 5612 572 5665 ltom.
602 5610 733 5667 edit.
764 5612 902 5675 sola,
936 5610 1161 5664 divortia
1188 5608 1373 5666 habere
1392 5626 1705 5674 sanctorum.

343 5676 374 5718 ιι
413 5681 536 5735 ηδε.
574 5682 836 5751 plerique,
870 5683 1007 5748 Sunt
1032 5684 1119 5750 qui
1155 5683 1370 5752 siliquas
1400 5690 1672 5751 scernlnria
1714 5693 1864 5750 νει-Μ

274 5753 587 5823 signiﬁcent,
613 5770 817 5833 porcos,
848 5768 979 5820 etc.,
1035 5754 1140 5809 Alii
1171 5765 1220 5809 et
1244 5769 1433 5811 omnes
1456 5759 1587 5815 edit.
1616 5760 1750 5818 Sunt
1778 5766 1864 5833 qui

274 5838 479 5896 porcos,
508 5839 613 5885 etc.
648 5831 869 5899 Melius;
935 5844 1099 5903 voces
1127 5834 1287 5903 enim,
1319 5840 1441 5903 qua:
1472 5835 1524 5888 in
1575 5833 1659 5889 his
1705 5831 1864 5894 omit-

277 5907 488 5985 tantur,
532 5904 689 5986 plane
714 5906 962 5977 redolent
983 5902 1499 5991 interpolationetnd
1531 5908 1768 5997 ipsaeque
1803 5910 1861 5980 iu

1975 4821 2212 4877 Primum
2241 4821 2334 4891 qui
2362 4819 2472 4876 scis
2500 4834 2566 4874 an
2599 4827 2758 4874 nocte
2783 4817 3048 4888 proxima,
3083 4826 3170 4871 tua
3224 4830 3255 4870 a
3306 4823 3359 4870 te
3386 4812 3569 4869 anima
3674 4827 3681 4833 ‘

1970 4922 2298 4985 reposcatur
2318 4913 2340 4967 ἲ
2360 4898 2567 4968 Deinde
2593 4926 2694 4967 cur
2725 4910 3068 4980 putasotioso
3100 4908 3193 4964 tibi
3209 4907 3388 4963 omnia
3414 4921 3572 4978 posse
3654 4924 3659 4929 '

1968 5007 2170 5064 deferri
2193 5010 2216 5061 ἶ)
2238 5007 2387 5063 Pone
2412 5023 2574 5063 unam
2602 5007 2852 5077 gratiam,
2887 5020 3048 5059 unam
3073 5019 3195 5061 esse
3228 5002 3568 5069 mercedem;

1969 5102 2246 5159 diversum
2302 5111 2487 5157 tamen
2533 5099 2780 5156 hravium
2810 5097 3055 5154 victoria:
3089 5105 3205 5162 est,
3238 5095 3304 5152 ad
3335 5095 3478 5167 quod
3509 5110 3571 5150 se

1969 5215 2077 5255 non
2108 5196 2305 5254 frustra
2333 5195 2534 5255 Paulus
2555 5193 2822 5260 extendit,
2850 5192 2942 5265 qui
2968 5201 3092 5265 post
3118 5190 3425 5248 mercedem
3444 5205 3572 5261 gra-

1967 5347 2173 5396 textum
2224 5350 2254 5389 e
2310 5332 2554 5402 margine
2598 5333 2667 5388 ab
2696 5330 2949 5402 imperito
2988 5327 3255 5399 scriptore
3287 5326 3571 5383 transferri

1969 5410 2463 5478 facilepntnerunt.
2594 5474 2622 5478 __
2697 5473 2709 5478 Α
2834 5444 2841 5455 .

2041 5494 2062 5520 c
2103 5468 2179 5534 n2.
2210 5491 2302 5530 sex
2337 5490 2466 5529 mss.
2501 5473 2743 5529 melioris
2770 5483 2932 5528 notae.
2960 5471 3085 5533 Alii,
3111 5480 3167 5525 et
3192 5483 3382 5525 omnes
3406 5468 3565 5535 edit.,

1964 5549 2153 5608 lucella
2180 5546 2427 5609 (Aruerb.
2461 5555 2512 5599 et
2538 5546 2691 5615 pauci
2717 5558 2873 5607 mss.,
2907 5544 3211 5615 buccellam)
3230 5557 3331 5615 non
3359 5542 3565 5609 quwrit,

1964 5625 2084 5696 quia
2127 5624 2400 5696 iusserunt
2436 5611 2669 5671 hwredis.
2701 5616 2876 5671 Minus
2898 5613 3203 5681 commode,
3222 5621 3278 5665 ιιι
3302 5611 3565 5667 lecturum

1968 5687 2128 5751 nemo
2157 5687 2494 5746 diffitebitur.

2040 5767 2066 5806 ά
2107 5760 2385 5836 Frequens
2425 5778 2487 5816 ac
2539 5758 2819 5816 familiaris
2864 5754 2967 5815 fuit
2997 5754 3074 5836 (ea
3112 5753 3341 5836 querela
3363 5752 3570 5836 sanctis

1982 5826 2246 5910 ratribus
2306 5856 2387 5898 um
2403 5842 2604 5899 utinam
2621 5854 2802 5900 nostra
2818 5846 2974 5896 :rtate
2991 5835 3045 5891 in
3062 5827 3379 5908 poenitentia
3395 5826 3570 5907 multq

1961 5856 2248 5993 rumorem
2267 5858 2460 5997 locum
2481 5928 2592 5987 non
2618 5912 2889 5991 inveniret
2914 5911 2929 5975 l
3355 5910 3359 5921 '

1988 5915 2248 5999 ustiorem
2278 5911 2460 5997 locum
2481 5928 2592 5987 non
2618 5912 2889 5991 inveniret
2914 5911 2929 5975 l

1974 6000 1977 6007 [
