4186 6358
456 216 600 277 1759

455 425 681 500 (Philip.
714 446 919 496 χχχιιι,
951 429 1073 500 14);
1097 431 1222 502 quia
1252 431 1458 487 sciebat
1488 434 1590 487 etsi
1618 446 1714 501 par
1741 438 1888 486 esset
1915 445 2058 484 mer-

453 523 792 592 ccsgratize,
821 523 1055 593 palmam
1091 532 1270 580 tamen
1303 539 1425 580 esse
1451 539 1771 594 paucorum.

527 613 656 670 222.
702 615 767 670 Et
795 617 1050 687 quoniam
1083 619 1134 672 in
1168 617 1378 673 vineam
1415 617 1628 672 Domini
1658 619 1927 682 venimus,
1949 631 2056 670 non

453 708 608 762 vacui
643 706 963 764 recedamus
987 726 1002 764 :
1023 709 1175 778 juvat
1205 711 1350 766 enim
1383 709 1587 764 fructus
1615 709 1815 780 legere,
1848 725 2057 763 merce-

459 799 649 855 naries
677 799 798 871 ejus
825 801 1030 858 videre.
1064 801 1201 871 Quid
1225 804 1370 858 enim
1395 802 1495 856 sibi
1526 805 1640 857 vult
1669 801 1811 871 quod
1846 818 1949 857 una
1971 800 2060 858 die

456 889 692 947 diversis
735 892 886 948 horis
931 894 1314 951 conducuntur
1362 895 1599 965 cperarii
1650 893 1869 966 (Matth.
1901 910 1993 957 xx,
2030 894 2056 948 1

458 994 508 1040 et
539 982 698 1053 seq.),
750 987 854 1042 nisi
907 987 1030 1059 quia
1075 987 1220 1042 mille
1239 989 1362 1042 anni
1383 988 1439 1042 in
1469 988 1635 1041 oculis
1660 986 1900 1055 Domini,
1929 987 2062 1041 sicut

457 1075 569 1133 dies
597 1076 835 1133 hesterna
890 1096 1006 1150 qua
1045 1081 1315 1150 praeteriit,
1361 1092 1409 1134 ct
1457 1081 1585 1134 liora
1614 1081 1666 1134 in
1697 1070 1843 1134 nocte
1883 1078 2059 1151 (Psal.

461 1184 695 1237 usus,
721 1171 964 1249 t)?Qu:e
995 1187 1077 1228 ρει
1104 1189 1232 1240 nox,
1263 1175 1367 1229 nisi
1395 1190 1516 1246 qua:
1535 1175 1838 1245 praecessit,
1868 1186 1925 1227 ut
1946 1173 2064 1228 dies

461 1267 975 1339 appropinquaret?
1004 1270 1070 1324 Et
1115 1269 1253 1326 bene
1301 1270 1428 1324 liora
1469 1271 1521 1324 in
1557 1281 1720 1335 nocte,
1772 1269 1897 1339 quia
1927 1269 2068 1322 mille

459 1360 585 1415 anni
605 1360 736 1415 sicut
765 1361 874 1418 dies
901 1379 1004 1416 una
1029 1361 1098 1435 (Il
1122 1362 1240 1417 Pet.
1266 1378 1322 1418 ut
1345 1405 1358 1429 ,
1378 1361 1454 1434 8).
1482 1362 1643 1417 Novit
1661 1362 1888 1418 vimdiei
1909 1361 2067 1431 hujus

461 1451 558 1508 ille
586 1454 678 1524 qui
711 1455 887 1509 dixit:
919 1452 1075 1510 Iesus
1105 1454 1339 1511 Christus
1367 1456 1477 1510 lteri
1505 1467 1553 1510 et
1574 1455 1748 1520 hodie,
1779 1457 1891 1524 ipse
1920 1465 1994 1509 est
2021 1463 2068 1508 et

463 1546 519 1601 in
537 1547 732 1602 stt-culo
760 1546 948 1620 (Hebr.
976 1564 1069 1604 xm
1093 1591 1107 1616 ,
1133 1547 1212 1621 8).
1239 1548 1410 1605 Scivit
1430 1561 1483 1605 et
1503 1549 1593 1605 ille
1615 1549 1757 1604 diem
1781 1565 1901 1605 esse.
1933 1547 2070 1602 mul-

464 1637 733 1710 tiplicem,
767 1641 856 1710 qui
905 1640 1162 1710 scripsit:
1193 1648 1219 1677 ιι
1242 1639 1338 1694 llic
1365 1643 1474 1695 dies
1504 1643 1853 1714 generationis
1875 1641 1988 1695 caeli
2020 1637 2069 1694 e't

1797 216 2046 276 SANCTI
2082 215 2410 274 AMBROSII

451 336 568 403 tite,
596 336 844 394 bravium
877 346 1056 395 tamen
1086 347 1145 395 ut
1182 336 1682 412 comprehenderet
1727 336 2055 408 sequebatur
2085 339 2135 400 Α

3536 272 3541 280 .
3623 216 3763 275 1760

2231 331 2413 404 (Vers.
2449 331 2566 407 18.)
2608 331 2792 402 Pater,
2823 329 3019 404 inquit,
3051 329 3257 403 peccavi
3281 329 3338 385 in
3365 327 3581 398 coelum,
3611 338 3765 387 etco-

2159 445 2273 484 ram
2299 439 2364 485 te.

2229 523 2357 579 225.
2401 522 2531 578 Ha‘c
2559 533 2640 578 est
2676 521 2848 594 prima
2881 519 3158 576 confessio
3183 518 3324 590 apud
3356 527 3638 575 auctorem
3668 534 3766 575 na-

2161 625 2318 680 turae,
2353 615 2640 686 praesulem
2671 613 3062 670 misericordia:
3089 655 3105 681 ,
3138 613 3399 667 arbitrum
3431 613 3626 682 culpas.
3659 611 3766 668 Sed
3823 656 3826 658 η

2161 711 2263 766 etsi
2292 711 2433 766 Deus
2463 709 2618 765 novit
2643 711 2824 764 omnia
2847 752 2862 776 ,
2894 707 2919 746 ι’
2953 723 3142 763 vocrm
3176 717 3353 762 tamen
3399 714 3504 762 ῑιιιυ
3553 711 3772 762 confes-

2163 803 2336 858 sionis
2376 811 2675 873 exspectat.
2727 800 2832 856 Ore
2870 803 3003 856 enim
3042 802 3297 873 confessio
3347 802 3406 868 ﬁt
3436 799 3505 854 ad
3549 800 3770 854 salutem

2167 895 2344 968 (Rom.
2378 894 2584 964 .v,10);
2615 895 2737 966 quia
2782 896 2980 950 allevat
3012 894 3221 964 pondus
3251 894 3492 960 erroris,
3524 893 3772 964 quisquis

2166 989 2281 1059 ipse
2312 1003 2370 1043 se
2400 999 2628 1053 onerat;
2681 996 2736 1043 et
2780 987 3147 1043 accusationis
3191 985 3430 1042 excludit
3477 986 3771 1052 invidiam,

2167 1083 2256 1154 qui
2298 1090 2673 1137 accusatorem
2708 1087 2975 1153 praevenit
3015 1079 3326 1136 confitendo
3363 1079 3595 1136 :Justus
3640 1081 3777 1135 enim

2167 1177 2221 1230 in
2249 1176 2538 1246 primordio
2565 1178 2818 1230 sermonis
2849 1189 3124 1230 accusator
3174 1185 3247 1230 est
3277 1176 3356 1230 sui
3385 1174 3575 1243 (Prov.
3604 1188 3737 1229 xvut
3757 1216 3774 1242 ,

2172 1267 2281 1338 17).
2315 1266 2540 1322 Frustra
2581 1279 2761 1322 autem
2794 1267 2926 1323 velis
2965 1267 3245 1323 occultare
3267 1309 3282 1333 ,
3311 1283 3474 1337 quem
3507 1264 3641 1321 nihil
3673 1265 3779 1320 fal-

2171 1361 2275 1425 lat;
2307 1370 2360 1416 et
2391 1363 2508 1416 sine
2541 1361 2778 1430 periculo
2803 1360 3026 1431 prodas,
3057 1359 3202 1430 quod
3230 1360 3368 1413 scias
3395 1374 3517 1414 esse
3535 1361 3645 1429 jam
3678 1373 3776 1414 co-

2171 1454 2400 1524 gnitum.
2427 1450 2702 1507 Confitere
2735 1455 2927 1523 magis,
2955 1452 3363 1507 ut-interveniat
3397 1465 3494 1521 pro
3526 1461 3578 1506 te
3614 1441 3778 1505 Chri-

2171 1557 2308 1614 stus,
2339 1563 2498 1617 quem
2528 1547 2849 1601 advocatum
2879 1545 3139 1600 habemus
3166 1544 3306 1614 apud
3340 1543 3593 1609 Patrem;
3625 1551 3783 1614 roget

2175 1658 2271 1711 pro
2302 1652 2352 1695 te
2394 1639 2660 1705 Ecclesia,
2696 1649 2751 1695 et
2794 1638 3100 1711 illacryntct
3129 1639 3380 1708 populus.
3415 1636 3523 1692 Nec
3551 1651 3782 1691 vereare

468 1740 640 1797 teme,
665 1748 781 1787 cum
815 1738 956 1806 facta
1000 1745 1157 1802 sunt;
1201 1751 1303 1804 qua
1328 1735 1412 1789 die
1441 1737 1560 1804 fecit
1594 1735 1732 1790 Deus
1779 1737 1963 1789 cretum
2020 1744 2067 1789 et
2100 1745 2147 1805 Β
2177 1753 2242 1792 ne
2263 1751 2369 1791 non
2402 1738 2683 1806 impetres.
2715 1734 3029 1791 Advocatus
3060 1733 3296 1804 spondet
3323 1731 3566 1797 veniam,
3597 1740 3784 1801 patro-

469 1833 658 1880 terram
683 1869 697 1894 ,
746 1836 796 1880 et
845 1844 994 1882 omne
1020 1830 1182 1884 viride
1211 1829 1324 1900 agri
1353 1826 1511 1898 (Gen.
1541 1846 1612 1896 ιι,
1645 1828 1724 1903 4).
1756 1827 1890 1885 Cum
1921 1829 2066 1884 enim

468 1931 632 1988 supra
651 1929 858 1990 septem
874 1920 1408 1992 descripsissetdies,
1431 1917 1622 1992 postea
1646 1940 1754 1978 uno
1775 1923 1864 1980 die
1887 1924 2069 1979 omnia

468 2009 610 2066 facta
639 2015 960 2083 complexus
981 2026 1083 2079 εει,
1115 2024 1284 2070 totum
1318 2018 1504 2072 numdi
1537 2030 1748 2088 tempus
1779 2018 2072 2074 ostendens

471 2103 528 2160 in
560 2116 854 2176 conspectu
890 2107 1101 2164 Domini
1131 2119 1403 2180 tamquam
1436 2111 1579 2165 diem
1614 2127 1810 2175 unum;
1841 2127 1908 2166 eo
1928 2112 2073 2182 quod

470 2213 537 2254 es
568 2199 942 2270 incompositis
970 2212 1132 2273 atque
1158 2204 1466 2258 tenebrosis
1485 2203 1656 2258 forma
1688 2203 1845 2259 istius
1864 2205 2071 2273 mundi,

471 2293 641 2349 divini
673 2295 852 2365 operis
877 2295 1125 2351 claritate
1150 2297 1498 2366 processerit.
1527 2299 1667 2370 Ergo
1689 2299 1734 2354 si
1755 2299 1873 2354 dies
1901 2308 2073 2355 totum

473 2397 691 2458 tempus
721 2400 805 2447 est
834 2390 1056 2458 tnundi,
1105 2390 1268 2448 habet
1322 2393 1508 2464 utique
1549 2397 1713 2449 etiam
1763 2395 1814 2454 iu
1861 2393 2077 2449 sarculis

475 2482 643 2539 horas
675 2500 800 2539 snas
826 2504 838 2540 :
872 2497 966 2540 aut
993 2487 1108 2564 ipsa
1137 2487 1334 2542 saecula
1358 2486 1507 2542 horae
1529 2495 1679 2541 sunt.
1709 2487 1868 2542 Horae
1897 2497 2074 2543 autem

481 2577 588 2633 diei
640 2577 929 2634 duodecim
974 2586 1133 2644 sunt;
1182 2581 1327 2636 unde
1357 2581 1495 2635 liene
1546 2580 1600 2634 in
1654 2581 1915 2653 mysterio
1961 2581 2080 2637 dies

472 2668 754 2739 Christus,
801 2671 958 2742 cujus
988 2672 1220 2742 apostoli
1266 2672 1578 2737 duodecim,
1621 2673 1716 2745 qui
1749 2674 1957 2730 caelesti
1993 2673 2079 2728 ιυ-

480 2767 627 2821 mine
655 2765 932 2822 distinctis
965 2768 1020 2822 in
1044 2782 1103 2822 sc
1131 2772 1320 2838 gratia:
1349 2767 1562 2823 vicibus
1589 2767 1941 2822 refulserunt.

552 2859 680 2914 223.
725 2859 889 2916 Venit
909 2875 1043 2932 ergo
1075 2862 1462 2931 paterfamilias
1491 2871 1546 2917 et
1569 2865 1739 2932 prima
1773 2861 1906 2916 hora
1951 2876 2084 2917 con-

479 2951 636 3007 duxit
661 2953 977 3025 operarios,
1005 2955 1252 3009 fortassis
1282 2969 1378 3010 eos
1409 2959 1498 3025 qui
1531 2970 1559 3008 a
1591 2957 1855 3025 principio
1900 2954 2083 3009 mundi

481 3059 654 3115 usque
683 3046 750 3100 ad
780 3046 1043 3102 dduvium
1072 3046 1203 3117 justi
1235 3061 1356 3102 esse
1386 3057 1730 3112 meruerunt,
1778 3045 1990 3120 1565
2018 3049 2085 3102 de

484 3141 682 3210 quibus
709 3141 786 3194 ait
813 3159 828 3195 ι
861 3141 926 3194 Et
954 3142 1156 3195 locutus
1183 3159 1293 3195 sum
1322 3142 1390 3195 ad
1417 3157 1502 3196 vos
1530 3153 1648 3196 ante
1678 3143 1880 3196 lucem:
1901 3152 1945 3195 et
1971 3141 2087 3194 misi
2115 3143 2160 3207 C

481 3236 550 3309 ad
571 3250 656 3289 vos
684 3251 854 3289 servos
891 3251 1028 3289 meos
1061 3234 1339 3305 prapheras
1365 3247 1484 3290 ante
1526 3236 1686 3290 lucem
1717 3233 1960 3305 (Jerem.,
1994 3249 2086 3298 vtt,

480 3327 599 3398 25).
628 3326 808 3382 Tertia
837 3337 960 3398 post
991 3326 1256 3382 diluvium
1287 3328 1498 3398 incipit,
1519 3327 1634 3382 Noe
1661 3339 2092 3396 casterorumque

485 3429 732 3490 tempora
758 3421 1269 3491 comprehendens,
1300 3423 1390 3493 qui
1412 3423 1566 3492 quasi
1596 3421 1725 3477 boni
1772 3420 2006 3492 operarii
2038 3422 2090 3476 in

483 3514 696 3570 vineam
723 3513 1103 3579 destinantur;
1152 3514 1274 3569 ideo
1303 3515 1459 3585 quasi
1485 3513 1540 3568 in
1583 3513 1813 3585 prandio
1850 3515 2087 3569 inebria-

486 3617 572 3663 tus
603 3617 687 3662 est
714 3607 846 3662 Noe.
867 3608 1032 3662 Sexta
1049 3617 1103 3662 et
1129 3607 1358 3679 reliqua:
1373 3609 1630 3676 Abrahae,
1656 3608 1826 3674 Isaac,
1861 3608 2093 3664 etJacob

488 3679 916 3770 patriarcharum
947 3701 1138 3755 merita
1172 3701 1528 3773 distinguunt.
1574 3701 1747 3770 Nona,
1797 3702 2095 3758 inclinante

483 3795 595 3866 jam
620 3798 860 3862 Steculo,
910 3805 966 3852 et
1011 3807 1282 3868 tamquam
1331 3801 1662 3870 pallescente
1711 3802 1831 3856 luce
1858 3799 2092 3867 vii-tutis,

489 3887 600 3944 Lex
619 3895 674 3943 et
705 3887 992 3960 PrOphette
1020 3890 1308 3948 decolores
1340 3908 1522 3947 mores
1561 3892 1841 3948 hominum
1876 3901 2098 3948 notave—
2127 3877 2131 3881 Δ

490 3992 637 4038 runt.
669 3981 1042 4050 Undecimam,
1075 3996 1128 4040 et
1154 3986 1297 4057 quod
1330 3997 1578 4058 superest
1609 3987 1749 4051 dici,
1779 4003 1937 4043 sacer
1963 4003 2096 4058 pro-

492 4076 643 4133 ducit
671 4077 956 4137 adventus.
1010 4079 1168 4136 Unde
1214 4093 1268 4136 et
1313 4083 1430 4151 ipse
1479 4082 1532 4137 in
1586 4083 1878 4153 Evangelia
1921 4082 2094 4138 dicit:

491 4170 763 4224 Ambnlnte
783 4171 906 4244 dum
935 4171 1105 4226 lumen
1129 4171 1325 4226 habetis
1354 4170 1535 4243 (Joan.
1568 4189 1673 4239 xu,
1703 4174 1818 4243 55.)

560 4263 691 4319 224.
733 4264 839 4320 Sed
864 4266 974 4334 jam
1004 4265 1290 4321 redeamus
1318 4267 1384 4320 ad
1415 4267 1670 4334 Patrem;
1706 4268 1834 4323 licet
1863 4283 1972 4322 non
2005 4283 2102 4322 ve—

498 4375 628 4415 rear
656 4376 724 4414 ne
750 4359 910 4415 istius
936 4360 1309 4431 ptenitentiam
1343 4364 1582 4432 gerentis
1613 4361 1866 4439 exemplo
1891 4361 1982 4416 diu
2007 4362 2102 4416 ab-

497 4453 669 4510 fuisse
702 4455 985 4510 videamur
1019 4455 1334 4529 (numquam
1358 4457 1502 4511 enim
1534 4456 1826 4522 abfuimus,
1857 4457 1946 4527 qui
1979 4471 2103 4510 vcr-

2172 1844 2274 1883 nus
2317 1829 2583 1898 promittit
2627 1829 2892 1898 gratiam,
2938 1833 2961 1863 °
3012 1824 3516 1881 reconciliationem
3547 1824 3641 1877 tibi
3683 1837 3783 1894 pa-

2175 1934 2345 1980 ternae
2377 1924 2594 1996 pietatis
2625 1924 2921 1995 pollicetur
2951 1931 3211 1977 assertor.
3243 1919 3450 1985 Crede,
3483 1921 3609 1992 quia
3637 1919 3786 1974 veri—

2176 2018 2695 2088 tase51;acquiesce,
2713 2017 2837 2085 quia
2854 2020 3023 2072 virtus
3045 2026 3148 2071 eSt.
3171 2015 3342 2070 liabet
3363 2030 3583 2070 causam
3608 2026 3660 2068 ut
3681 2030 3784 2085 pro

2177 2120 2227 2166 te
2259 2112 2616 2176 interveniat,
2650 2126 2717 2165 ne
2764 2127 2862 2180 pro
2891 2121 2943 2164 te
2973 2109 3143 2178 gratis
3173 2119 3420 2162 mortuus
3464 2109 3554 2162 sit.
3609 2106 3786 2162 liabet

2176 2221 2394 2261 causam
2425 2204 2738 2276 ignoscendi
2780 2203 2961 2269 Pater,
2989 2203 3112 2274 quia
3141 2203 3284 2273 quod
3321 2201 3432 2256 vult
3459 2200 3634 2268 lilius,
3667 2203 3788 2255 vult

2177 2310 2232 2357 ct
2259 2301 2444 2356 Pater.

2248 2392 2376 2448 226.
2413 2391 2594 2465 (Vers.
2621 2392 2736 2465 18.)
2760 2390 2976 2446 Peccavi
2998 2391 3050 2446 in
3074 2390 3278 2459 calum,
3305 2398 3354 2445 et
3376 2405 3550 2444 coram
3573 2400 3640 2445 te.
3662 2388 3782 2445 Non

2180 2487 2365 2558 utique
2394 2489 2722 2543 elementum
2768 2487 3120 2556 exprimitur;
3169 2484 3266 2540 sed
3314 2493 3540 2554 peccato
3586 2484 3785 2538 aniuue

2179 2584 2423 2640 coelestia
2456 2585 2826 2654 significantur
2866 2580 3008 2636 dona
3057 2579 3293 2651 Spiritus
3336 2580 3652 2645 imminuta;
3699 2579 3787 2635 vel

2181 2678 2305 2748 quia
2330 2679 2398 2731 ab
2422 2678 2567 2732 illius
2591 2679 2798 2747 gremio
2823 2676 3014 2730 matris
3047 2675 3390 2731 Hierusalem
3418 2689 3538 2745 qua:
3565 2675 3616 2728 in
3646 2673 3791 2730 ctelo

2183 2782 2286 2837 est,
2321 2787 2428 2826 non
2453 2771 2694 2842 oportuit
2717 2771 2948 2825 deviari.

2258 2864 2438 2936 (Vers.
2474 2863 2586 2934 19.)
2627 2864 2749 2918 Jam
2780 2880 2882 2918 non
2909 2880 3023 2917 sum
3053 2863 3244 2934 dignus
3270 2861 3446 2916 vocari
3475 2861 3620 2932 ﬁlius
3647 2870 3792 2915 tuus.

2256 2959 2384 3013 227.
2429 2958 2683 3028 Dejecttts
2710 2958 2857 3012 enim
2886 2972 2947 3012 se
2976 2959 3216 3012 exaltare
3240 2970 3347 3011 non
3375 2955 3567 3020 debet;
3601 2963 3797 3010 utine-

2187 3053 2295 3107 rito
2326 3069 2436 3106 sua:
2466 3052 2638 3122 possit
2671 3050 2993 3105 humilitatis
3019 3049 3216 3104 attolli.

2266 3145 2455 3217 (lhid.)
2488 3143 2601 3200 Fac
2630 3161 2708 3198 me
2737 3146 2868 3200 sicut
2897 3160 3058 3198 unum
3087 3143 3528 3198 mercenariorum
3560 3151 3792 3196 tuorum.

2261 3239 2389 3296 228.
2435 3239 2593 3293 Novit
2634 3254 2757 3294 esse
2797 3239 3112 3293 distantiam
3149 3238 3290 3292 inter
3331 3237 3504 3301 ίὶΙιοη,
3551 3237 3797 3300 amicos,

2199 3331 2412 3405 1466
2441 3334 2836 3398 mercenarios,
2868 3343 2924 3388 et
2949 3346 3176 3397 servos;
3211 3329 3350 3386 filius
3376 3346 3471 3401 per
3495 3329 3799 3395 lavacrum,

2193 3429 2402 3482 amicus
2434 3444 2530 3498 per
2561 3428 2838 3494 virtutem,
2867 3427 3235 3484 mercennarius
3262 3440 3357 3496 per
3385 3425 3650 3490 laborent,
3678 3438 3798 3478 ser-

2195 3535 2294 3573 vus
2319 3535 2413 3590 per
2443 3521 2718 3574 timorem.
2751 3518 2857 3575 Sed
2881 3521 3042 3574 etiam
3075 3533 3142 3572 ex
3171 3515 3346 3572 servis
3371 3527 3425 3571 et
3447 3516 3805 3571 mercenariis

2195 3611 2329 3667 fiunt
2356 3611 2538 3677 amici,
2566 3613 2721 3682 juxta
2755 3611 2901 3684 qttod
2928 3611 3189 3684 scriptum
3212 3619 3336 3666 est:
3379 3607 3476 3663 Vos
3512 3609 3664 3663 amici
3704 3610 3803 3661 mei

2197 3707 2341 3772 estis,
2371 3707 2416 3761 si
2437 3708 2661 3778 feceritis
2690 3724 2804 3778 qua:
2835 3725 2928 3780 ego
2956 3705 3202 3776 principio
3224 3703 3364 3759 vobis
3388 3721 3406 3757 :
3423 3705 3538 3776 jam
3565 3719 3669 3759 non
3685 3703 3806 3756 dico

2196 3816 2284 3855 eos
2313 3815 2484 3854 servos
2507 3799 2689 3871 (Joan.
2727 3816 2823 3863 xv,
2854 3801 2970 3867 11).

2268 3889 2397 3945 2-3.9.
2443 3891 2568 3946 lla-c
2594 3891 2734 3962 apud
2764 3905 2825 3946 se
2853 3890 2990 3945 dixit
3015 3906 3030 3956 ;
3062 3889 3157 3946 sed
3188 3907 3295 3944 non
3323 3888 3454 3944 satis
3476 3897 3559 3944 est
3587 3887 3807 3954 dicere,

2201 3987 2301 4041 nisi
2333 3986 2398 4040 ad
2433 3995 2638 4056 patrem
2666 3986 2870 4041 venias.
2910 3985 3009 4042 Ubi
3043 3986 3194 4040 illum
3225 3987 3497 4057 requiras,
3531 3986 3619 4041 ubi
3659 3985 3810 4040 inve-

2202 4082 2354 4136 nias?
2403 4081 2645 4152 Ex~urge
2679 4081 2874 4152 primo,
2904 4081 3008 4137 hoc
3032 4092 3151 4146 est,
3182 4082 3272 4152 qui
3301 4081 3500 4136 sedens
3527 4089 3654 4135 ante
3681 4080 3811 4134 dor—

2201 4175 2429 4229 mtebas.
2465 4172 2535 4228 Et
2561 4174 2680 4230 ideo
2708 4174 2840 4229 dicit
2867 4174 3162 4244 Apostolus
3193 4191 3207 4227 ε
3244 4175 3420 4245 Surge
3444 4175 3531 4245 qni
3574 4173 3772 4227 dormis
3793 4212 3809 4236 ,

2204 4275 2250 4321 et
2277 4283 2496 4340 exsurge
2539 4286 2569 4320 a
2596 4269 2816 4321 mortuis
2846 4267 3064 4339 (Ep/tes.
3099 4283 3155 4333 v,
3186 4266 3297 4336 14).
3338 4265 3604 4337 lniquitas
3643 4265 3698 4319 in
3732 4275 3812 4318 ta-

2205 4363 2352 4416 lento
2397 4361 2653 4431 plumbeo
2683 4361 2862 4417 sedet.
2912 4362 3080 4434 Moysi
3131 4361 3373 4416 dicitur:
3405 4359 3487 4414 Tu
3518 4369 3690 4415 autem
3730 4358 3816 4414 hic

2205 4467 2285 4510 sta
2313 4455 2494 4528 (Deut.
2523 4471 2576 4522 v,
2609 4455 2721 4528 51).
2765 4455 2985 4512 Stantes
3029 4456 3198 4526 elegit
3243 4455 3515 4510 Christus.
3569 4453 3817 4522 Exsurge

499 4548 758 4603 sabamur
788 4549 840 4603 in
883 4551 1040 4614 vinea
1063 4592 1077 4616 ,
1112 4551 1163 4605 in
1195 4566 1299 4621 qua
1329 4553 1373 4607 si
1405 4563 1459 4606 et
1488 4552 1592 4607 iste
1621 4555 1948 4614 mansisset,
1997 4568 2102 4607 non
2133 4544 2182 4605 D
2208 4564 2360 4620 ergo,
2389 4563 2551 4603 curre
2579 4547 2644 4602 ad
2674 4546 2978 4602 Ecclesiam
3007 4563 3022 4612 ;
3059 4547 3148 4603 h'ic
3177 4557 3262 4604 est
3288 4546 3470 4614 Pater,
3502 4545 3590 4601 hic
3614 4555 3699 4601 est
3727 4543 3810 4600 Fi-

498 4642 820 4696 recessisset
848 4657 876 4695 a
905 4641 1084 4715 Patre)
1116 4685 1132 4710 ,
1163 4643 1464 4700 cavendum
1496 4653 1676 4701 tamen
1705 4655 1806 4713 est,
1828 4661 1895 4702 ne
1927 4660 2025 4701 nos
2053 4646 2102 4701 ei

504 4733 967 4791 reconciliationis
1015 4737 1276 4793 faciamus
1323 4755 1569 4806 moram,
1615 4757 1776 4812 quam
1821 4757 1927 4796 non
1979 4739 2106 4796 fecit

423 4821 428 4827 ’
506 4825 686 4882 Pater.
721 4825 903 4884 Facile
926 4833 1332 4900 reconciliatur,
1355 4834 1572 4904 quando
1595 4834 1840 4906 impense
1863 4845 2102 4905 rogatur.

509 4921 576 4976 Et
623 4921 744 4976 ideo
771 4923 1048 4979 disi-amns
1091 4927 1239 4996 quali
1285 4927 1443 4984 Pater
1471 4925 1852 4986 Obsecratione
1893 4933 1962 4986 sit
1992 4948 2109 4987 am-

510 5012 760 5096 bientlus.
789 5014 967 5082 Pater,
986 5019 1180 5088 inquit.
1204 5021 1374 5086 Quam
1401 5021 1738 5088 misericors,
1769 5039 1930 5093 quam
1959 5026 2103 5092 pius,

503 5109 595 5178 qui
640 5125 740 5165 nec
780 5108 1019 5167 offensus
1043 5113 1276 5183 patrium
1299 5113 1622 5185 dedignatur
1651 5131 1849 5172 nomen
1877 5116 2100 5172 audire!

545 5336 556 5345 _
589 5263 810 5351 “Inani.
844 5263 978 5320 edit.
1011 5280 1076 5321 ex
1124 5265 1266 5351 ιχιξ
1297 5265 1522 5338 interp.,
1569 5267 1675 5323 Hic
1730 5267 1857 5324 liber
1900 5285 2108 5340 genera-

517 5345 694 5392 tionis.
724 5345 832 5391 etc.

588 5404 617 5445 δ
661 5407 786 5462 llmc
817 5409 979 5465 verba
1021 5409 1363 5481 intelligenda
1389 5426 1508 5466 esse
1532 5410 1603 5468 de
1641 5428 1706 5467 ea
1734 5411 2110 5479 confessione,

515 5493 674 5552 quam
707 5496 736 5532 a
770 5483 1144 5549 peccatoribus
1184 5486 1296 5538 sive
1339 5485 1584 5552 publice,
1627 5487 1740 5539 sive
1771 5496 1983 5540 secreto
2013 5486 2116 5539 Ec-

516 5551 700 5607 clesia:
725 5552 992 5627 tuinisuis
1037 5554 1154 5627 fieri
1196 5551 1448 5624 oportet,
1487 5557 1609 5610 inde
1652 5555 1932 5627 probatur,
1971 5555 2114 5624 quod

519 5637 585 5679 ea
614 5625 832 5697 ponitur
872 5637 988 5696 post
1021 5626 1270 5695 primam,
1304 5641 1423 5697 quae
1449 5629 1550 5681 soli
1594 5625 1704 5681 ne.»
1734 5625 1794 5681 fit
1820 5630 2118 5683 confessio-

522 5705 668 5767 nem.
702 5695 835 5767 llinc
856 5695 1034 5752 autem
1061 5695 1388 5767 validissime
1408 5703 1776 5764 confirmatur,
1804 5700 1945 5767 quod
1976 5698 2117 5756 infra

523 5761 743 5834 dicitur,
780 5765 1035 5834 Conﬁtere
1062 5766 1259 5841 magis,
1292 5776 1463 5824 ut”...
1500 5775 1642 5839 rorlet
1664 5761 1833 5836 pro'te’
1863 5767 2114 5837 Ecclesirr,‘

2213 4643 2339 4710 lius,
2375 4643 2462 4698 hic
2487 4651 2572 4697 est
2602 4642 2840 4712 Spiritus
2868 4653 3110 4698 sanctus.

2281 4740 2410 4796 250.
2453 4739 2634 4812 (Vers.
2663 4739 2757 4807 20,
2784 4739 2906 4810 21.)
2954 4738 3205 4795 Occurrit
3251 4737 3382 4804 tibi,
3430 4737 3520 4808 qui
3572 4735 3721 4791 audit
3765 4744 3821 4792 te

2207 4833 2349 4890 intra
2381 4834 2580 4887 mentis
2607 4841 2818 4888 secreta
2850 4841 3194 4888 tractantem.
3224 4830 3436 4886 Etcum
3459 4830 3637 4886 adhuc
3659 4833 3818 4900 longe

2210 4931 2306 4995 sis,
2340 4930 2511 4995 videt,
2538 4939 2595 4983 et
2617 4928 2880 4984 accurrit.
2917 4927 3073 4981 Videt
3101 4929 3153 4980 in
3187 4936 3404 4995 pectore
3436 4935 3552 4991 tuo,
3585 4924 3822 4980 accurrit

2213 5039 2280 5079 ne
2302 5023 2426 5094 quis
2451 5020 2732 5092 impediat,
2759 5019 3148 5090 complectitur
3168 5033 3385 5089 quoque
3414 5035 3428 5073 :
3455 5013 3482 5052 δ
3510 5019 3564 5071 in
3591 5031 3824 5071 occursu

2214 5117 2563 5188 praescientia
2606 5122 2724 5180 est,
2773 5114 2826 5168 in
2868 5114 3159 5184 complexu
3202 5111 3528 5180 clementia,
3575 5120 3629 5167 et
3672 5107 3824 5182 quasi

2222 5280 2272 5324 et
2308 5269 2595 5339 illacrymet
2637 5266 2883 5336 populus.
2915 5265 3044 5322 Haec
3085 5281 3317 5336 namque
3361 5279 3466 5320 non
3497 5266 3824 5329 mentalem,

2221 5341 2315 5396 sed
2339 5343 2664 5395 exteriorem
2683 5354 2746 5393 ac
2761 5339 3036 5394 verbalem
3056 5339 3454 5394 confessionem
3479 5340 3830 5409 apertissime

2223 5413 2555 5482 signiﬁcant.
3016 5481 3023 5482 ί
3084 5481 3097 5482 7
3784 5418 3796 5427 '

2299 5491 2321 5522 ε
2365 5484 2493 5538 Mss.
2529 5499 2634 5537 non
2667 5482 2847 5550 pauci,
2881 5497 2982 5536 nec
3013 5481 3214 5535 infimzc
3247 5482 3616 5548 auctoritatis,
3643 5497 3829 5535 recon-

2225 5556 2538 5610 ciliationem
2587 5556 2677 5609 tibi
2727 5566 2941 5624 paterna
2995 5555 3157 5626 pietas
3207 5553 3482 5626 pollicetur
3521 5568 3540 5606 :
3583 5554 3832 5607 assertori

2225 5627 2397 5686 crede.
2431 5628 2553 5696 quia
2572 5669 2587 5693 ,
2615 5639 2722 5683 etc.

2236 5760 2238 5764 τ
2300 5699 2325 5736 ιι
2371 5695 2450 5754 Ita
2475 5714 2604 5754 mss.
2633 5709 2757 5755 octo
2779 5698 2999 5764 Optimae
3027 5707 3188 5753 notas.
3220 5697 3323 5752 Alii
3351 5711 3482 5752 vero
3506 5709 3560 5751 et
3589 5695 3748 5761 edit.,
3777 5697 3830 5750 in

2230 5772 2444 5825 ocritrsn
2473 5771 2747 5840 praesentia
2775 5767 2923 5840 (Ern.
2951 5779 3006 5824 et
3029 5767 3156 5824 (illi.
3193 5769 3244 5823 iu
3269 5770 3538 5839 margine,
3562 5769 3833 5834 prwsrien‘
