4186 6358
347 347 480 404 1761

1303 345 1678 413 EXPOSITID
1720 356 1991 415 EVANG.‘
2020 357 2172 416 SEC.
2215 357 2371 417 LUC.
2413 357 2545 418 LIB.
2589 361 2706 418 VII.

3512 378 3651 436 1762

341 462 561 533 quidam
591 466 748 534 patrii
792 466 994 522 amoris
1037 465 1287 525 affectus.
1328 468 1501 540 Supra
1533 472 1734 527 collum
1764 473 1943 538 cadit,
1974 478 2023 537 Α
2057 486 2113 529 ut
2143 477 2455 533 ostenderet
2486 479 2740 550 quoniam
2776 489 3030 549 paternus
3069 483 3223 542 cibus
3264 496 3345 544 est
3375 490 3522 546 Salus
3554 509 3653 549 no-

342 567 399 611 ut
424 557 696 625 jacentem
728 561 932 631 erigat,
983 570 1038 616 et
1068 573 1353 618 oneratum
1390 568 1659 635 peccatis,
1693 576 1855 635 atque
1892 568 1943 621 iu

340 659 559 707 terrena
588 653 855 709 deﬂexum
889 655 1133 713 reﬂectat
1173 658 1239 713 ad
1279 660 1477 716 ctelnm
1502 702 1516 726 ,
1550 661 1603 715 in
1634 676 1743 732 quo
1781 677 1943 717 suum

337 752 549 812 quzerat
570 755 872 802 auctorem.
906 746 1065 802 Cadit
1086 750 1137 803 in
1168 750 1367 805 collum
1404 760 1552 807 tuum
1576 752 1857 821 Christus,
1888 761 1947 810 ut

336 840 604 895 cervicem
632 840 764 912 jugo
794 852 957 898 exuat
998 844 1316 913 servitutis,
1349 854 1404 900 et
1443 847 1590 901 collo
1636 857 1729 902 tuo
1751 849 1942 918 jugum

334 948 504 989 suave
534 936 857 1005 SttSpendat.
881 937 1071 994 Nonne
1101 939 1195 994 tibi
1221 939 1437 994 videtur
1461 940 1730 998 cecidisse
1752 942 1805 996 in
1831 940 1947 996 col-

337 1027 449 1081 lum
508 1027 775 1097 Jomnis,
809 1034 1028 1102 quando
1060 1043 1179 1087 erat
1225 1032 1465 1089 Jomnes
1512 1034 1564 1088 in
1612 1035 1733 1089 sinu
1778 1034 1940 1101 Jesu,

333 1122 558 1178 cervice
594 1126 922 1180 recumbens
971 1127 1315 1182 reﬂexa?fEt
1361 1127 1485 1184 ideo
1518 1127 1753 1185 Verbum
1802 1130 1945 1199 apud

336 1214 505 1269 Deum
535 1216 704 1283 vidit;
747 1219 869 1288 quia
916 1230 1135 1275 erectus
1166 1230 1250 1275 est
1298 1219 1364 1275 ad
1397 1237 1653 1291 superna.
1698 1221 1855 1277 Cadit
1887 1225 1943 1280 in

331 1308 556 1377 collum,
580 1325 705 1364 cum
735 1311 870 1367 dicit
900 1331 913 1365 ς
949 1311 1131 1367 Venite
1161 1312 1230 1367 ad
1255 1330 1356 1379 me,
1385 1315 1474 1384 qui
1495 1308 1861 1369 laboratis.....
1895 1325 1943 1369 et

330 1420 427 1474 ego
454 1421 540 1459 vos
562 1406 790 1477 reﬁciunt
814 1423 833 1461 :
861 1408 1026 1462 tollite
1040 1411 1237 1481 jugum
1258 1426 1423 1463 meum
1441 1426 1596 1483 super
1616 1426 1702 1464 vos
1725 1409 1938 1480 (Matth.

332 1518 421 1565 si,
459 1502 530 1557 28
577 1512 624 1557 et
667 1503 795 1574 29).
845 1502 1002 1559 Cadit
1060 1520 1193 1576 ergo
1253 1504 1355 1561 hoc
1404 1504 1602 1570 modo,
1636 1506 1678 1561 si
1712 1520 1943 1561 conver-

334 1595 490 1648 l:tris.
1820 1668 1823 1672 .

401 1688 531 1743 231.
576 1689 756 1762 (Vers.
791 1689 910 1761 Ἡ.)
952 1691 1015 1745 Et
1042 1690 1197 1761 jubet
1230 1690 1459 1760 proferri
1502 1692 1729 1757 stolam,
1764 1708 1940 1749 annu-

329 1783 465 1863 lum)
498 1783 891 1839 calceamenta.
922 1783 1072 1840 Stola
1100 1784 1336 1839 amictus
1365 1796 1447 1841 est
1484 1785 1765 1855 sapientia:
1789 1828 1802 1852 ,
1828 1802 1937 1856 quo

2050 577 2184 635 stra,
2217 579 2273 624 et
2298 571 2474 625 Patris
2504 572 2758 642 gaudium
2792 580 3432 653 nostroruntredemptio
3462 600 3653 653 pecca-

2050 670 2227 718 torum
2261 674 2363 720 est.
2393 666 2455 720 Et
2486 666 2571 721 ltic
2600 668 2820 738 quidem
2849 671 2893 725 si
2919 671 2986 726 ad
3016 652 3228 729 Patiem
3260 652 3494 744 referas,
3525 680 3651 751 quia

2048 753 2224 810 hostia
2250 772 2348 827 pro
2377 760 2614 828 peccatis
2638 759 2806 817 Filius
2832 774 2937 829 est,
2968 764 3267 823 delectatur
3288 768 3450 825 Pater
3473 771 3650 829 reditu

2048 851 2350 918 peccatoris
2385 868 2400 906 :
2433 867 2593 923 supra
2625 852 2932 912 delectatur
2958 857 3147 925 Filius,
3181 862 3401 918 inventa
3430 880 3560 932 ove;
3590 875 3652 923 ιιι

2046 941 2190 995 scias
2219 942 2342 1010 quia
2390 960 2494 999 una
2539 953 2624 1001 est
2671 946 2846 1003 Patris
2895 962 2949 1005 et
2994 952 3117 1008 Filii
3166 954 3494 1027 delectatio,
3545 974 3653 1016 una

2046 1034 2296 1103 operatio
2338 1036 2391 1091 in
2444 1037 2705 1096 Ecclesia:
2754 1040 3129 1103 fundamento.
3183 1044 3422 1108 Lzetatur
3465 1067 3645 1115 autem

2046 1139 2238 1198 pater;

2120 1221 2302 1294 (Vers.
2336 1222 2455 1297 24.)
2492 1226 2627 1295 Quia
2673 1228 2816 1297 ﬁlius
2858 1233 3120 1304 perierat,
3170 1248 3218 1293 et
3247 1240 3481 1299 inuentus
3526 1255 3599 1302 est
3625 1261 3651 1305 :

2045 1326 2282 1370 mortuus
2314 1321 2504 1389 fuerat,
2539 1331 2589 1375 et
2619 1323 2821 1378 reuixit.
3270 1352 3273 1355 ·

2116 1407 2242 1464 254.
2289 1410 2381 1466 Ille
2413 1413 2554 1482 perit
2598 1415 2689 1485 qui
2735 1414 2857 1482 fuit;
2895 1435 3000 1475 non
3049 1422 3191 1478 enim
3234 1436 3415 1496 potest
3461 1434 3645 1502 perire

2041 1501 2132 1570 qui
2165 1518 2270 1555 non
2295 1502 2411 1557 fuit.
2445 1504 2628 1576 Itaque
2656 1521 2849 1578 gentes
2874 1528 2979 1568 non
3005 1526 3151 1579 sunt,
3174 1501 3514 1581 Christianus
3534 1536 3642 1595 est,

2036 1596 2193 1665 juxta
2221 1599 2363 1668 quod
2409 1616 2570 1671 supra
2600 1602 2802 1659 dictum
2847 1618 2971 1662 est:
3008 1610 3143 1678 Quia
3182 1616 3505 1688 elegitlleus
3527 1636 3646 1693 qua!

2040 1704 2142 1743 non
2171 1704 2324 1756 sunt;
2356 1704 2409 1746 ut
2449 1712 2565 1763 quae
2590 1709 2740 1765 sunt,
2766 1700 3049 1757 destrueret
3083 1704 3125 1777 (Ι
3154 1703 3274 1763 Cor.
3309 1726 3355 1777 t,
3383 1711 3497 1784 28).
3531 1714 3642 1771 Ρο-

2041 1790 2148 1836 test
2180 1793 2358 1840 tamen
2392 1796 2447 1841 et
2488 1787 2575 1843 hic
2613 1790 2663 1844 in
2692 1808 2801 1847 uno
2837 1796 3009 1864 accipi
3051 1799 3263 1869 species
3292 1804 3509 1875 generis
3540 1806 3642 1863 hu-

327 1859 471 1931 nnda
502 1876 750 1946 corporis
783 1877 1016 1948 apostoli
1043 1886 1261 1947 tegunt,
1292 1894 1358 1932 eo
1385 1878 1527 1949 quod
1556 1894 1615 1933 se
1644 1881 1935 1949 unusquis-
1964 1859 2012 1919 Β
2040 1876 2204 1930 niani.
2238 1876 2359 1932 Fuit
2399 1880 2568 1935 Adam
2591 1923 2605 1945 ,
2651 1893 2707 1939 et
2752 1886 2804 1939 in
2840 1887 2931 1941 illo
2960 1859 3164 1945 fuluius
3208 1859 3422 1951 omnes.
3470 1899 3642 1957 Periit

321 1985 430 2039 que
460 1971 781 2034 convolvat;
816 1980 869 2025 et
899 1970 1021 2025 ideo
1050 1970 1245 2025 stolam
1280 1971 1571 2041 accipiunt,
1606 1982 1661 2026 ut
1689 1973 1934 2042 corporis

322 2061 697 2117 inlirmitatem
730 2062 1015 2133 sapientia:
1046 2062 1310 2132 Spiritalis
1338 2063 1538 2119 virtute
1566 2068 1927 2121 convesuant.

322 2154 401 2210 De
431 2154 709 2223 Sapientia
743 2157 887 2211 enim
930 2157 1135 2211 dictum
1183 2167 1263 2211 est
1300 2174 1312 2211 :
1352 2156 1568 2211 Luvabit
1599 2160 1651 2212 in
1680 2161 1796 2213 vino
1825 2168 1931 2214 sto-

317 2248 428 2302 lam
450 2264 599 2302 suam
626 2246 779 2319 (Gen.
811 2264 959 2316 χιιι,
986 2249 1097 2321 ll).
1129 2248 1271 2321 Ergo
1292 2250 1430 2304 stola
1456 2252 1738 2321 spirituale
1771 2252 1928 2329 indu-

314 2354 590 2409 mentum,
622 2351 679 2398 et
705 2343 1087 2398 vestimentum
1120 2353 1205 2399 est
1230 2342 1489 2413 nuptiale.
1522 2344 1772 2400 Annulus
1797 2344 1925 2415 quid

309 2446 401 2491 est
431 2436 599 2499 aliud,
634 2436 735 2489 nisi
760 2436 993 2491 sincera:
1024 2436 1145 2492 lidei
1172 2436 1531 2509 signaculum,
1555 2450 1609 2493 et
1640 2441 1925 2509 expressio

307 2529 600 2584 veritatis?
624 2528 1063 2584 Calceamentqu
1097 2541 1274 2584 autem
1309 2531 1581 2600 Evangelii
1612 2532 1924 2601 priedieatio

304 2630 429 2686 est;
461 2630 517 2676 et
546 2621 669 2676 ideo
706 2624 916 2691 accepit
941 2623 1265 2692 sapientiam
1298 2624 1549 2693 primam.
1582 2634 1607 2663 ι
1636 2624 1735 2679 Est
1772 2626 1919 2681 enim

300 2724 365 2772 ct
391 2715 534 2770 aliud
571 2718 890 2789 mysterium
923 2717 1066 2787 quod
1099 2717 1296 2781 nescit,
1330 2720 1430 2771 nisi
1462 2718 1552 2789 qui
1596 2719 1800 2789 accepit
1833 2719 1916 2774 (Ιί-

298 2818 521 2862 ctornm
552 2824 797 2876 suorum,
842 2811 1219 2880 factorumque
1247 2811 1590 2880 signaculum
1611 2852 1625 2873 ,
1667 2818 1723 2867 et
1749 2812 1921 2883 quod-

295 2899 431 2955 dam
480 2901 874 2955 munimentum
917 2901 1075 2957 bona:
1118 2902 1432 2958 intentionis
1462 2913 1515 2958 et
1563 2920 1787 2971 cursus;
1824 2920 1917 2961 ne-

292 2992 432 3048 cubi
461 2992 698 3047 otl‘endat
720 2992 787 3047 ad
816 2993 1050 3063 lapidem
1083 2994 1275 3065 pedem
1305 3012 1485 3061 suum,
1521 3004 1573 3049 et
1602 2998 1916 3066 Sltpplilnla'

296 3094 392 3141 lus
424 3104 452 3137 a
484 3087 701 3142 diabolo
730 3086 1027 3143 Dominicm
1052 3089 1453 3158 prtedicationis
1484 3089 1724 3145 ofﬁcium
1755 3091 1914 3147 dere-

292 3178 537 3249 linquat.
557 3178 682 3235 llaec
699 3186 825 3235 esth
848 3182 1170 3251 pra-paratio
1195 3181 1493 3253 Evangelii,
1518 3182 1583 3236 ad
1606 3183 1909 3239 ctelcstium

290 3288 523 3326 cursum
553 3271 790 3342 dirigens
816 3283 1150 3343 [imparatos
1176 3290 1190 3339 ;
1223 3284 1280 3329 ut
1307 3290 1415 3329 non
1445 3275 1498 3329 in
1531 3291 1695 3331 carne
1722 3276 1910 3331 ambu-
1938 3249 1982 3313 C

288 3362 504 3427 letuns,
529 3363 626 3417 sed
662 3364 715 3418 in
751 3364 969 3435 spiritu.

367 3458 501 3513 952.
548 3457 730 3532 (Vers.
759 3457 881 3529 25.)
920 3457 1199 3515 Occiditur
1226 3468 1283 3515 et
1304 3460 1502 3517 vitulus
1530 3463 1831 3532 saginatus,
1852 3473 1913 3520 ut

287 3566 521 3609 carnem
557 3550 770 3606 Domini
818 3551 1088 3622 spirituali
1136 3552 1374 3622 opimam
1419 3553 1623 3611 virtute
1666 3572 1760 3626 per
1788 3572 1913 3626 gra-

287 3649 432 3702 tiam
483 3645 810 3701 sacramenti
863 3647 1249 3717 mysteriorum
1296 3650 1575 3704 consortio
1624 3652 1911 3707 restitutus

289 3739 573 3811 epuletur.
620 3737 791 3793 Nemo
824 3742 970 3793 enim
1001 3740 1101 3793 nisi
1143 3740 1232 3810 qui
1269 3740 1511 3796 timuerit
1551 3743 1719 3798 Deum
1750 3743 1909 3817 (quod

286 3842 367 3888 est
426 3832 633 3885 initium
689 3831 1023 3903 sapientite),
1080 3833 1183 3888 nisi
1224 3832 1562 3901 signaculum
1623 3838 1909 3905 Spirituale

294 3922 519 3998 1467
549 3924 631 3978 vel
663 3925 983 3980 cusmdierit
1018 3925 1103 3980 vel
1133 3929 1434 3997 receperit,
1469 3929 1571 3983 nisi
1619 3929 1905 3986 Dominum

288 4020 701 4089 pnedicaverit,
726 4020 1080 4075 sacramentis
1102 4018 1265 4076 debet
1283 4021 1547 4076 interesse
1568 4022 1904 4080 coelestibus.

284 4108 392 4179 Qui
425 4119 607 4166 auxem
636 4111 899 4166 annulum
931 4111 1127 4176 habet,
1168 4125 1220 4169 et
1263 4113 1479 4168 Patrem
1511 4114 1704 4181 habet,
1739 4125 1793 4170 et
1819 4116 1909 4172 Fi-

282 4203 424 4259 lium
446 4244 461 4269 ,
492 4213 549 4258 et
573 4203 833 4275 Spiritum
864 4213 1111 4261 sanctum
1138 4224 1152 4273 ;
1185 4206 1311 4277 quia
1340 4209 1572 4278 signavit
1601 4225 1699 4265 nos
1729 4212 1867 4267 Deus
1889 4255 1902 4280 ,

282 4298 447 4367 cujus
492 4299 671 4367 imago
712 4286 963 4353 Christus
996 4316 1009 4352 :
1043 4308 1098 4353 ct
1143 4299 1294 4354 dedit
1321 4302 1518 4371 pignus
1547 4301 1807 4372 Spiritum
1849 4303 1905 4359 iu

282 4391 556 4447 cordibus
594 4391 829 4455 nostris;
881 4400 940 4446 ut
968 4392 1206 4446 sciamus
1249 4395 1351 4447 boc
1394 4395 1580 4449 annuli
1616 4395 1773 4451 istius
1812 4398 1905 4468 qui

282 4482 337 4538 in
362 4500 531 4538 manu
551 4482 732 4547 datur,
756 4498 880 4539 esse
900 4484 1261 4555 signaculum,
1286 4502 1392 4557 quo
1415 4486 1597 4543 cordis
1618 4488 1902 4557 interiora,

282 4577 671 4648 factorumque
712 4587 1025 4633 nostrorum
1078 4579 1374 4635 ministeria
1408 4579 1714 4651 signantur.
1760 4583 1902 4656 Ergo

280 4673 488 4746 signati
534 4690 755 4741 sumus,
786 4676 926 4729 sicut
956 4686 1006 4730 et
1039 4675 1272 4746 legimus
1298 4693 1311 4731 :
1341 4674 1613 4733 Credeutes
1639 4720 1654 4744 ,
1683 4678 1892 4750 inquit,

278 4770 477 4841 signati
508 4769 630 4825 estis
671 4770 877 4840 Spiritu
918 4780 1099 4825 sancto
1137 4770 1361 4845 (Ephes.
1394 4787 1444 4840 ι,
1475 4772 1586 4844 15).
1624 4773 1771 4831 Bene
1800 4791 1897 4830 au-

280 4873 392 4921 tem
422 4879 643 4919 carnem
669 4864 848 4932 vituli,
872 4867 1000 4935 quia
1023 4865 1375 4923 sacerdotalis
1401 4876 1484 4923 est
1504 4867 1747 4935 victima,
1774 4886 1894 4943 quae

280 4972 383 5029 pro
420 4958 662 5025 peccatis
698 4957 880 5013 liebat.

352 5054 485 5111 235.
517 5053 699 5126 (Vers.
721 5051 839 5124 25.)
867 5064 889 5094 ο
914 5054 1234 5125 Epulantem
1257 5064 1464 5125 patrem
1483 5055 1689 5113 inducit
1713 5058 1888 5127 titius;

279 5195 401 5261 tia).
420 5205 497 5271 est
526 5196 584 5271 ig
601 5194 871 5267 complexu
896 5196 1190 5271 clementia.
1214 5196 1279 5271 Et
1307 5198 1456 5267 quasi
1482 5198 1708 5270 quodam
1731 5202 1890 5271 patrii

279 5269 479 5322 amoris
502 5266 689 5331 olfactu
713 5266 873 5339 supra
894 5269 1084 5323 collum
1112 5270 1273 5323 endit.

359 5348 387 5377 ³
427 5340 631 5394 Omnes
670 5340 802 5393 edit.
833 5356 954 5393 cum
1004 5352 1155 5410 parte
1196 5356 1353 5403 mss.,
1388 5340 1479 5397 Est
1522 5342 1658 5397 enim
1687 5352 1736 5398 et
1778 5344 1886 5399 alia

276 5427 399 5481 qua:
449 5412 747 5481 mysterium
785 5412 970 5475 nescit,
1018 5428 1134 5481 qua:
1174 5415 1375 5485 accepit
1411 5414 1787 5471 dictorum.....
1840 5426 1888 5471 et

277 5484 545 5554 quoddam
576 5495 979 5545 monumentum,
1012 5497 1116 5537 etc.
1151 5484 1258 5540 Alii
1291 5484 1419 5539 mss.
1452 5486 1504 5539 in
1532 5486 1726 5556 quibus
1753 5489 1893 5542 anti-

276 5555 532 5624 quissimi
563 5566 709 5616 sunt.
738 5557 906 5626 magis
926 5556 1065 5611 scite
1090 5556 1381 5622 prmfernnt
1413 5564 1471 5611 ut
1495 5555 1746 5613 interitu.
1776 5561 1889 5616 Etsi

275 5640 415 5680 Vero
442 5646 502 5679 ca
532 5626 689 5681 it'CliO
713 5644 929 5701 s‘t'ltsuut
959 5644 1066 5701 non
1094 5629 1369 5701 contine-al
1391 5630 1525 5684 Salis
1545 5632 1881 5701 t‘Xpudittlm,

275 5700 489 5770 pullum
523 5708 700 5752 tamen
735 5698 785 5750 iu
831 5699 953 5752 ltoc'
978 5700 1225 5754 videmus
1265 5700 1443 5755 locum
1474 5698 1881 5770 admirationis;

276 5767 375 5824 hic
418 5771 563 5825 enim
609 5770 776 5824 dubio
808 5770 993 5838 procul
1040 5772 1108 5827 de
1150 5785 1492 5828 sacramento
1537 5767 1884 5833 eucharistiae

279 5842 475 5899 sermo,
494 5850 599 5909 est,
626 5841 697 5899 de
722 5857 829 5916 quo
849 5842 1029 5900 dedita
1049 5858 1212 5915 Opera
1241 5856 1621 5917 saepenumero
1647 5846 1881 5906 obscuro

2034 1967 2231 2035 Adam,
2258 1981 2311 2025 et
2358 1971 2411 2026 in
2445 1974 2559 2032 Sillo
2590 1992 2782 2032 omnes
2810 1980 3085 2049 perierunt
3120 1985 3227 2058 (Cf.
3252 1988 3471 2061 August.
3504 1991 3593 2047 lib.
3618 2010 3639 2051 ι

2035 2073 2172 2117 cont.
2202 2062 2314 2118 Jul.
2352 2064 2565 2139 Pelag,
2596 2086 2711 2142 cap.
2737 2070 2815 2142 '5).
2849 2073 3023 2132 Homo
3048 2078 3209 2148 igitur
3238 2091 3293 2136 et
3324 2084 3375 2138 in
3419 2085 3513 2142 illo
3540 2088 3639 2143 ho-

2032 2156 2179 2210 mine
2206 2157 2297 2223 qui
2330 2159 2597 2229 perierat,
2627 2162 2956 2222 reformatur
2985 2186 2999 2224 :
3036 2184 3085 2225 et
3112 2172 3203 2229 ille
3228 2176 3294 2229 ad
3326 2176 3637 2237 similitudi-

2032 2263 2157 2303 nem
2188 2249 2283 2305 Dei
2316 2240 2489 2307 fact-us
2529 2262 2583 2308 et
2614 2256 2899 2329 imaginem
2933 2260 3111 2317 divina
3145 2268 3403 2336 patientia
3436 2281 3489 2325 et
3520 2288 3635 2329 ma-

2028 2340 2386 2408 gnanimitate
2424 2355 2728 2415 reparatur.
2772 2349 2910 2418 Quid
2950 2367 3033 2409 est
3078 2370 3210 2427 ergo
3245 2376 3256 2411 :
3289 2357 3464 2433 Elegit
3489 2361 3633 2422 Deus

2026 2449 2140 2502 quae
2166 2452 2267 2489 nou
2298 2448 2450 2503 sunt;
2480 2451 2535 2493 ut
2562 2458 2677 2511 qua:
2701 2454 2853 2510 sunt,
2882 2448 3166 2505 destrueret
3196 2453 3235 2521 (Ι
3266 2452 3386 2509 Cor.
3421 2473 3468 2524 I,
3501 2458 3633 2534 28)?

2022 2524 2079 2579 ld
2112 2537 2216 2595 est,
2248 2530 2412 2599 elegit
2454 2537 2708 2603 populum
2740 2538 2979 2607 gentium
3010 2544 3099 2613 qui
3129 2561 3235 2602 non
3267 2557 3417 2615 erat;
3450 2560 3508 2607 ut
3534 2524 3630 2610 de-

2023 2627 2259 2675 strueret
2288 2624 2543 2692 populum
2571 2625 2909 2685 Judzeorum.

2093 2712 2220 2769 255.
2267 2715 2452 2772 Potest
2475 2728 2530 2774 et
2561 2720 2627 2777 de
2655 2736 2849 2793 agente
2880 2729 3258 2797 paenitentiam
3298 2732 3505 2792 dictum
3546 2739 3628 2796 vi-

2020 2806 2169 2873 deri;
2199 2810 2322 2880 quia
2356 2828 2461 2867 non
2496 2817 2743 2885 moritur,
2780 2821 2881 2875 nisi
2911 2822 3005 2893 qui
3048 2825 3342 2897 aliquando
3365 2832 3519 2887 vixit.
3553 2833 3624 2891 Et

2020 2897 2144 2954 ideo
2195 2912 2387 2972 gentes
2426 2921 2533 2961 non
2569 2911 2898 2978 moriuntur,
2942 2916 3037 2971 sed
3084 2932 3312 2975 mortua:
3340 2935 3495 2991 sunt;
3536 2934 3622 2983 et—

2019 2993 2162 3049 enim
2195 2998 2284 3066 qui
2316 2998 2369 3053 in
2400 2998 2677 3058 Christum
2712 3021 2821 3062 non
2846 3009 3100 3079 credidit,
3119 3030 3336 3087 semper
3360 3029 3445 3076 est
3472 3037 3623 3077 mor-

2018 3097 2163 3143 tuus.
2198 3092 2266 3146 Et
2290 3104 2479 3164 gentes
2503 3100 2720 3169 quidem
2744 3121 2868 3160 cum
2890 3108 3246 3176 crediderint,
3272 3128 3370 3183 per
3388 3117 3617 3187 gratiam
3658 3091 3661 3097 ’

2016 3183 2360 3243 vivificalttur
2389 3207 2402 3244 :
2432 3194 2522 3262 qui
2550 3211 2678 3251 vero
2700 3197 2887 3272 lapsus
2915 3202 3098 3272 fuerit,
3125 3220 3222 3276 per
3244 3183 3617 3279 poenilentiam

2017 3278 2314 3336 reviviscit.
3179 3350 3182 3354 ,

2084 3373 2212 3471 236.
2252 3376 2505 3471 Sequitur
2529 3380 2702 3452 locus,
2739 3395 2796 3442 ut
2826 3390 3170 3449 remittendis
3203 3405 3325 3465 post
3348 3400 3621 3471 paeniten-

2016 3463 2144 3521 tiam
2178 3468 2475 3528 debeamus
2508 3473 2694 3534 favere
2723 3482 2995 3551 peccatis;
3031 3502 3097 3542 ne
3125 3463 3251 3544 dum
3284 3463 3454 3549 venite
3483 3496 3622 3553 alte-

2013 3559 2127 3614 rius
2155 3561 2481 3631 invidemus,
2513 3568 2616 3639 ipsi
2647 3586 2765 3627 eam
2799 3592 2904 3631 non
2951 3595 3262 3638 mereamur
3289 3600 3319 3640 a
3358 3585 3613 3647 Domino.

2012 3650 2145 3720 Quis
2175 3657 2317 3711 enim
2349 3666 2403 3712 tu
2427 3675 2485 3715 es
2511 3663 2599 3733 qui
2638 3664 2866 3722 Domino
2894 3673 3268 3745 contradicas,
3305 3694 3374 3734 ne
3412 3682 3497 3737 cui
3522 3698 3618 3740 ve-

2008 3746 2108 3814 lit,
2141 3751 2356 3822 culpam
2389 3758 2630 3824 relaxet;
2658 3776 2780 3817 cum
2817 3774 2871 3819 tu
2902 3765 2989 3820 cui
3032 3769 3298 3838 volueris,
3329 3773 3618 3844 ignoscas?

2012 3840 2131 3897 Vult
2165 3848 2343 3915 rogari
2363 3890 2377 3914 ,
2405 3851 2522 3905 vult
2544 3852 2848 3913 obsecrari.
2879 3859 2936 3915 Si
2979 3863 3219 3921 omnium
3246 3840 3492 3939 jusiitia,
3523 3872 3616 3929 ubi

2011 3933 2105 3989 Dei
2134 3938 2345 4005 gratia?
2373 3941 2504 4009 Quis
2537 3953 2589 3998 tu
2632 3961 2722 4013 es,
2754 3950 2844 4018 qui
2878 3952 3121 4010 invideas
3148 3933 3295 4015 Deo?

2082 4029 2207 4085 2'07.
2244 4032 2427 4104 (Vers.
2461 4036 2550 4102 25,
2594 4038 2710 4127 27.)
2755 4042 2821 4097 Et
2861 4044 2986 4101 ideo
3027 4058 3243 4106 notatur
3290 4053 3378 4113 hic
3418 4056 3612 4127 frater,

2010 4139 2182 4193 usque
2210 4129 2347 4182 adeo
2372 4140 2426 4184 nt
2452 4131 2520 4187 de
2552 4125 2675 4189 villa
2705 4138 2890 4195 venire
2919 4140 3151 4209 dicatur,
3183 4146 3285 4203 hoc
3310 4160 3413 4215 est,
3444 4125 3616 4212 terre;
3678 4170 3682 4175 ’

2009 4219 2096 4275 nis
2121 4222 2378 4291 Operibus
2405 4238 2731 4296 occupatus,
2762 4232 3022 4302 ignorans
3050 4252 3170 4308 quae
3212 4251 3341 4297 sunt
3366 4243 3615 4315 .Spiritus

2010 4313 2104 4368 Dei
2135 4331 2147 4365 :
2181 4324 2238 4369 ut
2281 4315 2516 4389 denique
2546 4337 2841 4395 numquam
2874 4341 2973 4396 pro
3002 4334 3061 4384 se
3104 4332 3189 4387 vel
3228 4313 3439 4391 lia-dum
3482 4354 3613 4408 que-
3679 4338 3685 4343 ’

2007 4414 2161 4460 ratur
2190 4408 2465 4476 occisum;
2502 4427 2608 4468 non
2637 4415 2781 4470 enim
2814 4432 2914 4487 pro
2938 4419 3137 4476 invidia
3159 4464 3173 4489 ,
3203 4425 3298 4481 sed
3325 4443 3423 4497 pro
3454 4430 3611 4489 venia

2013 4497 2229 4573 1468
2253 4503 2436 4558 mundi
2466 4519 2635 4576 agnus
2663 4520 2750 4564 est
2782 4509 3115 4570 immolatus.
3149 4516 3369 4577 Invidus
3394 4521 3608 4582 luedum

2004 4598 2198 4661 quaerit
2227 4612 2240 4648 :
2271 4596 2536 4655 innocens
2563 4616 2758 4672 agnum
2787 4619 2885 4675 pro
2920 4623 2981 4665 se
3010 4609 3284 4670 desiderat
3315 4617 3608 4677 immolari.

2006 4683 2132 4740 ldt-o
2158 4696 2211 4742 ct
2236 4689 2425 4746 senior
2450 4692 2679 4761 dicitur;
2711 4712 2779 4753 eo
2805 4701 2951 4771 quod
2981 4703 3090 4760 cito
3125 4707 3319 4778 aliquis
3348 4727 3446 4782 per
3474 4713 3612 4771 invi-

2003 4778 2145 4835 diam
2180 4797 2555 4842 consenescat.
2589 4787 2716 4846 ldeo
2744 4803 2797 4848 et
2825 4793 2960 4853 foris
3000 4808 3141 4867 stat;
3171 4817 3238 4859 eo
3266 4778 3409 4876 quod
3440 4809 3611 4869 male-

2002 4875 2238 4932 volentia
2279 4893 2401 4934 eum
2432 4883 2599 4939 animi
2644 4885 2862 4944 liventis
2901 4893 3177 4953 excludat.
3204 4875 3332 4956 Ideo
3375 4903 3607 4964 chorum

2001 4977 2055 5024 et
2106 4971 2485 5041 symphoniam
2531 4977 2721 5036 audire
2769 4998 2877 5038 non
2921 4996 3143 5056 potest,
3199 4990 3303 5048 hoc
3344 5006 3463 5063 est,
3497 5015 3605 5057 non

2000 5062 2089 5119 illa
2117 5065 2393 5123 theatralis
2418 5068 2686 5129 incentiva
2718 5075 2982 5147 luxuriae,
3013 5098 3113 5139 nec
3141 5062 3607 5152 aulicorumcon-

1996 5208 2605 5309 iﬁnpner-plezeml’atres
2645 5216 2856 5309 locutos
2901 5238 3064 5282 nemo
3108 5230 3303 5287 nescit.
3345 5233 3606 5309 Expende

1996 5288 2482 5359 Cllalllllllll‘lel'utll
2515 5301 2857 5359 sequentem.

2046 5356 2097 5443 sit.
2134 5351 2433 5443 Sgicgplgures
2466 5351 2810 5443 potioresque
2846 5382 2979 5423 mss.
3027 5379 3192 5443 atque
3219 5376 3350 5431 edit.
3383 5378 3510 5437 Era.
3548 5393 3605 5442 et

1994 5419 2122 5512 Cill.
2156 5426 2206 5476 in
2238 5419 2649 5512 marginanAlii
2698 5419 2833 5512 mss.
2880 5419 3350 5505 εἷεᾶἰὲῗῦιῆῌᾶ

2000 5496 2479 5577 poreLprwdiratio
2505 5500 2792 5577 Eraugelii.

2002 5565 2458 5669 ςηῙ...¹ἷὲῗ1⁰ἷτξὲῗῗ·
2480 5565 2726 5669 ιῖζῖἒῧλ
2761 5580 2814 5635 δη
2849 5586 3126 5654 ἠδνεῖηθν
3160 5587 3427 5669 Pettium
3452 5607 3601 5669 patre

1993 5636 2268 5731 iuducitur.
2278 5641 2445 5731 ﬁlius.
2458 5643 2710 5731 pldemnin
2729 5636 2929 5731 corp;
2944 5636 3090 5712 εἶέῆ
3100 5636 3331 5731 ἔυῐῖεῖιίἷξ

1991 5723 2097 5811 22f?
2122 5715 2269 5811 2331?}
2278 5715 2913 5811 ’.ζυῗξάῖίειβνιίιξξηιένη
2939 5715 3150 5811 mutati
3174 5715 3603 5811 bidui-uitia};

1990 5782 2096 5836 nisi
2119 5782 2263 5853 quod
2283 5783 2443 5843 Rom.
2475 5782 2662 5849 vocem
2691 5796 2833 5866 ﬁlius
2859 5782 3190 5864 amrautla'vit.
