4040 6488
606 306 744 370 tros
1959 305 2204 375 SANCTI
2243 311 2567 375 AMBROSII
3409 357 3412 359 Α
3836 314 3966 375 trs;

601 445 1068 490 centussonorum
1088 444 1133 500 η,
1152 434 1243 490 sed
1271 434 1439 505 plebis
1464 435 1810 490 concordiam
1839 436 2201 502 concinentis,
2234 444 2279 502 Α
2309 433 2403 487 sed
2439 432 2692 489 irascitur
2719 435 2840 506 quia
2871 433 2957 491 hic
2984 433 3226 493 concinit
3252 433 3432 506 plebis
3456 435 3650 509 gratia
3678 477 3696 503 ,
3739 445 3810 492 et
3840 453 3965 492 ceu-

602 541 721 595 quae
769 525 837 580 de
886 536 1168 596 peccatore
1209 535 1424 583 servato
1461 527 1676 584 dulcem
1723 529 1953 585 resultet
2000 530 2201 585 laetitize
2308 541 2440 580 sona
2467 529 2645 596 populi
2670 527 2946 597 jubilatio.
2977 529 3084 584 Sed
3121 527 3335 602 1469
3359 529 3539 584 bonus
3570 539 3762 600 pater
3795 535 3958 585 etiam

605 620 958 675 suavitatem.

674 712 803 767 258.
843 711 1126 770 Constitue
1165 715 1294 770 mihi
1326 716 1562 786 aliquem
1595 733 1660 773 ex
1694 718 1778 772 his
1805 719 1894 788 qui
1941 718 2044 774 sibi
2071 719 2202 790 justi

605 803 870 870 videntur,
915 807 1004 876 qui
1054 809 1259 864 trabem
1294 808 1346 863 iu
1389 810 1546 864 oculo
1593 826 1694 864 suo
1744 826 1848 866 non
1894 810 2116 876 vident,
2150 819 2206 867 et

600 895 761 950 alieni
793 896 1054 952 festucam
1083 900 1198 954 vitii
1230 900 1370 956 ferre
1398 917 1503 957 non
1532 914 1776 972 possunt.
1810 904 2096 973 Quomodo
2125 905 2206 960 in-

603 989 869 1061 dignatur,
904 995 1122 1064 quando
1150 997 1310 1052 alicui
1344 1007 1624 1068 peccatum
1658 999 1880 1069 fatenti,
1911 1011 1965 1057 et
1993 1002 2083 1056 diu
2119 1003 2203 1056 in-

601 1083 930 1154 dulgentiam
983 1087 1290 1160 deploranti
1341 1094 1497 1148 venia
1562 1094 1872 1150 relaxatur?
1921 1095 2205 1163 Quomodo

597 1191 756 1233 aures
784 1179 904 1247 ejus
935 1184 1316 1253 symphoniam
1349 1188 1529 1258 populi
1555 1189 1893 1258 spiritualem
1927 1191 2066 1246 ferre
2097 1207 2206 1246 non

601 1274 860 1342 possunt?
888 1275 1014 1331 Haec
1038 1289 1121 1333 est
1147 1279 1292 1335 enim
1331 1281 1657 1356 symphonia
1683 1326 1696 1350 ,
1730 1285 1945 1356 quando
1967 1285 2206 1342 concinit

599 1367 654 1420 in
700 1368 943 1423 Ecclesia
983 1368 1012 1407 ιδ
1059 1370 1405 1430 diversorum
1451 1383 1670 1431 actuum
1713 1387 1874 1448 atque
1914 1379 2202 1445 virtutum,

595 1460 747 1514 velut
798 1461 1076 1518 variarum
1129 1465 1459 1521 chordarum
1521 1467 1816 1525 indiscreta
1871 1471 2205 1538 concordia,

606 1552 850 1620 psalmus
889 1554 1270 1624 respondetur,
1315 1569 1472 1613 amen
1519 1558 1738 1615 dicitur.
1791 1561 1914 1618 Haec
1953 1574 2035 1618 est
2064 1579 2210 1634 sym-

597 1645 795 1716 phonia
823 1662 984 1716 quam
1027 1649 1192 1704 scivit
1242 1659 1297 1706 et
1328 1650 1564 1718 Paulus;
1598 1661 1653 1708 et
1677 1653 1801 1710 ideo
1827 1656 1940 1709 ait:
1976 1653 2209 1710 Psallam

596 1741 784 1809 spiritu
809 1783 824 1807 ,
877 1742 1100 1810 psallam
1129 1754 1174 1797 et
1206 1755 1370 1800 mente
1419 1748 1436 1815 (
1464 1745 1486 1802 Ι
1517 1746 1639 1802 Cor.
1676 1763 1788 1815 xiv,
1825 1747 1940 1816 13).
1986 1748 2113 1804 Ηίῑδε
2141 1747 2210 1804 de

597 1835 856 1904 parabola
889 1838 1141 1905 praesenti
1178 1842 1486 1909 putavimus
1518 1857 1642 1897 esse
1675 1841 1980 1898 tractanda.

667 1927 795 1982 239.
837 1926 948 1983 Nec
976 1930 1284 1986 invidemus
1315 1934 1355 1987 si
1381 1935 1502 2004 quis
1523 1933 1661 1989 duos
1689 1933 1886 1990 fratres
1913 1935 2048 1990 istos
2077 1935 2210 1990 velit

499 2037 502 2040 '
596 2020 802 2076 referre
824 2022 889 2076 ad
917 2026 1144 2093 p0pulos
1169 2026 1338 2089 duos;
1370 2040 1424 2081 ut
1457 2028 1527 2083 sit
1547 2028 1950 2104 adolescentior
1977 2031 2208 2100 populus

597 2129 663 2168 ex
693 2115 946 2183 gentibus
993 2127 1264 2187 tamquam
1297 2119 1460 2174 Israel
1482 2162 1496 2186 ,
1529 2121 1616 2174 cui
1648 2120 1812 2175 frater
1840 2121 2015 2192 major
2048 2121 2209 2177 bene-

597 2207 780 2260 ficium
810 2217 1054 2276 paternae
1081 2210 1480 2268 benedictionis
1515 2214 1725 2267 invidit.
1762 2214 1915 2282 Quod
1942 2214 2208 2269 faciebant

593 2298 790 2368 Judaei,
825 2317 945 2356 cum
983 2317 1347 2374 quererentur
1376 2307 1497 2377 quia
1527 2307 1778 2364 Christus
1803 2324 1924 2364 cum
1954 2311 2206 2380 gentibus

523 2461 528 2464 _
600 2397 944 2464 epularetur;
978 2406 1034 2452 et
1063 2396 1186 2454 ideo
1228 2399 1468 2469 haedum,
1507 2403 1633 2456 mali
1664 2403 1851 2458 odoris
1879 2404 2206 2460 sacrificiuni

595 2489 982 2556 requisierunt.
1028 2490 1250 2547 Iudaeus
1301 2495 1514 2549 haedum
1562 2496 1830 2566 requirit,
1863 2496 2205 2554 Christianus

593 2593 828 2650 agnutn;
859 2590 914 2637 et
950 2583 1076 2640 ideo
1107 2585 1214 2639 illis
1261 2585 1536 2644 Barabbas
1560 2589 1811 2654 solvitur,
1843 2591 2001 2645 nobis
2032 2606 2204 2661 agnus

594 2675 930 2732 immolatur.
981 2676 1138 2734 Unde
1200 2681 1342 2750 apud
1386 2681 1512 2736 illos
1555 2682 1696 2738 fetor
1743 2693 1828 2740 est
1874 2685 2200 2752 criminum,

591 2765 735 2835 apud
767 2782 864 2821 nos
897 2770 1150 2824 remissio
1185 2783 1555 2842 peccatorum,
1587 2774 1764 2830 dulcis
1795 2777 1846 2830 in
1877 2793 1994 2850 spe,
2021 2779 2203 2833 suavis

591 2857 646 2912 in
680 2857 879 2914 fructu.
919 2860 1022 2928 Qui
1071 2862 1286 2918 haedum
1330 2869 1554 2936 quaerit,
1607 2879 1888 2941 exspectat
1929 2869 2202 2926 Antichri-

592 2959 738 3006 stum
765 2969 779 3018 ;
806 2951 1057 3011 Christus
1085 2957 1229 3012 enim
1256 2958 1386 3013 boni
1410 2960 1597 3017 odoris
1628 2973 1710 3018 est
1735 2963 1952 3019 victima
1981 2963 2196 3037 (Ep/tes.

596 3063 648 3110 v,
673 3048 752 3116 9.).

663 3142 792 3198 240.
830 3155 853 3182 ο
883 3146 1047 3214 Queri
1092 3149 1254 3205 etiam
1290 3150 1340 3206 in
1389 3151 1543 3208 barda
1584 3154 1821 3220 videtur,
1868 3155 1990 3228 quia
2021 3154 2196 3211 Judaei

2309 616 2453 672 hunc
2481 619 2696 675 salvare
2727 621 3004 692 cupiebat,
3036 622 3224 677 dicens
3250 639 3262 674 :

2377 711 2560 785 (Vers.
2589 714 2708 785 51.)
2739 712 2869 779 Fili,
2891 726 2945 768 tu
2970 731 3170 785 semper
3196 731 3390 768 mecum
3425 715 3573 787 fuisti
3603 731 3629 779 ;

2376 804 2504 860 242.
2540 805 2638 862 Vel
2673 806 3072 877 quasiludasus
3099 808 3151 862 in
3176 807 3340 880 Lege,
3389 809 3472 862 vel
3525 807 3704 878 quasi
3759 808 3949 879 justus

2307 895 2359 948 in
2393 899 2780 952 communione
2810 913 2824 963 ;
2851 908 3008 964 etes,
3039 899 3082 953 si
3113 899 3331 954 desinas
3367 897 3655 955 invidere.

2381 989 2568 1063 (lbid.)
2606 989 2671 1044 Et
2695 993 2870 1046 omnia
2897 1008 3012 1046 mea
3038 1002 3126 1046 tua
3142 1003 3300 1059 sunt;

2377 1084 2506 1139 245.
2556 1084 2650 1140 Vel
2680 1084 2903 1140 Judaeus
2928 1095 3269 1142 sacramenta
3310 1086 3517 1142 veteris
3559 1084 3942 1150 Testamenti,

2309 1177 2391 1231 vel
2427 1177 2737 1246 baptizatus
2765 1179 2930 1233 etiam
2960 1180 3084 1234 novi
3115 1181 3420 1250 possidens.

2382 1271 2537 1344 (Cap.
2571 1271 2950 1330 XVl.—Vers.
2984 1274 3102 1346 15.)
3136 1273 3304 1330 Nemo
3329 1290 3509 1330 servus
3533 1285 3717 1346 potest
3747 1277 3943 1330 dualm

2309 1362 2532 1416 dominis
2563 1364 2755 1418 servire
2778 1381 2798 1430 ;

2377 1453 2507 1510 2M.
2547 1453 2684 1522 Quia
2719 1472 2825 1510 non
2850 1458 2978 1522 duo,
3013 1456 3109 1513 sed
3142 1472 3282 1512 unus
3324 1467 3410 1513 cst
3452 1457 3759 1513 dominus.
3813 1459 3853 1514 IS
3877 1480 3934 1515 ιω

2309 1550 2409 1602 etsi
2439 1560 2566 1602 sunt
2597 1550 2689 1620 qui
2738 1565 3059 1606 mammona:
3107 1552 3391 1615 serviant;
3432 1562 3617 1608 tamen
3682 1569 3804 1607 non
3859 1556 3932 1608 ill:

2309 1643 2460 1696 novit
2493 1644 2672 1714 aliqua
2706 1645 2830 1714 jura
2863 1645 3226 1712 dominatus;
3274 1647 3368 1700 sed
3426 1646 3529 1716 ipsi
3585 1647 3704 1701 sibi
3751 1647 3929 1716 jugum

2310 1735 2592 1790 servitutis
2628 1737 2952 1808 imponunt;
2996 1754 3174 1808 neque
3223 1738 3366 1793 enim
3407 1736 3433 1774 ά
3472 1739 3621 1810 justa
3661 1748 3926 1809 potestas.

2234 1839 2283 1900 Β
2311 1828 2407 1882 sed
2436 1829 2633 1899 injusta
2667 1841 2751 1884 est
2782 1831 3040 1886 servitus.
3075 1831 3141 1886 Et
3173 1833 3294 1887 ideo
3324 1832 3418 1886 ait.

2383 1923 2565 1995 (Vers.
2591 1923 2674 1997 9.)
2701 1923 2884 1980 Facite
2900 1926 3042 1980 vobis
3064 1927 3257 1981 amicos
3286 1927 3349 1981 de
3370 1928 3552 1997 iniquo
3581 1945 3922 1993 mammona;

2379 2017 2508 2074 245.
2556 2018 2622 2075 Ut
2650 2019 2932 2092 largiendo
2961 2020 3311 2094 pauperibus,
3362 2022 3704 2092 angelorum
3758 2024 3917 2083 nobis,

2307 2123 2742 2185 ceterorumque
2771 2125 3083 2170 sanctorum
3113 2115 3340 2186 gratiam
3368 2126 3798 2185 comparemus.
3829 2115 3917 2169 Nec

2309 2209 2732 2279 reprehenditur
2757 2209 2991 2278 villicus,
3028 2212 3082 2265 in
3107 2226 3214 2282 quo
3239 2210 3498 2265 discimus
3525 2226 3638 2266 non
3676 2211 3784 2281 ipsi
3813 2225 3913 2265 esse

2308 2303 2538 2380 domini,
2569 2304 2664 2359 sed
2689 2305 2870 2374 potius
2901 2305 3202 2360 alienarum
3249 2303 3416 2360 villici
3453 2303 3823 2359 facultatum.
3863 2303 3912 2357 Et

2309 2397 2432 2452 ideo
2465 2400 2590 2453 licet
2615 2397 2941 2468 peccaverit,
2969 2406 3151 2452 tamen
3176 2398 3299 2469 quia
3323 2396 3424 2452 sibi
3458 2397 3512 2450 in
3537 2405 3835 2467 posterum
3859 2410 3906 2449 es

2277 2494 2640 2564 .intlulgentia
2687 2493 2898 2549 domini
2951 2495 3202 2565 quaesivit
3260 2493 3458 2548 auxilia
3495 2534 3513 2560 ,
3563 2493 3900 2564 praedicatur.

2308 2587 2543 2644 Pulchre
2566 2599 2746 2644 autem
2787 2589 3031 2659 iniquum
3081 2603 3389 2642 mammona
3435 2587 3577 2641 dixit
3601 2584 3627 2648 ;’
3663 2587 3794 2658 quia
3834 2601 3903 2637 ra-

2308 2685 2403 2738 riis
2429 2683 2740 2738 divitiarum
2771 2681 3066 2738 illlecebris
3099 2693 3122 2719 θ
3153 2693 3370 2736 nostros
3407 2681 3642 2736 avaritia
3680 2680 3900 2736 tentabat

2304 2777 2554 2846 affectus,
2587 2788 2645 2833 ut
2677 2779 2910 2833 velimus
2931 2777 3136 2832 servire
3166 2777 3390 2833 divitiis.
3425 2775 3588 2832 Unde
3621 2777 3703 2831 ait
3740 2793 3755 2830 :

2378 2869 2562 2941 (Vers.
2597 2869 2712 2942 12.)
2757 2870 2818 2926 Si
2866 2871 2919 2924 in
2962 2870 3134 2924 alieno
3176 2871 3357 2940 fideles
3393 2885 3497 2924 non
3539 2869 3744 2939 fuistis,
3785 2871 3895 2940 quod

2305 2975 2528 3018 vestrum
2551 2973 2646 3033 est,
2681 2949 2798 3034 quis
2826 2964 2968 3017 dabit
2998 2963 3184 3018 vobis?

2375 3057 2502 3114 2'56.
2525 3058 2736 3114 Aliena:
2762 3057 2919 3113 nobis
2940 3057 3143 3112 divitia:
3157 3069 3306 3123 sunt,
3329 3057 3455 3128 quia
3479 3066 3681 3127 praeter
3706 3054 3890 3128 1470

2305 3162 2554 3208 naturam
2600 3160 2772 3218 sunt;
2820 3168 3000 3224 neque
3032 3153 3314 3208 nobiscum
3364 3160 3687 3218 nascuntur,
3740 3165 3888 3220 neque

597 3235 760 3289 ritum
788 3241 988 3293 veteris
1028 3241 1274 3297 sacrificii
1309 3245 1657 3314 perdiderunt
1685 3265 1698 3301 :
1732 3248 1815 3302 vel
1846 3249 1971 3320 quia
1999 3249 2200 3303 nullius
2228 3230 2273 3294 C
2306 3247 2588 3303 nobiscum
2639 3255 2963 3302 transeunt:
3011 3247 3261 3302 Christus
3300 3256 3486 3302 autem
3542 3258 3732 3300 noster
3753 3240 3882 3307 est,r

595 3330 817 3398 sanguis
857 3330 940 3384 his
981 3333 1210 3402 profuit,
1241 3335 1379 3390 sicut
1413 3335 1621 3393 Christi
1653 3340 1874 3410 sanguis
1907 3341 2198 3408 Ecclesim;

599 3435 706 3474 non
735 3423 880 3477 enim
913 3425 1184 3482 redimere
1211 3444 1307 3484 eos
1333 3433 1556 3501 sanguis
1585 3435 1757 3501 potuit
1789 3435 2200 3504 prophetarum.

596 3513 889 3584 lmpudens
913 3527 1093 3574 autem
1135 3529 1191 3576 et
1216 3523 1410 3578 similis
1437 3524 1580 3579 illius
1618 3525 1872 3596 pharisaei
1897 3527 2202 3597 justifican-

594 3607 666 3664 tis
694 3626 754 3664 se
780 3616 1052 3684 arroganti
1085 3631 1246 3686 prece
1275 3659 1288 3683 ,
1329 3620 1417 3688 qui
1454 3619 1674 3688 putabat
1719 3621 1860 3691 quod
1909 3638 2200 3693 numquam

596 3705 927 3772 praeterierit
955 3708 1266 3763 mandatum
1299 3711 1431 3776 Dei,
1463 3713 1587 3782 quia
1633 3712 1829 3782 Legem
1861 3715 2114 3768 servabat
2146 3715 2198 3770 in

593 3795 813 3852 litteris.
866 3798 1098 3869 impius,
1145 3803 1235 3872 qui
1287 3805 1578 3860 accusabat
1622 3805 1841 3860 fratrem
1884 3806 2026 3876 quod
2075 3821 2196 3861 cum

596 3891 974 3947 meretricibus
996 3903 1275 3963 paternam
1301 3897 1662 3952 substantiam
1691 3897 2049 3970 prodegisset,
2074 3914 2196 3954 cum

592 3983 846 4040 debuerit
889 3985 1172 4044 advertere
1212 3991 1337 4058 quia
1369 3991 1468 4045 sibi
1509 3991 1708 4047 dictum
1743 4003 1864 4047 est:
1899 3993 2198 4064 Meretrices

584 4085 633 4130 et
672 4075 935 4145 publicani
959 4081 1256 4149 prwcedunt
1279 4097 1365 4137 vos
1386 4084 1438 4137 in
1464 4100 1680 4158 regnum
1702 4085 1949 4140 caelorum
1977 4069 2192 4157 (Matth.

591 4185 708 4236 χχι,
739 4170 854 4242 51).

657 4262 785 4318 2M.
833 4265 1014 4337 (Vers.
1046 4268 1165 4339 28.)
1188 4269 1306 4326 Stat
1333 4281 1515 4327 autem
1543 4271 1694 4340 foris,
1729 4289 1828 4328 nec
1856 4274 2189 4338 excluditur;

585 4359 680 4413 sed
713 4375 818 4414 non
853 4361 1178 4433 ingreditur,
1213 4366 1469 4436 ignorans
1499 4368 1829 4424 voluntatem
1863 4369 1956 4424 Dei
1999 4370 2066 4424 de
2096 4386 2194 4424 vo-

581 4452 796 4507 catione
822 4455 1086 4524 gentium,
1124 4471 1314 4512 servus
1352 4457 1463 4528 jam
1496 4457 1670 4513 factus
1713 4477 1776 4514 cx
1813 4461 1953 4526 lilio;
2001 4477 2192 4518 servus

581 4546 1057 4620 enimnescitquid
1073 4550 1329 4606 dominus
1347 4551 1664 4622 agat(.loan.
1686 4569 1782 4618 xv,
1820 4553 1930 4624 15).
1967 4554 2068 4610 Ubi
2101 4571 2192 4609 co-

2307 3340 2432 3410 quia
2459 3341 2695 3395 vitaest.
2733 3339 2979 3409 Denique
3028 3338 3094 3394 In
3144 3356 3240 3394 sua
3289 3339 3502 3411 prapria
3528 3339 3687 3404 venit,
3736 3349 3780 3392 et
3823 3338 3883 3390 ssi

2305 3450 2423 3488 eum
2450 3451 2550 3487 non
2581 3443 2878 3506 receperunt
2903 3432 3087 3506 (Joan.
3122 3451 3162 3500 ι,
3201 3432 3312 3506 11).
3357 3433 3500 3503 Ergo
3552 3447 3712 3490 nemo
3759 3431 3881 3486 dabit

2303 3527 2445 3598 quod
2477 3537 2715 3581 vestrum
2757 3535 2879 3590 est;
2934 3528 3056 3596 quia
3110 3537 3351 3582 vestrum
3410 3541 3518 3580 non
3574 3523 3876 3584 credidistis,

2304 3630 2543 3676 vestrum
2578 3636 2684 3674 non
2712 3620 3018 3689 recepistis.

2374 3711 2503 3766 247.
2545 3711 2712 3782 Argoi
2735 3710 2900 3781 igitur
2923 3710 3176 3766 videntur
3203 3708 3377 3764 Judaei
3406 3718 3462 3764 et
3485 3707 3690 3763 fraudis
3711 3716 3874 3762 etaia-

2303 3804 2462 3858 ritiar.
2500 3803 2568 3857 Et
2597 3803 2718 3858 ideo
2735 3803 2825 3874 qui
2859 3804 2912 3857 in
2945 3798 3291 3857 facultatibus
3323 3799 3515 3855 fideles
3539 3816 3647 3854 non
3669 3799 3869 3858 fuerunt,

2301 3912 2437 3968 quas
2467 3913 2588 3951 cum
2621 3897 2830 3952 alienas
2861 3897 3069 3950 scirent
3093 3896 3464 3964 (communem
3487 3895 3631 3949 enim
3660 3893 3720 3958 ad
3744 3908 3869 3960 usum

2299 3991 2510 4046 fructus
2540 3999 2808 4045 terrarum
2839 4005 2869 4043 a
2905 3987 3132 4044 Domino
3154 3988 3265 4041 Deo
3296 3985 3453 4042 datus
3483 3995 3566 4041 est
3605 3983 3863 4055 omnibus),

2299 4074 2602 4138 debuerunt
2681 4083 2869 4154 utique
2943 4079 3278 4152 participare
3337 4080 3670 4150 pauperibus
3719 4098 3729 4131 :
3791 4091 3865 4132 nec

2223 4190 2229 4200 '
2298 4173 2573 4230 Clu-istum
2605 4174 2854 4246 accipere
2876 4182 3218 4237 meruerunt,
3245 4188 3402 4243 quem
3428 4171 3773 4227 Zacclueusut
3795 4186 3864 4226 ac-

2297 4270 2562 4340 quireret,
2589 4269 2871 4324 dimidiam
2899 4280 3106 4341 partem
3151 4268 3419 4342 bonorum
3453 4282 3673 4322 suorum
3703 4267 3861 4321 obtulit

2300 4363 2454 4431 (Luc.
2478 4379 2594 4427 χιε,
2631 4363 2712 4432 8).

2368 4459 2497 4516 248.
2545 4459 2686 4530 Ergo
2714 4472 2820 4514 non
2848 4455 3154 4513 serviamus
3189 4456 3384 4512 alienis
3413 4456 3537 4527 quia
3563 4456 3751 4511 nullum
3776 4455 3855 4509 do-

2296 4553 2504 4607 minum
2545 4553 2807 4607 debemus
2843 4551 2983 4606 scire
3041 4551 3142 4605 nisi
3194 4549 3512 4605 Christtttn:
3571 4550 3708 4605 Unus
3745 4552 3853 4606 enim

578 4639 794 4705 guovit,
835 4640 1130 4709 invidet,et
1161 4653 1444 4715 torquetur
1467 4644 1730 4702 Ecclesia}
1758 4646 1932 4713 bonis,
1963 4657 2017 4703 et
2059 4647 2193 4706 foris
2300 4647 2438 4702 Deus
2465 4646 2647 4712 Pater,
2677 4662 2739 4701 ea:
2761 4661 2860 4716 quo
2883 4643 3080 4711 omnia,
3111 4653 3160 4697 et
3191 4659 3285 4696 nos
3302 4644 3353 4696 in
3381 4643 3495 4712 ipso
3518 4657 3538 4697 :
3564 4652 3612 4698 et
3628 4660 3746 4697 unus
3768 4640 3852 4696 Do-

579 4737 704 4784 stat.
733 4728 887 4787 Foris
907 4735 1052 4789 enim
1079 4733 1243 4792 Israel
1265 4737 1417 4792 audit
1437 4736 1740 4794 chornmet
1762 4739 2143 4811 symphoniam
2171 4759 2185 4808 ;

656 4926 682 4956 η
722 4917 882 4973 Rom.
915 4918 1068 4992 edit.,
1103 4921 1199 4975 hoc
1229 4931 1324 4987 est,
1356 4939 1458 4977 non
1499 4923 1660 4992 plebis
1691 4924 2018 4978 concordiam
2057 4941 2180 4977 con-

573 4989 820 5052 cinentis.
852 5007 966 5058 quae
995 4991 1058 5048 de
1090 4989 1576 5061 peccatoresalvato
1610 4994 1814 5049 dulcem
1850 4997 2057 5050 resultet
2085 4998 2174 5050 lte-

577 5062 702 5114 titia:
729 5063 1028 5132 suavitatem
1057 5079 1074 5116 :
1103 5065 1192 5117 sed
1221 5063 1486 5120 theatralis
1514 5066 1606 5119 illa
1643 5066 1898 5121 incentiva
1928 5068 2172 5132 luxurias,

577 5133 653 5186 vel
676 5131 961 5186 aulicorum
988 5147 1259 5188 concentus
1277 5153 1538 5190 sonorum.
1563 5135 1677 5189 Non
1699 5139 1829 5192 satis
1852 5131 2169 5199 commode;

577 5204 738 5280 trujus
769 5220 1001 5272 namque
1027 5207 1129 5280 loci
1156 5209 1294 5280 idem
1334 5223 1527 5264 sensus
1550 5217 1666 5274 est,
1698 5222 1767 5280 ac
1785 5209 1830 5262 si
1859 5210 2169 5280 legeretur:

577 5274 691 5329 Non
726 5285 902 5343 potest
940 5277 1128 5351 audire
1149 5278 1378 5336 chorum
1403 5290 1456 5334 et
1485 5279 1886 5351 symphoniam,
1914 5274 2003 5351 qui
2041 5281 2171 5338 cho-

576 5361 669 5401 rus
696 5357 750 5423 et
791 5349 1110 5423 symphonia
1142 5367 1246 5423 non
1277 5349 1579 5421 signiﬁcant
1607 5350 1853 5406 fomitem
1882 5349 2043 5423 atque
2086 5355 2168 5408 itt-

577 5421 787 5474 centiva
821 5421 1074 5493 luxurie,
1108 5421 1202 5478 sed
1243 5423 1590 5478 concordiam
1630 5425 1833 5493 plebis,
1867 5421 1972 5480 etc;
2004 5425 2173 5482 Porro

578 5505 675 5559 per
706 5506 868 5546 voces
901 5492 1190 5546 aulicorum
1230 5510 1474 5546 sonorum
1495 5536 1509 5561 ,
1557 5492 1663 5548 non
1696 5495 1946 5552 videntur
1976 5498 2175 5551 intelli-

575 5563 735 5638 gendi
775 5565 924 5628 soni,
958 5565 1062 5638 qui
1097 5566 1232 5638 fiunt
1263 5566 1315 5619 in
1342 5567 1518 5638 aulis.
1564 5566 1667 5620 hoc
1707 5578 1822 5633 est,
1874 5571 1924 5624 iu
1983 5584 2169 5638 regum

577 5637 790 5703 palatiis
823 5655 834 5689 :
877 5635 969 5691 sed
1001 5640 1178 5707 potius
1218 5637 1290 5691 ita
1320 5637 1425 5692 dici
1456 5640 1559 5694 ἀπὸ
1597 5641 1698 5700 τῶν
1736 5641 1928 5705 αὐλῶν.
1961 5656 1990 5698 3
2025 5635 2171 5698 tibiis

576 5723 674 5763 seu
699 5708 910 5764 fistulis.

648 5779 674 5855 Ρ
717 5781 804 5855 lta_
822 5797 952 5836 mss.
983 5789 1191 5852 septem
1237 5780 1562 5852 probatioris
1606 5790 1770 5855 notae.
1819 5783 1927 5840 Alii
1957 5798 2087 5839 vero
2117 5791 2172 5840 et

575 5850 728 5920 edit.,
768 5850 1087 5909 diversarum
1127 5850 1334 5910 auat—um
1373 5863 1524 5926 atque
1557 5850 1804 5911 virtutum
1831 5871 1849 5912 :
1879 5863 2169 5926 utrumque

2299 4743 2468 4796 minus
2497 4739 2672 4809 Jesus,
2704 4757 2793 4810 per
2813 4755 2964 4810 quem
2991 4739 3167 4794 omnia
3207 4736 3251 4809 (Ι
3282 4735 3399 4792 Cor.
3452 4752 3547 4791 vm
3569 4777 3582 4803 ,
3615 4737 3685 4807 6).
3739 4733 3848 4802 Quid

2280 4942 2384 4978 non
2415 4926 2575 4980 male.
2609 4925 2674 4978 At
2697 4922 3094 4978 observandum
3121 4920 3301 4977 obiter
3327 4935 3435 4975 non
3464 4934 3632 4991 pauca
3657 4919 3735 4975 hic
3758 4915 3842 4971 dici

2279 4998 2347 5050 31)
2376 4997 2687 5061 Ambrosio,
2717 4995 2915 5066 quibus
2942 4993 3369 5050 Novatianorum
3396 4993 3448 5047 in
3476 5001 3842 5061 peccatoresre-

2280 5069 2604 5139 sipiscentes
2631 5065 2927 5120 crudelitas
2957 5066 3249 5139 perstringi
3276 5065 3549 5139 Avideutur.

2356 5153 2375 5176 (⁸
2420 5140 2547 5194 Mss.
2583 5140 2788 5207 aliquot
2809 5152 2929 5192 com
2959 5134 3088 5192 edit.
3117 5134 3243 5192 Gill.
3274 5137 3324 5190 in
3355 5152 3525 5207 marg.
3551 5149 3614 5190 ac
3638 5134 3771 5207 Rom.
3793 5135 3832 5188 in

2277 5221 2448 5279 textu,
2498 5212 2625 5276 Qua:
2677 5206 2787 5265 res.
2830 5209 3044 5279 Reliqui
3089 5209 3213 5264 cod.
3259 5217 3420 5278 atque
3461 5206 3620 5274 βάκ..
3649 5206 3832 5273 θωπί,

2276 5285 2421 5354 quod
2467 5293 2762 5351 utcumque
2801 5282 3061 5348 explicari
3108 5292 3317 5350 p0test,
3360 5280 3832 5354 sisubiutelltgatur

2280 5351 2533 5420 Christus,
2563 5370 2682 5424 qua:
2713 5369 2812 5406 vos
2859 5355 3106 5422 proxime
3136 5363 3261 5406 ante
3291 5351 3596 5424 exhibetur.
3624 5351 3826 5406 Attamen

2280 5429 2484 5483 rectius
2528 5421 2688 5481 scribi
2723 5421 2974 5493 putamus
3015 5425 3208 5490 Queri;
3240 5433 3296 5475 ut
3337 5421 3828 5493 signiticeturseuior

2280 5498 2428 5552 filius
2459 5498 2585 5551 dum
2618 5497 2755 5552 Ilzedi
2787 5511 2892 5550 non
2921 5498 3083 5551 occisi
3115 5496 3443 5554 intentionem
3470 5494 3617 5558 facit,
3648 5493 3826 5564 mystice

2280 5570 2548 5640 quiritari,
2579 5569 2722 5638 quod
2750 5569 2886 5624 ritus
2914 5568 3115 5640 veteris
3137 5568 3387 5622 sacriﬁcii
3421 5567 3659 5635 perierit,
3678 5575 3767 5640 etc.

2349 5639 2374 5680 ἀ
2409 5641 2553 5696 Edit.
2586 5637 2834 5710 quaedam
2865 5639 3066 5707 Paris,
3098 5640 3296 5711 injuste
3323 5647 3571 5710 potestas,
3608 5637 3686 5692 sed
3703 5637 3822 5706 justo

2279 5722 2351 5766 est
2383 5713 2620 5767 servitus.
2654 5712 3016 5782 Praepostere.

2354 5796 2376 5861 ς
2406 5785 2569 5861 item.
2600 5783 2758 5850 edit.,
2782 5779 2878 5861 nos
2905 5784 3137 5861 auaritite
3157 5791 3318 5861 tentat
3343 5779 3599 5861 affectas.
3683 5851 3691 5860 .

2354 5854 2369 5893 τ
2405 5855 2530 5913 Mss.
2555 5872 2663 5914 non
2695 5853 2872 5928 pauci,
2894 5870 2995 5912 nec
3025 5854 3298 5914 inferioris
3325 5863 3488 5920 natm.
3515 5853 3628 5920 υυὶα
3652 5853 3717 5906 νέα
3737 5860 3810 5906 θαι
