4040 6488
185 311 338 391 1765

1156 331 1519 392 EXPOSITIO
1557 333 1815 398 EVANG.
1855 335 2009 403 SEC.
2053 337 2206 398 LUC.
2253 341 2378 400 LIB.
2424 333 2559 400 Vill.

3390 338 3530 403 I766

181 455 349 512 ergo,
391 443 563 502 Pater
584 445 879 533 Dominus,
903 454 994 514 aut
1023 447 1192 512 Filius
1221 448 1366 512 Deus
1397 463 1508 516 non
1538 449 1668 512 est?
1713 449 1817 506 Sed
1849 457 1891 525 Α
1929 465 2135 512 uatum.
2195 457 2342 514 Unus
2396 467 2579 516 atatem
2630 466 2737 524 est,
2796 459 2842 514 si
2897 473 3004 514 non
3061 457 3381 527 dividatur;
3434 461 3530 515 sed

179 545 241 589 et
267 536 442 592 Pater
473 541 779 608 Dominus,
827 543 954 614 quia
1000 541 1172 597 Verbo
1219 542 1428 598 Domini
1472 543 1586 604 cali
1634 543 1829 611 ﬁrmati

183 638 315 684 sunt
348 629 534 703 (Psal.
569 651 759 700 xxxu,
788 635 842 705 6)
871 651 887 702 ;
921 645 975 690 et
1004 634 1175 700 Filius
1226 636 1371 692 Deus
1413 635 1500 705 qui
1551 644 1625 690 est
1673 651 1829 704 super

184 737 373 777 omnes
405 724 554 782 Deus
584 727 884 785 benedictus
914 729 964 786 in
996 730 1190 792 scecula
1211 727 1391 802 (Rom.
1418 745 1498 793 ιι,
1537 727 1621 800 5).
1663 727 1828 795 Quo-

184 815 365 890 modo
395 832 537 888 ergo
589 835 758 875 nemo
807 830 986 891 potest
1035 821 1252 876 duobus
1293 820 1530 876 dominis
1570 820 1830 882 servire?

186 905 350 962 Unus
377 911 535 964 enim
574 912 866 975 Dominus,
899 915 1024 984 quia
1055 929 1196 970 unus
1227 914 1373 970 Deus
1405 929 1418 965 :
1453 911 1687 984 denique
1718 909 1828 968 Do-

183 1001 400 1056 minunt
425 997 609 1059 Deum
633 1019 782 1061 tuum
811 1007 1077 1073 adorabis,
1104 1019 1152 1063 et
1173 1009 1252 1063 illi
1274 1007 1372 1062 soli
1393 1006 1579 1060 servies
1603 1004 1823 1075 (Matth.

183 1111 269 1164 ιν,
301 1094 426 1172 10).
458 1097 632 1156 Unde
659 1102 834 1157 claret
860 1116 1025 1157 unum
1059 1100 1238 1155 Patris
1268 1109 1323 1156 et
1351 1100 1474 1155 Filii
1501 1116 1621 1156 esse
1649 1098 1827 1163 domi-

1934 559 2082 606 totus
2114 552 2164 606 in
2199 553 2378 616 Patre,
2412 563 2556 609 totus
2584 554 2636 608 in
2670 553 2808 608 Filio
2836 554 2926 609 sit.
2959 554 3145 625 itaque
3165 565 3188 590 ιι
3217 558 3341 625 quia
3374 555 3535 608 unius

1936 644 2152 699 deitatis
2199 657 2365 714 atque
2424 647 2740 702 dominatus
2804 650 3099 706 asserintus
3162 649 3482 705 Trinitatem
3517 689 3534 715 ,

1936 753 2108 794 unum
2138 739 2338 805 Deum,
2395 748 2450 795 et
2495 758 2659 795 unum
2698 742 2988 798 Dominum
3029 743 3376 799 couiltemur.
3429 743 3536 810 Qui

1935 841 2120 886 autem
2147 832 2308 888 aliam
2335 833 2539 898 Patris,
2570 835 2732 892 aliam
2762 835 2908 899 Filii,
2943 837 3105 890 aliam
3141 835 3378 905 Spiritus
3422 849 3534 891 me-

1937 935 2148 979 morant
2181 936 2528 996 potestatem,
2558 929 2742 997 plures
2799 929 2954 995 deos,
2986 941 3039 985 et
3070 930 3258 1000 plures
3284 930 3538 986 dominos

1935 1017 1990 1072 in
2019 1019 2319 1076 Ecclesiatn
2349 1019 2571 1089 gentilis
2597 1021 2726 1077 vitio
2753 1024 2962 1080 erroris
2995 1023 3280 1079 inducunt.

261 1241 290 1270 ⁸·
317 1231 458 1288 Mss.
492 1235 714 1307 aliquot
741 1227 984 1308 probatas
1021 1251 1234 1300 manus,
1277 1234 1366 1305 qui
1404 1249 1563 1288 unam
1589 1248 1702 1287 esse
1722 1229 1950 1295 deitatis,
1984 1236 2092 1282 etc.

173 1361 3446 1390 Μ

1395 1413 1741 1532 LIBER
1815 1432 2399 1521 OCTAVUS.

1736 1621 2058 1643 ————-'-ﬁ

2062 1621 2090 1640 ι

279 1707 512 1781 1m
542 1707 723 1780 '(Vers
785 1704 923 1777 ΑΒ.)
980 1705 1091 1762 Lea:
1127 1715 1176 1761 et
1234 1705 1519 1778 prophetat:
1559 1720 1722 1775 usque
1756 1701 1826 1757 ad
1857 1704 1907 1766 B
1932 1701 2071 1757 dixit
2098 1702 2324 1758 Grmcus
2352 1701 2667 1776 ἁρμόσεται;
2696 1704 2980 1760 harmonia
3012 1707 3156 1762 enim
3209 1708 3543 1764 conveniens

191 1799 491 1856 Joannem.

273 1896 326 1949 1.
357 1895 500 1949 Non
539 1896 668 1965 quia
699 1894 811 1951 Lex
844 1894 1066 1962 deiecit,
1098 1894 1193 1950 sed
1241 1895 1365 1967 quia
1409 1896 1611 1967 incipit
1649 1896 1829 1950 Evan-

188 1987 328 2058 gelii
359 1987 733 2058 praedicatio;
768 1989 1024 2044 videntur
1069 1990 1215 2043 enim
1279 1992 1488 2045 minora
1535 1990 1825 2066 compleri,

189 2095 322 2136 cum
357 2082 583 2152 potiora
611 2081 932 2137 succedunt.
969 2083 1036 2138 Et
1065 2083 1189 2138 ideo
1221 2083 1328 2138 vim
1357 2083 1617 2139 faciamus
1661 2099 1828 2154 regno

192 2175 476 2229 caelorum
503 2191 518 2241 ;
539 2177 720 2230 omnis
735 2177 882 2230 enim
907 2176 995 2246 qui
1017 2177 1124 2230 vim
1147 2177 1294 2241 iacit,
1320 2175 1630 2232 vehementi
1650 2178 1829 2232 studio

195 2277 496 2339 properat,
521 2285 630 2323 non
651 2270 886 2340 torpenti
907 2269 1164 2324 lentescit
1183 2269 1404 2325 allecto.
1429 2268 1526 2324 Est
1549 2285 1679 2340 ergo
1703 2269 1827 2325 ﬁdei

195 2363 484 2419 violentia
518 2363 798 2436 religiosa,
853 2364 1083 2434 segnitia
1131 2365 1448 2420 criminosa.
1502 2363 1612 2419 Lex
1664 2364 1828 2418 multa

194 2457 521 2512 secundum
560 2467 810 2512 naturam
846 2465 871 2493 ι
912 2456 1141 2520 statuit;
1171 2467 1228 2510 ut
1261 2456 1603 2511 naturalibus
1647 2456 1832 2510 indui-

193 2551 425 2622 gentior
453 2551 752 2605 desideriis
783 2549 848 2603 ad
871 2549 1099 2619 iustitia;
1135 2551 1376 2604 studium
1426 2565 1523 2605 nos
1565 2561 1826 2615 vocaret;

195 2645 474 2700 Christus
528 2653 776 2698 naturain
825 2643 1062 2709 incidit,
1112 2643 1238 2713 quia
1291 2644 1569 2698 naturales
1613 2657 1832 2713 quoque

198 2747 473 2808 amputat
498 2738 840 2807 voluptates;
865 2746 922 2791 et
943 2736 1068 2791 ideo
1087 2737 1194 2790 vim
1222 2735 1490 2791 faciamus
1514 2745 1742 2799 natura},
1773 2745 1831 2790 ut

202 2849 321 2888 non
345 2833 416 2887 ad
437 2843 660 2887 terrena
674 2831 978 2900 demergat,
998 2829 1097 2886 sed
1122 2830 1187 2884 ad
1211 2845 1454 2900 superna
1484 2845 1544 2884 se
1565 2831 1828 2899 subrigat.

287 2926 485 2985 (γεγε.
525 2924 642 2997 18.)
674 2925 856 2979 Omnis
877 2925 962 2994 qui
982 2925 1196 2978 dimittit
1239 2941 1452 2979 uxorem
1484 2941 1630 2979 suam
1658 2934 1706 2979 et
1735 2926 1832 2978 du-

205 3021 278 3076 cit
299 3020 556 3086 alterum,
588 3017 872 3074 attrahatur
897 3033 915 3072 :
937 3026 984 3072 et
1010 3019 1099 3088 qui
1143 3017 1412 3072 dimissam
1441 3033 1474 3071 a
1500 3019 1610 3072 viro
1643 3020 1788 3073 ducit
1816 3060 1829 3083 ,

209 3115 539 3170 mtechatttr.

277 3209 340 3262 2.
369 3205 540 3261 Prius
556 3204 911 3260 dicendumar
935 3204 1108 3262 bitror
1123 3205 1190 3260 de
1207 3206 1326 3276 lege
1339 3205 1603 3277 coniugii,
1623 3205 1837 3280 14⁸10

211 3311 277 3357 ut
303 3311 511 3371 postea
552 3301 621 3355 de
661 3299 1008 3370 prohibendo
1030 3300 1274 3356 divortio
1305 3302 1666 3370 disputemus.
1701 3304 1834 3369 Qui-

211 3397 342 3450 dam
367 3394 526 3449 euim
563 3401 937 3463 putantomne
972 3394 1286 3464 coniugium
1331 3409 1361 3448 a
1401 3394 1513 3448 Deo
1535 3410 1680 3459 esse,
1724 3410 1839 3448 ma-

213 3488 371 3544 xime
399 3487 533 3558 quia
561 3487 829 3557 scriptum
857 3493 943 3542 est
969 3504 982 3541 :
1015 3487 1144 3554 Qua:
1170 3485 1310 3543 Deus
1355 3488 1648 3559 conjunxit,
1685 3488 1838 3543 homo

219 3599 328 3638 non
351 3591 562 3652 separet
583 3581 778 3655 (Marc.
808 3598 921 3648 xtx,
939 3581 1014 3653 6).
1043 3581 1185 3652 Ergo
1212 3582 1258 3637 si
1282 3597 1445 3637 omne
1468 3581 1780 3652 coniugium
1809 3599 1836 3635 τι

225 3677 343 3731 Deo
371 3685 486 3742 est,
518 3690 682 3732 omne
704 3675 1014 3746 coniugium
1047 3690 1154 3729 non
1195 3674 1321 3730 licet
1371 3676 1533 3730 solvi.
1591 3676 1656 3729 Et
1698 3692 1837 3746 quo-

226 3771 399 3827 modo
452 3769 744 3839 Apestoius
785 3771 962 3826 dixit:
1017 3770 1170 3838 Quod
1208 3771 1252 3825 si
1301 3770 1530 3838 inﬁdelis
1577 3771 1836 3837 discedit,

229 3865 472 3920 discedat
498 3865 540 3929 (1
572 3864 692 3919 Cor.
717 3879 813 3927 vn,
841 3861 970 3934 15)?
998 3863 1056 3918 In
1081 3878 1189 3932 quo
1217 3871 1272 3918 et
1302 3863 1628 3918 mirabiliter
1669 3862 1841 3918 noluit

230 3958 381 4026 apud
417 3956 760 4012 Christianos
793 3970 1012 4010 causam
1055 3953 1296 4010 residere
1344 3955 1588 4022 divortii,
1645 3965 1700 4012 et
1753 3971 1845 4011 os-

234 4055 419 4110 tendit
455 4068 562 4108 non
606 4068 637 4107 a
689 4052 798 4106 Deo
847 4066 1010 4105 omne
1064 4037 1426 4121 coniugium;
1476 4066 1654 4120 neque
1698 4052 1842 4107 enim

236 4148 570 4204 Christiana:
597 4146 896 4216 gentilibus
938 4145 1033 4201 Dei
1058 4144 1264 4216 judicio
1306 4145 1674 4216 copulantur;
1721 4162 1843 4203 cum

240 4243 355 4298 Lex
388 4240 696 4310 prohibeat.

317 4340 373 4392 5.
419 4335 525 4393 Sed
553 4335 791 4390 occurrit
815 4334 946 4389 illud
973 4335 1119 4407 quod
1160 4337 1236 4392 ait
1271 4335 1528 4393 Salomon
1563 4355 1577 4392 :
1624 4337 1847 4394 Domum

245 4441 294 4485 et
320 4429 663 4486 substantiam
683 4427 712 4467 ι’
740 4437 910 4497 patres
939 4429 1234 4498 partiuntur
1273 4430 1396 4498 ﬁliis
1425 4445 1445 4484 :
1465 4447 1494 4484 a
1528 4429 1638 4486 Deo
1677 4442 1847 4487 autem

1931 1806 1987 1851 et
2015 1807 2138 1866 apta
2164 1813 2348 1852 rerum
2379 1798 2622 1851 omnium
2669 1797 2870 1854 dicitur
2910 1802 3203 1854 commissa
3247 1802 3538 1856 connexio.

1933 1892 2229 1946 Harmonia
2263 1901 2346 1947 est
2376 1907 2500 1946 cum
2528 1893 2723 1948 ﬁstula:
2752 1895 2938 1964 organi
2970 1910 3066 1964 per
3095 1895 3341 1950 ordinem
3372 1911 3542 1965 copu-

1932 1986 2078 2050 latar,
2112 1985 2368 2056 legitimae
2408 1996 2594 2042 tenent
2638 1988 2867 2056 gratiam
2919 1989 3207 2044 cantilenae
3233 2032 3246 2053 ,
3305 1989 3540 2044 chorda-

1932 2093 2161 2149 rumque
2185 2088 2343 2148 aptus
2367 2088 2552 2134 servat
2597 2079 2733 2134 ordo
2768 2080 3144 2136 Concordiam.
3198 2081 3385 2153 Itaque
3435 2098 3541 2136 non

1933 2171 2138 2227 habent
2200 2173 2537 2228 harmoniam
2572 2189 2728 2228 suam
2779 2174 3002 2244 nuptiae,
3065 2171 3273 2247 1&7]
3320 2175 3540 2246 quando

1933 2266 2240 2322 christiano
2269 2269 2384 2322 viro
2427 2267 2646 2338 gentilis
2692 2269 2889 2324 mulier
2936 2285 3041 2322 non
3086 2271 3325 2340 legitime
3371 2285 3541 2338 capu-

1933 2361 2099 2417 latur.
2139 2361 2278 2431 Ergo
2310 2363 2397 2416 ubi
2431 2362 2658 2432 nuptim,
2691 2363 2972 2417 harmbnia
3005 2377 3018 2427 ;
3079 2361 3170 2416 ubi
3227 2363 3532 2429 harmonia,

1934 2453 2294 2525 Deusjungit.
2333 2453 2433 2511 Ubi
2467 2455 2748 2510 harmonia
2773 2469 2880 2510 non
2911 2465 3012 2519 est,
3051 2470 3226 2526 pugna
3249 2464 3410 2526 atque
3434 2455 3545 2512 dis-

1933 2549 2118 2604 sensio
2143 2560 2226 2603 est
2257 2565 2272 2614 ;
2303 2564 2422 2617 qum
2451 2563 2558 2604 non
2581 2556 2669 2604 est
2689 2564 2716 2602 a
2744 2549 2876 2614 Deo,
2905 2548 3028 2620 quia
3054 2545 3196 2603 Deus
3218 2550 3445 2603 citaritas
3469 2560 3544 2604 est

1937 2641 1978 2714 (1
2009 2641 2170 2697 Joan.
2198 2659 2272 2706 Iv,
2308 2642 2385 2713 8).

2008 2733 2063 2788 4.
2109 2735 2225 2789 Noli
2255 2751 2382 2804 ergo
2415 2750 2640 2790 uxorem
2669 2734 2970 2801 dimittere,
3017 2750 3086 2791 ne
3118 2735 3288 2790 Deum
3320 2745 3423 2791 tum
3447 2751 3541 2792 eo-

1921 2827 2075 2896 pula:
2102 2825 2390 2882 dilutearis
2416 2836 2719 2882 auctorem.
2772 2829 2984 2883 Etenim
3029 2827 3076 2882 si
3107 2828 3337 2893 alienos,
3366 2831 3538 2883 multo

1935 2920 2108 2990 magis
2137 2919 2330 2974 uxoris
2373 2920 2541 2976 debes
2591 2920 2830 2976 tolerare
2882 2931 2934 2977 et
2988 2921 3282 2978 emendare
3337 2939 3544 2979 mores.

1936 3012 2077 3066 Audi
2111 3012 2240 3081 quid
2266 3011 2469 3068 dixerit
2495 3013 2760 3068 Dominus
2796 3031 2808 3067 :
2845 3014 2948 3081 Qui
2996 3015 3204 3070 dimittit
3237 3017 3503 3081 mulierem
3528 3059 3544 3090 ,

1861 3095 1906 3158 C
1940 3107 2070 3176 facit
2089 3124 2200 3161 eam
2227 3107 2472 3162 masc/tari
2503 3108 2722 3180 (Matth.
2755 3125 2809 3175 v,
2834 3109 2950 3180 3‘2).
2989 3111 3198 3168 Etenim
3223 3112 3310 3166 cui
3349 3127 3454 3166 non
3487 3110 3549 3166 li-

1943 3209 2050 3266 cet,
2104 3203 2326 3256 vivente
2359 3202 2502 3267 viro,
2534 3211 2746 3259 mutare
2775 3203 3110 3275 conjugium,
3169 3214 3348 3274 potest
3389 3205 3548 3272 obre-

1942 3310 2070 3365 pere
2095 3295 2261 3350 libido
2276 3295 2560 3366 peccandi.
2588 3295 2772 3369 itaque
2796 3299 2887 3368 qui
2915 3310 3103 3354 auctor
3125 3301 3352 3376 erroris,
3380 3300 3484 3355 ctia
3496 3318 3546 3357 ιη

1942 3408 2070 3448 rcus
2098 3394 2270 3462 Cttlsz
2307 3403 2411 3450 est.
2461 3397 2581 3461 Quo
2609 3410 2731 3450 cum
2764 3397 3005 3467 parvulis
3058 3396 3164 3454 feta
3215 3397 3550 3454 dimittitur?

1940 3485 2059 3552 Quo
2092 3486 2346 3542 titubanti
2380 3486 2606 3558 vestigio
2636 3488 2924 3559 graudmva
2959 3489 3313 3545 detruditur?
3344 3491 3547 3562 Durus,

1941 3579 1988 3634 si
2021 3579 2276 3634 excludas
2305 3590 2612 3652 parentem,
2645 3582 2868 3652 pignora
2920 3595 3127 3650 teneas,
3160 3595 3218 3640 ut
3251 3584 3317 3640 ad
3347 3597 3545 3650 contu.

1944 3676 2161 3730 meiiam
2193 3676 2500 3741 charitatis,
2533 3675 2701 3730 addas
2746 3678 2910 3732 etiam
2962 3679 3179 3748 pietatis
3238 3680 3492 3751 injuriam
3530 3698 3544 3748 ;

1943 3766 2133 3832 durus,
2161 3769 2203 3821 si
2237 3778 2464 3838 prepter
2492 3778 2721 3825 matrem
2755 3771 2918 3826 etiam
2963 3773 3102 3826 iilios
3140 3771 3302 3836 simul
3337 3774 3504 3844 pellas
3534 3791 3549 3839 ;

1945 3876 2068 3915 cum
2099 3861 2270 3929 magis
2302 3861 2572 3917 redimere
2613 3877 2642 3917 a
2676 3874 2831 3932 patre
2855 3864 3013 3920 liberi
3047 3864 3284 3922 debeant
3334 3867 3550 3936 culpam

1947 3955 2210 4024 parentis.
2237 3956 2406 4020 Quam
2431 3956 2828 4024 periculosum,
2863 3958 2908 4012 si
2955 3959 3203 4029 fragilem
3239 3959 3555 4026 adolescen-

1949 4045 2074 4098 tulae
2105 4054 2318 4100 (etatem
2347 4046 2520 4100 errori
2549 4046 2749 4102 offeras
2771 4049 2784 4102 !
2809 4048 2981 4117 Quam
3030 4050 3254 4122 impium
3280 4095 3294 4120 ,
3347 4053 3392 4112 si
3439 4053 3556 4124 ejus

1949 4136 2213 4193 destituas
2255 4145 2592 4194 senectutem
2630 4179 2644 4204 ,
2687 4139 2844 4210 cujus
2892 4141 3248 4205 denoraveris
3301 4144 3557 4215 juventu-

1952 4231 2110 4287 tem!
2171 4243 2192 4269 ο
2248 4231 2392 4303 Ergo
2446 4233 2789 4288 inhonoratis
2837 4236 3126 4306 stipendiis
3153 4247 3208 4296 et
3239 4249 3556 4310 veteranum

1951 4324 2250 4396 imperator
2279 4325 2522 4382 dimittat
2553 4327 2866 4398 inglorium,
2895 4339 3057 4401 atque
3084 4332 3294 4403 imperii
3317 4336 3398 4389 sui
3429 4352 3553 4406 pos-

1951 4419 2200 4473 sessione
2229 4418 2486 4475 detrudat
2514 4435 2528 4488 ;
2561 4427 2617 4476 et
2644 4420 2908 4477 rusticum
2956 4421 3162 4479 laboris
3208 4425 3293 4481 sui
3337 4427 3556 4486 effetum

246 4524 624 4597 prteparabitur
643 4522 756 4577 uiro
782 4538 915 4577 uxor
943 4521 1129 4594 (Prov.
1154 4539 1268 4588 xIx,
1305 4521 1416 4594 M).
1448 4523 1602 4592 Quod
1646 4525 1738 4596 qui
1793 4527 1838 4582 in

1954 4527 2085 4583 agro
2117 4528 2216 4567 suo
2244 4515 2521 4584 propulset
2549 4515 2786 4587 agricola
2811 4516 2930 4571 ‘lAn
2951 4518 3092 4586 quod
3123 4519 3173 4574 in
3199 4521 3444 4577 subditos
3465 4540 3558 4579 ne-

248 4617 444 4674 Grteco
481 4617 629 4687 legit,
664 4630 769 4671 non
801 4623 1094 4686 putatesse
1123 4617 1478 4672 contrarium.
1514 4617 1660 4674 Bene
1703 4620 1848 4675 enim

322 4743 348 4771 ⁸
381 4732 598 4795 Statuit,
647 4731 801 4804 deest
849 4732 900 4785 in
943 4731 1151 4786 cunctis
1195 4731 1326 4787 edit.
1369 4740 1424 4788 et
1468 4733 1844 4804 compluribus

253 4821 414 4868 mss.,
447 4804 539 4859 sed
569 4813 749 4858 tamen
778 4801 832 4856 in
855 4812 1061 4872 septem
1088 4805 1379 4873 reperitur.

324 4876 352 4915 ι)
383 4877 508 4929 Mss.
542 4875 679 4948 bene
707 4875 859 4929 multi
880 4890 942 4930 ac
968 4875 1208 4948 probata:
1232 4885 1394 4941 natm,
1419 4879 1582 4944 patris
1603 4878 1843 4948 partiun-

326 4891 352 4915 ο
386 4891 508 4929 Mss.
544 4891 679 4938 pene
707 4891 859 4929 mqu
880 4891 942 4930 ac
968 4891 1208 4999 promta:
1232 4891 1394 4941 noue,
1419 4891 1582 4944 patris
1603 4891 1843 4948 partiun-

257 4959 338 5002 tur
365 4948 481 5018 ﬁlii.
516 4947 706 5001 Melius
731 4956 963 5018 laniena
991 4945 1024 4999 ii
1054 4962 1176 5002 cum
1216 4947 1470 5001 omnibus
1507 4949 1638 5004 edit.
1672 4959 1844 5018 patres

258 5017 549 5092 partiuntur
587 5019 750 5088 ﬁliis;
801 5017 942 5071 LXX
990 5019 1148 5092 enim
1181 5028 1497 5092 constanter
1529 5017 1843 5087 prmieruut,

260 5089 530 5169 ἐμερίζουειῂιΔ
553 5093 775 5167 πατέρες
801 5093 976 5169 statui.
995 5089 1152 5156 Quod
1176 5101 1356 5145 autem
1382 5091 1434 5145 in
1457 5091 1560 5169 huc
1582 5092 1699 5160 ipso
1727 5093 1846 5169 loco

259 5163 417 5222 Rom.
447 5165 580 5220 edit.
609 5163 870 5232 reposuit,
899 5173 1224 5232 praeparatur
1247 5205 1259 5223 .
1304 5165 1681 5217 auctoritatem
1730 5164 1848 5229 qui-

258 5236 378 5292 dent
409 5247 590 5292 secula
619 5243 701 5287 est
734 5231 875 5287 LXX
897 5275 910 5298 ,
956 5234 1043 5288 ubi
1064 5235 1200 5288 sicut
1232 5243 1287 5290 et
1309 5237 1363 5290 iu
1387 5242 1496 5290 vet.
1529 5235 1689 5290 Amb.
1714 5235 1846 5290 edit.

260 5311 582 5365 constanter?
615 5306 865 5383 habetur,
897 5304 1180 5383 ἁρμόζεται
1217 5324 1242 5383 :_
1270 5315 1512 5383 attamen
1563 5315 1670 5360 ant.
1714 5306 1846 5360 edit.

260 5397 324 5435 ae
352 5395 483 5436 mss.
513 5379 754 5434 omnium
787 5377 873 5431 hic
902 5377 957 5431 εὶ
988 5379 1124 5432 inira
1156 5377 1555 5440 exhibentium,
1584 5393 1853 5449 prepara-

261 5453 417 5513 ln'tur.
447 5466 748 5508 consensus
780 5449 927 5515 iacit,
977 5456 1036 5503 ut
1074 5450 1362 5506 credamus
1397 5452 1740 5506 Ambrosium
1769 5451 1848 5503 le-

261 5527 402 5601 gisse
447 5519 754 5601 ἁρμόσεται.
783 5520 993 5601 Quippe
1033 5521 1274 5601 insolens
1290 5536 1410 5601 non
1438 5531 1559 5601 est,
1593 5530 1650 5601 ut
1678 5520 1853 5601 futura

263 5591 438 5651 inedia
477 5591 760 5648 sinuantur
806 5591 858 5647 in
912 5592 1122 5662 passiva
1167 5591 1581 5661 signiﬁcatione,
1618 5592 1854 5648 Adverte

265 5678 444 5720 autem
475 5682 634 5735 quam
674 5664 1061 5735 imurohaverit
1094 5664 1292 5718 Doctor
1321 5672 1504 5720 noster
1550 5665 1742 5728 initum
1777 5663 1859 5717 iu-

266 5748 350 5794 ter
374 5734 636 5808 personas
675 5735 826 5808 cultu
857 5734 1107 5808 dispares
1141 5735 1492 5808 coniugium:
1539 5752 1645 5805 qua
1685 5737 1753 5808 de
1800 5751 1860 5791 re

1958 4603 2036 4658 ias
2057 4606 2233 4671 est,in
2247 4620 2559 4677 comparem
2594 4607 2674 4661 fas
2690 4616 2772 4663 est
2788 4608 2881 4678 ('55
2901 4621 3081 4679 qutest.
3109 4610 3164 4681 2,
3198 4629 3244 4667 c.
3279 4615 3358 4667 An
3374 4618 3558 4688 quod)?

2026 4751 2047 4778 ε
2077 4740 2443 4814 ριηηείςίθάἰι.
2474 4757 2596 4800 eum
2629 4743 2799 4800 tribus
2838 4761 2970 4802 mss.
2993 4790 3010 4814 ,
3056 4749 3423 4810 inhonoratum
3462 4761 3556 4814 sti.

1949 4811 2174 4894 ρεηάίἱπἶ
2202 4813 2470 4894 Alii-imis.
2491 4857 2506 4880 ,
2554 4815 2877 4894 inhonoratis
2906 4811 3198 4894 stipendiis.
3235 4825 3468 4894 Optime,
3493 4811 3550 4890 si

1950 4897 2084 4936 voce
2107 4883 2401 4967 stipendiis,
2451 4888 2736 4967 pro_annis
2766 4889 2816 4967 i_n
2848 4883 3036 4967 militia
3073 4883 3545 4967 peractis'SIttii'as,

1948 4967 2012 5006 ac
2057 4956 2715 5038 suoliin-telligasumilitem:
2747 4961 2824 5038 _At
2873 4956 3086 5038 paucis'
3113 4967 3411 5038 interiectis
3459 4956 3550 5028 ubi

1947 5027 2124 5108 c‘uucti
2144 5042 2273 5108 mss.
2301 5039 2353 5108 et
2378 5027 2538 5108 edit.,
2567 5032 2715 5096 quasi
2726 5027 3007 5108 jure—sine
3035 5027 3270 5101 crimine:
3302 5043 3352 5094 in
3379 5027 3554 5100 tribus

1951 5094 2196 5183 prati-ani
2224 5094 2532 5183 codicibusz'
2550 5094 2606 5156 ut
2629 5094 2896 5183 testantur
2915 5106 2964 5176 ej
2975 5109 3162 5183 Iisdem
3185 5094 3549 5183 corrector—6‘s;

1954 5167 2400 5255 haemon-quam
2448 5171 2549 5255 scis
2595 5175 2764 5255 vicere
2800 5178 2910 5230 sine
2938 5167 3174 5255 crimine.
3209 5167 3553 5255 Quod

1952 5239 2021 5295 de
2065 5241 2182 5324 iege.
2213 5242 2444 5324 humana
2475 5243 2765 5324 divortium
2809 5263 2914 5302 non
2959 5239 3280 5318 prohibenlc
3327 5239 3552 5324 dicitur",

1953 5314 2235 5398 credibile.
2264 5317 2452 5398 estus.
2506 5315 2796 5398 Ductorem
2853 5314 3234 5398 respiceread
3278 5326 3474 5398 Legem
3523 5314 3555 5384 a

1955 5381 2313 5461 genstantino
2359 5386 2797 5461 Magno_latam,
2851 5381 2973 5461 quae
3004 5397 3316 5452 continetur
3354 5381 3472 5454 ‘lili.
3499 5381 3557 5456 ut

1956 5455 2105 5538 Cod...
2125 5456 2364 5522 Theod.,
2400 5455 2482 5514 tit.
2518 5459 2608 5523 16,
2636 5460 2701 5513 de
2723 5455 2999 5538 Repu'dt'is.
3033 5467 3139 5522 ilac
3168 5471 3311 5522 enim
3342 5474 3442 5525 etsi
3472 5455 3559 5528 re;-

1963 5528 2108 5609 pudii
2137 5542 2332 5609 causas
2359 5547 2478 5599 qua:
2500 5543 2657 5609 antea
2693 5528 2933 5609 plurimae
2960 5552 3022 5609 ac
3053 5555 3454 5609 neunumquam
3473 5544 3556 5598 le-

1960 5600 2199 5654 vissimm
2223 5601 2454 5664 fuerant,
2479 5601 2543 5656 ad
2573 5600 2856 5676 pauciores
2881 5607 3179 5676 reduxerit,
3209 5600 3353 5668 illius
3377 5627 3556 5668 tamen

1963 5687 2118 5750 usum
2150 5687 2491 5750 nequaquam
2529 5674 2691 5750 tollit.
2727 5675 2833 5750 Sed
2866 5679 3006 5733 hanc
3029 5697 3151 5736 esse
3168 5674 3402 5742 minoris
3438 5685 3568 5750 mali
3617 5726 3626 5732 .

1964 5744 2335 5822 tolerantiam,
2365 5754 2424 5822 ut
2457 5745 2678 5816 gravius
2728 5749 2991 5816 vitaretur
3017 5793 3034 5822 ,
3067 5767 3174 5816 non
3206 5755 3437 5821 obscure
3484 5744 3571 5816 in;

269 5806 466 5864 videsis
497 5819 676 5864 notam
700 5806 754 5860 in
784 5807 922 5878 psal.
953 5822 1139 5873 cxvut,
1167 5821 1333 5862 serta.
1374 5806 1467 5877 20,
1509 5823 1660 5872 nam.
1688 5807 1778 5874 68.
1807 5815 1865 5866 et
1965 5814 2113 5872 dicat
2142 5806 2481 5873 Ambrosius:

269 5881 326 5938 in
353 5881 518 5952 epist.
549 5878 618 5934 ad
641 5878 802 5949 Vigil.
