4186 6358
544 301 685 360 176⁸1

1903 296 2149 359 SANCTI
2186 295 2514 357 AMBROSII

3702 298 3843 356 1768

619 422 675 476 5.
716 419 953 476 Dimittis
979 431 1111 490 ergo
1137 432 1362 476 uxorem
1390 418 1543 489 quasi
1571 418 1715 490 jure.
1740 420 1857 475 sine
1874 418 2142 485 crimine;
2172 419 2220 479 A
2250 433 2363 484 xix,
2400 417 2511 486 14).
2538 414 2635 471 Vir
2658 402 2930 478 Christus,
2967 427 3103 469 uxor
3129 410 3371 468 Ecclesia
3408 419 3532 477 est;
3580 411 3847 467 cltaritate

552 524 607 571 et
637 524 791 583 potas
820 514 869 569 id
901 515 993 569 tibi
1020 516 1207 578 licere,
1238 515 1361 585 quia
1392 514 1477 569 lex
1520 515 1750 569 humana
1800 530 1904 569 non
1962 513 2144 584 prohi-

551 607 647 664 bet
676 624 691 673 ;
725 607 818 661 sed
841 607 1017 661 divina
1046 607 1313 675 prohibet.
1341 606 1441 673 Qui
1469 606 1779 661 hominibus
1802 606 2140 673 obsequeris,

551 700 725 756 Deum
756 713 965 754 verere.
994 697 1136 753 Audi
1160 698 1333 768 legem
1362 697 1599 762 Domini,
1644 698 1733 753 cui
1769 698 2147 765 obsequuntur

549 795 712 851 etiam
766 792 876 864 qui'
906 792 1052 859 leges
1082 791 1262 846 lerunt
1285 808 1299 845 :
1326 790 1457 858 Qua:
1476 790 1618 847 Deus
1649 791 1941 862 conjunxit,
1994 792 2147 845 homo

553 907 655 945 non
685 898 886 961 separet
914 886 1131 961 (Matth.
1167 904 1279 953 nx,
1314 886 1394 959 6).

625 981 678 1038 6.
721 981 826 1037 Sed
866 997 974 1037 non
1024 982 1200 1037 solum
1242 981 1332 1037 hic
1354 983 1601 1038 ‘cmleste
1648 992 1999 1051 prrcceptum,
2051 981 2146 1036 sed

551 1075 821 1146 quoddam
850 1076 1015 1132 etiam
1047 1092 1186 1145 opus
1232 1076 1328 1131 Dei
1370 1076 1619 1133 solvitur.
1666 1075 1968 1135 Paterisne.
2027 1091 2145 1141 oro,

554 1167 920 1234 liberostuos,
946 1167 1166 1223 vivente
1209 1178 1283 1234 te,
1329 1182 1451 1223 esse
1492 1168 1594 1224 sub
1618 1168 1846 1233 vitrico;
1888 1176 1979 1221 aut
2002 1168 2151 1223 inco-

554 1260 686 1317 lumi
718 1274 915 1328 matre,
947 1264 1151 1332 degere
1173 1261 1275 1316 sub
1307 1264 1581 1317 noverca?
1605 1262 1774 1326 Pone,
1800 1262 1845 1316 si
1869 1262 2147 1333 repudiata

554 1371 659 1410 non
693 1355 879 1410 nubat.
910 1355 977 1411 Et
1008 1354 1127 1411 bare
1169 1356 1290 1411 viro
1320 1356 1412 1412 tibi
1446 1357 1644 1430 debuit
1682 1356 1973 1426 displicere
1998 1398 2013 1419 ,
2062 1356 2149 1411 cui

552 1450 803 1507 adultero
828 1451 986 1506 (idem
1002 1452 1219 1507 servati
1240 1452 1409 1519 Pone,
1435 1452 1479 1506 si
1504 1451 1689 1509 nubat.
1711 1450 2063 1506 Necessitatis
2092 1450 2152 1504 il-

554 1544 659 1600 lius
685 1553 833 1599 tuum
891 1546 1097 1601 crimen
1151 1555 1273 1611 est;
1323 1555 1379 1601 et
1429 1546 1734 1615 conjugium
1781 1544 1924 1616 quod
1972 1554 2151 1615 putas,

551 1636 881 1691 adulterium
914 1645 1016 1692 est.
1050 1638 1187 1706 Quid
1220 1640 1362 1694 enim
1392 1637 1579 1704 refert,
1612 1648 1637 1675 ε
1671 1647 1849 1691 utrum
1883 1636 1935 1692 id
1966 1646 2153 1706 aperta

555 1731 803 1788 criminis
827 1731 1196 1799 confessione,
1254 1748 1321 1787 an
1374 1733 1554 1787 mariti
1595 1734 1779 1803 specie
1818 1732 2034 1786 adulter
2062 1731 2158 1786 ad-

2249 526 2408 577 uxor,
2445 512 2761 580 integritate
2786 509 2962 579 virgo.
2995 508 3140 579 Ergo
3181 523 3340 578 quem
3389 507 3529 563 Deus
3574 507 3739 562 traxit
3774 506 3845 561 ad

2249 603 2468 667 Filium,
2505 619 2612 659 non
2654 613 2875 675 separet
2906 602 3236 674 persecutio,
3287 616 3396 657 non
3437 608 3645 657 avertat
3694 601 3852 655 luxu-

2248 697 2351 761 ria,
2396 693 2501 750 non
2539 695 2892 765 PliilOSOpltia
2926 694 3295 765 deprmdetur,
3351 711 3458 749 non
3516 693 3852 749 Manieltmus

2250 790 2612 857 contaminet,
2642 806 2751 845 non
2785 790 3022 845 Arianus
3071 798 3302 854 avertat,
3350 804 3457 843 non
3507 787 3853 845 Sabellianus

2253 885 2479 942 inliciat.
2516 887 2661 942 Deus
2688 887 2895 958 junxit,
2920 886 3141 943 Judaxus
3164 902 3270 941 non
3310 894 3547 956 separet.
3588 883 3857 941 .Adulteri

2251 990 2379 1035 sunt
2407 995 2600 1035 omnes
2628 982 2717 1051 qui
2760 981 3069 1038 adulterare
3095 980 3315 1052 cupiunt
3342 981 3465 1037 lidei
3486 991 3542 1037 et
3571 982 3857 1053 sapientiae

2251 1076 2558 1131 veritatem.

2323 1168 2414 1223 10.
2461 1168 2588 1236 Quis
2616 1168 2743 1223 liber
2758 1177 2854 1232 est,
2879 1168 3074 1241 inquit,
3102 1170 3197 1224 iste
3224 1168 3428 1239 repudii
3450 1168 3628 1225 matris
3652 1179 3856 1236 vestra,

2252 1277 2351 1331 quo
2378 1260 2555 1315 dimisi
2576 1278 2690 1316 eam
2713 1261 2885 1331 (Esai.
2916 1279 2973 1328 ι,
3006 1261 3100 1334 l)?
3125 1263 3333 1319 AudiSti
3358 1263 3665 1335 repudium,
3690 1264 3863 1321 crede

2255 1354 2595 1425 coniugium.
2628 1354 2840 1409 AudiSti
2875 1356 3002 1424 quid
3044 1355 3355 1411 Jttdmorunt
3405 1356 3550 1426 plebi
3592 1357 3709 1428 ipse
3770 1356 3861 1411 vir

2254 1443 2428 1499 dicat:
2452 1444 2647 1503 Eccein
2666 1447 3015 1516 iniquitatibus
3029 1450 3206 1502 vestris
3224 1449 3413 1502 uenditi
3427 1450 3566 1515 estis,
3586 1460 3632 1503 et
3658 1449 3710 1503 in
3733 1466 3861 1519 pec-

2254 1538 2384 1591 catis
2436 1540 2615 1593 vestris
2668 1539 2843 1593 dimisi
2900 1553 3113 1595 matrem
3178 1550 3396 1597 vestram
3438 1539 3654 1614 (Ibid).
3697 1541 3861 1597 Mane

2256 1645 2385 1700 ergo
2415 1642 2469 1685 tu
2497 1632 2549 1685 itt
2578 1630 2742 1687 domo
2774 1634 2970 1703 patris,
3005 1649 3167 1691 mane
3196 1650 3318 1690 cum
3362 1650 3587 1706 sponso,
3645 1636 3863 1691 enitere

2258 1732 2318 1778 ut
2346 1725 2563 1794 placeas
2592 1727 2730 1780 viro.
2760 1726 2910 1781 Meus
2931 1744 3050 1798 qua:
3078 1728 3359 1783 credidisti
3392 1729 3524 1795 Deo,
3554 1738 3672 1786 esto
3699 1729 3864 1784 fortis

555 1826 781 1893 minas;
816 1826 919 1880 nisi
951 1826 1094 1897 quod
1119 1827 1334 1897 gravius
1364 1837 1449 1883 εει
1471 1826 1643 1898 legem
1664 1826 1907 1881 criminis
1932 1825 2147 1893 fecisse,
2178 1813 2227 1873 B
2255 1818 2478 1883 mulier,
2511 1817 2686 1888 qualis
2714 1818 2804 1873 illa
2839 1830 2859 1857 ε
2891 1819 2974 1874 vel
3005 1820 3183 1876 anima
3210 1821 3605 1886 ecclesiastica,
3640 1824 3724 1877 vel
3755 1822 3861 1879 Ec-

554 1937 713 1993 quam
745 1922 941 1976 furtum
960 1921 984 1976 ?

627 2014 680 2070 7.
722 2014 829 2069 Sed
874 2014 1108 2071 fortasse
1149 2014 1280 2069 dicit
1324 2013 1561 2083 aliquis:
1613 2013 1884 2082 Quomodo
1944 2011 2150 2083 Moyses

555 2107 817 2163 mandavit
863 2106 980 2160 dari
1027 2107 1216 2161 librum
1266 2106 1495 2179 repudii,
1544 2117 1591 2160 et
1626 2106 1881 2161 dimittere
1931 2121 2147 2159 uxorem

556 2200 738 2273 (Deut.
770 2216 918 2266 mv,
954 2199 1180 2269 l)?Qui
1215 2199 1315 2253 hoc
1341 2199 1494 2262 dicit,
1521 2198 1741 2254 Judreus
1771 2210 1855 2253 est
1882 2215 1897 2265 ;
1931 2198 2020 2268 qui
2045 2197 2147 2253 hoc

552 2292 705 2356 dicit,
739 2282 1083 2347 Citrisﬁaous
1108 2307 1214 2345 non
1246 2300 1350 2346 est.
1379 2290 1447 2345 Et
1478 2289 1599 2344 ideo
1629 2291 1751 2359 quia
1794 2291 1896 2344 hoc
1935 2288 2145 2358 objicit,

552 2385 695 2457 quod
724 2384 996 2453 objeetum
1021 2393 1107 2439 est
1131 2383 1380 2449 Domino,
1412 2381 1739 2452 respondeat
1765 2382 1813 2436 ei
1846 2381 2104 2435 Dominus
2132 2398 2145 2435 :

552 2476 634 2531 Ad
660 2476 934 2543 duritiam,
965 2477 1160 2547 inquit,
1196 2476 1365 2531 cordis
1394 2477 1544 2530 vestri
1575 2474 1804 2548 permisit
1826 2475 1967 2528 vobis
1994 2474 2149 2547 Moy—

548 2586 630 2627 ses
654 2572 778 2625 dare
804 2570 992 2625 librum
1014 2570 1237 2641 repudii,
1264 2578 1311 2624 et
1338 2569 1520 2624 dimitti
1537 2585 1592 2623 re
1618 2584 1801 2622 uxores
1824 2583 1844 2623 :
1892 2569 1955 2622 ab
1997 2569 2151 2622 initio

545 2675 720 2721 autem
747 2682 849 2719 non
878 2668 977 2736 fuit
1006 2670 1081 2719 sic
1109 2663 1325 2737 (.llattlt.
1374 2680 1484 2731 xtx,
1525 2663 1604 2733 8).
1637 2663 1853 2735 Moyses
1876 2662 2145 2733 permisit,

547 2759 743 2832 inquit,
776 2775 881 2814 non
912 2758 1057 2815 Deus
1084 2758 1281 2828 jussit;
1321 2757 1389 2812 ab
1413 2757 1565 2811 initio
1590 2765 1771 2811 autem
1804 2757 1897 2813 Dei
1927 2757 2009 2813 lex
2038 2765 2142 2813 est.

546 2851 678 2920 Qua:
710 2860 793 2907 est
824 2852 913 2907 lex
939 2852 1037 2907 Dei
1060 2851 1083 2906 ?
1124 2850 1401 2922 Relinquet
1427 2851 1578 2905 homo
1605 2861 1806 2922 patrem
1830 2862 1879 2906 et
1905 2860 2143 2917 matrem,

545 2954 594 3001 et
621 2944 906 3000 adhaerebit
937 2945 1089 3000 uxori
1114 2960 1246 3009 suae,
1278 2954 1327 2997 et
1357 2953 1506 2998 erunt
1535 2944 1688 2999 ambo
1732 2944 1786 2996 in
1830 2959 1985 2998 carne
2038 2960 2144 2999 una

548 3036 704 3111 (Gen.
730 3054 788 3105 ιι,
817 3035 933 3110 24).
951 3036 1094 3108 Ergo
1113 3036 1206 3108 qui
1228 3036 1451 3091 dimittit
1475 3052 1726 3102 uxorem,
1748 3051 1971 3092 carnem
1989 3053 2141 3093 suam

544 3129 766 3195 scindit,
804 3128 995 3184 dividit
1024 3144 1245 3198 corpus.

2252 1909 2440 1975 clesia,
2466 1909 2535 1965 de
2564 1926 2671 1979 qua
2701 1911 2836 1966 dicit
2860 1911 3117 1968 Salomon
3146 1931 3159 1967 :
3201 1911 3479 1969 Mulierem
3520 1914 3705 1984 {artem
3735 1915 3861 1987 quis

2252 2004 2472 2058 inveniet
2501 2003 2685 2078 (Prov.
2714 2022 2862 2074 xxxi,
2900 2005 3035 2078 10)?
3066 2007 3366 2064 Pretiosior
3394 2020 3573 2065 autem
3603 2022 3685 2065 est
3710 2009 3859 2080 lapi-

2251 2097 2410 2152 dibus
2443 2099 2722 2168 pretiosis.
2752 2117 2875 2171 quae
2900 2101 3021 2155 talis
3047 2109 3167 2156 est:
3193 2102 3417 2158 conlidit
3445 2106 3496 2159 in
3522 2120 3586 2161 ea
3611 2106 3696 2160 vir
3719 2121 3857 2161 suus

2250 2188 2416 2259 Ibid.,
2453 2191 2564 2264 11).
2600 2192 2893 2250 Videamus
2919 2195 3048 2265 quid
3078 2196 3195 2252 ltmc
3221 2198 3530 2270 viroAlaciat
3550 2215 3672 2268 suo,
3698 2199 3853 2272 quod

2250 2300 2387 2356 Opus
2437 2287 2577 2357 ejus,
2626 2290 2770 2360 quod
2821 2289 2890 2346 sit
2924 2290 3396 2363 obsequiutn,cur
3414 2295 3651 2352 confidat
3699 2296 3754 2353 itt
3784 2313 3857 2354 ea

2249 2378 2522 2435 Cltrisms.

2324 2472 2411 2526 11.
2456 2472 2604 2528 Bona
2636 2490 2773 2530 uxor
2800 2476 2974 2532 virum
3000 2493 3156 2534 suum
3187 2480 3369 2536 vestit.
3412 2482 3621 2539 Vestiat
3658 2468 3853 2543 Jesutn

2250 2566 2385 2621 ﬁdes
2408 2580 2592 2623 nostra
2622 2584 2856 2642 corpore
2880 2587 3000 2640 suo,
3026 2574 3222 2628 vestiat
3251 2588 3468 2633 carnem
3518 2594 3670 2634 suam
3708 2580 3855 2637 divi-

2250 2658 2435 2714 uitatis
2456 2676 2566 2715 sua:
2592 2662 2766 2733 gloria
2798 2664 2991 2725 :sicut
3019 2673 3077 2722 et
3102 2667 3191 2722 illa
3222 2667 3346 2723 bina
3370 2672 3694 2728 vestimenta
3724 2674 3853 2730 fecit

2251 2754 2372 2808 viro
2399 2770 2498 2809 suo
2532 2752 2722 2825 (Ibid.,
2752 2758 2822 2812 22
2850 2770 2896 2812 et
2926 2758 3095 2833 seq.);
3124 2772 3182 2817 ut
3212 2772 3267 2818 et
3298 2764 3351 2818 iu
3392 2766 3649 2834 praesenti
3697 2776 3757 2822 et
3797 2769 3853 2824 in

2247 2846 2429 2901 futuro
2460 2849 2662 2903 saeculo
2689 2849 3013 2909 ltonorilicet
3043 2870 3187 2909 eutn.
3230 2855 3347 2911 Non
3397 2858 3689 2915 mediocris
3730 2860 3853 2917 hinc

2248 2940 2472 3008 femina,
2497 2942 2652 3013 cujus
2682 2944 2787 2999 tale
2815 2948 3108 3002 textrinum
3150 2960 3274 3014 est;
3312 2966 3473 3019 quant
3520 2968 3626 3008 non
3658 2954 3852 3011 mollia

2248 3035 2386 3089 lana:
2412 3036 2497 3090 fila
2523 3049 2859 3109 carpentem,
2889 3040 2984 3096 sed
3010 3042 3261 3111 pretiosa:
3282 3045 3494 3101 virtutis
3519 3063 3682 3115 pensa
3707 3059 3854 3107 trac-

2249 3137 2453 3185 tantem
2508 3131 2595 3185 vir
2649 3132 3072 3202 ejnsinveniat;
3124 3151 3244 3207 qua:
3300 3153 3491 3195 manus
3534 3144 3762 3198 extollat
3794 3144 3851 3200 in

622 3221 834 3295 1472
859 3222 913 3277 8.
954 3222 1203 3278 Ostendit
1223 3230 1408 3277 autem
1439 3221 1526 3277 hic
1556 3222 1740 3290 locus,
1770 3236 1890 3303 quae
1920 3227 2144 3292 prOpter
2173 3202 2219 3267 Ο
2250 3223 2527 3291 noctibus,
2556 3233 2610 3279 et
2631 3224 2699 3279 ad
2723 3225 2917 3280 libram
2943 3202 3332 3300 dirigat—opus,
3373 3248 3696 3305 morumque
3722 3254 3853 3294 suo-

543 3314 887 3387 fragtlitatem
903 3314 1193 3369 humanam
1224 3315 1423 3384 scripta
1442 3325 1590 3380 sunt,
1610 3330 1715 3370 non
1734 3330 1763 3369 a
1782 3315 1892 3371 Deo
1920 3314 2146 3386 scripta.

548 3408 701 3467 Unde
728 3419 785 3465 et
816 3410 1111 3481 Apostolus
1142 3426 1154 3463 :
1187 3407 1471 3471 Denuntio,
1526 3411 1738 3479 inquit,
1787 3427 1889 3464 non
1917 3426 2031 3481 ego,
2060 3411 2151 3465 sed

545 3500 822 3563 Dominus.
855 3518 1066 3556 uxorem
1087 3519 1118 3554 a
1146 3503 1259 3555 viro
1286 3518 1390 3556 non
1410 3500 1672 3555 discedere
1691 3500 1735 3571 (1
1762 3501 1883 3556 Cor.
1910 3518 2005 3567 vn,
2032 3503 2143 3572 10).

543 3592 614 3650 Et
640 3593 777 3649 infra
811 3612 824 3647 :
859 3592 1093 3660 Cteteris,
1128 3594 1321 3665 inquit,
1355 3611 1446 3667 ego
1478 3594 1617 3662 dico,
1643 3612 1747 3649 non
1776 3594 2030 3650 Dominus
2059 3612 2079 3650 :
2103 3598 2149 3651 si

542 3688 659 3760 quis
684 3692 847 3761 frater
877 3688 1139 3759 inﬁdelem
1170 3689 1321 3741 habet
1368 3704 1599 3754 uxorem,
1654 3698 1700 3742 et
1738 3690 1980 3761 relinquit
2034 3705 2147 3745 eam

542 3781 732 3854 (Ibid.,
767 3782 883 3854 l2).
913 3781 1103 3853 Itaque
1134 3781 1223 3837 ubi
1254 3790 1341 3838 est
1372 3783 1547 3852 impar
1571 3782 1907 3852 conjugium,
1934 3784 2021 3838 lex
2052 3784 2145 3841 Dei

542 3892 651 3934 non
680 3887 785 3933 est.
815 3877 885 3932 Et
904 3876 1117 3932 addidit
1147 3894 1161 3931 :
1198 3875 1355 3943 Quod
1384 3878 1431 3933 si
1458 3877 1685 3949 inﬁdelis
1705 3877 1945 3945 discedit,
1976 3879 2144 3934 disce-

541 3975 632 4029 dat
661 3972 851 4044 (Ibid.,
881 3971 995 4046 15).
1031 3971 1208 4029 Simul
1240 3972 1378 4028 idem
1420 3972 1718 4042 ApoStolus
1746 3973 1966 4043 negavit
2011 3972 2146 4045 legis

448 4084 451 4087 '
541 4086 667 4128 esse
697 4068 918 4134 divinae,
954 4076 1013 4123 ut
1052 4067 1364 4139 conjugium
1412 4067 1807 4139 qualecumque
1854 4069 2094 4125 solvatur
2127 4086 2142 4137 ;

541 4178 645 4219 nec
665 4161 783 4230 ipse
809 4159 1091 4231 praecepit,
1124 4175 1225 4218 nec
1248 4160 1399 4215 dedit
1431 4160 1707 4215 descrenti
1738 4164 2139 4231 auctoritatem,

541 4254 639 4311 sed
664 4252 880 4321 culpam
906 4250 934 4289 ι)
957 4251 1182 4307 abstulit
1209 4252 1491 4308 destituto.
1529 4254 1654 4308 llaec
1695 4248 2027 4311 moraliter.‘
2058 4246 2077 4255 ’

614 4348 668 4404 9.
696 4346 873 4420 (Vers.
906 4344 1020 4418 17.)
1044 4344 1248 4402 Tamen
1270 4347 1393 4417 quia
1421 4362 1585 4416 supra
1606 4348 1885 4418 praposuit
1915 4364 2140 4421 regnum

542 4440 639 4498 Dei
665 4437 1061 4510 evangelizare,
1087 4449 1141 4493 et
1169 4454 1289 4495 cum
1312 4439 1540 4495 dixisset
1561 4440 1629 4495 de
1653 4439 1794 4510 Lege
1816 4457 1981 4496 unum
2029 4442 2143 4512 api-

540 4550 660 4591 cem
683 4549 789 4588 non
821 4547 982 4603 posse
1029 4530 1226 4586 cadere
1249 4572 1265 4597 ,
1298 4530 1527 4601 subjecit
1553 4550 1566 4588 :
1603 4531 1785 4587 Omnis
1812 4534 1901 4605 qui
1931 4534 2141 4589 dimittit

542 4648 756 4690 uxorem
770 4649 936 4697 suam,
963 4630 1165 4685 etducit
1187 4632 1420 4693 alteram,
1436 4630 1738 4685 moechatur.
1766 4632 1932 4688 [lecte
1952 4631 2141 4688 admo-

542 4724 945 4793 netApostolus
971 4723 1159 4779 dicens
1189 4734 1588 4779 sacramentum
1614 4724 1717 4780 hoc
1742 4742 1992 4797 magmtm
2018 4742 2140 4782 esse

542 4816 612 4875 de
638 4814 859 4873 Christo
879 4825 933 4872 et
958 4814 1200 4871 Ecclesia
1251 4815 1470 4884 (Ep/tes.
1505 4832 1558 4881 ν,
1588 4818 1701 4891 52).
1734 4819 1950 4877 Iuvenis
1982 4820 2141 4893 igitur

541 4911 851 4982 conjugium
880 4909 1023 4981 quod
1061 4924 1221 4964 nemo
1272 4909 1484 4966 dubitet
1522 4926 1552 4965 a
1599 4913 1711 4967 Deo
1759 4916 2136 4985 conjunctum,

541 5024 664 5066 cum
698 5007 813 5075 ipse
837 5004 1023 5061 dicat:
1055 5002 1224 5057 Nemo
1252 5005 1386 5059 venit
1416 5005 1487 5058 ad
1509 5022 1607 5071 me,
1641 5008 1740 5061 nisi
1794 5006 1952 5063 Pater
1998 5027 2139 5065 meus

540 5099 631 5173 qui
656 5098 794 5153 misit
820 5112 919 5162 me,
942 5095 1210 5150 attraxerit
1231 5111 1345 5149 eum
1374 5093 1555 5167 (Joan.
1585 5112 1658 5163 vr,
1692 5096 1780 5167 44)
1807 5114 1821 5163 ;
1868 5098 1963 5155 ille
1994 5102 2137 5155 enim

539 5194 693 5250 solus
724 5190 893 5261 potuit
927 5189 1023 5243 ltas
1047 5188 1264 5257 nuptias
1292 5188 1573 5257 copulare.
1626 5186 1695 5243 Et
1742 5189 1865 5245 ideo
1912 5194 2141 5265 mystice

541 5286 798 5344 Salomon
827 5282 972 5339 dixit
992 5299 1005 5335 :
1024 5279 1191 5337 ADeo
1218 5280 1595 5353 prteparabitur
1627 5282 1734 5335 viro
1762 5298 1895 5338 uxor
1951 5284 2135 5357 (Prov.

614 5412 639 5439 τι
666 5401 796 5456 Em,
826 5413 889 5453 ac
923 5397 1051 5455 Gill.
1096 5396 1151 5453 in
1198 5413 1379 5467 corp.,
1438 5407 1612 5453 utrum
1655 5412 1956 5469 θρίνακα...
1983 5408 2137 5464 adul-

541 5487 703 5532 terum
731 5471 1012 5538 admittas;
1048 5472 1098 5524 in
1131 5485 1301 5540 marg.
1328 5479 1508 5524 autem
1534 5489 1653 5525 cuin
1680 5473 1890 5529 duobus
1919 5494 2051 5535 mss.
2081 5492 2136 5536 et

536 5546 953 5606 Bom.edit.,...
994 5541 1313 5615 adulterium
1356 5544 1620 5615 admittas.
1656 5543 1867 5615 Reliqui
1911 5565 2041 5606 mss.
2079 5562 2134 5608 ut

540 5635 641 5677 nos
668 5620 719 5671 in
746 5628 898 5671 textu
927 5632 942 5681 ;
974 5614 1113 5670 duos
1143 5624 1321 5689 tamen
1346 5614 1669 5689 ext-inimus,
1723 5614 1809 5672 ubi
1861 5620 2013 5689 lapsu
2046 5640 2137 5679 ca-

538 5690 668 5749 lami
694 5688 956 5757 scriptum
994 5698 1192 5752 est,....
1244 5686 1536 5760 adulteram
1568 5687 1798 5760 dimittas
1826 5732 1840 5749 ,
1886 5686 1941 5746 ut
1988 5696 2133 5760 apud

539 5760 762 5823 Ameth.
790 5756 980 5818 errore
994 5760 1156 5815 etiam
1181 5756 1595 5830 typograpbi,...
1619 5758 1856 5817 adultera
1876 5756 2131 5824 dimittas.

2251 3331 2372 3371 rum
2432 3317 2644 3386 pondus
2687 3320 2992 3387 examinet,
3044 3331 3323 3392 gestorum
3377 3342 3590 3399 quoque
3636 3333 3855 3388 noverit

2250 3425 2473 3467 servare
2506 3430 2839 3480 mensuram,
2882 3417 3107 3489 gloriosi
3148 3421 3469 3494 subtegmen
3517 3426 3721 3485 laboris
3764 3430 3851 3486 in-

2250 3517 2439 3565 texens
2486 3525 2501 3576 ;
2551 3511 2784 3567 sollicita
2827 3514 3045 3584 quando
3082 3516 3166 3571 vir
3207 3518 3417 3587 redeat,
3474 3522 3636 3578 anxia
3681 3533 3852 3595 atque

2248 3606 2552 3675 su5pirans,
2582 3616 2639 3661 et
2664 3608 2775 3677 jant
2800 3624 2920 3663 cum
2947 3609 3064 3664 viro
3098 3610 3310 3684 15.73
3341 3629 3443 3671 suo
3476 3632 3599 3672 esse
3631 3618 3861 3677 deside.‘

2247 3714 2395 3765 rans,
2425 3700 2616 3756 dicens
2641 3720 2653 3756 :
2684 3702 2864 3757 Maras
2889 3702 3019 3758 facit
3046 3705 3129 3759 vir
3154 3722 3309 3762 meus
3336 3709 3541 3775 venire,
3573 3710 3849 3769 festinabo

2247 3792 2361 3863 ipsa
2391 3793 2457 3847 ad
2490 3809 2614 3848 eum
2648 3810 2662 3859 ;
2696 3809 2985 3851 occurram
3011 3798 3059 3852 ei
3090 3799 3225 3855 facie
3253 3799 3323 3856 ad
3353 3799 3567 3868 faciem,
3596 3817 3719 3859 cum
3754 3820 3850 3862 ve-

2248 3889 2367 3944 lllt'e
2397 3890 2626 3961 cmperit
2654 3890 2705 3944 in
2730 3891 2900 3960 gloria
2927 3906 3046 3948 sua.

2323 3983 2407 4038 l2.
2428 3984 2585 4051 Veni,
2607 3985 2846 4041 Domine
2872 3986 3025 4056 Jesu,
3052 3997 3108 4042 ut
3126 3989 3368 4046 invenias
3388 4006 3644 4064 sponsam
3674 4003 3845 4066 tuam,

2246 4094 2353 4133 non
2384 4080 2831 4148 contaminatam,
2860 4096 2964 4136 non
2988 4082 3369 4153 adulteratam,
3393 4102 3513 4157 quae
3541 4104 3646 4143 non
3677 4091 3851 4146 viola-

2243 4174 2383 4228 verit
2425 4173 2645 4229 domom
2688 4183 2857 4243 tuam,
2900 4192 3006 4232 non
3052 4179 3301 4235 mandata
3340 4182 3657 4252 neglexerit.
3695 4186 3851 4244 Dicat

2245 4266 2341 4324 tibi
2370 4284 2385 4321 :
2415 4265 2599 4321 Inveni
2625 4284 2775 4338 quem
2822 4269 3000 4325 dilexit
3048 4272 3223 4327 anima
3260 4290 3371 4328 mea
3410 4273 3583 4345 (Cant.
3613 4292 3707 4342 ιιι,
3737 4277 3795 4350 4)
3830 4298 3847 4336 :

2243 4358 2549 4415 iutroducat
2577 4370 2628 4416 te
2658 4360 2709 4416 itt
2740 4361 2959 4418 domum
2989 4364 3103 4420 vini
3129 4364 3336 4437 (vinttm
3361 4366 3505 4422 enim
3526 4368 3701 4443 (Psal.
3725 4387 3845 4437 cm,

2243 4453 2332 4525 13)
2359 4454 2595 4508 laetificat
2620 4468 2716 4509 cor
2740 4454 3022 4525 hominis),
3044 4458 3340 4515 inebrietur
3358 4460 3410 4516 iu
3439 4462 3654 4534 spiritu,
3678 4480 3848 4536 agno-

2244 4558 2358 4605 scat
2387 4550 2729 4620 mysterium,
2765 4550 3014 4620 loquatur
3042 4555 3343 4611 oraculum.

2318 4641 2499 4715 (Vers.
2534 4643 2648 4716 19.)
2691 4643 2861 4700 Homo
2904 4656 3077 4702 autent
3118 4649 3330 4720 quidam
3356 4651 3499 4709 dives
3534 4653 3847 4713 induebatur

2243 4754 2549 4811 purpuram.

2318 4834 2405 4888 15.
2450 4834 2701 4890 Narratio
2735 4835 2909 4909 magis
2938 4852 3098 4909 quam
3130 4841 3387 4910 parabole
3410 4843 3642 4913 videtur,
3673 4863 3845 4917 quan-

2243 4928 2314 4984 do
2352 4928 2511 4984 etiam
2542 4944 2741 4986 nomen
2773 4932 3116 5001 eXprimitur.
3162 4933 3279 4990 Non
3325 4938 3501 4995 otiose
3530 4948 3714 4997 autem
3755 4941 3848 4998 hic

2242 5022 2464 5077 divitem
2496 5023 2754 5078 Dominus
2786 5024 3124 5093 perfunctum
3151 5026 3360 5085 deliciis
3382 5034 3756 5103 smcularibus,
3789 5036 3843 5091 in

2242 5123 2517 5185 perpetua:
2545 5114 2705 5172 lamis
2732 5116 2873 5187 apud
2903 5117 3110 5175 inferos
3132 5123 3488 5180 consumtum
3522 5126 3845 5197 significavit

2242 5223 2479 5263 mrotnna
2513 5226 2526 5263 :
2560 5212 2643 5265 cui
2676 5226 2784 5265 non
2826 5210 3098 5268 immerito
3126 5216 3364 5286 quinque
3403 5218 3618 5285 fratres,
3649 5222 3702 5277 id
3734 5233 3839 5291 est,

2242 5300 2481 5370 quinque
2520 5318 2715 5359 sensus
2758 5305 3007 5374 corporis
3036 5310 3269 5364 naturali
3304 5312 3535 5382 quadam
3565 5318 3843 5385 germani-

2246 5412 2472 5498 the‘tur
2494 5427 2674 5471 autem
2708 5417 2937 5498 maritus
2966 5419 3250 5498 dimittens
3281 5441 3506 5482 uxorem
3537 5444 3657 5498 qua:
3684 5430 3837 5485 alteri

2242 5487 2415 5565 nubit,
2450 5499 2735 5565 propterea
2765 5490 2984 5547 adulter
3008 5495 3160 5565 Adici,
3194 5498 3339 5565 quod
3384 5498 3437 5553 in
3486 5487 3610 5555 enin
3656 5500 3838 5558 uxoris

2240 5557 2755 5638 adttltrriunrredit,
2788 5562 3113 5638 utproxime
3141 5557 3267 5623 anie
3290 5576 3593 5638 expositum
3627 5584 3732 5630 est.

2311 5627 2337 5666 ιι
2366 5630 2492 5704 Mss.
2517 5631 2723 5701 aliquot
2747 5627 2984 5702 antiquae
3007 5654 3215 5703 manus,
3251 5627 3461 5698 abstulit
3488 5643 3553 5698 de
3581 5627 3831 5704 instituto.

2313 5710 2343 5782 ς
2376 5700 2465 5782 δίει
2505 5700 2677 5757 animo
2704 5700 3072 5776 ecclesiastica,
3116 5700 3306 5769 ultima
3354 5713 3520 5771 dictio
3569 5716 3623 5771 in
3677 5700 3831 5778 Itoni.

2238 5771 2370 5828 edit.
2398 5772 2574 5832 fuerat
2597 5786 2895 5851 amputata.
