4186 6358
336 291 471 352 1769

1289 300 1652 361 EXPOSITIO
1693 303 1950 363 EVANG.
1992 309 2142 366 SEC.
2189 310 2344 368 LUC.
2387 311 2515 367 LIB.
2559 313 2692 370 VIII.

3487 324 3626 384 1770

319 417 438 465 tate
469 408 714 466 videnlur
739 410 906 469 fuisse
935 413 1154 483 sociati,
1193 415 1287 486 qui
1319 418 1621 476 immodicis
1649 430 1811 492 atque
1841 424 1924 478 in-
1948 435 1998 494 Α
2099 426 2187 482 16.
2229 427 2274 482 0
2321 427 2500 484 felicia
2549 430 2752 497 ulcera,
2785 447 2904 503 quae
2955 446 3274 507 perpetuum
3328 440 3628 500 excludunt

325 505 569 560 numeris
611 506 995 575 cupiditatibus
1025 510 1329 567 aestuabant
1359 529 1372 566 :
1402 512 1837 574 Lazarum-vero
1869 517 1922 574 in

326 596 558 654 Abrahae
584 603 792 671 gremio
844 603 996 673 quasi
1045 604 1096 660 in
1145 607 1378 676 quodam
1430 609 1554 666 sinu
1603 611 1821 681 quietis,
1871 622 1928 670 et

325 691 627 748 sanctitatis
653 708 871 751 recessu
901 696 1133 762 locavit;
1163 713 1232 755 ne
1259 699 1423 756 illecti
1456 703 1802 772 prmsentium
1829 720 1927 760 vo-

325 784 557 856 luptate,
585 803 901 846 maneamus
943 791 996 846 in
1035 791 1212 860 vitiis;
1247 794 1336 851 vel
1377 795 1538 852 tmdio
1579 797 1732 864 victi,
1776 799 1928 856 labo-

324 894 446 935 rum
483 879 617 937 dura
647 881 918 954 fugamus.
959 887 1087 944 Sive
1131 888 1315 960 itaque
1362 889 1604 948 Lazarus
1635 909 1840 966 pauper
1870 896 1925 952 in

326 974 546 1042 saeculo,
579 976 676 1032 sed
702 977 814 1034 Deo
837 978 992 1036 dives
1025 998 1039 1035 :
1071 982 1186 1038 sive
1212 984 1546 1054 apostolicus
1568 986 1765 1056 aliquis
1795 1003 1927 1059 pau-

327 1081 426 1138 per
453 1067 508 1123 in
535 1067 724 1136 verbo,
754 1070 998 1142 locuples
1037 1072 1091 1128 in
1140 1072 1246 1130 fide
1299 1075 1498 1148 (neque
1547 1078 1694 1134 enim
1740 1090 1927 1136 saneta

326 1159 506 1216 omnis
547 1172 858 1233 paupertas,
890 1176 982 1220 aut
1009 1165 1214 1224 divitiae
1248 1168 1557 1227 criminosa:
1581 1188 1597 1227 :
1625 1172 1721 1229 sed
1758 1183 1818 1229 ut
1839 1174 1926 1230 lu-

328 1256 488 1314 xuria
515 1258 740 1317 infamat
778 1260 1016 1330 divitias,
1054 1263 1128 1318 ita
1175 1275 1546 1336 paupertatem
1580 1269 1930 1324 commendat

326 1354 632 1427 sanctitas),
665 1357 779 1413 sive
808 1373 938 1428 ergo
967 1359 1299 1431 apostolicus
1329 1362 1421 1432 qui
1449 1377 1633 1418 veram
1651 1372 1836 1420 teneat
1867 1363 1930 1419 li-

327 1448 476 1515 dem,
507 1448 796 1506 verborum
839 1452 1054 1521 infulas,
1086 1453 1266 1510 fucum
1313 1468 1778 1527 argumentorum,
1811 1475 1928 1515 am-

328 1543 525 1600 bitiosa
551 1545 940 1602 sententiarum
968 1547 1233 1604 velamina
1264 1566 1371 1606 non
1404 1553 1644 1623 requirat
1677 1572 1691 1608 :
1717 1554 1931 1610 fenera-

329 1645 438 1691 tam
481 1638 788 1696 mercedem
817 1640 1033 1710 accipit,
1061 1643 1386 1713 impugnans
1429 1645 1718 1702 luereticos
1761 1647 1932 1703 Mani-

327 1728 561 1797 ebaeum,
609 1729 958 1800 Marcionem,
1009 1733 1327 1803 Sabelliunt,
1359 1738 1572 1806 Arium,
1612 1738 1931 1796 Photinum-

330 1839 436 1894 que
471 1823 586 1898 (isti
614 1824 759 1881 enim
792 1841 900 1882 non
941 1827 1084 1882 aliud
1113 1845 1273 1900 quam
1304 1829 1503 1887 fratres
1542 1841 1672 1888 sunt
1713 1832 1929 1890 Judaeo-
1959 1843 2008 1903 Β
2035 1843 2166 1898 cor,
2211 1838 2266 1886 el
2324 1831 2627 1903 impinguel
2683 1834 2867 1892 fauces
2913 1852 3103 1894 eorum

327 1933 471 1983 rum,
501 1918 698 1988 quibus
722 1919 966 1991 perfidia:
985 1924 1342 1993 germanitate
1374 1927 1708 1997 nectuntur),
1753 1928 1928 2000 repri-

326 2027 483 2068 mens
511 2028 726 2085 quoque
757 2015 940 2070 carnis
985 2017 1331 2087 cupiditates,
1381 2034 1500 2090 quae
1529 2020 1660 2089 illis,
1692 2030 1750 2077 ut
1793 2022 1925 2094 dixi,

324 2105 566 2177 quinque
592 2107 844 2164 sensibus
875 2118 1210 2180 vaporantur
1240 2128 1255 2166 :
1305 2111 1640 2181 feueratam,
1674 2115 1928 2188 inquam,

323 2199 636 2256 mercedem
681 2203 898 2272 accipit,
947 2203 1035 2259 cui
1085 2207 1460 2276 compensatio
1516 2207 1928 2266 exuberantium

321 2292 630 2362 copiarum,
660 2302 716 2349 et
741 2295 1118 2365 perpetuitatis
1150 2312 1316 2352 usura
1349 2307 1456 2354 est.

399 2389 490 2444 M.
532 2386 714 2461 (Vers.
758 2387 852 2456 20,
880 2388 1000 2462 21.)
1041 2388 1154 2446 Nec
1184 2390 1425 2447 alienum
1473 2401 1749 2464 putamus,
1782 2403 1842 2451 ut
1863 2394 1932 2453 de

322 2479 434 2537 fide
459 2495 674 2552 quoque
721 2480 1008 2553 opinemur
1054 2481 1197 2538 hunc
1237 2498 1360 2540 esse
1407 2493 1718 2553 tractatum,
1767 2503 1930 2558 quam

321 2568 565 2626 Lazarus
609 2570 878 2642 abiectam
907 2571 978 2628 de
1024 2587 1210 2628 mensa
1243 2572 1423 2629 divitis
1469 2576 1736 2647 collegit:
1779 2577 1933 2648 cujus

317 2666 513 2737 utique
559 2666 740 2722 ulcera
783 2666 1081 2722 secundum
1137 2665 1374 2722 litteram
1412 2666 1569 2724 dives
1614 2669 1933 2727 fastidiosus

318 2759 598 2826 horreret,
633 2775 733 2816 nec
760 2758 904 2815 inter
929 2758 1198 2830 pretiosas
1221 2761 1410 2831 epulas
1451 2770 1934 2836 unguentatosque

314 2854 584 2910 convivas
616 2853 842 2910 fetorem
874 2853 1118 2910 ulcerum
1149 2853 1518 2909 lambentibus
1563 2855 1787 2912 canibus
1816 2870 1936 2912 sus-

317 2949 528 3005 tineret
553 2957 579 2986 ει
607 2947 694 3004 cui
716 2947 852 3004 odor
867 2950 1039 3018 aeris,
1073 2958 1128 3004 et
1160 2950 1276 3019 ipsa
1298 2959 1444 3006 esset
1468 2959 1660 3006 natura
1683 2949 1931 3007 fastidio:

313 3055 655 3112 quamquam
683 3041 972 3098 insolentia
1001 3048 1057 3097 et
1087 3051 1266 3097 tumor
1293 3040 1522 3097 divitum
1544 3043 1762 3098 indiciis
1783 3057 1936 3099 com-

316 3137 636 3210 petentibus
662 3137 1022 3207 exprimatur,
1054 3136 1201 3208 quod
1238 3136 1314 3195 ita
1357 3137 1694 3194 conditionis
1742 3139 1939 3195 imme-

2026 516 2305 574 dolorem!
2348 520 2394 576 0
2437 521 2634 579 uberes
2666 525 2845 592 micae,
2893 543 3013 598 quae
3057 531 3322 600 repellitis
3359 533 3624 604 jejunium

2026 613 2440 684 sempiternum,
2496 632 2618 688 quae
2665 619 3008 693 colligentem
3059 639 3350 696 pauperem
3409 630 3629 686 aeternis

2027 705 2261 775 expletis
2291 707 2604 764 alimentis!
2632 710 2939 782 Abjiciebat
2966 730 3064 771 vos
3091 715 3160 773 de
3187 733 3376 776 mensa
3413 735 3509 776 sua
3541 736 3629 778 ar-

2026 799 2444 872 chisynagogus,
2496 818 2620 860 cum
2665 807 3107 878 propheticarum
3144 812 3548 884 Scripturarum
3573 826 3632 874 et

2026 891 2187 964 Legis
2215 893 2428 951 interna
2459 899 2716 969 mysteria
2744 899 3004 958 refutaret
3030 902 3188 976 (Luc.
3212 922 3340 974 xm,
3366 908 3455 981 14)
3478 952 3492 977 ,
3526 910 3629 966 mi-

2027 1001 2107 1043 cae
2129 988 2274 1044 enim
2298 1003 2580 1047 sermones
2610 1002 2736 1048 sunt
2769 994 3195 1067 Scripturarum,
3228 1000 3296 1058 de
3325 1003 3521 1073 quibus
3548 1004 3632 1060 di-

2028 1080 2169 1137 citur
2196 1099 2209 1138 :
2233 1081 2303 1136 Et
2332 1085 2598 1153 proiecisti
2617 1104 2876 1145 sermones
2898 1109 3036 1148 meos
3062 1104 3176 1164 post
3203 1106 3250 1150 te
3276 1097 3451 1167 (Psal.
3475 1116 3630 1169 χιιι,

2033 1175 2146 1247 17).
2173 1176 2478 1247 Abjieiebat
2502 1195 2599 1236 vos
2629 1183 2830 1252 scriba,
2855 1185 2951 1240 sed
2977 1185 3176 1242 Paulus
3215 1188 3634 1261 diligentissime

2030 1269 2338 1341 colligebat,
2371 1273 2422 1327 in
2453 1273 2666 1346 injuriis
2691 1278 2805 1332 suis
2835 1278 3018 1350 legens
3034 1281 3272 1350 plebem.
3293 1282 3634 1342 Lambebant

2033 1363 2216 1420 ulcera
2249 1365 2368 1436 ejus
2393 1367 2485 1438 qui
2513 1384 2700 1425 morsu
2729 1372 3001 1442 serpentis
3033 1375 3382 1447 intrepidum,
3403 1394 3635 1437 excusso

2032 1465 2331 1526 serpente,
2399 1460 2674 1528 viderunt,
2721 1474 2776 1519 et
2850 1466 3200 1524 crediderunt
3262 1470 3401 1539 (Act.
3436 1488 3635 1542 xxvm,

2033 1551 2111 1623 6).
2145 1552 2448 1610 Lambebat
2489 1556 2582 1612 ille
2628 1559 2865 1615 careeris
2893 1571 3080 1618 custos
3109 1563 3203 1632 qui
3230 1565 3454 1622 vulnera
3483 1566 3639 1624 Pauli

2031 1642 2197 1712 lavit,
2233 1654 2288 1701 et
2315 1645 2569 1703 .credidit
2601 1649 2743 1723 (Act.
2801 1667 2930 1720 xvi,
2965 1653 3080 1723 33).
3128 1654 3281 1711 Beati
3331 1672 3496 1714 canes
3519 1700 3534 1726 ,
3583 1659 3640 1715 in
3673 1645 3679 1648 ’

2034 1750 2172 1806 quos
2227 1738 2469 1794 ulcerum
2501 1740 2685 1796 talium
2741 1741 2970 1799 distillat
3001 1744 3230 1814 humor;
3264 1757 3320 1803 ut
3344 1749 3646 1820 adimpleat

3151 1858 3164 1894 :
3225 1841 3320 1913 qui
3363 1843 3642 1900 custodire

2032 1923 2274 1994 domum,
2306 1940 2526 1982 servare
2543 1943 2785 1999 gregem,
2809 1945 3002 1987 cavere
3021 1945 3339 1990 assuescant
3368 1936 3548 2006 lupos.

2111 2017 2198 2074 17.
2267 2017 2417 2076 Pone
2474 2036 2620 2077 nunc
2670 2032 2798 2079 ante
2863 2036 3217 2096 conspectum
3289 2031 3643 2088 saecularibus

2034 2110 2267 2165 Arianos
2289 2111 2482 2167 studiis
2510 2111 2772 2181 intentos,
2815 2115 2906 2186 qui
2934 2117 3250 2175 societatem
3280 2122 3535 2191 potentiae
3558 2139 3646 2180 re-

2033 2201 2169 2273 galis
2213 2203 2503 2272 affectant,
2548 2215 2606 2261 ut
2633 2208 2801 2262 armis
2843 2209 3171 2266 militaribus
3201 2211 3518 2285 impugnent
3547 2215 3648 2272 Ee-

2035 2295 2218 2351 clesia:
2267 2296 2591 2353 veritatem:
2627 2315 2809 2356 nonne
2869 2301 2966 2356 tibi
3001 2303 3255 2360 videntur
3303 2305 3357 2360 in
3404 2307 3642 2378 quadam

2033 2405 2274 2460 purpura
2329 2401 2386 2447 et
2442 2391 2608 2464 bysso
2667 2403 2724 2451 et
2773 2398 3068 2452 exstructis
3119 2398 3370 2468 jacentes
3434 2401 3641 2470 thoris,

2035 2486 2126 2556 qui
2170 2501 2268 2558 pro
2307 2488 2452 2542 veris
2498 2487 2677 2543 fucata
2727 2488 3060 2555 defendant;
3105 2490 3308 2548 ditibus
3362 2493 3642 2552 abundare

2035 2578 2403 2645 sermonibus,
2432 2594 2557 2635 cum
2581 2580 2789 2648 jactant
2811 2581 3091 2637 Dominico
3121 2591 3322 2639 terram
3355 2585 3644 2645 tremuisse

2030 2670 2138 2746 sub
2164 2686 2418 2742 corpore,
2453 2672 2651 2728 coelum
2682 2675 2922 2729 tenebris
2953 2675 3268 2743 obductum,
3304 2678 3481 2733 excita
3525 2694 3648 2736 ver-

2038 2763 2107 2818 bo
2134 2765 2305 2819 maria
2329 2766 2415 2821 vel
2444 2765 2632 2822 sedata
2659 2784 2672 2821 :
2714 2777 3088 2824 verumtamen
3126 2769 3220 2826 Dei
3251 2759 3448 2826 Filium
3482 2772 3649 2830 dene-

2037 2856 2270 2925 gautes?
2297 2853 2582 2912 Constitue
2606 2867 2661 2912 et
2679 2857 2829 2913 illum
2862 2874 3178 2930 pauperem,
3211 2860 3303 2930 qui
3332 2861 3511 2918 sciens
3538 2879 3647 2920 non

2039 2950 2092 3006 in
2123 2963 2398 3016 sermone,
2431 2948 2526 3004 sed
2568 2950 2625 3004 in
2657 2949 2856 3005 virtute
2899 2966 3126 3020 regnum
3159 2951 3257 3006 Dei
3289 2967 3432 3022 esse,
3465 2957 3651 3023 paucis

2039 3041 2168 3112 quid
2200 3043 2430 3099 sentiret
2456 3044 2750 3114 expressit,
2784 3043 2973 3100 dicens
3000 3063 3012 3099 :
3042 3043 3124 3099 Tu
3145 3062 3198 3100 es
3225 3044 3398 3101 Filius
3429 3046 3530 3102 Dei
3551 3048 3651 3103 vivi

2043 3133 2258 3206 (Matth.
2292 3151 2412 3201 xvt,
2441 3133 2533 3208 16)
2561 3153 2574 3189 :
2609 3151 2791 3190 nonne
2814 3135 2930 3190 illae
2951 3135 3048 3191 tibi
3087 3136 3340 3193 videntur
3379 3153 3541 3210 egere
3571 3139 3654 3195 di-

313 3245 512 3288 mores
543 3232 798 3287 humanae
824 3229 966 3297 sint,
1015 3239 1098 3300 ut,
1161 3240 1438 3302 tamquam
1470 3247 1637 3304 supra
1683 3241 1934 3289 naturam
1962 3239 2009 3305 ο
2039 3227 2207 3292 vitize,
2251 3226 2370 3283 haec
2401 3227 2709 3284 redundare
2751 3227 3093 3300 paupertas?
3147 3228 3308 3285 Dives
3354 3228 3383 3269 ι’
3432 3231 3658 3287 haeresis

315 3325 443 3392 siti,
474 3324 543 3381 de
571 3325 806 3381 miseriis
839 3341 1139 3396 pauperum
1172 3323 1446 3381 incentiva
1467 3339 1689 3382 suarum
1720 3326 1940 3397 capiant

312 3419 693 3490 voluptatum,
745 3419 961 3476 rideant
1007 3419 1267 3491 inopem,
1324 3420 1588 3477 insultent
1636 3421 1842 3492 egenti,
1888 3429 1945 3478 et

315 3530 564 3586 quorum
592 3514 841 3572 misereri
876 3513 1091 3581 deceat,
1120 3514 1205 3569 his
1234 3513 1508 3570 auferant.

401 3608 494 3666 I5.
536 3606 841 3680 Utrumque
870 3623 1002 3678 ergo
1045 3608 1138 3679 qui
1179 3606 1346 3674 volet,
1381 3615 1660 3678 tamquam
1703 3607 1944 3664 Lazarus

317 3702 573 3773 colligat.
593 3702 695 3758 Cui
723 3701 958 3759 similem
990 3701 1140 3757 illum
1177 3708 1334 3772 puto,
1363 3701 1454 3771 qui
1483 3716 1660 3758 caesus
1692 3701 1891 3772 saepius
1912 3716 1944 3757 a

318 3795 539 3855 Judazis
565 3793 644 3867 (ll
674 3794 797 3849 Cor.
831 3791 1057 3862 x1,25),
1111 3792 1177 3848 ad
1212 3791 1531 3864 patientiam
1579 3791 1943 3860 credentium,

319 3898 386 3948 et
434 3887 779 3944 vocationem
825 3885 1072 3957 gentium
1147 3884 1332 3947 ulcera
1379 3885 1465 3940 sui
1511 3885 1763 3956 corporis
1810 3885 1946 3939 lam-

321 3982 515 4041 benda
545 3979 872 4053 quibusdam
901 3977 1056 4034 velut
1084 3979 1314 4036 canibus
1339 3977 1624 4043 offerebat,
1660 3978 1786 4049 quia
1811 3979 1950 4035 scri-

322 4084 484 4148 ptum
517 4083 642 4130 est:
673 4072 1045 4127 Conoertentur
1089 4071 1158 4124 ad
1188 4085 1481 4140 vesperum,
1531 4078 1579 4124 et
1624 4071 1812 4141 famem
1850 4085 1948 4140 pa-

323 4173 527 4226 tientur
557 4177 613 4222 ut
634 4182 786 4222 canes
813 4163 992 4234 (Psal.
1023 4180 1182 4227 Lvut,
1219 4161 1331 4236 15).
1364 4161 1519 4231 Quod
1549 4162 1772 4233 agnovit
1805 4159 1945 4216 Cha-

324 4263 541 4321 nariitis
589 4261 682 4316 illa
743 4257 956 4334 1474
986 4257 1328 4328 mysterium,
1362 4256 1448 4312 cui
1499 4255 1698 4313 dicitur
1726 4271 1740 4308 ε
1773 4253 1945 4310 Nemo

323 4356 481 4413 tollit
511 4368 707 4426 panem
739 4353 996 4417 liliorum,
1040 4361 1095 4406 et
1141 4349 1309 4405 mittit
1336 4348 1564 4404 canibus
1592 4345 1809 4418 (Matth.
1847 4362 1942 4413 xv,

323 4453 455 4524 26).
485 4449 730 4522 Agnovit
754 4448 899 4504 hunc
925 4463 1142 4519 panem,
1169 4462 1276 4503 non
1308 4461 1502 4518 panem
1531 4459 1652 4501 esse
1678 4445 1769 4516 qui
1795 4444 1948 4501 vide-

324 4556 441 4612 tur,
474 4543 575 4600 sed
608 4543 760 4597 illum
791 4541 884 4612 qui
931 4539 1280 4611 intelligitur;
1333 4547 1390 4594 et
1437 4537 1563 4595 ideo
1613 4537 1897 4608 respondit
1928 4554 1942 4590 :

2045 3318 2339 3390 Evangelia
2367 3320 2534 3375 multa
2563 3321 2869 3391 composuit
2900 3341 2915 3381 :
2947 3336 3152 3392 pauper
3176 3321 3310 3378 fides
3341 3321 3445 3378 hoc
3473 3325 3652 3379 solum

2043 3413 2400 3487 Evangelium
2433 3416 2628 3481 tenuit,
2656 3415 2800 3486 quod
2828 3416 3056 3484 accepit.
3092 3415 3255 3471 Dives
3295 3417 3649 3487 Philosophia

2045 3507 2227 3579 plures
2253 3508 2360 3565 sibi
2388 3508 2524 3566 deos
2560 3508 2691 3565 fecit
2724 3525 2737 3564 :
2766 3524 2972 3580 pauper
3000 3508 3247 3565 Ecclesia
3283 3526 3449 3567 unum
3483 3511 3652 3568 Deum

2043 3602 2217 3660 novit.
3627 3603 3632 3608 ’

2119 3695 2206 3752 18.
2249 3695 2431 3767 (Vera.
2465 3694 2584 3766 24.)
2627 3695 2773 3751 Inter
2803 3694 2948 3751 hunc
2979 3695 3143 3767 igitur
3168 3695 3390 3752 divitem
3422 3705 3476 3753 et
3521 3713 3654 3768 pau-

2045 3803 2228 3860 perem
2257 3789 2426 3845 chaos
2477 3805 2733 3860 magnum
2779 3798 2894 3853 est;
2925 3788 3051 3860 quia
3099 3799 3222 3858 post
3273 3801 3506 3846 mortem
3558 3808 3654 3849 ne-

2043 3891 2251 3954 queunt
2276 3883 2470 3939 merita
2498 3883 2720 3951 mutari,
2746 3898 2920 3954 eoque
2941 3884 2995 3937 in
3023 3867 3237 3938 inferno
3263 3883 3417 3939 dives
3445 3884 3655 3941 induci-

2045 3987 2158 4045 tur,
2190 3979 2419 4049 cupiens
2450 3989 2472 4018 ο
2506 3977 2713 4050 aliquid
2753 3978 2820 4034 de
2849 3994 3088 4048 paupere
3135 3979 3381 4048 spiritus,
3425 3981 3652 4052 relrige-

2044 4071 2219 4127 rantis
2243 4069 2498 4137 haurire;
2540 4085 2677 4141 aqua
2705 4071 2850 4126 enim
2881 4070 3105 4127 refectio
3139 4079 3228 4128 est
3251 4073 3446 4129 animat:
3473 4075 3527 4129 in
3556 4075 3655 4130 do-

2043 4164 2254 4220 loribus
2297 4164 2632 4231 constitutae,
2673 4164 2741 4220 de
2778 4179 2882 4234 qua
2933 4164 3064 4221 dicit
3104 4165 3294 4222 Esaias
3329 4184 3341 4220 :
3394 4166 3462 4220 Et
3507 4168 3657 4225 saliet

2044 4277 2180 4332 aqua
2202 4275 2319 4313 cum
2344 4258 2684 4315 delectatione
2708 4259 2773 4314 de
2800 4258 3030 4324 fontibus
3083 4260 3324 4316 salutaris
3347 4259 3517 4335 (Esai.
3555 4277 3652 4330 xu,

2046 4352 2127 4427 3).
2153 4353 2264 4408 Cur
2294 4362 2475 4408 autem
2515 4351 2790 4408 cruciatur
2833 4361 2962 4408 ante
2986 4352 3295 4433 judicium?
3323 4353 3458 4421 Quia
3491 4354 3652 4410 luxu-

2045 4446 2195 4503 rioso
2219 4461 2412 4502 carere
2441 4445 2655 4502 deliciis
2689 4459 2851 4516 paena
2891 4453 2995 4501 est.
3028 4444 3162 4500 Nam
3189 4454 3246 4501 et
3275 4446 3537 4502 Dominus
3569 4446 3656 4502 di-

2046 4542 2127 4598 cit
2160 4558 2175 4596 :
2211 4540 2297 4595 Ibi
2327 4541 2425 4596 erit
2463 4541 2615 4610 ﬂetus
2646 4549 2694 4594 et
2718 4539 2914 4594 stridor
2959 4539 3230 4606 dentium;
3270 4556 3384 4594 cum
3423 4541 3652 4598 videritis

333 4640 560 4711 Utique,
603 4635 846 4702 Domine,
893 4651 1014 4690 nam
1042 4644 1089 4690 et
1119 4635 1294 4689 catelli
1337 4633 1497 4689 edunt
1537 4634 1602 4688 de
1655 4633 1803 4687 micis
1833 4647 1946 4703 qua:
1973 4652 2023 4713 ι)
2048 4633 2344 4700 Abt-altam,
2379 4631 2566 4697 Isaac,
2611 4641 2660 4686 et
2703 4630 2901 4700 Iacob,
2949 4642 2998 4687 et
3039 4648 3214 4688 omnes
3263 4633 3546 4705 prapltetas
3600 4635 3655 4688 in

331 4733 537 4789 cadunt
562 4730 628 4786 de
661 4745 836 4784 mensa
865 4728 1195 4784 dominorum
1221 4742 1434 4782 suorum
1473 4724 1521 4799 (l
1530 4725 1637 4781 bid.
1658 4767 1672 4790 ,
1698 4724 1815 4796 27).
1845 4723 1943 4779 Mi-

330 4843 417 4884 ca;
449 4828 570 4882 ista:
597 4825 667 4880 de
689 4825 784 4879 illo
808 4838 946 4894 pane
975 4831 1123 4879 sunt.
1157 4822 1225 4877 Et
1249 4820 1373 4892 quia
1407 4819 1561 4892 panis
1587 4818 1808 4875 verbum
1835 4824 1941 4883 est,

331 4928 393 4978 et
419 4918 560 4975 fides
584 4917 734 4973 verbi
763 4924 868 4982 est,
886 4915 1040 4970 micae
1072 4913 1221 4970 velut
1250 4911 1496 4984 quaedam
1528 4911 1782 4982 dogmata
1815 4907 1944 4964 ﬁdei

332 5022 492 5070 sunt.
557 5009 714 5066 Unde
782 5007 1059 5078 respondit
1119 5006 1382 5063 Dominus
1415 5047 1430 5072 ,
1503 5011 1563 5058 ut
1631 4999 1950 5058 ostenderet

336 5108 584 5165 fideliter
627 5105 831 5161 dictum
888 5120 901 5158 :
937 5102 982 5157 0
1022 5101 1207 5158 mulier
1236 5141 1253 5169 ,
1292 5115 1482 5172 magna
1533 5107 1612 5154 est
1675 5099 1805 5170 ﬁdes
1859 5108 1951 5154 tua

337 5199 543 5275 (me,
587 5194 680 5270 28)
715 5197 728 5250 ε

417 5351 442 5379 α
485 5340 647 5396 Rom.
671 5335 800 5392 edit.
819 5376 834 5401 ,
868 5333 950 5388 cui
979 5331 1110 5387 odor
1137 5331 1308 5409 acris;
1331 5329 1525 5409 melius
1551 5327 1762 5409 διῇξε-ηρ
1786 5341 1944 5409 Ψεεε,

338 5415 430 5470 cui
471 5413 604 5468 odor
638 5407 772 5461 aeris
795 5422 814 5461 :
846 5413 1060 5482 taxatur
1089 5403 1233 5482 enim
1261 5401 1554 5482 superbum
1587 5400 1768 5482 divitis
1796 5400 1950 5482 fasti-

339 5487 542 5548 dium,
595 5481 682 5550 qui
739 5476 1037 5532 naturalem
1093 5474 1237 5531 aeris
1289 5471 1612 5529 suavitatem
1660 5471 1949 5527 adscititiis

342 5555 613 5615 odoribus
634 5557 1030 5617 corrumperet.

420 5628 450 5667 ιι
518 5627 595 5679 De
652 5615 959 5690 huiusmodi
1013 5615 1515 5690 pseudoevangeliis
1555 5615 1778 5690 consule
1829 5626 1949 5684 quae

343 5697 575 5768 scripsit
598 5685 816 5768 sanctus
860 5685 1055 5768 Doctor
1089 5704 1254 5759 supra
1281 5685 1381 5743 IibI
1405 5704 1452 5754 ι,
1487 5702 1637 5742 num.
1679 5685 1738 5754 2,
1769 5694 1824 5741 et
1850 5697 1951 5740 nos

340 5764 976 5841 ibidemg_not_avimus.'__
1055 5834 1104 5841 Η
1219 5834 1278 5841 __
1805 5829 1864 5841 η

428 5855 452 5884 ο
494 5838 641 5898 Edit.
671 5837 864 5902 Rom.,
905 5834 1104 5904 aliquid
1150 5834 1363 5905 spiritus
1401 5849 1434 5887 a
1473 5846 1700 5904 paupere
1736 5830 1953 5902 refrige-

801 5928 1080 5992 Ρλτιοι..
1123 5925 1266 5989 XV.

2049 4743 2206 4798 regno
2238 4726 2482 4780 caelorum
2510 4724 2661 4797 (Luc.
2693 4740 2821 4794 xm,
2853 4724 2972 4794 28).

2125 4817 2214 4874 19.
2256 4817 2443 4889 (Vers.
2483 4817 2602 4890 27.)
2640 4816 2807 4874 Serus
2837 4826 3016 4872 autem
3061 4817 3216 4874 dives
3264 4819 3368 4873 iste
3398 4819 3658 4892 magister

2051 4925 2173 4967 esse
2204 4911 2428 4981 incipit;
2458 4925 2581 4966 cum
2609 4909 2720 4981 jam
2752 4923 2855 4965 nec
2882 4908 3126 4964 discendi
3177 4918 3389 4981 tempus
3430 4907 3654 4982 habeat,

2054 5019 2157 5062 nec
2181 5003 2438 5062 docendi.
2469 5003 2588 5070 Quo
2615 5004 2738 5058 loco
2765 5001 3176 5058 evidentissime
3197 5001 3439 5058 declarat
3469 5003 3656 5060 Domi-

2057 5115 2183 5166 nus,
2210 5108 2371 5155 vetus
2423 5098 2829 5154 Testamentum
2883 5111 3006 5152 esse
3056 5095 3180 5152 ﬁdei
3231 5097 3656 5168 firmamentum,

2065 5190 2275 5265 1475
2323 5190 2618 5248 retundens
2663 5188 2950 5262 perfidiam
2979 5187 3318 5258 Judzeorum,
3370 5199 3425 5246 et
3469 5193 3659 5249 exclu-

2049 5330 2214 5385 rantis
2237 5329 2468 5384 haurire.
2495 5328 2673 5384 Minus
2708 5327 2846 5410 bene
2872 5343 2886 5394 ;
2927 5325 3232 5410 non.et_iim,
3272 5328 3352 5410 uti
3381 5337 3653 5399 putamus,

2049 5415 2241 5468 aquam
2268 5417 2297 5454 a
2329 5415 2597 5470 quoquam
2642 5399 2866 5470 spiritus
2895 5397 3165 5454 vocabulo
3208 5399 3536 5455 nominatam
3571 5397 3659 5458 re-

2050 5472 2249 5543 perias.
2275 5471 2438 5527 Refer
2457 5473 2619 5542 igitur
2634 5485 2822 5526 vocem
2838 5471 3052 5542 spiritus
3084 5474 3197 5543 (aut
3225 5470 3438 5543 spiritu,
3463 5489 3654 5541 quem-

2051 5538 2340 5600 admodum
2385 5538 2610 5599 Am'erb.
2639 5552 2694 5597 et
2715 5543 2822 5598 duo
2847 5538 2979 5613 mss.
3009 5538 3327 5613 praeferunt)
3350 5542 3417 5598 ad
3464 5538 3652 5600 vocem

2089 5614 2623 5687 aupere,rnisiicum
2672 5629 2782 5670 uno
2808 5623 2861 5669 et
2904 5612 3256 5687 altero__mss.
3311 5615 3653 5687 atqueicdit.

2106 5684 2185 5743 ra'.
2223 5697 2277 5744 et
2314 5686 2441 5744 Gill.
2472 5686 2526 5742 in
2559 5701 2731 5758 marg.
2777 5687 2955 5756 legere
3002 5684 3159 5741 malis
3183 5685 3248 5737 de
3277 5686 3521 5754 pauperis
3545 5686 3656 5758 spi-

2055 5761 2182 5818 ritu.

3142 5913 3217 5975 19
