4040 6502
155 341 317 408 17Ἱὸ

1171 347 1538 411 EXPOSlTlO
1575 347 1833 416 EVANG.
1875 346 2024 410 SEC.
2065 345 2221 426 ως.
2262 344 2392 407 LIB.
2439 343 2572 408 Vill.

3393 356 3532 436 lTli

149 473 349 520 autem
419 465 638 541 Ephesi
686 487 855 546 usque
898 471 966 528 ad
1024 478 1393 542 pentecosten;
1437 473 1628 527 ostium
1683 472 1818 526 enim
1851 472 1899 540 Α
1995 467 2086 525 29.
2131 470 2238 537 Sed
2269 486 2394 526 cum
2427 469 2479 526 in
2510 470 2616 527 alio
2644 466 2928 544 Evangelii
2958 469 3101 529 libro
3127 471 3348 554 (Matth.
3398 493 3535 554 xvn,

152 557 297 613 mihi
321 572 588 634 apertum
617 574 696 620 est
725 555 973 638 magnum
1005 565 1174 640 (Ibid.
1201 608 1216 634 ,
1242 565 1276 622 8
1301 575 1346 621 et
1374 565 1455 638 9).
1476 564 1662 636 Itaque
1687 564 1829 634 apud

155 650 512 718 Corinthios
547 657 822 734 bycmem
865 662 1000 733 agit,
1033 676 1264 732 quorum
1293 660 1572 717 erroribus
1597 661 1833 732 angeba-

159 755 296 816 ιιπς
332 754 491 820 quod
519 770 735 814 eorum
769 759 911 814 circa
944 757 1039 813 Dei
1065 757 1270 812 cultum
1312 754 1534 828 frigeret
1561 755 1784 816 allectus
1815 773 1828 810 :

154 856 294 900 cum
331 843 622 915 Ephesiis
654 858 1013 918 pentecosten
1054 850 1314 916 celebrat,
1359 861 1518 920 atque
1545 848 1629 904 his
1668 848 1834 904 tradit

158 942 477 1011 mysteria,
527 946 762 1002 relaxat
803 947 1082 1013 animum;
1127 945 1249 1017 quia
1282 945 1405 1001 ﬁdei
1449 947 1710 1004 cernebat
1745 961 1835 1002 ar-

155 1031 308 1089 dore
337 1033 685 1100 ferventes.
722 1042 864 1112 Ergo
889 1057 984 1112 per
1010 1042 1110 1096 hos
1139 1039 1523 1111 Quinquaginta
1556 1041 1674 1095 dies
1693 1040 1834 1110 jeju-

157 1128 329 1192 nium
377 1134 580 1190 nescit
613 1134 892 1202 Ecclesia,
920 1137 1060 1190 sicut
1107 1132 1382 1195 Dominica
1429 1148 1530 1203 qua
1575 1133 1834 1190 Dominus

157 1227 544 1293 resurrexit,
581 1236 646 1286 et
675 1239 803 1292 sunt
838 1243 1030 1290 omnes
1065 1227 1180 1283 dies
1226 1235 1498 1295 tamquam
1534 1224 1833 1284 Dominica.

242 1318 347 1378 26.
400 1321 536 1384 Erit.
567 1331 630 1388 et
675 1323 778 1384 alia
818 1320 1095 1386 Dominica
1123 1335 1229 1388 qua
1258 1319 1596 1378 Dominicum
1639 1331 1836 1390 corpus

163 1422 475 1486 resnrgat.
503 1415 685 1481 Novit,
708 1415 844 1481 hanc
870 1416 1088 1479 Paulus,
1120 1414 1210 1483 qui
1241 1415 1316 1468 ait
1347 1431 1361 1468 :
1390 1411 1497 1468 Vos
1519 1422 1690 1476 autem
1715 1413 1837 1468 estis

169 1525 388 1582 corpus
421 1509 668 1580 Christi,
703 1519 750 1576 et
777 1510 1002 1567 membra
1028 1525 1089 1566 ea:
1115 1507 1353 1564 membris
1381 1507 1420 1577 (l
1447 1505 1568 1562 Cor.
1598 1521 1696 1570 xu,
1718 1502 1834 1580 27).

175 1602 307 1664 Hoc
341 1604 508 1666 enim
539 1620 749 1678 corpus
781 1603 989 1662 Domini
1019 1611 1074 1664 et
1111 1616 1235 1660 ossa
1263 1599 1328 1656 de
1359 1600 1575 1656 ossibus
1605 1599 1723 1671 ejus
1749 1614 1839 1654 ca-

175 1698 288 1769 piti
349 1699 744 1758 cohazrebunt
788 1717 802 1754 :
863 1696 1028 1770 Caput
1068 1705 1240 1754 autem
1304 1691 1555 1750 Ecclesia:
1605 1691 1839 1754 Christus

173 1791 496 1864 (Ephesm,
512 1790 644 1864 9.5).
661 1791 814 1856 Tunc
835 1807 966 1864 ergo
986 1790 1230 1846 cessabit
1261 1789 1554 1862 jejunium.
1580 1788 1836 1860 quoniam

1937 563 2024 632 19)
2054 563 2123 621 de
2154 574 2338 622 monte
2364 565 2680 632 sitdictum.
2715 566 2870 640 cujus
2898 570 3112 640 species
3144 569 3284 626 nuda
3311 571 3539 644 gignen-

1935 655 2068 718 tium
2092 659 2310 726 vitium,
2337 659 2910 732 olearumquejejuna,
2939 662 3226 720 infecunda
3242 666 3538 746 messibus,

1933 757 2057 820 apta
2086 748 2330 810 latibulis
2383 751 2705 816 bestiarum,
2763 751 3107 826 ferarumque
3160 757 3406 813 cursibus
3456 759 3544 814 in-

1933 841 2119 922 quieta
2150 883 2164 908 ,
2205 844 2555 899 extollentem
2607 859 2667 899 se
2696 844 3039 902 altitudinem
3074 851 3332 919 nequitia:
3383 851 3544 921 spiri-

1936 933 2099 989 tualis
2123 934 2374 990 videatur
2405 937 2738 1008 exprimere,
2773 939 2913 994 sicut
2957 941 3219 1012 scriptum
3248 950 3331 996 est
3363 959 3377 996 :
3412 941 3546 1010 Ecce

1936 1041 2030 1098 ego
2051 1026 2119 1080 ad
2149 1039 2216 1094 te,
2245 1043 2393 1081 mons
2423 1038 2686 1101 corrupte,
2711 1029 2799 1104 qui
2815 1031 3104 1098 corrumpis
3128 1048 3327 1087 omnem
3353 1042 3546 1088 terram

1936 1119 2152 1193 (Jerem.
2189 1137 2260 1185 ιι,
2294 1120 2426 1191 25);
2455 1122 2705 1191 congruit
2733 1130 2794 1176 ut
2822 1124 2924 1179 hoc
2944 1140 3161 1195 quoque
3191 1125 3312 1182 loco
3358 1126 3549 1200 opine-

1940 1232 2062 1272 mur
2093 1215 2144 1274 id
2177 1215 2401 1282 dictum,
2437 1216 2694 1285 quoniam
2729 1215 2866 1271 ﬁdes
2895 1218 3144 1290 Spiritum
3171 1220 3416 1286 excludit
3445 1222 3550 1277 itu-

1939 1307 2224 1373 mundum,
2259 1308 2495 1370 maxime
2533 1322 2654 1364 cum
2689 1308 2902 1365 arboris
2929 1293 3134 1366 natura
3164 1311 3288 1368 huic
3319 1328 3551 1370 concur-

1937 1409 2024 1467 rat
2051 1401 2320 1474 opinioni.
2353 1399 2487 1454 Nam
2517 1400 2723 1464 fructus
2764 1401 2883 1474 ejus
2933 1403 3109 1474 primo
3138 1404 3284 1472 albet
3309 1406 3362 1472 in
3391 1405 3552 1473 (lore,

1939 1495 2136 1551 deinde
2163 1496 2277 1575 jam
2308 1494 2576 1552 formatus
2610 1494 2863 1563 irrutilat,
2898 1499 3210 1556 maturitate
3260 1499 3545 1570 nigrescit.

1942 1589 2204 1646 Diabolus
2226 1606 2442 1663 quoque
2470 1606 2534 1646 ex
2561 1590 2768 1654 albenti
2794 1591 3053 1670 angelica:
3081 1591 3218 1648 ﬂore
3255 1604 3465 1660 natura:
3496 1603 3556 1649 et

1940 1695 2211 1757 potestate
2261 1685 2526 1756 r-utilanti,
2577 1683 3028 1756 praevaricatione
3077 1685 3349 1759 dejectus,
3405 1696 3552 1755 tetro

1942 1777 2219 1832 inhorruit
2265 1777 2435 1833 odore
2478 1777 2706 1846 peccati.
2741 1777 2822 1833 En
2854 1779 2947 1847 tibi
2973 1777 3125 1834 illum
3161 1779 3348 1834 arbori
3398 1795 3554 1836 moro

169 1885 231 1942 in
263 1895 558 1958 perpetua
581 1885 930 1966 jncunditate
951 1883 1361 1957 fatigatio,enra
1383 1925 1397 1950 ,
1431 1881 1694 1938 lassitudo
1720 1896 1838 1944 ces-
1870 1867 1916 1930 Β
1942 1872 2213 1928 dicentem
2237 1889 2249 1924 ε
2274 1869 2584 1938 Εναάἰεανε,
2610 1881 2657 1926 ει
2673 1875 2881 1946 jactare
2919 1873 2974 1926 in
3022 1889 3186 1948 mare,
3228 1887 3351 1928 cum
3385 1872 3555 1944 legio-

171 1982 358 2038 sahit.
391 1981 564 2038 Tunc
599 1997 754 2040 mors
783 1981 1136 2038 destruetur:
1182 1977 1485 2042 Nouissima
1515 1978 1653 2035 enim
1704 1992 1840 2030 mors

177 2073 412 2152 1477
435 2075 754 2140 destruetur
777 2073 1060 2146 (lCor.xv,
1085 2072 1204 2146 26).
1239 2073 1374 2128 Nam
1405 2070 1506 2130 etsi
1528 2068 1763 2127 cessavit
1786 2070 1838 2126 in

177 2167 418 2236 Enoch,
457 2179 519 2225 et
555 2185 671 2226 non
722 2181 798 2232 est
835 2169 1050 2230 inventa
1082 2167 1136 2223 in
1181 2180 1284 2233 eo;
1331 2164 1609 2220 destructa
1656 2169 1838 2217 tamen

181 2278 299 2318 non
322 2271 418 2326 est
445 2280 460 2317 :
489 2263 597 2322 ille
628 2262 774 2320 enim
809 2270 994 2334 raptus
1020 2270 1125 2328 est,
1163 2268 1221 2316 ιιι
1245 2256 1502 2314 evaderet
1529 2269 1651 2311 eam
1682 2251 1837 2326 (Gen.

175 2371 239 2420 γ,
275 2355 381 2426 24)
413 2373 426 2408 ;
464 2354 734 2416 Christus
786 2370 841 2412 ιιι
887 2354 1212 2420 destrueret,
1259 2348 1570 2410 immolatus
1619 2355 1720 2408 est.
1775 2345 1843 2410 Et

177 2446 315 2512 ideo
347 2449 505 2504 bene
542 2448 685 2504 dixit
715 2463 729 2500 :
766 2445 866 2506 Ubi
889 2455 990 2523 est,
1010 2461 1170 2508 mors,
1203 2442 1420 2498 victoria
1451 2440 1581 2495 tua?
1605 2437 1707 2494 Ubi
1742 2447 1838 2506 est,

100 2574 111 2583 κ
182 2555 362 2604 mors,
391 2541 626 2594 aculeus
668 2551 785 2593 tuus
815 2539 860 2612 (Ι
886 2536 1008 2592 Cor.
1044 2553 1136 2600 xv,
1177 2533 1310 2608 53)?
1341 2534 1485 2606 Ergo
1522 2534 1576 2589 in
1613 2533 1714 2586 hac
1753 2546 1841 2586 re-

182 2633 569 2702 sttrreCIione
621 2634 818 2688 iterum
850 2630 1100 2686 Christus
1127 2640 1400 2699 tamquam
1447 2642 1549 2681 suo
1591 2631 1840 2706 resurget

185 2727 246 2786 in
307 2741 589 2796 corpore.
636 2725 834 2790 Beatus
881 2725 1064 2794 itaque
1112 2723 1200 2793 qui
1233 2720 1491 2775 habuerit
1529 2728 1738 2788 partem
1788 2717 1840 2781 in

192 2819 392 2891 prima
457 2818 909 2886 resurreCtione;
973 2817 1114 2878 sicut
1175 2815 1318 2892 enim
1396 2812 1650 2883 primitia:
1718 2809 1845 2865 dor-

191 2894 514 2978 mientium
562 2911 834 2980 Christus,
885 2911 966 2974 sic
1014 2919 1142 2972 tunc
1173 2908 1426 2982 primitiae
1477 2915 1503 2943 α
1553 2919 1844 2976 resurgen-

192 3008 342 3068 tium
375 3006 640 3072 Ecclesia
673 3016 726 3070 et
756 3005 927 3068 sancti
956 3002 1073 3076 ejus
1101 3001 1148 3070 (l
1177 3000 1298 3056 Cor.
1331 3015 1422 3065 xv,
1452 2995 1570 3069 ιο).
1623 2993 1630 3003 ’
1733 3069 1735 3076 Α

269 3100 370 3164 27.
423 3100 547 3162 llos
579 3098 895 3170 mysterium
927 3097 1120 3164 Petrus
1171 3096 1312 3152 scire
1337 3109 1443 3156 non
1477 3091 1672 3160 potuit.
1709 3089 1844 3146 For-

1944 1981 2070 2022 nem
2095 1965 2259 2036 ejecit
2288 1981 2352 2022 ex
2384 1965 2630 2032 homine,
2664 1965 2717 2020 in
2752 1980 2948 2043 porcos
2976 1969 3213 2032 transire
3239 1966 3504 2038 permittit
3539 1983 3552 2019 :

1943 2060 2035 2134 qui
2065 2060 2326 2132 exagitati
2354 2058 2629 2115 diabolieo
2655 2059 2876 2130 spiritu,
2909 2076 2968 2116 se
2992 2061 3044 2116 in
3071 2061 3241 2117 maria
3276 2060 3557 2124 demerse-

1945 2162 2093 2207 runt.
2867 2135 2870 2138 ’

2016 2247 2106 2301 50.
2140 2247 2236 2301 Hic
2262 2247 2424 2319 igitur
2454 2247 2608 2304 locus
2636 2247 2976 2316 bortatorius
3005 2249 3070 2303 ad
3104 2249 3292 2319 ﬁdem,
3343 2251 3552 2318 docens

1951 2339 2164 2421 1478
2193 2341 2478 2406 moraliter
2503 2341 2666 2398 etiam
2687 2356 2752 2398 ea
2801 2356 2922 2414 qua:
2969 2342 3198 2407 solidata
3245 2354 3394 2412 sunt,
3448 2344 3556 2412 ﬁde

1945 2447 2105 2513 posse
2135 2433 2383 2489 dissolvi.
2417 2432 2495 2502 Ex
2538 2433 2645 2490 lide
2686 2443 2867 2500 autem
2897 2435 3159 2503 cbaritas,
3192 2451 3258 2492 ex
3288 2437 3558 2501 cliaritate

1941 2541 2092 2598 spes,
2123 2537 2177 2584 et
2207 2544 2396 2594 rursus
2423 2528 2477 2590 in
2503 2544 2563 2585 se
2591 2537 2781 2594 sancto
2821 2529 3057 2601 quodam
3113 2529 3343 2588 circuitu
3372 2530 3558 2602 relnq-

1943 2619 2170 2676 duntur.
3454 2646 3456 2648 τ

2016 2711 2298 2785 3L(Ver_s.
2317 2713 2374 2781 'I,
2397 2711 2480 2786 8.)
2519 2714 2776 2785 Sequitur
2804 2721 2864 2782 ut
2891 2729 3052 2778 nemo
3085 2713 3138 2769 in
3162 2713 3423 2784 operibus
3436 2717 3556 2794 glo-

1943 2804 2119 2860 rietur
2146 2821 2158 2856 :
2188 2805 2311 2874 quia
2339 2805 2463 2876 jure
2490 2806 2719 2864 Domino
2747 2805 3008 2861 debemus
3040 2807 3387 2878 obsequium.
3421 2808 3556 2876 Nam

1945 2899 1992 2954 si
2048 2909 2104 2952 tu
2162 2914 2270 2953 non
2321 2899 2461 2954 dicis
2512 2915 2673 2956 servo
2721 2902 2915 2968 aranti,
2961 2911 3054 2968 aut
3098 2916 3236 2958 oves
3263 2905 3554 2976 poscenti:

1849 3059 1855 3072 '
1950 2989 2163 3073 Transi,
2179 2993 2415 3052 recumbe
2437 2992 2882 3066 (nbiintelligitur
2901 2995 3022 3068 quia
3057 2997 3240 3052 nullus
3262 2999 3552 3068 recumbit,

1947 3084 2052 3140 nisi
2079 3094 2205 3139 ante
2233 3085 2512 3152 transierit
2542 3101 2554 3138 :
2589 3085 2821 3157 denique
2851 3096 2905 3141 et
2945 3088 3156 3160 Moyses
3201 3097 3330 3158 ante
3379 3099 3557 3160 trans-

194 3206 356 3260 ιςιξεθ
382 3195 584 3258 δοίειίι
614 3193 681 3256 σε
706 3192 894 3260 Ειιοςι,
925 3207 940 3246 ι
967 3191 1087 3266 quis
1113 3200 1291 3246 tamen
1323 3187 1496 3258 ρυιυῖι
1519 3186 1841 3259 mysterium
1881 3258 1915 3266 Α
1941 3175 2064 3246 ivit,
2091 3187 2149 3233 ut
2173 3194 2428 3254 magnum
2461 3180 2634 3234 visum
2660 3180 2930 3260 videret);
2956 3183 2998 3236 si
3031 3199 3163 3262 ergo
3194 3193 3248 3238 tu
3281 3201 3388 3240 non
3419 3185 3558 3254 dicis

191 3258 606 3356 absconditum
639 3289 691 3352 in
724 3258 842 3352 Deo:
863 3258 1096 3348 humana
1126 3294 1307 3344 mente
1332 3279 1843 3362 comprehendere?
1871 3258 1916 3332 ί)
1947 3287 2107 3328 servo
2136 3281 2229 3328 tuo
2262 3292 2274 3327 :
2305 3271 2594 3360 Recumbe,
2613 3275 2707 3344 sed
2731 3258 2995 3347 exigis-ab
3026 3258 3104 3342 eo
3127 3279 3271 3346 aliud
3302 3279 3556 3337 ministe-

200 3386 415 3448 Veniat
443 3400 582 3460 ergo
609 3384 878 3446 Dominus
905 3383 962 3440 in
994 3382 1232 3440 animam
1259 3393 1460 3444 meam,
1513 3378 1565 3432 in
1601 3385 1840 3440 mentem

195 3497 422 3549 meam,
458 3486 629 3555 atque
660 3493 779 3538 eam
829 3474 1083 3543 subjiciat
1123 3474 1262 3540 sibi;
1317 3481 1373 3527 ut
1424 3485 1543 3525 cum
1595 3467 1868 3537 subjecta

198 3579 370 3636 mens
396 3573 568 3632 fuerit
590 3585 709 3632 mea
739 3613 754 3637 ,
784 3570 963 3626 dicam
992 3587 1005 3622 :
1048 3567 1170 3624 Non
1197 3566 1380 3622 timebo
1406 3564 1568 3631 mala,
1596 3561 1840 3634 quoniam

205 3677 263 3724 tu
285 3683 501 3724 mecum
531 3681 582 3732 es
623 3662 846 3736 (Psalm.
877 3677 1012 3728 xxu,
1043 3660 1122 3731 4).

287 3761 486 3832 (Vers.
515 3757 596 3830 6.)
640 3757 701 3812 Si
721 3756 1009 3810 habueritis
1041 3752 1193 3823 ﬁdem
1215 3754 1588 3823 sicutgranum
1609 3747 1832 3820 sinapis,

206 3855 403 3914 dicetis
433 3852 556 3908 huic
569 3850 748 3910 arbori
772 3863 954 3906 moro:
985 3845 1292 3914 Eradicore,
1317 3855 1363 3900 et
1373 3847 1576 3916 jactare
1597 3842 1650 3898 in
1669 3854 1833 3906 mare,

205 3961 259 4009 et
287 3949 539 4009 oboediet
560 3945 721 4010 vobis.

285 4043 388 4102 28.
438 4042 512 4106 De
549 4052 721 4118 grano
769 4035 972 4105 sinapis
1016 4047 1177 4102 supra
1209 4030 1413 4085 dictum
1463 4035 1565 4090 est,
1595 4041 1741 4101 nunc
1769 4024 1836 4096 de

210 4137 424 4194 arbore
475 4133 614 4189 muri
661 4142 744 4186 est
787 4126 1196 4200 diSputandum.
1233 4123 1500 4179 Arborem
1548 4121 1690 4190 lego,
1728 4133 1834 4184 non

211 4213 411 4292 tamen
443 4227 694 4292 arborem
726 4224 915 4282 credo.
967 4221 1099 4282 Nam
1155 4232 1277 4290 qua:
1328 4217 1492 4284 ratio,
1529 4215 1622 4286 qui
1649 4212 1833 4284 prole-

216 4335 350 4382 ctus
382 4321 472 4382 hic
513 4329 723 4384 noster,
749 4326 806 4371 ut
828 4317 994 4376 arbor
1024 4329 1145 4390 qua:
1175 4309 1550 4370 laborantibus
1582 4308 1834 4378 agricolis

217 4419 372 4482 ferat
391 4419 614 4480 fructus,
638 4413 969 4475 eradicetur,
1012 4418 1068 4470 et
1091 4409 1340 4474 mittatur
1369 4406 1422 4464 in
1455 4419 1604 4464 mare
1628 4403 1652 4456 ?
1680 4402 1835 4468 Licet

220 4519 335 4575 hoc
355 4529 458 4585 pro
486 4511 686 4568 virtute
718 4507 843 4564 ﬁdei
871 4505 1134 4580 possibile
1153 4503 1487 4580 judicemus,
1513 4511 1572 4556 ut
1599 4496 1834 4562 sensibu-

222 4607 370 4666 libus
423 4605 669 4678 imperiis
703 4610 898 4662 natura
942 4596 1276 4658 insensibilis
1305 4595 1637 4666 obsequatur
1661 4610 1675 4646 ;
1700 4590 1826 4662 quid

1942 3367 2104 3434 rium,
2137 3376 2192 3423 et
2217 3368 2420 3440 gratias
2443 3369 2494 3424 ei
2520 3385 2627 3424 non
2651 3369 2765 3442 agis
2795 3389 2808 3424 :
2835 3369 2909 3440 ita
2936 3386 3038 3438 nec
3059 3373 3112 3427 iu
3138 3382 3191 3428 te
3214 3374 3419 3444 patitur
3441 3374 3552 3430 Do-

1942 3464 2121 3518 minus
2145 3463 2303 3518 unius
2335 3479 2491 3520 usum
2523 3478 2646 3520 esse
2676 3463 2859 3534 aperis
2888 3473 2983 3534 aut
3013 3465 3213 3522 laboris
3238 3484 3252 3533 ;
3273 3469 3396 3540 quia
3419 3468 3548 3528 dum

1941 3556 2199 3624 vivimus,
2231 3556 2496 3612 debemus
2525 3571 2744 3630 semper
2772 3558 3014 3627 Operari.

2015 3651 2100 3707 '52.
2147 3650 2328 3722 (Vers.
2362 3651 2477 3724 l7.)
2518 3651 2664 3722 Ergo
2693 3667 2927 3724 agnosce
2954 3667 3076 3722 esse
3105 3661 3156 3716 te
3187 3667 3404 3719 servum
3440 3654 3560 3726 piu-

1938 3744 2094 3800 rimis
2117 3743 2396 3814 obsequiis
2425 3743 2819 3801 defeneratnm.
2861 3743 2978 3798 Non
3026 3753 3080 3810 te
3123 3745 3556 3822 praeferas,quia

1940 3835 2082 3896 ﬁlius
2111 3837 2206 3892 Dei
2236 3837 2436 3904 diceris
2469 3854 2481 3889 :
2512 3835 2852 3916 agnoscenda
2879 3825 3078 3908 gratia,
3108 3848 3112 3852 '
3139 3838 3234 3894 sed
3263 3854 3369 3900 non
3403 3839 3555 3910 igno-

1939 3930 2109 3984 randa
2167 3938 2382 3983 natura.
2437 3927 2624 3999 Neque
2677 3938 2730 3984 te
2769 3929 2950 3998 jactes
3001 3928 3046 3994 si
3095 3927 3239 3994 bene
3279 3930 3499 3996 servisti
3529 3971 3548 4002 ,

1938 4023 2081 4096 quod
2137 4023 2316 4078 facere
2347 4020 2608 4078 debuisti.
2655 4020 2987 4096 Obsequitur
3041 4021 3147 4092 sol,
3200 4021 3548 4093 obtemperat

1940 4115 2089 4182 luna,
2122 4115 2365 4182 serviunt
2384 4114 2581 4186 angeli.
2614 4113 2718 4178 Vas
2745 4114 2984 4186 gentium
3008 4113 3216 4171 electus
3239 4129 3268 4170 a
3293 4115 3550 4174 Domino:

1941 4211 2064 4266 Non
2095 4227 2231 4281 sum,
2264 4210 2453 4282 inquit,
2487 4210 2675 4279 dignus
2705 4209 2875 4272 uocari
2906 4209 3201 4280 apostolus,
3230 4210 3352 4280 quia
3371 4226 3550 4282 perse-

1937 4312 2088 4358 cutus
2117 4319 2229 4364 sum
2261 4300 2553 4360 Ecclesium
2582 4299 2681 4356 Dei
2720 4299 2773 4366 (Ι
2803 4299 2925 4356 Cor.
2958 4316 3045 4364 xv,
3073 4299 3153 4372 9).
3189 4300 3394 4357 Deinde
3423 4300 3553 4359 alibi

1938 4397 2140 4452 nullius
2168 4410 2227 4450 se
2254 4394 2548 4450 ostendens
2575 4393 2854 4449 conscium
2905 4393 3103 4463 culpa},
3133 4393 3364 4462 subjecit
3393 4412 3406 4450 :
3440 4394 3552 4462 Sed

1935 4506 2037 4545 non
2064 4491 2119 4552 in
2141 4486 2572 4558 hocjusti/icatus
2597 4504 2711 4554 sum
2739 4485 2784 4560 (l
2815 4486 2936 4541 Cor.
2971 4502 3045 4554 Iv,
3076 4485 3156 4555 4).
3189 4485 3257 4542 Ει
3287 4503 3386 4542 nos
3415 4502 3550 4559 ergo

1935 4598 2042 4637 non
2070 4597 2100 4637 a
2129 4581 2283 4636 nobis
2313 4579 2528 4635 laudem
2560 4581 2860 4650 exigamus,
2896 4593 2996 4634 nec
3039 4579 3416 4648 praeripiamus
3461 4580 3550 4654 ju-

1037 4654 1249 4748 arboris
1282 4654 1535 4760 species?
1561 4686 1692 4758 Legi
1714 4654 1828 4755 qui-
1862 4654 1910 4728 1)
1938 4675 2138 4738 dicium
2179 4674 2298 4739 Dei,
2331 4681 2389 4728 et
2419 4674 2812 4743 praeveniamus
2838 4672 3165 4734 sententiam
3185 4672 3383 4742 judicis
3410 4689 3424 4728 :
3449 4673 3548 4730 sed

118 4804 124 4811 '
223 4803 392 4850 dem:
421 4793 611 4848 Pastor
665 4806 805 4846 eram
845 4803 1146 4857 caprarum,
1171 4784 1418 4838 uellicans
1455 4797 1602 4835 mora
1653 4776 1836 4850 (Amos

229 4902 324 4954 Vtt,
358 4886 478 4958 14),
502 4895 558 4946 et
583 4893 717 4956 puto
763 4881 1088 4954 prophetam
1121 4876 1458 4952 significasse
1483 4871 1662 4939 nobis,
1688 4869 1833 4941 quod

228 4995 298 5034 ex
326 4987 678 5052 peccaturum
701 4990 870 5048 grege
925 4980 1182 5044 peccator
1233 4969 1351 5039 ipse
1389 4978 1688 5023 conversus
1717 4963 1833 5020 sit:

226 5073 357 5140 licet
381 5073 674 5130 conveniat
702 5080 757 5125 ut
783 5069 1000 5124 futurus
1025 5064 1268 5146 gentium
1298 5059 1565 5132 propheta
1599 5055 1834 5112 fructum

229 5170 494 5243 quaasisse
554 5167 804 5228 videatur
861 5165 915 5218 in
955 5162 1225 5227 sentibus,
1286 5156 1468 5214 cibum
1491 5171 1556 5208 ex
1588 5151 1834 5208 sentibus

226 5266 463 5330 misse,
490 5261 587 5317 sed
612 5258 907 5314 (lectitat-os
935 5253 1210 5312 etfetidos
1223 5264 1420 5321 greges
1440 5248 1706 5319 gentium,
1740 5258 1838 5314 pop

229 5357 389 5426 pulos
431 5351 829 5418 nationum,-in
862 5363 1083 5403 suorum
1139 5345 1462 5415 scriptorum
1495 5337 1712 5410 pascuis
1758 5337 1840 5392 lo-

228 5463 472 5519 solutus,
505 5459 562 5504 ut
583 5445 855 5518 Spiritnali
887 5441 1185 5507 refectione
1225 5440 1688 5511 pinguescerent;
1720 5432 1838 5500 ipse

229 5555 410 5602 autem
425 5543 499 5602 de
517 5548 808 5613 peccatore
821 5549 1095 5593 conuerso
1137 5533 1223 5590 lac
1243 5530 1528 5602 spirituale
1549 5526 1838 5596 mulgeret.

303 5699 328 5727 ⁸
373 5687 491 5745 Net.
515 5685 672 5748 edit...
722 5678 1089 5749 resurgentium
1121 5673 1388 5749 Ecclesia,
1417 5682 1465 5726 et
1495 5667 1660 5749 sancti
1689 5665 1833 5749 ejus;

819 5734 1055 5828 Ezclasta
1075 5757 1124 5806 et
1143 5746 1314 5808 sancti
1341 5734 1489 5816 ejus;
1511 5741 1671 5798 Rom.
1695 5734 1828 5804 edit.

233 5826 944 5898 resurgentituttmliéuf-
1363 5833 1397 5898 ’,
1480 5885 1491 5898 .
1573 5882 1585 5894 .
1740 5879 1813 5898 -.ρ

301 5885 329 5940 ἶ)
370 5885 520 5958 ﬁdit.
548 5899 705 5954 Rom.
735 5885 870 5964 sola,
898 5892 1255 5962 Interrogatus
1281 5905 1313 5942 α
1343 5885 1702 5956 plmristzis....
1736 5885 1834 5933 uti-

1935 4784 2034 4824 suo
2057 4768 2314 4838 tempori,
2343 4765 2628 4836 suojudici
2658 4778 3023 4820 reservemus.
3061 4765 3190 4820 Post
3221 4765 3336 4820 haec
3363 4780 3551 4836 repre-

1937 4862 2250 4919 henduntur
2301 4859 2496 4932 ingrati
2532 4867 2734 4928 :atque
2784 4858 2854 4912 ita
2915 4860 3130 4928 deruunt
3160 4857 3228 4922 ad
3257 4865 3547 4930 tractatum

1938 4957 2102 5018 futuri
2123 4956 2338 5017 venitur
2358 4937 2569 5020 judicii.

2011 5048 2190 5120 (Vers.
2215 5047 2306 5111 51,
2331 5046 2450 5114 52.)
2489 5043 2556 5098 In
2577 5043 2678 5098 illa
2697 5041 2827 5097 hora
2845 5044 2934 5113 qui
2985 5044 3143 5115 fuerit
3171 5044 3235 5098 in
3287 5053 3441 5111 tecto,
3493 5054 3547 5100 et

1934 5160 2056 5200 uasa
2085 5145 2195 5216 ejus
2222 5142 2274 5196 in
2303 5139 2452 5194 douto
2474 5181 2488 5206 ,
2516 5155 2578 5193 ne
2616 5137 2895 5210 descendat
2944 5138 3123 5194 tollere
3149 5138 3242 5193 illa
3265 5154 3284 5192 :
3306 5149 3352 5194 et
3373 5139 3463 5210 qui
3491 5139 3548 5194 iri

1935 5255 2070 5312 agro
2089 5236 2325 5294 similiter
2353 5251 2458 5292 non
2495 5233 2670 5298 redeat
2711 5241 2868 5288 retro.
2892 5230 3149 5290 Memora
3177 5241 3336 5290 estote
3363 5232 3548 5294 uxoris

1939 5332 2056 5388 Lot.

2010 5427 2101 5483 55.
2132 5424 2161 5464 ι)
2201 5423 2576 5494 Interrogatus
2623 5437 2651 5476 a
2681 5420 2963 5492 discipulis
3011 5419 3281 5486 Dominus
3326 5420 3546 5492 quando

1941 5521 2156 5578 veniret
2193 5533 2422 5590 regnum
2451 5516 2575 5583 Dei,
2603 5515 2680 5572 ait
2710 5532 2723 5568 :
2756 5512 2995 5586 Regnum
3018 5512 3114 5578 Dei
3155 5513 3294 5568 intra
3331 5527 3420 5568 uos
3474 5518 3549 5568 est

1941 5677 2038 5731 que
2062 5675 2150 5731 per
2175 5657 2455 5731 libertatem
2475 5652 2677 5731 gratim.
2707 5649 2813 5731 S_ed
2841 5650 2893 5710 in
2927 5664 3057 5708 voce
3075 5647 3348 5731 pharisteis
3370 5646 3548 5731 pptuit

2025 5717 2224 5792 D'octor
2253 5727 2336 5784 vel
2359 5717 2646 5799 memoria,
2679 5724 2760 5778 vel
2789 5737 2895 5799 quo
2914 5736 3040 5776 usus
3069 5717 3156 5782 est
3181 5717 3539 5799 εριιίρεζίςιιιξς

1943 5789 2301 5878 praeterquam
2332 5796 2476 5869 quod
2503 5796 2556 5851 in
2586 5789 2833 5878 sequenti
2864 5806 3021 5878 versu
3050 5789 3541 5878 mentio't'lisci:

1939 5856 2189 5946 ὖίιιὸτύιὶι
2219 5892 2231 5928 ε
2257 5856 2365 5944 toti
2381 5880 2570 5944 ..ίιιιιβω
2871 5856 3162 5936 meum};
3183 5876 3310 5932 sum
3335 5859 3456 5937 illa.
3479 5866 3542 5916 ut
