4186 6358
550 327 690 386 1773

1879 314 2124 376 SANCTI
2167 314 2486 375 AMBROSII

3717 314 3851 376 1776

545 448 727 519 (Vers.
758 447 886 519 ‘21);
922 447 1105 516 utique
1135 459 1229 516 per
1250 443 1531 498 veritatem
1554 441 1891 512 gratiae,non
1912 455 2009 510 per
2030 453 2146 495 ser—
2173 437 2227 499 A
2251 436 2559 496 exeundum
2593 455 2604 490 :
2647 436 2744 494 sed
2770 436 2821 492 itt
2854 435 3108 492 omnibus
3131 434 3324 521 modus
3369 434 3671 504 quaeritur;
3698 432 3854 502 quid-

543 541 771 596 vitutem
795 541 992 609 culpae.
1025 538 1210 607 Itaque
1237 535 1329 607 qui
1361 534 1476 588 vult
1500 547 1623 588 esse
1649 533 1810 600 liber,
1841 533 1913 587 sit
1954 546 2147 587 servus

547 633 603 688 in
626 633 877 695 Domino;
894 647 956 686 ea
974 630 1117 686 enim
1140 638 1290 700 parte
1317 643 1421 698 qua
1451 626 1842 698 participamur
1863 625 2145 690 servitute,

551 726 946 798 participamur
963 731 1020 782 et
1048 737 1234 793 regno.
1255 721 1487 792 Aitergo
1509 735 1524 776 :
1540 718 1773 790 Regnum
1791 715 1891 773 Dei
1905 719 2046 772 intra
2065 734 2150 773 vos

546 828 622 873 est
647 833 665 871 :
689 817 904 888 quando
928 825 1110 871 autem
1141 815 1394 882 veniret,
1428 812 1826 879 noluitdicere,
1871 811 1967 867 sed
2016 809 2154 866 dixit

538 907 729 980 judicii
781 907 922 963 diem
955 922 1079 963 esse
1107 915 1399 961 venturum
1428 922 1443 970 ;
1477 913 1537 959 ut
1580 912 1848 958 terrorem
1899 902 2153 958 omnibus

542 1001 732 1072 judicii
760 999 1096 1057 imminentis
1119 999 1410 1065 incuteret,
1435 1013 1536 1054 nec
1562 997 1912 1053 securitatem
1938 995 2154 1050 dilatio-

546 1092 632 1149 nis
652 1075 890 1148 afferret.

614 1188 708 1244 '54.
742 1188 810 1243 Et
838 1202 908 1242 ne
933 1185 1212 1242 videretur
1239 1184 1565 1241 contristare
1585 1182 1904 1252 discipulos,
1938 1191 1962 1219 ο
1996 1181 2042 1236 si
2070 1181 2155 1236 his

544 1281 748 1352 aliquid
778 1281 1097 1353 denegaret,
1132 1279 1209 1334 ait
1238 1278 1292 1334 iu
1317 1278 1426 1333 alio
1451 1277 1633 1334 libro:
1670 1274 1750 1330 De
1775 1275 1860 1330 die
1888 1284 2072 1344 autent
2108 1284 2156 1330 et

541 1372 676 1430 hora
726 1391 873 1429 nemo
898 1375 1016 1435 scit,
1078 1388 1243 1441 neque
1268 1370 1442 1444 angeli
1486 1371 1754 1437 calorum,
1790 1386 1951 1441 neque
1981 1368 2156 1424 Filius

549 1465 765 1538 (Matth.
803 1481 947 1530 sxw,
989 1465 1104 1537 56).
1137 1464 1280 1520 Bene
1338 1464 1517 1520 medie
1563 1466 1745 1533 posuit
1798 1463 2020 1530 Filium,
2072 1473 2158 1519 est

545 1562 690 1616 enim
723 1560 864 1617 idem
901 1561 1046 1615 filius
1073 1559 1488 1616 hominisFilius
1515 1560 1645 1627 Dei;
1674 1571 1724 1614 ut
1751 1561 1921 1630 magis
1950 1559 2154 1615 dictum

550 1654 852 1710 secundum
873 1654 1042 1708 filium
1061 1654 1299 1709 hominis
1322 1656 1684 1718 testimemus,
1709 1655 1830 1721 quia
1851 1665 2155 1723 temporum

547 1750 711 1803 finem
745 1764 850 1804 non
897 1765 992 1819 per
1031 1760 1279 1804 naturam
1312 1749 1570 1817 hominis,
1621 1749 1716 1804 sed
1756 1765 1856 1819 per
1905 1759 2154 1805 naturam

2249 531 2380 601 quid
2430 539 2613 588 autem
2640 529 3008 586 abundantius
3052 537 3157 595 est,
3187 543 3217 583 a
3249 526 3391 583 malo
3420 536 3523 582 est.
3558 525 3642 582 Sit
3667 525 3858 594 aliquis

2252 639 2552 681 consensus
2580 623 2648 680 ad
2671 632 2904 694 tempus,
2963 633 3021 679 ut
3075 636 3330 678 vacemus
3353 619 3624 676 orationi:
3657 617 3729 674 sit
3763 616 3859 672 ali-

2253 734 2359 790 qua
2383 719 2524 776 inter
2551 719 2946 775 sollicitudines
2969 717 3176 786 mundi,
3211 725 3265 773 et
3287 713 3717 786 intemperantia
3741 727 3859 768 cra-

2255 813 2412 884 pulas
2441 812 2708 869 sobrietas
2729 811 3101 884 religionis,et
3120 809 3354 867 induciae
3383 807 3647 865 castitatis
3675 805 3718 877 (l
3739 805 3860 862 Cor.

2256 923 2351 974 vn,
2377 905 2457 978 5).

2329 1001 2418 1057 58.
2464 1001 2603 1072 Ergo
2629 999 2757 1071 quia
2781 1009 3006 1071 propter
3044 997 3322 1070 improbos
3345 1010 3571 1053 necesse
3598 1001 3682 1051 est
3709 991 3866 1065 probi

2258 1093 2312 1148 in
2338 1091 2442 1148 hoc
2469 1093 2672 1149 saeculo
2693 1091 3076 1148 contritionem
3115 1089 3297 1147 cordis
3323 1089 3628 1158 animaeque
3654 1086 3867 1157 patian-

2258 1196 2368 1253 tur,
2395 1202 2502 1258 quo
2538 1187 2847 1243 uberiorem
2879 1185 3188 1244 mercedem
3218 1185 3492 1256 accipiant
3513 1184 3569 1240 in
3598 1183 3862 1252 futurum,

2259 1279 2517 1336 remediis
2546 1279 2923 1345 instruuntur;
2955 1287 3014 1334 ut
3039 1279 3129 1349 qui
3152 1279 3206 1334 in
3226 1277 3410 1334 Iudaea
3459 1285 3609 1344 sunt,
3660 1276 3872 1348 fugiant

2261 1371 2315 1426 in
2345 1381 2558 1428 montes
2588 1370 2808 1446 (Matth.
2863 1387 3012 1440 xxiv,
3047 1370 3161 1444 16).
3203 1371 3335 1438 Quae
3383 1378 3471 1426 est
3499 1369 3602 1425 ista
3626 1367 3815 1425 Judzna
3843 1368 3869 1424 2

2259 1465 2396 1521 Novi
2427 1466 2570 1522 enim
2603 1475 2656 1522 et
2683 1466 2846 1522 aliam
2871 1464 3114 1521 Judaeam
3139 1465 3438 1521 secundum
3455 1462 3731 1534 spiritum,
3755 1476 3869 1518 non

2259 1558 2558 1616 secundum
2587 1558 2823 1615 litteram
2854 1575 2868 1611 :
2902 1557 3072 1612 Notus
3108 1557 3254 1612 enim
3282 1557 3335 1611 in
3365 1554 3554 1610 Iudaea
3569 1552 3715 1610 Deus
3741 1553 3864 1627 (Ps.

2261 1669 2423 1720 Lxxv,
2460 1652 2532 1725 1).
2575 1653 2770 1722 Quales
2794 1662 2975 1708 autem
3005 1652 3095 1708 isti
3123 1660 3335 1727 montes
3375 1651 3465 1723 qui
3495 1652 3702 1722 possint
3747 1664 3869 1706 meo

2261 1759 2374 1804 tum
2402 1749 2566 1804 futuri
2597 1748 2858 1805 cohibere
2893 1747 3107 1818 judicii,
3139 1763 3262 1803 cum
3294 1747 3559 1818 scriptum
3590 1745 3659 1802 sit
3691 1743 3866 1801 :Tre-

546 1842 643 1899 Dei
676 1845 845 1900 norit.
875 1843 988 1898 Nec
1015 1843 1254 1898 alienum
1311 1852 1496 1899 tamen
1524 1860 1552 1897 a
1581 1842 1689 1898 fide
1715 1853 1821 1908 est,
1867 1845 1912 1898 si
1965 1843 2160 1898 Filium
2191 1844 2238 1904 B
2267 1860 2381 1898 mor
2411 1854 2583 1897 autem
2610 1852 2804 1898 montes
2830 1843 3100 1914 occupabit
3135 1840 3307 1915 (Esai.
3335 1857 3503 1910 ‘LXIV,
3537 1838 3641 1915 5)?
3669 1838 3870 1897 Caelum

544 1939 780 2008 accipias
813 1937 928 1992 Dei.
963 1938 1101 2006 Quid
1131 1939 1274 1992 enim
1301 1947 1385 1994 est
1408 1937 1552 2007 quod
1569 1939 1741 1992 bonus
1769 1936 1930 1992 Pater
1957 1937 2151 1992 Filium

545 2031 826 2097 celaverit,
852 2032 934 2085 cui
965 2032 1148 2086 Omnia
1175 2029 1358 2084 dedit?
1397 2028 1506 2086 Aut
1550 2029 1827 2101 quomodo
1869 2046 1974 2084 non
2003 2030 2155 2085 dedit

549 2124 915 2193 cognitionem
945 2123 1335 2194 temporis,cui
1363 2121 1755 2191 deditbjpsius
1774 2121 1968 2195 judicii
2003 2135 2156 2193 pote-

547 2217 787 2272 statem?
814 2217 1099 2284 Quomodo
1121 2226 1303 2272 autem
1333 2216 1504 2272 Filius
1548 2216 1759 2272 nescire
1784 2227 1962 2286 potest
2011 2216 2156 2287 quod

544 2309 710 2364 Pater
735 2313 885 2364 novit
909 2326 924 2376 ;
948 2325 1070 2365 cum
1100 2311 1152 2365 iu
1179 2309 1338 2365 Patre
1365 2308 1532 2364 Filius
1554 2310 1645 2370 sit,
1670 2317 1726 2363 et
1745 2308 1984 2379 Spiritus
2007 2326 2159 2366 scru-

549 2415 697 2460 tetur
722 2406 888 2461 etiam
918 2405 1023 2460 alta
1060 2406 1148 2459 Dei
1180 2403 1362 2478 (Joan.
1393 2420 1504 2469 χεν,
1539 2403 1661 2476 ll);
1693 2419 1815 2459 cum
1851 2405 1964 2474 ipse
1989 2403 2158 2461 Filius

546 2489 778 2551 altiiudo
813 2498 884 2551 sit
911 2497 1218 2551 divitiarum
1245 2492 1547 2567 sapientiae,
1588 2503 1645 2552 et
1673 2495 1917 2550 scientia:
1964 2495 2061 2551 Dei
2094 2495 2155 2562 (l

550 2587 672 2644 Cor.
703 2606 765 2656 ll,
800 2589 937 2663 10)?
971 2589 1079 2646 Sed
1106 2605 1206 2645 cur
1250 2590 1385 2644 nolit
1435 2589 1637 2649 dicere.
1677 2588 1890 2662 1579
1917 2589 2159 2647 ostendit

545 2682 654 2738 alio
677 2684 797 2739 loco
828 2701 841 2738 :
873 2682 996 2738 Non
1022 2693 1093 2738 est
1121 2697 1344 2738 vestrum
1373 2685 1502 2737 scire
1526 2691 1758 2752 tempora
1784 2692 1830 2738 et
1854 2700 2017 2738 annos
2044 2699 2158 2754 quae

548 2774 712 2833 Pater
752 2779 919 2847 posuit
945 2779 999 2832 in
1025 2795 1119 2834 sua
1149 2786 1398 2850 potestate
1424 2777 1563 2850 (Act.
1598 2793 1636 2842 ι,
1660 2778 1738 2846 7).

618 2873 709 2928 55.
755 2873 956 2929 Videtis
985 2889 1092 2944 quo
1122 2873 1305 2928 tendat
1334 2873 1426 2943 qui
1455 2871 1777 2926 Trinitatem
1807 2868 1970 2944 negat
1999 2874 2158 2929 unius

545 2967 856 3052 pptestatis,
884 2976 942 3021 ut
976 2967 1046 3021 sit
1083 2967 1285 3038 aliquid
1323 2965 1468 3036 quod
1517 2966 1726 3022 nesciat
1776 2965 1998 3022 Filius?
2046 2967 2159 3021 Cur

547 3061 692 3115 enim
723 3059 927 3116 celaret
984 3060 1175 3114 Filium
1208 3061 1486 3130 proprium
1531 3061 1739 3116 Pater?
1767 3063 1873 3116 Aut
1897 3061 2042 3118 enim
2075 3061 2157 3117 iu-

546 3154 704 3208 vidiac
733 3168 896 3208 causa
927 3153 1180 3208 nolumus
1209 3153 1330 3208 aliis
1359 3153 1608 3208 intimare
1637 3153 1781 3224 quod
1814 3155 2038 3220 scimus,
2063 3162 2156 3210 aut

2256 1946 2308 1993 et
2333 1947 2470 1991 terra
2497 1935 2788 1992 transibunt
2817 1936 2974 2010 (Luc.
3027 1953 3138 2002 xxI,
3169 1935 3288 2009 .35)
3321 1955 3332 1990 :
3361 1935 3635 2008 quomodo
3691 1944 3866 1992 terra-

2257 2046 2376 2085 rum
2428 2031 2606 2100 portio
2637 2031 2880 2086 manebit
2909 2031 3186 2096 immunis,
3216 2039 3309 2085 aut
3351 2029 3489 2085 tueri
3519 2045 3607 2086 me
3638 2029 3867 2100 poterit,

2257 2139 2378 2195 qua:
2403 2138 2508 2178 nec
2533 2124 2644 2194 ipsa
2695 2141 2754 2180 se
2803 2124 3028 2180 servat?
3080 2123 3181 2180 Ubi
3213 2124 3376 2195 igitur
3404 2139 3492 2179 me
3543 2124 3612 2180 ab
3639 2122 3718 2178 ira
3745 2123 3871 2194 ejus

2256 2216 2609 2283 abscondam,
2644 2218 2736 2288 qui
2765 2217 3052 2274 conturbat
3099 2216 3422 2287 profundum
3449 2215 3664 2272 maris?
3693 2216 3756 2273 Si
3781 2232 3873 2271 as-

2256 2309 2476 2364 cendero
2503 2309 2554 2362 in
2584 2308 2785 2376 coelum,
2816 2309 2885 2363 ibi
2926 2320 3000 2363 est
3031 2326 3049 2364 :
3079 2310 3125 2363 si
3150 2309 3462 2364 descendero
3483 2309 3536 2363 in
3576 2308 3867 2378 infernum,

2258 2402 2402 2456 adest
2435 2399 2608 2474 (Psat.
2637 2417 2908 2469 cxxxvtu,
2940 2402 3017 2475 8).
3044 2401 3160 2457 Non
3192 2417 3324 2474 ergo
3373 2401 3485 2458 falli
3540 2410 3722 2473 potest
3773 2402 3870 2474 qui

2259 2493 2458 2561 ubique
2489 2502 2593 2560 est,
2627 2494 2722 2549 sed
2749 2494 2971 2564 placari.

2330 2586 2420 2642 59.
2462 2585 2632 2642 Adest
2662 2588 2843 2658 itaque
2866 2587 3057 2657 judicii
3086 2588 3203 2645 dies
3233 2607 3246 2642 ε
3280 2589 3328 2645 si
3360 2589 3445 2646 vis
3465 2603 3573 2646 non
3616 2603 3872 2661 compre-

2259 2679 2445 2744 hendi,
2479 2680 2721 2750 quotidie
2749 2682 2900 2748 time,
2933 2682 3173 2753 quotidie
3195 2682 3336 2754 fuge.
3361 2683 3572 2751 Quaeris
3592 2685 3880 2755 quomodo

2258 2772 2430 2844 fugias
2455 2773 2478 2825 ’ἶ
2512 2774 2742 2838 Ascende
2768 2774 2822 2828 in
2844 2785 3065 2829 montem
3085 2777 3171 2844 qui
3185 2776 3505 2848 evangelizas
3533 2775 3664 2832 Sion
3690 2774 3869 2850 (Esai.

2258 2882 2347 2928 χι..
2376 2866 2434 2936 9)
2461 2883 2473 2919 :
2507 2875 2563 2920 ut
2593 2866 2939 2922 excelsorum
2976 2869 3179 2925 vertice
3205 2870 3382 2940 possis
3411 2869 3655 2927 eminere
3701 2871 3874 2927 meri-

2258 2965 2440 3014 torum
2469 2976 2482 3013 :
2516 2959 2656 3014 Deus
2687 2963 2832 3015 enim
2864 2962 3148 3029 montium,
3184 2971 3238 3018 et
3287 2978 3395 3018 non
3450 2963 3595 3019 Deus
3643 2962 3870 3020 vallium

2257 3065 2343 3109 est
2375 3052 2464 3126 (lli
2498 3053 2626 3125 Reg.
2656 3069 2748 3122 xx,
2780 3053 2896 3128 28).
2929 3056 3178 3112 Ascende
3207 3072 3274 3113 eo
3305 3056 3397 3113 ubi
3431 3055 3682 3112 Christus
3711 3056 3874 3114 sedet

2259 3147 2326 3201 ad
2349 3146 2629 3202 dexteram
2659 3147 2772 3214 Dei,
2808 3147 2963 3219 cujus
2992 3147 3359 3204 Fundamenta
3380 3150 3436 3205 in
3461 3150 3719 3206 montibus
3738 3166 3872 3205 san-

547 3261 617 3300 ne
661 3245 800 3302 forte
864 3245 1161 3316 prodantur
1189 3261 1204 3300 :
1233 3245 1326 3301 sed
1367 3261 1469 3301 nec
1500 3245 1669 3301 invidi
1698 3247 1750 3301 in
1782 3247 2020 3313 Patrem,
2051 3261 2151 3302 nec
2175 3229 2222 3292 (ἶ
2255 3243 2349 3295 clis
2398 3240 2574 3314 (Ρδαισ
2622 3259 2842 3310 LXXXVI.
2894 3241 2948 3313 ί)
2994 3261 3007 3297 ³
3039 3253 3114 3312 θ’,
3166 3243 3374 3300 Mam“
3404 3244 3462 3298 δη
3487 3245 3711 3299 anui!“
3754 3245 3873 3316 ei!“

545 3337 841 3409 proditoris
875 3340 928 3393 in
957 3338 1152 3393 Filium
1183 3337 1421 3408 suspicio
1451 3339 1614 3394 cadit.
1652 3340 1794 3412 Ergo
1824 3343 1984 3396 unius
2025 3351 2154 3398 sunt

547 3430 878 3502 Cognitionis
901 3475 915 3498 ,
948 3433 1072 3502 quia
1111 3431 1272 3487 unius
1307 3444 1432 3487 sunt
1464 3434 1771 3504 potestatis.
1827 3434 2032 3492 Deinde
2059 3436 2150 3508 qui

459 3549 463 3562 ι
545 3527 699 3596 signa
733 3527 882 3580 novit
912 3525 1075 3580 futuri
1098 3525 1312 3596 judicii,
1334 3527 1518 3596 utique
1547 3528 1699 3583 novit
1739 3541 1790 3584 et
1819 3528 2004 3585 finem.
2055 3562 2057 3564 -

613 3617 703 3673 36.
731 3615 911 3690 (Vers.
944 3617 1066 3690 24.)
1098 3617 1238 3686 Quid
1259 3617 1400 3672 enim
1417 3630 1498 3672 εει
1521 3621 1663 3688 quod
1693 3623 1901 3678 nesoiat
1925 3623 2016 3680 ille
2043 3624 2152 3680 sic-

541 3720 602 3764 ut
645 3709 826 3780 fulgur
872 3725 1191 3777 coruscans,
1221 3725 1287 3765 eo
1309 3710 1450 3780 quod
1475 3712 1587 3777 lux,
1622 3713 1713 3768 Dei
1744 3714 1912 3771 Filius
1944 3718 2155 3774 interna

541 3803 792 3874 mysterii
842 3803 1082 3859 caelestis
1113 3803 1424 3859 illuminet?
1461 3813 1482 3840 ο
1516 3801 1584 3857 1η
1629 3804 1744 3871 illa,
1779 3807 1973 3877 inquit,
2003 3810 2152 3865 liora.

544 3893 692 3966 Ergo
718 3903 773 3950 et
804 3894 992 3950 horam
1033 3894 1345 3951 novitzsed
1397 3895 1552 3950 novit
1604 3895 1729 3963 sibi,
1781 3901 1952 3955 nescit
1998 3901 2151 3956 mihi.

545 3984 694 4042 Bene
725 3997 902 4042 autem
933 4003 1149 4043 causam
1181 3988 1392 4056 diluvii,
1423 3998 1475 4044 et
1504 3988 1760 4058 incendii,
1793 4001 1848 4046 et
1873 3991 2057 4063 judicii
2088 3995 2168 4052 de.

549 4078 757 4135 nostris
787 4082 982 4136 asserit
1010 4081 1262 4151 prodisse
1308 4079 1583 4152 peccatis;
1623 4084 1748 4154 quia
1783 4084 1923 4140 Deus
1955 4087 2154 4143 malum

545 4186 657 4226 non
682 4174 908 4239 creavit,
935 4173 1030 4229 sed
1064 4186 1252 4230 nostra
1283 4174 1388 4231 sibi
1421 4175 1610 4229 merita
1639 4187 1982 4247 repererunt.

623 4264 801 4338 (Vers.
830 4265 948 4338 27.)
989 4265 1225 4322 Edebant
1279 4268 1495 4324 enimet
1523 4269 1798 4336 bibebant;
1825 4287 2012 4326 uxores
2062 4273 2158 4328 du-

548 4357 752 4425 cebant,
782 4369 828 4413 et
862 4357 1143 4414 nubebant.

621 4453 710 4508 57.
755 4451 872 4508 Non
901 4453 1026 4523 quia
1051 4453 1302 4524 conjugia
1335 4455 1681 4519 damnentur,
1728 4469 1907 4524 neque
1953 4464 2009 4510 ut
2056 4456 2157 4512 ali-

548 4558 728 4605 menta
763 4549 1088 4604 damnentur
1115 4565 1130 4614 ;
1162 4564 1286 4604 cum
1316 4549 1366 4604 iu
1398 4549 1506 4605 illis
1527 4549 1924 4618 successiones,
1959 4551 2011 4605 in
2040 4551 2159 4610 istis

2256 3335 2432 3410 (Psal.
2466 3353 2646 3403 cxxw,
2680 3336 2760 3410 2).
2786 3337 2942 3393 Mons
2996 3347 3120 3396 tuus
3149 3339 3371 3406 Paulus,
3412 3353 3572 3394 mons
3613 3348 3737 3394 tuus
3767 3338 3874 3394 Pe-

2256 3441 2370 3487 trus
2401 3441 2502 3487 est.
2531 3430 2704 3502 Supra
2728 3431 2943 3486 illorum
2974 3431 3131 3486 fidem
3155 3431 3357 3486 mentis
3383 3438 3492 3486 tum
3543 3430 3724 3487 locato
3773 3445 3873 3487 ve-

2253 3525 2496 3595 stigium.
2526 3525 2582 3580 ln
2615 3524 2732 3595 lege
2760 3525 2854 3580 Dei
2886 3532 3050 3596 atque
3078 3523 3400 3581 haereditate
3427 3523 3552 3580 fidei
3602 3524 3872 3580 constitu-

2254 3626 2339 3674 tos
2362 3619 2551 3690 judicii
2601 3617 2718 3674 dies
2765 3634 2872 3676 non
2903 3617 2970 3674 ad
3000 3633 3216 3691 poenam
3259 3619 3486 3687 invenit,
3534 3618 3630 3676 sed
3652 3618 3718 3676 ad
3743 3619 3870 3692 glo-

2256 3712 2413 3768 riam.

2335 3801 2549 3877 15.80
2581 3803 2674 3860 40.
2716 3803 2922 3876 Siquis
2952 3805 3115 3861 etiam
3164 3805 3217 3860 in
3276 3814 3422 3861 tecto
3493 3813 3580 3862 est
3633 3805 3869 3876 positus,

2256 3899 2362 3956 hoc
2382 3911 2484 3966 est,
2519 3901 2799 3971 superiora
2827 3901 2940 3970 jam
2971 3901 3164 3957 domus
3216 3916 3351 3967 suae,
3400 3899 3872 3971 eminentiumque

2256 3993 2516 4049 virtutum
2541 3994 2754 4049 culmen
2801 3995 3070 4061 ascendit,
3105 3995 3170 4050 ad
3203 4003 3421 4051 terrena
3466 3993 3653 4049 mundi
3704 3993 3872 4066 hujus

2258 4101 2429 4157 opera
2475 4101 2580 4142 non
2610 4087 2837 4143 recidat.
2866 4085 3002 4144 Novi
3031 4090 3175 4144 enim
3201 4097 3403 4145 teetum
3445 4089 3498 4144 in
3530 4103 3639 4159 quo
3675 4087 3872 4145 Rhaab

2260 4178 2352 4234 illa
2384 4189 2510 4252 typo
2539 4180 2799 4237 meretrix
2831 4179 3016 4254 (Josue
3046 4197 3105 4248 tt,
3138 4181 3164 4235 1
3199 4191 3245 4236 et
3265 4180 3420 4253 seq.),
3475 4179 3738 4254 mysterio
3763 4180 3872 4238 Ec-

2260 4273 2427 4329 clesia
2485 4285 2954 4332 sacramentorum
3007 4276 3286 4332 consortio
3341 4277 3554 4348 populis
3611 4275 3869 4348 copulata

2260 4366 2575 4437 gentilibus,
2619 4368 2998 4439 exploratores
3045 4361 3183 4442 quos
3204 4368 3608 4438 Jesus'direxit,
3632 4370 3872 4427 abscon-

2261 4459 2343 4516 dit
2371 4477 2383 4514 :
2416 4460 2507 4531 qui
2530 4460 2575 4515 si
2610 4459 2676 4516 ad
2700 4462 2959 4518 inferiora
2985 4463 3396 4519 descendissent
3424 4463 3641 4531 domus,
3673 4463 3743 4519 ab
3769 4480 3868 4521 ex-

2266 4551 2640 4622 ploratoribus
2681 4555 2772 4626 qui
2798 4555 2865 4610 ad
2892 4556 3286 4628 corripiendos
3312 4573 3409 4614 eos
3448 4558 3598 4629 missi
3649 4559 3867 4615 fuerant

548 4649 755 4696 naturae
807 4641 1045 4696 subsidia
1093 4641 1239 4708 sint;
1297 4639 1538 4713 alioquin
1587 4641 1654 4697 de
1709 4642 1811 4698 hoc
1837 4642 2041 4699 mundo
2070 4635 2233 4700 estD
2267 4645 2617 4702 occidissent.
2675 4646 2901 4705 Tectum
2950 4664 3086 4722 ergo
3136 4649 3386 4707 sublimis
3410 4660 3497 4708 est
3521 4650 3721 4708 mentis
3742 4651 3868 4709 offl-

542 4821 653 4892 jam
682 4839 712 4878 a
759 4821 912 4878 nobis
958 4823 1304 4878 observatum
1353 4833 1456 4889 est,
1514 4822 1654 4880 idem
1703 4821 1842 4890 apud
1891 4824 2148 4894 probatos

545 4905 799 4968 auctores
824 4895 1153 4968 quandoque
1172 4897 1438 4968 signiticet
1466 4911 1530 4950 ac
1553 4895 1779 4965 aequitas
1805 4911 1820 4961 ;
1852 4895 2037 4968 itaque
2057 4913 2148 4968 per

543 4967 809 5037 veritatem
835 4966 1013 5034 gratia:
1043 4966 1270 5035 perinde
1297 4969 1396 5022 erit
1429 4977 1588 5036 atque
1603 4982 1701 5036 per
1723 4967 2030 5037 mquitatem
2053 4966 2148 5024 seu

541 5036 809 5112 justitiam
841 5052 960 5100 qua:
982 5047 1156 5112 ortum
1185 5037 1332 5112 ducit
1362 5053 1427 5112 ex
1451 5039 1644 5106 gratia.

621 5118 645 5141 *ι
669 5107 793 5181 Sic.
824 5118 932 5159 vet.
965 5108 1092 5181 edit.
1126 5120 1179 5163 et
1225 5107 1407 5163 cuncti
1437 5123 1566 5181 mss.
1614 5107 1726 5181 nisi
1761 5110 1903 5181 quod
1948 5110 2002 5164 in
2033 5111 2150 5181 qui-

544 5178 773 5232 bu$daut
802 5179 1255 5246 praetermittitur,
1287 5181 1338 5233 in
1365 5181 1470 5233 alio
1501 5180 1651 5234 libro.
1702 5179 1772 5233 At
1802 5180 1959 5234 Rom.
2012 5178 2144 5237 edit.

542 5250 722 5304 locum
756 5251 1056 5322 immutavit
1086 5251 1138 5322 in
1173 5254 1308 5306 hanc
1337 5253 1586 5314 formam,
1615 5251 1659 5303 si
1689 5267 1774 5305 eos
1791 5252 1987 5322 aliquid
2013 5253 2150 5307 cela-

539 5325 689 5394 uerit,
706 5321 1034 5394 subiungitur
1048 5321 1148 5394 {Et
1160 5324 1230 5376 ait
1253 5324 1321 5375 ad
1333 5323 1617 5390 discipulos
1631 5339 1770 5394 suos,
1795 5335 1991 5378 vement
2015 5326 2145 5379 dies.

543 5391 612 5446 Et
646 5395 697 5446 in
726 5390 829 5446 alio
852 5392 1000 5446 libro.
1047 5391 1114 5447 Et
1147 5403 1266 5462 post
1295 5411 1400 5447 non
1427 5396 1591 5449 multa
1626 5390 1710 5447 ubi
1759 5393 1980 5450 Amerh.
2023 5394 2145 5452 cunt

542 5464 738 5520 Paucis
784 5479 915 5520 mss.
947 5463 1086 5528 Bene
1134 5467 1362 5520 medium
1409 5467 1576 5533 posuit
1597 5466 1800 5532 ﬁlium;
1831 5479 1885 5520 et
1928 5467 2049 5523 Era.
2084 5483 2150 5523 ac

540 5536 667 5593 Gill.
722 5552 843 5590 cum
897 5537 1138 5605 reliquis,
1191 5536 1330 5592 Bene
1372 5538 1553 5600 medic,
1608 5549 1738 5600 etc.,
1766 5539 1956 5592 eadem
1989 5540 2146 5594 llum.

539 5607 944 5670 editmsxhibet,
976 5606 1433 5677 Beneinterposuit
1464 5608 1653 5678 ﬁlium.
1682 5608 1787 5662 Sed
1820 5610 2041 5664 omnino
2074 5611 2150 5665 le-

539 5679 776 5748 gendum
808 5679 995 5743 medie,
1052 5680 1155 5736 hoc
1207 5689 1313 5747 est,
1363 5696 1468 5736 non
1521 5680 1934 5737 determinando
1964 5689 2144 5737 utrum

540 5751 661 5815 Dei,
686 5766 825 5806 anve
849 5751 1092 5806 hominis.

613 5820 641 5860 ί)
684 5821 809 5878 Mss.
839 5821 1072 5894 aliquot,
1103 5839 1262 5896 supra
1287 5824 1500 5882 illorum
1529 5826 1943 5895 fundamentum.

2326 4842 2346 4869 ο
2392 4829 2549 4886 Rom.
2585 4829 2744 4897 edit.,
2771 4829 2850 4885 De
2877 4832 2962 4886 die
2981 4842 3149 4888 autem
3171 4841 3219 4888 et
3246 4833 3377 4889 liora
3397 4835 3530 4891 dixit
3556 4835 3858 4895 Matt/atrus.

2254 4900 2453 4982 Verum
2478 4917 2543 4958 ea
2576 4903 2802 4982 mutatio
2824 4918 2931 4959 non
2948 4905 3165 4961 aliunde
3192 4906 3404 4982 invecta
3434 4918 3518 4962 est
3542 4924 3702 4978 quam
3717 4913 3866 4982 quod

2253 4974 2590 5048 superiorem
2603 4974 2766 5048 Lucae
2782 4985 2983 5048 textum
3006 4991 3127 5032 cum
3144 4978 3424 5044 reiecisset
3451 4974 3574 5048 post
3592 4974 3756 5037 verba
3779 4984 3867 5037 in-

2253 5043 2419 5118 ferius
2445 5048 2638 5114 posita,
2662 5047 2753 5100 sed
2781 5047 2850 5100 ad
2877 5047 3119 5118 gloriam,
3153 5043 3286 5103 alios
3313 5043 3492 5105 textus
3531 5053 3767 5110 omissos
3791 5054 3865 5110 ab

2254 5115 2547 5190 Ambrosio
2577 5115 2936 5190 substituerit,
2953 5120 3020 5173 ad
3038 5134 3173 5190 quos
3187 5119 3373 5176 referri
3391 5137 3496 5176 non
3517 5133 3730 5190 poterat
3757 5125 3864 5182 ista

2253 5189 2544 5261 expositio.
2572 5189 2727 5256 Quod
2757 5196 2935 5244 autem
2968 5189 3092 5246 mox
3109 5191 3414 5260 subjicitur,
3460 5189 3601 5249 novit
3622 5196 3742 5261 sibi,
3773 5214 3868 5254 ne-

2253 5260 2359 5334 scit
2380 5258 2523 5334 nti/ti,
2557 5260 2900 5334 referendum
2926 5273 3014 5334 est
3048 5263 3116 5317 ad
3146 5258 3423 5334 superiora
3465 5266 3579 5331 illa,
3630 5258 3739 5322 sed'
3768 5285 3867 5325 cur

2253 5331 2382 5408 noli:
2413 5332 2599 5408 dtcere,
2633 5331 3252 5408 ostendit._Quapro_ptér
3277 5333 3366 5390 hic
3387 5351 3493 5391 non
3521 5340 3863 5408 esttequivo-

2253 5402 2418 5475 eatio,
2451 5403 2546 5475 sed
2604 5404 2951 5474 metonymia:
2998 5402 3208 5471 species
3238 5421 3340 5475 qua
3373 5422 3534 5462 causa
3561 5411 3631 5464 ab
3661 5402 3861 5469 effectu

2253 5471 2638 5529 denominatur
2669 5491 2681 5532 :
2710 5471 2982 5546 quomodo
3025 5475 3169 5531 hunc
3223 5471 3399 5531 locum
3447 5480 3612 5535 etiam
3640 5482 3710 5538 ab
3748 5485 3864 5538 Au-

2252 5547 2471 5670 gustino
2493 5547 2800 5617 expositum
2828 5548 3131 5617 reperimus
3164 5547 3257 5602 lih.
3282 5548 3487 5615 Quaest.
3519 5551 3613 5619 85,
3659 5564 3858 5624 quaest.

2275 5615 2346 5670 Ὀ.
2406 5615 2655 5670 Namque
2694 5619 2764 5670 ibi
2819 5635 2848 5670 a
2904 5621 3146 5670 maximo
3186 5619 3279 5670 illo
3310 5619 3543 5670 Doctore
3603 5624 3851 5670 traditur,

2275 5615 2346 5672 50.
2386 5615 2655 5692 Namque
2694 5619 2764 5692 ibi
2819 5635 2848 5692 a
2894 5615 3146 5674 maximo
3186 5619 3279 5692 illo
3310 5619 3543 5678 Doctore
3598 5615 3856 5692 traditur,

2257 5689 2454 5762 nescire
2483 5687 2683 5744 Filium
2703 5689 2777 5743 sic
2797 5690 2994 5744 dictum
3018 5707 3145 5757 esse,
3175 5691 3296 5760 quia
3318 5692 3446 5762 facit
3474 5695 3673 5750 nescire
3692 5687 3861 5752 hami;

2257 5775 2369 5828 nes,
2395 5761 2452 5815 id
2471 5771 2565 5830 est,
2599 5778 2701 5817 non
2729 5763 2906 5833 prodit
2933 5763 3004 5819 eis
3033 5763 3169 5825 quod
3193 5763 3445 5820 inutt'titer
3466 5766 3675 5823 scirent.
