4186 6358
333 321 474 376 1777

1277 330 1643 392 EXPOSITIO
1686 335 1937 394 EVANG.
1982 337 2129 398 SEC.
2172 341 2326 401 LUC.
2370 345 2499 403 LIB.
2543 347 2677 405 VIII.

3493 356 3636 430 1778
3694 355 3700 363 ·

326 431 828 540 cium-animaeque
855 443 1150 540 fastigium,
1203 462 1309 518 quo
1336 449 1480 505 nuda
1505 451 1751 521 corporis
1800 467 1934 523 ope-
1961 455 2010 516 Α
2109 454 2200 510 44.
2227 456 2414 529 Itaque
2432 475 2556 516 cum
2589 464 2862 536 respicere
2893 465 3442 537 prohibearis,multo
3467 469 3637 540 magis

326 531 467 588 ritur
509 533 816 594 inﬁrmitas.
851 538 1004 596 Unde
1053 541 1185 597 mihi
1218 543 1428 598 videtur
1458 545 1620 599 etiam
1669 545 1928 618 paralyti-
1957 601 1962 628 Ι

326 640 424 684 cus
486 629 581 685 ille
623 631 829 689 idcirco
885 650 1008 691 esse
1064 647 1284 693 sanatus
1336 637 1529 710 (Marc.
1562 656 1622 706 ιι,
1652 640 1732 712 3),
1761 641 1936 711 quiaa

326 729 563 792 quatuor
577 723 873 794 juvenibus
913 727 1186 786 demissus
1206 745 1236 786 e
1270 741 1410 788 tecto
1437 742 1560 800 est;
1591 735 1716 805 quia
1744 749 1773 790 a
1806 751 1952 806 qua-7

327 825 453 891 tuor
477 817 811 876 adminiculo
855 821 1140 887 virtutum.
1190 825 1515 896 prudentiae,
1573 828 1932 897 fortitudinis,

326 912 721 980 temperantiae,
753 923 916 986 atque
967 916 1212 987 justitize,
1248 919 1314 973 ad
1366 919 1532 986 pedes
1580 921 1779 978 Christi
1823 923 1933 979 alta

322 1003 557 1084 quadam
584 1019 644 1062 se
673 999 886 1063 ratione
908 1010 1160 1081 subjecit.
1191 1012 1336 1068 Nihil
1358 1013 1502 1068 enim
1531 1014 1805 1070 excelsius
1835 1014 1929 1070 hu-

323 1097 573 1160 militate.
606 1115 728 1171 qme
778 1111 1049 1174 tamquam
1079 1105 1328 1176 superior
1359 1107 1535 1162 nescit
1564 1108 1774 1174 extolli,
1803 1109 1930 1180 quia

324 1205 486 1247 nemo
509 1192 562 1248 id
593 1192 834 1262 aﬂectat,
859 1197 1005 1268 quod
1028 1197 1168 1253 infra
1195 1213 1255 1254 se
1277 1199 1510 1270 judicat.

392 1285 485 1342 41.
527 1286 634 1346 Sed
654 1291 908 1360 quoniam
939 1292 993 1348 in
1040 1293 1247 1363 judicio
1274 1310 1578 1362 versamur,
1613 1313 1719 1351 non
1745 1295 1928 1367 digre-

321 1380 540 1437 diamur
568 1397 599 1438 a
625 1392 805 1452 tecto;
838 1401 908 1442 ne
927 1385 1058 1442 dum
1087 1402 1211 1443 vasa
1241 1403 1362 1458 qua:
1386 1389 1437 1443 in
1465 1388 1630 1444 domo
1655 1399 1801 1457 sunt,
1831 1406 1930 1446 au-

318 1472 468 1531 ferre
518 1477 791 1548 cupimus,
837 1480 1138 1550 capiamur.
1173 1479 1290 1537 Non
1315 1483 1464 1537 enim
1497 1483 1550 1537 in
1583 1483 1731 1538 omni
1762 1483 1928 1544 domo

319 1577 451 1649 sapt
481 1581 608 1623 vasa
634 1583 800 1626 aurea
831 1580 886 1626 et
909 1580 1188 1644 argentea,
1244 1574 1338 1630 sed
1382 1575 1434 1630 in
1480 1575 1757 1646 plerisque
1801 1587 1930 1632 sunt

317 1659 500 1732 lignea
531 1679 546 1718 :
575 1677 676 1719 nec
705 1665 882 1721 omnis
939 1665 1134 1722 domus
1163 1667 1359 1737 plena;
1390 1677 1520 1723 sunt
1568 1670 1713 1724 enim
1742 1678 1798 1725 et
1823 1685 1922 1726 va-

315 1770 456 1822 cua,
483 1771 618 1828 quas
649 1757 800 1815 novit
825 1759 1087 1831 propheta
1111 1762 1200 1830 qui
1231 1761 1374 1816 dixit
1405 1779 1418 1815 :
1452 1761 1594 1830 Quid
1625 1763 1823 1833 factum
1843 1773 1920 1818 est

2041 551 2220 608 redire
2271 553 2576 623 prohiberis
2612 599 2626 624 ,
2668 567 2722 614 et
2772 559 2962 615 tollere
3003 561 3271 626 tunicam;
3314 562 3636 630 comperisti

2039 648 2184 701 enim
2209 649 2351 718 quod
2374 651 2422 705 ei
2448 652 2538 722 qui
2570 654 2806 709 tunicam
2839 665 2890 711 te
2921 656 3140 726 petierit
3166 698 3181 722 ,
3212 656 3490 712 remittere
3534 656 3636 714 de-

2037 741 2168 797 beas
2199 750 2256 796 ct
2285 744 2504 812 pallium
2541 747 2778 817 (Matth.
2828 766 2883 814 v,
2912 749 3044 821 40).
3095 751 3238 822 Ergo
3277 751 3516 806 directus
3568 751 3636 806 ad

2037 835 2130 891 Dei
2155 851 2402 906 regnum.
2433 855 2566 910 opes
2595 851 2648 895 et
2670 841 3052 910 patrimonium
3079 858 3185 898 non
3204 842 3468 914 requiras.
3521 841 3633 896 No-

2037 929 2113 983 vit
2136 930 2366 984 ctaliam
2391 931 2672 1002 Scriptura
2705 935 2962 1000 tunicam,
2995 935 3064 991 de
3086 951 3189 1006 qua
3246 950 3345 990 nos
3388 935 3637 990 hortatur

2036 1024 2329 1093 Apostolus
2351 1024 2540 1081 dicens
2566 1045 2578 1080 :
2608 1026 2678 1082 Ut
2720 1029 3063 1099 exspoliantes
3115 1041 3329 1084 veterem
3375 1030 3634 1084 hominem

2035 1131 2151 1168 cum
2180 1117 2376 1172 actibus
2398 1122 2534 1191 ejus,
2567 1119 2732 1174 induti
2757 1137 2942 1176 novum
2967 1122 2983 1190 (
3009 1121 3209 1176 Coloss.
3243 1138 3298 1176 ιιι
3317 1165 3331 1188 ,
3359 1122 3394 1179 9
3420 1132 3467 1177 et
3500 1122 3564 1179 10
3587 1120 3633 1193 ),

2032 1208 2334 1277 superioris
2387 1214 2620 1266 tunicam
2665 1229 2770 1267 non
2809 1215 3150 1284 requiramus
3189 1215 3410 1270 erroris.
3477 1213 3635 1270 Unde

2032 1307 2087 1352 et
2120 1299 2229 1365 illa,
2255 1301 2332 1355 ait
2357 1319 2369 1354 :
2399 1302 2564 1357 Nocte
2583 1305 2703 1359 exui
2748 1322 2829 1359 me
2878 1308 3106 1360 tunicam
3136 1325 3302 1363 meam
3329 1349 3343 1368 .
3378 1309 3636 1377 quomodo

2031 1389 2222 1445 induar
2249 1409 2363 1446 eam
2395 1392 2417 1466 (
2447 1396 2598 1450 Cant.
2623 1412 2677 1463 ν,
2711 1397 2745 1452 5
2766 1395 2830 1469 )‘l
2857 1397 3001 1468 quod
3047 1415 3153 1453 non
3206 1400 3382 1454 solum
3431 1416 3634 1456 renun-

2032 1484 2170 1539 tiare
2195 1487 2450 1555 peccatis,
2480 1488 2576 1542 sed
2610 1489 2772 1544 etiam
2799 1491 3117 1545 memoriam
3159 1507 3374 1546 omnem
3431 1492 3632 1548 debeas

2030 1587 2184 1632 actus
2209 1581 2511 1649 superioris
2537 1583 2782 1639 abolere.
2808 1583 3057 1655 Denique
3108 1585 3307 1641 Paulus
3351 1588 3631 1657 superiora

2028 1671 2380 1741 oblivisccns,
2404 1676 2616 1746 culpam
2649 1679 2837 1745 exuit,
2871 1679 3243 1749 paenitentiam
3299 1696 3404 1735 non
3455 1681 3637 1736 omisit.

2027 1763 2271 1837 (Philip.
2298 1783 2376 1834 ιιι,
2406 1769 2534 1841 15).

318 1847 410 1902 tibi
439 1865 600 1916 nunc,
621 1851 745 1922 quia
785 1853 1064 1920 ascendiin
1104 1854 1158 1907 in
1189 1853 1368 1908 domos
1416 1871 1606 1910 vacuas
1631 1855 1658 1909 .9
1695 1854 1923 1925 Impleta
1952 1856 2000 1916 B
2099 1857 2190 1914 45.
2228 1859 2303 1914 Et
2357 1860 2481 1916 ideo
2554 1861 2809 1918 Dominus
2838 1882 2852 1919 :
2886 1862 3144 1920 Memores
3174 1907 3187 1930 ,
3233 1866 3407 1937 inquit
3437 1908 3451 1932 ,
3475 1875 3634 1920 estote

319 1951 394 1996 est
426 1944 604 2000 civitas
623 1946 958 2002 clamantium
985 1946 1155 2020 (Esai.
1193 1965 1328 2015 χιιι,
1360 1950 1384 2002 1
1418 1962 1465 2004 et
1490 1950 1649 2023 seq).
1702 1951 1764 2005 Et
1797 1954 1924 2010 sub-

313 2036 483 2108 jeCit:
516 2035 705 2094 Omnes
759 2041 1017 2112 principes
1042 2042 1117 2096 tui
1160 2046 1423 2113 fugerunt,
1447 2045 1754 2116 quicumque
1781 2046 1836 2098 in
1881 2056 1928 2100 te

316 2133 574 2188 vulnerati
625 2144 767 2200 sunt,
811 2142 866 2190 et
921 2135 987 2190 ad
1039 2136 1318 2206 perﬁdiam
1364 2137 1433 2193 de
1461 2137 1570 2194 ﬁde
1599 2137 1734 2208 lapsi
1776 2148 1923 2194 sunt.

320 2223 650 2282 Vulneratus
679 2235 764 2284 est
793 2227 1089 2296 Sabellius,
1118 2230 1435 2286 vulneratus
1457 2241 1542 2286 est
1568 2231 1918 2298 Valentinus,

314 2318 631 2376 vulneratus
660 2329 745 2378 est
793 2321 998 2389 Arius‘;
1034 2324 1087 2378 in
1117 2323 1279 2380 domo
1304 2325 1450 2381 enim
1480 2333 1649 2397 vacua
1675 2335 1805 2382 sunt
1836 2343 1925 2384 re-

315 2413 478 2483 perti.

384 2506 479 2562 42.
527 2507 618 2563 Vis
652 2508 874 2565 domum
900 2509 1086 2567 videre
1118 2512 1384 2582 plenam?
1411 2512 1652 2582 Sequere
1677 2513 1920 2578 Petrum,

311 2613 436 2655 cum
463 2600 697 2657 esuriret
724 2602 790 2657 ad
819 2602 1013 2658 domus
1038 2605 1313 2676 seperiora
1337 2606 1672 2677 gradientem
1701 2608 1837 2678 (Act.
1867 2625 1920 2676 χ,

312 2691 371 2761 9)
407 2710 422 2747 :
452 2692 528 2749 ibi
557 2695 775 2765 agnovit
819 2697 1140 2768 mysterium
1197 2697 1458 2754 Ecclesiae
1485 2701 1879 2770 congreganda
1906 2717 1921 2763 ;

311 2795 372 2842 ut
419 2788 682 2858 gentilem
730 2791 986 2859 populum
1035 2805 1144 2845 non
1195 2790 1464 2860 iudicaret
1537 2793 1876 2849 immundum
1905 2834 1920 2858 ,

306 2898 475 2953 quem
502 2892 532 2921 ιι
551 2882 686 2939 ﬁdes
712 2894 898 2955 posset
922 2883 992 2940 ab
1015 2885 1162 2940 omni
1193 2885 1455 2940 mundare
1485 2887 1757 2957 contagio.
1787 2886 1922 2942 Vasa

311 2987 493 3034 autem
542 2977 611 3033 de
664 2977 779 3033 luto
806 2987 972 3034 sunt:
1003 2994 1134 3050 ergo
1182 2994 1277 3034 vas
1307 2994 1510 3050 corpus
1542 2992 1645 3036 est.
1680 2980 1746 3035 Et
1798 2979 1922 3037 ideo

312 3083 448 3126 cave
499 3085 567 3126 ne
588 3069 866 3127 desiderio
916 3073 1187 3142 corporis,
1221 3074 1482 3143 praeclara
1516 3076 1716 3130 mentis
1742 3075 1920 3131 studia

309 3161 678 3233 derelinquas.
715 3161 771 3220 Si
803 3164 993 3220 Petrus
1022 3179 1127 3219 non
1155 3166 1366 3235 accepit
1393 3168 1714 3238 mysterium
1761 3168 1815 3222 in
1841 3169 1925 3222 iu-

2032 1951 2210 2004 uxoris
2249 1951 2346 2006 Lot
2379 1969 2398 2008 :
2437 1970 2554 2025 quae
2598 1956 2718 2011 ideo
2741 1957 2861 2026 quia
2902 1960 3141 2026 respexit
3188 1967 3358 2024 retro,
3397 1959 3631 2025 perdidit

2032 2053 2240 2099 natura:
2270 2062 2382 2101 sua:
2411 2063 2640 2114 munus;
2675 2062 2820 2105 retro
2852 2049 2996 2105 enim
3042 2052 3271 2107 Satanas
3306 2092 3321 2116 ,
3350 2061 3498 2106 retro
3529 2050 3630 2108 So-

2031 2139 2212 2194 doma.
2246 2139 2589 2213 Quapropler
2621 2142 2745 2212 fuge
2787 2143 3260 2214 intemperantiam
3289 2186 3304 2210 ,
3359 2144 3631 2200 declinato

2031 2233 2322 2288 luxuriam.
2350 2236 2416 2290 Et
2446 2249 2503 2290 ut
2542 2251 2841 2307 cognoscas
2868 2239 2991 2306 quia
3022 2253 3127 2292 non
3159 2253 3350 2292 omnes
3404 2245 3634 2308 possunt

2031 2324 2218 2397 fugere
2241 2328 2292 2381 in
2326 2339 2588 2396 montem,
2615 2330 2906 2385 recordare
2928 2331 3053 2401 quia
3098 2331 3189 2386 ille
3219 2329 3246 2368 δ
3277 2332 3366 2401 qui
3395 2345 3455 2386 se
3478 2347 3506 2384 a
3539 2345 3633 2386 ve-

2032 2422 2236 2477 teribus
2259 2421 2456 2477 studiis
2486 2440 2591 2477 non
2621 2424 2869 2494 reﬂexit(
2897 2426 3189 2480 Sodomam
3211 2426 3354 2479 enim
3381 2435 3507 2480 ante
3534 2425 3630 2480 dc-

2028 2513 2240 2584 legerat
2265 2514 2284 2584 )
2313 2515 2435 2570 ideo
2464 2516 2656 2582 evasit,
2691 2519 2813 2586 quia
2836 2520 3080 2588 pervenit
3111 2517 3177 2572 ad
3208 2527 3448 2573 montem
3468 2517 3628 2590 (Gen.

2029 2619 2145 2670 xxx,
2177 2604 2286 2675 50)
2311 2624 2334 2659 -:
2371 2607 2461 2662 illa
2489 2623 2610 2676 quae
2643 2607 2908 2662 inlirmior
2939 2609 3059 2678 fuit,
3092 2609 3347 2678 quoniam
3389 2609 3456 2663 ad
3501 2624 3632 2678 pos-

2031 2699 2228 2750 teriora
2264 2699 2528 2768 respexit,
2552 2714 2652 2754 nec
2675 2698 2855 2753 mariti
2882 2699 3064 2769 adjuta
3093 2697 3454 2769 suﬁ'ragio,ad
3479 2713 3633 2756 mOn-

2031 2797 2139 2842 tem
2173 2791 2456 2856 pervenire
2486 2791 2680 2856 potuit,
2711 2790 2805 2844 sed
2835 2789 3118 2845 remansit.

2105 2882 2288 2954 (Vers.
2324 2884 2414 2938 54.
2437 2882 2456 2954 )
2481 2881 2549 2938 1η
2593 2884 2686 2938 illa
2734 2895 2883 2940 nocte
2933 2894 3081 2940 erant
3109 2886 3211 2939 duo
3239 2886 3293 2940 in
3320 2886 3450 2939 lecto
3478 2901 3584 2940 uno
3618 2903 3635 2940 :

2030 2993 2166 3031 unus
2195 2976 2518 3043 adsumetur,
2552 2986 2596 3031 et
2627 2977 2760 3032 alter
2790 2977 3129 3046 relinquetur.

2101 3071 2192 3126 46.
2222 3071 2365 3127 Bene
2398 3080 2612 3127 noctem
2639 3071 2798 3136 dixit,
2832 3071 2954 3142 quia
2978 3071 3346 3127 Antichristus
3372 3071 3504 3126 hora
3556 3082 3633 3126 te-

2031 3164 2324 3218 nebrarum
2346 3173 2458 3229 est;
2477 3179 2544 3218 eo
2564 3164 2708 3234 quod
2731 3164 3046 3230 pectoribus
3074 3163 3353 3218 hominum
3381 3163 3636 3220 tenebras

307 3255 604 3312 lerioribus
655 3258 886 3326 positus,
933 3269 988 3314 tu
1041 3259 1495 3330 quemadmodum
1519 3261 1794 3328 accipies?
1826 3257 1993 3344 Illec
2029 3257 2436 3322 oll'undat,cum
2468 3258 2614 3310 dicat
2641 3273 2702 3311 se
2730 3272 2851 3312 esse
2881 3256 3185 3321 Christum,
3218 3257 3636 3327 essurgentibus

311 3349 550 3420 accepit,
581 3349 710 3420 quia
757 3349 1027 3420 ascendit,
1061 3361 1115 3406 ut
1163 3353 1561 3422 evangelizaret
1592 3354 1880 3410 Dominum
1902 3399 1915 3420 ,

313 3441 625 3512 passionem
647 3443 894 3512 corporis
925 3458 1031 3498 non
1063 3444 1297 3500 timeret.

388 3533 480 3589 45.
507 3532 668 3605 Ergo
694 3533 796 3603 Qui
822 3535 877 3588 in
905 3543 1033 3589 tecto
1060 3545 1157 3603 est,
1190 3553 1292 3591 non
1315 3539 1591 3593 descendat
1621 3555 1640 3593 :
1672 3547 1719 3592 et
1748 3541 1837 3610 qui
1864 3542 1919 3594 in

312 3643 445 3700 agro
465 3636 562 3695 est,
602 3644 704 3682 non
750 3639 1030 3684 revertatur
1072 3639 1226 3684 retro.
1281 3630 1434 3687 Unde
1467 3632 1759 3702 intelligam
1791 3632 1922 3702 quid

309 3722 391 3776 sit
425 3735 578 3792 ager,
627 3721 730 3776 nisi
785 3721 903 3792 ipse
946 3737 1033 3777 me
1061 3722 1253 3778 doceat
1279 3722 1459 3788 Jesns,
1490 3724 1679 3779 dicens
1709 3743 1722 3778 :
1755 3724 1922 3778 Nemo

309 3813 531 3868 mittens
561 3829 771 3868 manum
820 3813 876 3869 in
905 3823 1156 3882 aratrum,
1199 3827 1250 3871 et
1278 3818 1558 3887 respiciens
1579 3828 1734 3881 retro,
1771 3827 1923 3888 aptus

306 3917 392 3964 est
425 3923 584 3980 regno
604 3905 1014 3978 cce/orum(Luc.
1048 3923 1121 3974 rx,
1155 3907 1285 3979 62)?
1323 3911 1544 3965 Otiosus
1593 3911 1644 3965 in
1676 3910 1806 3965 villa
1837 3925 1924 3965 se-

304 4001 428 4066 det,
465 3999 767 4056 laboriosus
795 4001 848 4054 in
877 4015 1008 4071 agro
1040 4001 1272 4057 seminat
1305 4019 1316 4054 :
1343 4002 1542 4058 debilis
1588 4002 1654 4057 ad
1686 4001 1871 4059 focum
1903 4045 1920 4070 ,

305 4091 477 4148 fortis
499 4091 568 4147 ad
592 4102 853 4148 aratrum.
887 4093 1068 4159 Bonus
1095 4097 1233 4149 odor
1258 4096 1370 4166 agri
1398 4112 1411 4159 ;
1471 4096 1608 4150 odor
1659 4098 1802 4151 enim
1832 4096 1925 4152 Ja~

305 4185 422 4242 ωδ
444 4185 581 4240 odor
607 4185 723 4256 agri
750 4187 895 4256 pleni
927 4185 1081 4257 (Gen.
1108 4203 1278 4251 xxvu,
1310 4187 1425 4258 27').
1457 4189 1600 4258 Ager
1625 4190 1817 4259 plenus
1843 4199 1928 4245 est

306 4277 538 4344 ﬂorum,
582 4277 774 4347 plenus
801 4287 884 4334 est
914 4278 1184 4334 fructuum
1217 4279 1583 4336 diverSorum.
1621 4284 1728 4335 Ara
1761 4282 1928 4354 igitur

306 4385 510 4443 agrum
564 4379 734 4437 tuum,
795 4371 840 4426 si
886 4371 968 4426 vis
993 4372 1149 4441 dirigi
1196 4372 1262 4427 ad
1299 4372 1392 4427 Dei
1423 4387 1674 4443 regnum.
1708 4371 1928 4430 Floreat

307 4463 417 4520 tibi
467 4463 731 4520 bonorum
785 4479 942 4534 seges
994 4464 1225 4520 fecunda
1278 4466 1619 4520 meritorum.
1676 4465 1760 4522 Sit
1797 4465 1927 4522 Vitis

305 4557 590 4612 abundans
617 4557 672 4611 in
697 4557 940 4612 lateribus
960 4557 1144 4612 domus
1173 4568 1304 4624 tute,
1335 4568 1382 4612 et
1411 4557 1615 4613 novella
1665 4559 1922 4614 olivarum

2027 3349 2523 3422 pseudoprophetis
2567 3349 2659 3418 qui
2709 3361 2956 3404 asserant
3004 3364 3148 3404 nunc
3195 3349 3249 3403 in
3279 3348 3515 3403 desertis
3543 3348 3634 3402 .le-

2027 3460 2148 3500 sum
2175 3445 2398 3514 degere,
2418 3455 2474 3497 nt
2503 3443 2860 3514 'vagaecrrore
2890 3443 3166 3513 opinionis
3197 3442 3460 3508 illudaut;
3490 3456 3634 3502 nunc

2025 3539 2080 3596 in
2115 3538 2509 3610 penetralibus,
2538 3546 2599 3592 ut
2625 3537 2714 3607 qui
2744 3535 3020 3591 audierint
3043 3577 3058 3602 ,
3086 3537 3362 3606 praecelsa:
3414 3536 3632 3589 nomine

2028 3633 2316 3703 potestatis
2337 3641 2635 3686 arctentur.
2661 3629 2914 3685 Christus
2941 3639 3122 3684 autem
3156 3631 3295 3683 sicut
3325 3628 3505 3697 fulgur
3534 3643 3630 3682 co-

2027 3740 2256 3781 ruscans
2302 3739 2396 3794 per
2448 3724 2766 3777 universum
2800 3721 3056 3776 mundum
3088 3720 3306 3774 luminis
3335 3721 3416 3774 sui
3445 3718 3636 3790 globos

2027 3823 2235 3894 spargit
2266 3822 2285 3894 (
2313 3819 2685 3881 Matthuxxtv,
2708 3819 2842 3888 ‘27).
2873 3817 2942 3872 Et
2975 3818 3096 3872 ideo
3144 3833 3244 3872 nec
3297 3817 3348 3871 in
3399 3816 3634 3871 desertis

1991 3962 2000 3967 .
2027 3924 2278 3984 vagatur,
2305 3928 2403 3967 nec
2423 3912 2694 3980 aliquibus
2721 3911 2854 3965 locis
2875 3909 3144 3964 clauditur
3160 3951 3175 3974 ,
3203 3909 3326 3976 quia
3359 3906 3554 3963 Caelum
3575 3919 3624 3962 et

2027 4018 2216 4061 terram
2249 4023 2341 4077 ego
2369 4005 2580 4073 impleo,
2613 4003 2683 4058 dit
2707 4003 2747 4057 it
2781 4003 3041 4056 Dominus
3071 4002 3088 4073 (
3113 4000 3310 4056 Jercm.
3332 4016 3485 4067 χχιιι,
3505 3999 3634 4073 24);

2028 4101 2124 4156 sed
2156 4100 2276 4153 luce
2309 4097 2536 4166 fulgoris
2574 4095 2657 4150 sui
2691 4093 2880 4166 fulget,
2911 4103 2969 4148 ut
2995 4095 3048 4149 in
3082 4095 3172 4149 illa
3204 4104 3363 4149 nocte
3390 4108 3635 4149 resurre-

2028 4191 2228 4246 ctionis
2249 4189 2479 4259 gloriam
2501 4187 2686 4242 videre
2713 4185 3164 4257 possimus.Quid
3197 4186 3359 4255 igitur
3388 4186 3488 4240 sibi
3516 4186 3632 4240 vult

2029 4283 2172 4353 quod
2202 4281 2278 4337 ait
2305 4302 2318 4339 :

2102 4378 2122 4450 (
2145 4377 2304 4433 Vers.
2330 4375 2448 4448 '55.)
2481 4374 2600 4430 Duo
2628 4376 2682 4429 in
2710 4376 2840 4429 lecto
2868 4390 2988 4429 uno.
3121 4415 3134 4429 .
3159 4375 3278 4429 duce
3307 4374 3550 4428 uiolente:
3578 4375 3634 4426 in

2028 4471 2268 4544 pistrino.
2301 4509 2314 4525 .
2339 4508 2354 4524 .
2380 4470 2486 4524 duo
2501 4471 2560 4524 in
2587 4485 2716 4540 agro
2749 4483 2767 4522 :
2800 4484 2932 4522 unus
2956 4478 3269 4535 assumetur,
3302 4477 3348 4521 et
3391 4467 3523 4521 alter
3549 4481 3632 4520 re-

2031 4565 2291 4636 linquetur
2317 4564 2343 4618 ?

304 4652 366 4705 in
396 4651 619 4704 circuitu
649 4666 837 4705 mensae
863 4659 964 4704 tua:
989 4650 1162 4724 (Psal.
1195 4665 1397 4717 cxxvu,
1442 4653 1522 4720 5).
1558 4652 1715 4707 Dicat
1739 4655 1921 4706 anima
1951 4646 2004 4707 D
2101 4660 2193 4714 47.
2234 4657 2505 4728 Numquid
2532 4657 2747 4728 iniquus
2770 4657 2936 4724 Deus,
2970 4666 3025 4711 ut
3056 4671 3215 4726 pares
3238 4655 3432 4712 studiis
3461 4664 3516 4711 et
3543 4670 3636 4712 so-

311 4754 410 4800 tua
439 4741 679 4808 Christo,
713 4743 1008 4799 fertilitatis
1033 4759 1145 4800 suae
1165 4746 1276 4816 jam
1300 4746 1541 4811 conscia,
1572 4755 1628 4802 et
1656 4746 1920 4802 seminata

318 4837 538 4913 1481
571 4837 668 4894 Dei
706 4838 897 4905 verbo,
919 4839 1255 4914 spiritalibus
1275 4855 1490 4911 quoque
1513 4841 1724 4896 inarata
1750 4841 1925 4897 cultu-

310 4936 394 4991 ris
430 4953 444 4989 :
491 4933 638 4996 Veni,
664 4937 826 5004 frater
845 4949 1008 5000 meus,
1032 4950 1273 4989 exeamus
1303 4935 1357 4988 in
1400 4951 1583 5005 agrum
1608 4933 1788 5003 (Cant.
1824 4949 1922 4998 vn,

314 5028 432 5097 11).
469 5026 566 5082 Ille
593 5025 919 5096 respondeat
949 5044 962 5081 :
989 5025 1205 5081 Introivi
1234 5027 1289 5080 in
1320 5027 1527 5080 hortum
1554 5042 1746 5094 meum,
1778 5043 1927 5081 soror

315 5139 435 5177 mea
466 5138 659 5192 sponsa
690 5137 709 5176 :
735 5121 1042 5176 vindemiavi
1073 5119 1335 5192 myrrham
1362 5137 1527 5174 meam
1552 5117 1728 5191 (Cant.
1761 5135 1818 5185 ν,
1842 5120 1922 5189 1).

316 5215 454 5284 Quae
477 5216 622 5271 enim
654 5215 848 5271 melior
873 5229 1031 5285 quam
1055 5213 1179 5270 ﬁdei
1213 5213 1507 5275 vindemia,
1531 5227 1637 5284 qua
1675 5227 1928 5269 resurre-

316 5308 524 5364 ctionis
554 5308 762 5364 fructus
783 5308 1114 5376 reconditur,
1138 5323 1246 5380 qua
1276 5315 1550 5380 perpetua:
1576 5307 1779 5362 laetitia:
1811 5305 1932 5364 fons

317 5402 567 5475 rigatur?

319 5618 338 5664 ξ’
399 5626 429 5653 ιι
465 5615 585 5670 Non
616 5614 689 5670 ita
719 5613 808 5670 hic
835 5612 970 5669 ﬁdes
999 5612 1367 5684 intelligenda,
1401 5623 1460 5667 ut
1506 5615 1807 5670 necessitas
1829 5611 1930 5667 bo-

321 5702 521 5744 norum
547 5700 772 5756 operum
803 5685 1146 5752 excludatur,
1179 5685 1323 5755 quod
1361 5700 1492 5741 sane
1542 5686 1612 5742 ab
1653 5684 1928 5740 Ambrosii

323 5761 574 5828 'doctrina
599 5773 758 5828 quam
786 5756 1180 5812 alienissimum
1211 5771 1335 5812 esse
1389 5757 1557 5828 probe
1585 5767 1805 5819 norunt,
1835 5757 1927 5827 qui

325 5823 380 5885 in
425 5831 543 5899 eius
567 5823 798 5885 lectione
823 5844 928 5883 non
956 5840 1081 5884 sunt
1133 5829 1358 5884 omnino
1391 5823 1692 5901 peregrini:
1724 5828 1819 5884 sed
1855 5823 1929 5883 ea

2031 4751 2230 4806 cietate
2256 4749 2496 4816 vivendi,
2536 4758 2699 4821 atque
2728 4746 3053 4804 indiscretos
3079 4758 3297 4804 actuum
3330 4748 3590 4820 qualitate
3620 4790 3635 4814 ,

2036 4843 2355 4898 meritorum
2398 4843 2843 4898 remuneratione
2882 4842 3336 4898 discernatiNon
3375 4843 3447 4898 ita
3501 4850 3586 4898 est
3619 4885 3634 4909 ,

2037 4936 2133 4992 sed
2162 4951 2260 5006 pro
2286 4935 2495 4990 actibus
2526 4935 2764 4991 hominis
2787 4934 3244 4990 remunerationis
3272 4944 3354 4990 est
3381 4933 3636 5006 qualitas.

2037 5030 2156 5087 Non
2181 5045 2311 5100 ergo
2332 5028 2524 5085 merita
2571 5028 2851 5084 hominum
2904 5029 3116 5099 copulze
3167 5042 3299 5083 usus
3341 5037 3636 5099 exmquat:

2037 5136 2163 5178 nam
2187 5130 2242 5176 et
2275 5120 2439 5176 Pater
2465 5121 2519 5174 in
2549 5119 2742 5187 ﬁlium,
2774 5129 2830 5174 et
2861 5119 3006 5174 ﬁlius
3037 5121 3089 5174 in
3113 5129 3326 5190 patrem
3353 5120 3535 5177 studio
3554 5136 3644 5176 re-

2040 5213 2261 5286 ligionis
2283 5215 2597 5286 insurgunt;
2626 5213 2748 5284 quia
2780 5227 2890 5268 non
2913 5227 3105 5266 omnes
3130 5213 3274 5283 quod
3295 5213 3640 5277 adoriuntur,

2041 5307 2285 5364 efﬁciunt
2317 5325 2330 5360 :
2358 5307 2465 5364 Sed
2489 5308 2576 5378 qui
2615 5307 3009 5376 perseveraverit
3032 5306 3086 5360 in
3116 5307 3272 5378 ﬁnem
3303 5348 3318 5372 ,
3346 5307 3428 5360 hic
3468 5307 3643 5361 salvus

2041 5398 2387 5472 erit(Matth.
2410 5415 2470 5476 ῃ,
2501 5397 2574 5453 22
2597 5399 2637 5469 ).
2660 5397 2799 5454 Tum
2825 5397 3025 5454 deinde
3070 5412 3180 5454 non
3230 5397 3446 5453 forense
3483 5397 3644 5453 obse-
3676 5462 3680 5466 ,

2037 5613 2152 5691 sola
2182 5611 2308 5667 ideo
2335 5613 2694 5691 _nominatur,
2751 5615 2901 5691 quiaA
2921 5613 3115 5691 salutis
3139 5627 3204 5669 ac
3227 5613 3488 5666 virtutum
3517 5621 3640 5691 orn-

2037 5686 2184 5741 nium
2213 5692 2300 5740 est
2332 5678 2844 5754 fundamentn'mfut
2869 5685 3028 5742 docet
3071 5685 3302 5741 Sanctus
3334 5695 3518 5754 noster
3541 5678 3640 5735 lib.

2038 5772 2074 5810 ιι
2096 5755 2322 5836 depaiu
2353 5752 2820 5836 et__Abe|,‘cap.9,
2846 5774 2994 5813 num.
3027 5757 3306 5836 28.natque
3344 5752 3543 5836 alibiq.

2114 5827 2138 5864 ⁸)
2173 5828 2328 5884 ιιοιη.
2361 5827 2494 5896 edit,
2521 5832 2611 5896 qui
2639 5825 2699 5884 δέ
2721 5830 2791 5885 ad
2816 5840 2984 5887 vetera
3011 5828 3184 5883 studia
3204 5825 3307 5882 non
3326 5825 3546 5888 reﬂexit.
