4040 6506
596 374 736 438 i779

1952 372 2205 439 SANCTI
2241 368 2573 438 AMBROSII

3775 382 3889 439 ιτευ

595 498 807 574 quium,
839 500 935 559 sed
959 487 1271 560 interiorem
1306 492 1564 557 Dominus
1611 498 1841 555 rimatur
1892 487 2147 555 ailbciilm
2181 514 2196 566 ;
2225 502 2277 561 Α
2304 490 2421 552 licis
2448 490 2961 568 comprehendimus
3001 496 3154 552 illum
3181 492 3537 553 extollentem
3591 506 3653 552 se
3708 496 3889 555 tumido

595 604 778 668 neque
816 595 962 653 enim
991 597 1037 653 si
1070 594 1216 669 juste
1245 586 1475 664 oﬂ‘eras,
1514 603 1572 650 et
1598 608 1706 650 non
1757 594 1901 664 iuete
1942 588 2153 648 dividas
2178 634 2195 661 ,

595 698 878 759 acceptum
901 696 977 743 est
1008 684 1331 744 saeriilcium
1374 687 1483 742 Deo
1512 686 1531 760 (
1555 682 1685 742 Gen.
1735 699 1787 740 tv
1820 727 1835 752 ,
1862 680 1951 757 7).
1985 678 2198 758 1482

594 770 742 850 Ergo
754 792 816 834 ex
832 790 939 836 uno
953 788 1124 835 strato
1134 781 1237 850 (est
1254 780 1397 835 enim
1413 782 1642 834 stratum
1658 775 1995 833 inﬁrmitatis
2010 782 2201 831 numa-

594 882 701 936 uze,
732 869 857 942 quia
887 873 1149 942 scriptum
1169 878 1255 926 est
1286 868 1461 943 (Psol.
1480 884 1570 937 ιι,
1596 868 1654 941 4)
1680 887 1692 923 :
1727 866 2036 925 Universum
2062 874 2201 923 stro-

592 966 699 1021 tum
719 968 835 1037 ejus
858 967 1073 1023 uersasti
1095 966 1152 1022 in
1178 966 1480 1035 inﬁmitate
1506 964 1658 1040 ejus)
1681 962 1823 1021 unus
1848 964 2196 1036 relinquitur,

593 1062 736 1122 alter
762 1067 1089 1122 assumitur:
1122 1054 1213 1138 qui
1242 1064 1537 1122 assumitur
1555 1065 1767 1136 rapitur
1791 1062 2008 1121 obviam
2034 1061 2198 1120 Chri-

592 1168 682 1217 sto
703 1162 756 1216 in
786 1174 913 1217 aera
943 1177 958 1229 ;
986 1162 1078 1233 qui
1111 1164 1293 1217 autem
1323 1159 1667 1231 relinquitur,
1694 1157 2052 1231 improbatur.

665 1254 759 1318 48.
799 1252 933 1316 Dure
960 1261 1209 1317 moientes
1241 1260 1295 1315 in
1320 1256 1566 1329 pistrino.
1598 1254 1804 1316 Sensus
1846 1256 2067 1329 quidem
2116 1266 2201 1314 est
2262 1262 2267 1269 ’

591 1342 738 1424 quod
757 1349 811 1407 bi
837 1350 1131 1424 significari
1161 1351 1463 1417 videantur,
1493 1348 1584 1423 qui
1606 1367 1671 1405 ex
1688 1350 1919 1407 occultis
1943 1349 2203 1406 alimenta

590 1436 864 1517 quierant,
891 1450 947 1501 et
991 1444 1046 1500 in
1079 1452 1329 1517 apertum
1384 1456 1451 1501 ex
1497 1438 1848 1500 interioribus
1898 1441 2199 1516 proferant.

592 1530 704 1593 Sed
735 1544 917 1594 tamen
972 1532 1102 1610 quid
1121 1536 1327 1593 moiant
1359 1536 1476 1593 ista:
1517 1536 1638 1593 dua:
1686 1534 1942 1594 mulieres
1968 1580 1983 1605 ,
2016 1532 2203 1609 requi-

589 1628 822 1685 rendum
844 1636 947 1685 est.
973 1627 1087 1685 Nisi
1113 1629 1256 1687 ferte
1284 1630 1429 1702 quod
1460 1622 1689 1702 legimus
1721 1629 1773 1685 in
1806 1628 1963 1686 Esaia
1990 1647 2004 1685 :
2038 1629 2096 1687 Si
2121 1627 2204 1686 ai-

593 1720 788 1779 l'eratis
809 1721 1195 1794 similaginem,
1223 1730 1421 1778 vanum
1453 1730 1573 1790 est;
1607 1732 1663 1778 ut
1691 1722 1943 1794 similago
1972 1724 2202 1795 sit,qute

592 1828 624 1867 a
649 1813 979 1869 molentibus
1005 1814 1266 1870 offeratur
1288 1813 1462 1885 (Esai.
1485 1815 1644 1888 t,i5).
1678 1812 2044 1872 Discdtiamus
2071 1832 2204 1889 ergo

2302 579 2485 645 animo
2512 588 2855 646 seductorem
2895 597 3077 645 mente
3105 588 3283 644 carnis
3326 587 3505 645 inﬂari
3538 582 3560 663 (
3591 580 3796 657 Coloss.
3816 598 3851 644 tt
3873 631 3887 657 ,

2303 676 2441 752 i8);
2474 681 2543 736 ita
2570 678 2734 738 etiam
2764 691 3009 737 sanctum
3032 680 3207 736 virum
3239 680 3492 738 renovari
3532 679 3731 751 spiritu
3761 688 3892 736 meu-

2301 773 2370 829 tis
2421 768 3016 842 ostendimus,dicente
3070 774 3262 831 eodem
3295 792 3308 829 :
3344 770 3693 829 Retraramini
3741 787 3889 829 autem

2299 868 2491 939 spiritu
2536 871 2719 925 mentis
2773 870 2992 941 υθειναε(
3018 868 3214 943 Ephes.
3261 884 3313 925 tv
3343 911 3357 935 ,
3384 866 3458 925 23
3489 872 3529 939 ).
3579 866 3730 924 Duas
3781 880 3891 939 Ergo

2302 971 2514 1019 mentes
2545 975 2666 1018 esse
2686 960 3027 1019 demonstrat
3057 977 3072 1029 ;
3107 974 3267 1017 unam
3302 1005 3318 1030 ,
3346 974 3470 1034 qua:
3522 972 3685 1017 ruens
3729 960 3891 1020 curuis

2301 1054 2558 1123 efficitur,
2582 1055 2766 1110 vincta
2792 1067 3056 1126 peccato;
3087 1055 3337 1120 alteram,
3364 1068 3488 1127 quae
3504 1054 3729 1127 spiritui
3750 1068 3889 1128 copu-

2303 1145 2433 1215 lata,
2464 1147 2645 1204 carnis
2673 1147 2887 1218 abjurat
2914 1143 3219 1205 illecebras.

2375 1242 2466 1301 50.
2491 1243 2602 1299 Nec
2632 1244 2806 1300 solum
2832 1242 2955 1299 dum
2975 1252 3209 1312 mentes,
3232 1236 3328 1299 sed
3346 1242 3511 1298 etiam
3533 1234 3660 1298 dua-
3686 1240 3829 1314 leges
3850 1244 3895 1301 in

2305 1335 2461 1393 nobis
2484 1346 2629 1406 sunt,
2647 1352 2875 1408 quarum
2893 1345 3183 1409 utramque
3204 1332 3362 1392 nobis
3377 1332 3682 1408 Apostolus
3699 1324 3892 1410 ιω

2304 1430 2615 1503 espiicavit,
2647 1430 2875 1488 dicens:
2907 1429 3250 1487 Condeteetor
3284 1428 3424 1487 enim
3444 1426 3549 1503 tegi
3576 1426 3683 1487 Dei
3732 1444 3894 1488 senu-

2304 1522 2429 1579 dum
2449 1525 2745 1580 interiorem
2763 1520 3023 1580 hominem
3044 1540 3063 1579 :
3086 1520 3233 1580 video
3261 1522 3431 1580 autem
3451 1520 3617 1580 etiam
3646 1522 3811 1597 legent
3850 1528 3893 1582 is

2304 1618 2545 1676 membris
2576 1621 2700 1676 meis
2725 1629 3097 1694 repugnantem
3128 1614 3231 1692 tegi
3260 1614 3449 1676 mentis
3473 1629 3602 1675 mete
3631 1661 3648 1686 ,
3681 1626 3731 1675 et
3753 1620 3891 1693 capti—

2305 1724 2507 1769 vantem
2537 1729 2617 1769 me
2636 1715 2689 1769 in
2712 1714 2820 1787 iege
2838 1712 3039 1786 peccati
3070 1722 3224 1783 ,quu:
3268 1718 3341 1769 est
3388 1712 3441 1769 in
3492 1714 3742 1770 membris
3787 1716 3892 1770 utris

2307 1800 2486 1878 (fiam.
2515 1820 2612 1877 νει,
2639 1798 2714 1860 22
2740 1816 2785 1861 et
2814 1802 2938 1878 23).
2964 1805 3064 1861 Est
3084 1816 3214 1876 ergo
3236 1805 3319 1861 lex
3344 1800 3625 1861 interioris
3652 1804 3886 1874 hominis,

596 1920 719 1976 qua:
749 1896 974 1973 uiolant,
1007 1900 1208 1979 Quidve
1238 1907 1445 1962 molant
1476 1949 1490 1973 ,
1519 1906 1717 1978 quidve
1770 1908 2058 1980 pistrinum
2108 1914 2199 1971 sit.

2306 1904 2391 1954 est
2420 1900 2583 1956 etiam
2616 1900 2903 1956 exterioris
2933 1898 3069 1979 ;‘iila
3096 1914 3221 1972 qua:
3266 1908 3556 1970 peccatum
3607 1900 3851 1971 prohibet
3874 1944 3888 1970 ,

594 1991 665 2053 Et
690 1986 921 2055 fortasse
952 1997 1190 2054 mundus
1214 1997 1321 2054 iSIe
1361 1998 1649 2069 pistrinum
1682 2005 1786 2068 est,
1816 2006 1842 2038 ι
1876 2001 1928 2056 in
1955 2016 2064 2073 quo
2103 2019 2201 2075 ap-

594 2089 702 2146 tius
730 2100 851 2147 re0r
874 2092 1000 2162 quia
1048 2090 1271 2146 immani
1294 2094 1541 2162 corporis
1591 2088 1765 2146 forma
1803 2090 2107 2161 referatur,
2140 2092 2199 2151 in

594 2198 703 2254 quo
731 2182 914 2239 anima
942 2191 1130 2238 nostra
1170 2184 1319 2239 velut
1363 2185 1599 2254 quodam
1643 2197 1863 2240 carcere
1908 2182 2201 2244 includitur

597 2272 890 2347 corporali,
918 2266 1180 2347 panem,lt
1220 2275 1266 2331 si
1297 2274 1425 2331 boni
1457 2277 1750 2345 consulat,
1780 2289 2065 2349 operatura
2089 2292 2202 2338 ete-

598 2369 814 2427 lestem.
838 2368 898 2425 in
931 2372 1033 2427 hoc
1056 2380 1188 2441 ergo
1227 2367 1458 2442 pistrino
1481 2370 1570 2428 vel
1602 2372 1882 2446 Synaguga
1919 2416 1934 2441 ,
1966 2376 2050 2430 vel
2083 2372 2202 2434 ani-

598 2479 688 2523 ma
715 2462 947 2522 obnoxia
976 2465 1217 2534 delictis,
1242 2460 1484 2523 triticum
1516 2464 1772 2524 molendo
1803 2466 2196 2541 madefactum,

599 2568 655 2618 et
680 2561 834 2632 gravi
865 2554 1094 2618 bumore
1119 2569 1461 2632 Cttt‘ruptttm,
1494 2570 1601 2618 nun
1633 2571 1811 2633 potest
1837 2561 2098 2620 interiora
2130 2567 2201 2621 ab

596 2652 962 2710 exterioribus
983 2667 1242 2725 separare
1265 2669 1281 2720 ;
1305 2663 1360 2710 et
1381 2646 1502 2709 ideo
1549 2652 1893 2725 relinquitur,
1922 2654 2051 2726 quia
2080 2658 2199 2727 ejus

597 2746 846 2818 similago
864 2742 1165 2818 displicuit.
1204 2747 1274 2802 At
1296 2754 1425 2803 Vero
1446 2755 1633 2803 snncta
1664 2742 1930 2818 Ecclesia,
1966 2746 2053 2805 vel
2082 2745 2201 2806 ani-

596 2853 684 2894 ma
705 2840 871 2894 nullis
898 2839 1168 2895 maculata
1196 2836 1464 2911 contagiis
1513 2836 1838 2896 delictorum
1871 2881 1886 2907 ,
1920 2850 2043 2913 qua:
2091 2840 2199 2900 tale

478 2986 497 2998 _
597 2926 836 2987 triticum
860 2930 1023 2987 molet
1046 2924 1191 3003 quod
1221 2930 1353 2987 solis
1382 2928 1570 2988 aeterni
1601 2930 1784 2988 calore
1808 2926 1879 2989 'sit
1906 2933 2195 3005 torridnm,

596 3026 742 3095 quod
776 3026 917 3082 Deus
965 3020 1423 3098 quemadmodum
1476 3020 1687 3093 voluit,
1723 3025 1803 3083 sic
1847 3026 2109 3095 vestivit,
2143 3037 2201 3086 et

528 3168 535 3175 .
596 3118 773 3191 angeli
797 3120 865 3175 ab
887 3118 1032 3175 omni
1056 3125 1535 3192 purgamentorum
1556 3121 1676 3177 labe
1700 3116 2031 3179 mundarunt
2055 3166 2069 3190 ,
2103 3124 2199 3180 bo-

597 3229 726 3268 nam
750 3206 1107 3284 sitnilaginem
1139 3202 1209 3271 de
1235 3212 1601 3286 penetralibus
1647 3212 1926 3272 hominum
1974 3212 2087 3275 Deo
2117 3218 2200 3275 of-

536 3300 545 3304 ’
601 3300 803 3371 ferens,
836 3302 1091 3363 sacrificii
1118 3309 1203 3363 sui
1228 3304 1520 3365 libamenta
1541 3310 1908 3366 commendat.

673 3398 765 3455 49.
787 3388 899 3455 Nec
925 3394 1102 3455 solum
1140 3401 1412 3457 moientes
1453 3394 1575 3458 duae
1599 3444 1613 3471 ,
1647 3394 1741 3459 sed
1770 3405 1933 3460 etiam
1962 3410 2198 3477 operan-

604 3501 688 3548 tes
738 3493 847 3549 duo
892 3505 1052 3549 erunt
1110 3494 1162 3549 in
1213 3508 1345 3567 agro
1394 3510 1539 3563 uno,
1571 3506 1602 3552 e
1654 3494 1848 3568 quibus
1890 3502 2202 3556 assumatur

603 3599 763 3640 unus.
794 3584 977 3642 Bonus
1006 3587 1323 3657 seminator,
1349 3578 1438 3656 qui
1470 3600 1577 3643 non
1618 3602 1781 3661 supra
1810 3588 1925 3647 vias
1972 3594 2203 3649 semina-

603 3680 764 3747 verit,
793 3680 888 3736 sed
916 3696 1077 3749 supra
1109 3689 1315 3736 aratum
1336 3692 1390 3738 et
1414 3681 1619 3739 cultum
1649 3683 1856 3752 solum;
1882 3686 1939 3741 ut
1965 3681 2197 3743 fructum

605 3766 910 3829 humilitate
932 3789 1202 3844 pressum,
1233 3790 1339 3831 non
1361 3775 1660 3847 jactatione
1710 3766 2017 3849 diSpersum
2057 3790 2201 3837 terra

606 3864 951 3961 multiplicet.
995 3856 1339 3940 Relinquitur
1389 3869 1574 3928 autem
1621 3872 1924 3929 seminator
1962 3872 2201 3930 zizanio-

603 3978 747 4030 rum,
771 3977 838 4017 ex
862 3956 1063 4033 quibus
1099 3956 1400 4019 refutabilis
1449 3964 1697 4037 similago
1746 3966 2054 4022 coniicitur.
2097 3964 2202 4035 Qui

599 4054 714 4111 sint
735 4065 912 4110 autem
942 4052 1032 4110 isti
1058 4054 1309 4127 agricolis
1331 4054 1646 4115 dill'erentes
1686 4072 1974 4131 possumus
1994 4060 2204 4131 reperi-

603 4162 686 4214 re,
714 4147 759 4202 si
787 4144 1139 4203 advertamus
1168 4164 1273 4220 qua
1310 4149 1519 4206 ratione
1549 4146 1687 4207 duos
1735 4152 1853 4214 νοῦς
1877 4194 1893 4220 ,
1924 4148 2042 4209 11οό
2075 4161 2160 4210 est
2181 4193 2198 4221 ,

599 4243 736 4299 duas
759 4252 967 4300 mentes
994 4258 1123 4301 esse
1152 4244 1205 4299 in
1227 4245 1384 4302 nobis
1398 4242 1691 4317 Apostolus
1711 4240 1941 4317 dixerit;
1968 4246 2203 4308 fortasse

597 4337 744 4394 enim
777 4337 925 4406 ideo,
957 4337 1080 4409 quia
1114 4337 1284 4393 altera
1329 4339 1618 4396 exterioris
1666 4349 1753 4397 est
1794 4341 2054 4411 hominis,
2106 4344 2201 4416 Qui

498 4486 508 4496 ,
600 4431 987 4501 corrumpitur,
1020 4423 1195 4486 altera
1223 4418 1498 4486 interioris
1526 4473 1541 4499 ,
1568 4426 1659 4504 qui
1709 4444 1807 4503 per
1856 4432 2201 4494 sacramenta

603 4530 920 4578 renovatur.
951 4512 1019 4577 Et
1047 4536 1115 4577 eo
1139 4514 1231 4577 ille
1256 4510 1488 4578 i‘ortasse
1511 4516 1773 4591 deterior,
1801 4524 1892 4597 qui
1918 4520 2202 4586 extollitur

602 4610 806 4669 frustra
832 4612 1055 4669 inﬂatus
1085 4622 1268 4670 mente
1294 4614 1477 4670 carnis
1501 4630 1634 4684 sum,
1656 4626 1709 4671 et
1738 4633 1845 4671 non
1890 4626 2082 4674 tenens
2108 4635 2200 4675 ea-

2305 1991 2407 2048 ista
2437 2008 2556 2064 quae
2579 1991 2767 2049 suadet
2794 2010 2809 2061 ;
2840 1994 2929 2048 illa
2957 2008 3075 2065 quae
3098 1993 3321 2049 damnat
3339 2002 3615 2058 errorem,
3664 1990 3768 2050 ista
3792 2008 3888 2065 qua

2303 2084 2546 2155 suggerit
2572 2099 2589 2151 ;
2622 2082 2713 2141 illa
2737 2096 2858 2157 qua:
2878 2094 3116 2143 mentem
3146 2082 3387 2156 instruit,
3414 2082 3514 2142 ista
3536 2092 3666 2159 qua:
3722 2092 3888 2145 tentet.

2305 2161 2441 2236 Sunt
2472 2176 2637 2235 etiam
2656 2178 2778 2235 dure
2809 2180 2931 2236 aliae
2959 2178 3397 2237 vehementiores
3433 2181 3488 2237 in
3520 2178 3688 2238 nobis
3719 2176 3887 2253 legs,

2304 2282 2408 2329 una
2441 2270 2559 2341 Del,
2585 2275 2755 2330 altera
2782 2270 3015 2345 peccati,
3038 2272 3337 2331 secundum
3386 2277 3651 2332 eumdem
3681 2272 3887 2348 Aposto-

2306 2362 2414 2423 lum
2435 2362 2707 2423 dicentem
2744 2382 2757 2422 :
2786 2360 2959 2440 Igitur
2984 2383 3079 2442 ego
3098 2368 3209 2441 ipse
3244 2372 3413 2423 mente
3439 2370 3612 2423 seruio
3642 2364 3750 2441 tegi
3776 2366 3884 2439 Dei,

2303 2481 2459 2519 carne
2484 2473 2653 2519 autem
2681 2463 2784 2536 tegi
2815 2465 3014 2535 peccati
3045 2463 3065 2536 (
3098 2461 3263 2532 Ibid.,
3290 2463 3363 2518 25
3391 2464 3429 2536 ).
3482 2464 3551 2520 Et
3601 2458 3885 2521 ostenditur

2303 2557 2447 2631 quod
2469 2556 2515 2614 si
2541 2567 2777 2615 mentem
2811 2556 3184 2615 tantummodo
3211 2559 3382 2627 dicas,
3415 2561 3757 2616 contrariam
3785 2574 3878 2617 car-

2304 2655 2387 2710 nis
2412 2653 2671 2709 ostendas
2700 2669 2714 2720 ;
2743 2667 2865 2710 cum
2895 2653 3040 2708 enim
3084 2652 3230 2708 dicat
3280 2646 3483 2710 Paulus
3536 2662 3602 2711 se
3648 2654 3756 2727 tegi
3811 2655 3882 2711 Dei

2303 2756 2487 2805 mente
2520 2747 2726 2804 servire
2755 2789 2769 2814 ,
2811 2744 2999 2817 utique
3050 2754 3287 2802 mentem
3335 2758 3433 2817 per
3465 2754 3526 2803 se
3576 2738 3779 2818 ipsam,
3804 2747 3882 2802 nisi

2303 2844 2467 2894 carne
2488 2837 2755 2905 vincatur,
2790 2838 2989 2894 bonam
3034 2850 3158 2895 esse
3203 2836 3541 2894 demonstrat
3571 2882 3588 2905 ,
3612 2853 3670 2896 et
3720 2850 3882 2895 natura

2303 2928 2374 2985 ita
2402 2938 2665 2997 creatam,
2692 2938 2752 2985 ut
2781 2930 2999 2986 resistat
3027 2931 3223 2986 errori.
3258 2924 3441 3003 itaque
3466 2935 3599 2987 cum
3651 2926 3879 2999 vincitur.

2302 3036 2460 3080 mens
2480 3024 2661 3081 carnis
2681 3032 2785 3090 est,
2807 3032 2914 3080 non
2942 3034 3008 3081 ex
3043 3022 3237 3081 natura
3252 3022 3486 3089 habens,
3507 3018 3606 3082 sed
3631 3038 3700 3081 ex
3721 3038 3879 3091 carne,

2300 3116 2446 3188 quod
2477 3117 2709 3185 labitur;
2767 3127 2823 3174 et
2864 3119 3019 3189 quasi
3068 3116 3121 3173 in
3164 3124 3362 3174 nomen
3409 3116 3882 3190 proprietatemque

2300 3210 2539 3268 Victricis
2567 3212 2704 3268 victa
2734 3206 3017 3279 succedit;
3052 3216 3240 3266 natura
3273 3218 3454 3268 autem
3469 3212 3708 3268 adversa
3731 3208 3881 3267 carnis
3978 3204 3979 3227 ‘

2223 3306 2270 3371 C
2302 3315 2406 3362 est.
2436 3305 2677 3378 Denique
2720 3314 2904 3362 mente
2942 3302 3056 3361 Deo
3096 3300 3362 3363 servimus
3392 3348 3407 3373 ,
3434 3311 3607 3362 carne
3661 3316 3880 3378 peccato.
3978 3304 3979 3381 ξ

2304 3390 2494 3455 Melior
2520 3406 2698 3453 autem
2718 3412 2872 3454 mens
2892 3397 3019 3462 erit,
3044 3394 3090 3454 si
3120 3396 3439 3469 cooperaria
3462 3398 3660 3457 sancto
3680 3388 3880 3471 Spiritui

2303 3493 2615 3564 religiosum
2644 3508 2753 3547 non
2782 3492 3106 3549 intermittat
3130 3489 3391 3548 oflicium.

2375 3574 2466 3642 5i.
2496 3580 2618 3642 Istae
2647 3594 2775 3642 sunt
2794 3584 2955 3658 igitur
2974 3594 3266 3657 operantes‘
3289 3590 3342 3642 in
3363 3594 3494 3658 agro
3524 3594 3739 3658 nostro,
3768 3596 3880 3659 aua-

2305 3686 2423 3735 rum
2476 3678 2645 3735 altera
2702 3678 2904 3736 bonum
2951 3677 3182 3735 fructum
3238 3668 3519 3751 diligentia
3559 3672 3657 3737 dat
3689 3726 3707 3750 ,
3735 3678 3879 3739 altera

2303 3768 2501 3829 amittit
2530 3773 2762 3841 incuria,
2785 3780 2945 3844 quam
2972 3773 3289 3845 sanguinem
3322 3763 3878 3848 Legislatorappellat.

2303 3866 2492 3923 dicens
2519 3886 2533 3922 :
2567 3860 2755 3922 Anima
2778 3868 2948 3922 ontnis
2970 3862 3168 3928 carnis.
3200 3869 3416 3940 sanguis
3438 3860 3770 3940 ejusiLerit.
3792 3874 3881 3925 svtt

2307 3950 2570 4033 ΝΜ)υο
2589 3959 2833 4032 plerique
2847 3952 3088 4016 referunt
3118 3961 3278 4016 etiam
3310 3954 3439 4016 illud
3468 3962 3614 4033 quod
3642 3967 3880 4034 scriptum

2304 4060 2389 4111 est
2422 4072 2436 4110 :
2488 4046 2613 4110 Non
2641 4054 2975 4109 manducabis
3014 4066 3221 4109 carnem
3262 4056 3315 4109 tn
3345 4050 3599 4129 sanguine
3624 4057 3644 4130 (
3663 4054 3790 4113 Gen.
3820 4064 3879 4125 tv,

2303 4148 2336 4205 9
2362 4148 2381 4221 )
2413 4166 2429 4216 ;
2464 4165 2532 4205 ne
2560 4147 2875 4205 vulneribus
2903 4148 3100 4204 animae
3130 4156 3442 4206 cruentatas
3465 4153 3719 4223 corporis
3749 4146 3882 4208 volti-

2304 4250 2499 4314 ptates,
2533 4238 2850 4298 reiectionis
2875 4242 3055 4312 potius
3076 4241 3219 4310 loco,
3251 4256 3411 4314 quam
3442 4253 3599 4301 reatu
3623 4238 3882 4317 sanguinis

2302 4334 2659 4402 mstimemus,
2687 4349 2825 4406 quos
2863 4340 3079 4405 oportet
3115 4332 3207 4391 Dei
3245 4334 3412 4392 verbo
3429 4335 3601 4393 reiici.
3641 4348 3664 4377 ε
3691 4334 3787 4393 Est
3806 4346 3882 4393 er-

2299 4443 2369 4499 go
2395 4427 2549 4484 cibus
2571 4425 2909 4494 refectionis,
2939 4432 3022 4484 est
3050 4427 3206 4483 cibus
3244 4427 3554 4500 sanguinis;
3588 4429 3731 4486 sicut
3757 4430 3885 4486 enim

2301 4537 2430 4579 caro
2462 4520 2676 4577 Domini
2700 4536 2829 4579 vere
2858 4506 2944 4577 e'st
2962 4520 3115 4577 cibus
3135 4562 3152 4590 ,
3186 4520 3258 4576 ita
3286 4522 3508 4593 sanguis
3536 4536 3668 4579 vere
3715 4531 3886 4579 noster

2301 4625 2386 4673 est
2408 4624 2569 4687 potus
2592 4612 2708 4688 (De
2729 4613 2939 4671 Consec.
2966 4614 3089 4668 dist.
3118 4612 3178 4680 2,
3209 4630 3326 4687 cap.
3371 4612 3439 4670 In
3488 4616 3676 4685 quibus
3699 4659 3712 4683 ,
3746 4608 3776 4689 δ
3805 4612 3886 4669 Est

601 4718 726 4778 put;
755 4707 877 4778 quia
907 4724 936 4762 a
967 4696 1185 4764 Domini
1234 4704 1409 4765 nostri
1449 4707 1579 4766 Jesu
1628 4704 1832 4766 Christi
1880 4711 2197 4770 salutarium
2225 4737 2282 4799 Β
2306 4706 2446 4763 cibus
2467 4706 2511 4779 ).
2540 4705 2745 4763 Bonam
2776 4722 2908 4778 ergo
2935 4705 3006 4761 de
3048 4706 3250 4762 nostris
3278 4705 3534 4777 operibUS
3565 4718 3749 4763 escam
3796 4705 3887 4762 Do-

601 4804 1001 4870 pratceptorum
1029 4802 1411 4858 observatione
1449 4802 1687 4859 declinat
1719 4822 1734 4872 ;
1766 4800 1880 4877 ipse
1908 4804 2054 4862 enim
2102 4823 2197 4865 ca-

600 4903 700 4966 put
721 4882 987 4962 omnium,
1021 4896 1109 4967 qui
1139 4906 1329 4952 auctor
1357 4905 1442 4952 est
1490 4900 1752 4954 omnium.
1784 4892 1939 4957 Alter
1977 4914 2060 4957 est
2104 4901 2197 4960 ille

601 4986 1003 5059 intestabilior,
1055 4978 1143 5058 qui
1198 4987 1555 5044 humilitatem
1605 4986 1827 5062 diligit,
1870 4993 2195 5065 sapientiam

600 5079 830 5151 quaerit,
860 5076 1291 5137 misericordiam
1344 5096 1453 5136 non
1499 5078 1938 5148 omittit;bonus
1984 5080 2196 5143 scilicet

599 5173 941 5239 seminator;
971 5164 1228 5243 Dispersit
1254 5172 1423 5238 enim,
1461 5170 1605 5228 dedit
1634 5168 1964 5248 pauperibus,
1982 5178 2197 5248 justitia

595 5268 710 5335 ejus
739 5275 911 5321 manet
938 5266 993 5322 in
1043 5274 1291 5322 wternum
1326 5258 1518 5339 (Paul.
1548 5280 1636 5323 (ιιι
1665 5308 1682 5336 ,
1717 5256 1824 5340 9
1886 5260 1983 5324 llic
2032 5264 2196 5342 igitur

539 5423 553 5430 ν
588 5359 851 5430 spiritalis
877 5369 981 5424 est,
1013 5350 1105 5416 ille
1136 5358 1389 5419 carnalis.
1421 5349 1556 5418 Nam
1596 5354 1735 5418 sicut
1764 5354 1947 5420 verbis
1963 5360 2200 5438 Aposto-

668 5573 695 5602 κ
727 5563 1026 5634 lta_omnes
1056 5575 1187 5634 mss.
1221 5571 1275 5616 et
1298 5561 1431 5618 edit.
1465 5562 1568 5617 nisi
1600 5560 1754 5634 quod
1778 5560 1994 5617 illorum
2024 5561 2195 5634 aliqui

640 5650 699 5690 ro
747 5631 1028 5704 referatuif,
1078 5631 1313 5697 liabent,
1344 5631 1678 5704 reformatur.
1710 5631 1861 5688 Unus
1906 5631 2191 5691 reseratur.

640 5651 699 5690 το
747 5651 1028 5703 νειπαιιιν,
1079 5651 1313 5697 nauem,
1345 5651 1678 5704 reformatur.
1711 5651 1861 5688 unus
1906 5651 2191 5691 reseratur.

544 5724 547 5725 '
601 5651 744 5776 gilii.
769 5714 950 5759 autem
972 5700 1132 5776 Rom.
1157 5704 1317 5770 proin
1330 5710 1432 5776 quo
1452 5703 1625 5776 opttus
1651 5712 1769 5758 reor
1784 5704 1909 5775 quia
1928 5705 2034 5776 (vel
2055 5705 2196 5775 quod

602 5774 841 5846 utrilit.)
874 5775 1136 5844 repuSnit,
1166 5777 1303 5843 quod
1343 5774 1513 5842 aptius
1550 5788 1670 5830 reor
1697 5774 1835 5846 quod
1864 5776 1918 5829 in
1941 5774 2007 5830 eo
2029 5815 2044 5840 ,
2068 5774 2190 5834 etc.

672 5844 701 5920 it
729 5840 1008 5920 Nonnulli
1030 5840 1188 5920 tussf,
1217 5848 1264 5901 st
1295 5840 1441 5902 benis
1462 5840 1729 5914 consulat,-
1758 5846 1974 5920 quidam
2002 5846 2191 5920 etiam,

600 5919 645 5975 si
677 5918 801 5976 bene
825 5916 1377 5992 cmmlahﬁeuirum
1402 5920 1539 5981 satis
1566 5917 1874 5983 commode.

2306 4801 2455 4856 mino
2477 4810 2859 4872 suggerantus;
2889 4816 2955 4855 ne
2980 4804 3169 4855 rursus
3206 4814 3329 4856 cunt
3374 4801 3589 4857 "venerit
3614 4842 3629 4867 ,
3663 4808 3717 4858 et
3763 4802 3889 4857 sicut

2302 4894 2357 4952 in
2381 4893 2466 4951 illa
2496 4895 2600 4952 ficu
2634 4910 2853 4966 pomum
2874 4906 2982 4950 tton
3016 4888 3308 4962 invenerit,
3342 4900 3652 4951 uestrorum
3680 4899 3888 4953 merito-

2304 5005 2423 5045 rum
2450 4986 3077 5059 inl'ecunditatejejunus
3118 4988 3453 5060 propesitum
3502 4991 3720 5059 pietatis
3745 5002 3888 5047 aver-

2304 5082 2401 5152 tat,
2424 5081 2607 5138 dicens
2624 5072 2691 5138 ad
2717 5068 2864 5138 illam
2895 5083 3131 5137 animam
3169 5090 3330 5153 quam
3362 5074 3563 5138 nudam
3612 5095 3887 5155 pomorum

2299 5178 2588 5251 repererit,
2619 5188 2676 5235 et
2696 5175 2962 5248 sanguine
2996 5182 3334 5233 cruentatam
3367 5194 3380 5231 :
3408 5175 3709 5248 Numquam
3752 5192 3815 5233 ea:
3848 5186 3890 5232 ts

2296 5278 2499 5349 fructus
2521 5283 2763 5329 nascatur
2788 5273 2840 5326 in
2870 5266 3236 5343 sempiternum
3261 5267 3490 5344 (Matth.
3512 5276 3627 5340 im,
3654 5266 3720 5328 l9
3740 5273 3779 5340 ).
3802 5266 3890 5328 Est

2308 5381 2438 5439 ergo
2488 5362 2672 5421 anima
2716 5365 2896 5420 carnis
2944 5364 3122 5420 omnis
3174 5366 3392 5436 sanguis
3412 5363 3554 5435 ejus.
3588 5356 3689 5420 Est
3730 5356 3888 5421 etiam

2325 5619 2328 5623 ,
2380 5571 2402 5601 ο
2440 5560 2567 5634 Haec
2593 5560 2757 5634 verba
2796 5560 3087 5634 Gratianus
3125 5561 3246 5618 loco
3271 5563 3435 5634 citato
3461 5561 3517 5617 in
3550 5563 3791 5634 margine
3830 5562 3886 5620 S.

2303 5631 2473 5689 Leoni
2498 5632 2742 5687 attribuit
2769 5651 2785 5687 :
2815 5635 2909 5687 sed
2930 5632 3175 5704 ejusdem
3198 5633 3440 5695 Gratiani
3461 5631 3800 5690 correctores
3826 5648 3887 5691 ea

2302 5714 2566 5775 nusquam
2590 5705 2691 5759 nisi
2717 5705 2857 5774 apud
2887 5704 3228 5761 Ambrosium
3252 5707 3483 5775 reperiri
3510 5708 3884 5761 observarunt.

2302 5775 2537 5831 Eosdem
2561 5790 2777 5846 quoque
2807 5790 2915 5830 non
2936 5776 3073 5846 fugit
3102 5776 3299 5831 similis
3327 5790 3487 5832 error
3534 5775 3804 5833 admissus
3830 5777 3883 5833 in

2299 5847 2501 5914 verbis,
2535 5845 2629 5923 Est
2650 5845 3045 5923 etiameorpus,
3070 5858 3203 5923 etc.,
3234 5863 3385 5905 num.
3416 5848 3511 5920 66,
3548 5865 3713 5923 quem
3736 5861 3885 5911 erro-

2301 5932 2422 5981 rem
2451 5934 2553 5980 nec
2573 5920 2635 5982 Β.
2662 5919 2952 5986 Anseiutus
2971 5919 3283 5995 declinavit,
