4040 6496
183 385 336 443 1781
697 423 702 428 -
1163 387 1530 446 EXPOSI'I'IO
1569 385 1826 445 EVANG.

1943 387 2024 445 EC.
2066 383 2222 445 LUC.
2267 386 2393 445 LIB.
2439 386 2572 444 VIII.
3367 381 3537 454 1781

179 507 599 576 praestabilior
621 513 820 577 anima,
842 511 910 567 de
935 524 1037 582 qua
1061 509 1200 565 dixit
1222 510 1396 566 Deus:
1424 508 1616 563 Omnes
1643 508 1833 562 animat
1859 511 1905 574 Α
1937 505 2170 563 maxime
2204 507 2248 567 si
2288 506 2696 562 meminerimus
2723 503 2868 576 quod
2901 521 2930 560 a
2958 501 3134 562 Pilato
3161 499 3378 576 Ioseph.
3411 521 3535 562 cor-

184 617 331 657 mear
352 616 534 660 sunt:
567 605 699 660 sicut
721 606 896 659 anima
913 605 1097 675 patris,
1130 605 1203 660 ita
1224 605 1382 660 etiam
1405 603 1580 657 animo
1604 602 1700 670 ﬁlii
1721 616 1834 656 mea
1937 617 2038 672 pus
2066 601 2335 671 acceperit
2368 602 2683 673 (Joan.xrx,
2734 600 2848 673 58).
2882 599 3076 656 Nonne
3127 600 3225 656 tibi
3283 597 3536 656 videntur

187 705 270 748 est
304 695 328 770 (
357 693 577 751 Eseeh.
602 712 752 762 xvtn,
776 696 811 751 4
833 693 875 768 ).
1937 700 2131 767 aquilae
2169 700 2309 754 circa
2355 714 2554 769 corpus
2586 683 2748 754 Maria
2776 695 3056 766 Cleophae,
3090 709 3144 754 et
3173 697 3339 764 Maria
3391 696 3537 769 Mag-

269 787 374 842 52.
409 789 534 846 Nec
569 791 697 846 illud
729 798 1094 861 praatereatul
1121 789 1258 844 duos
1301 788 1531 859 populos
1561 786 1832 855 interpreo
1937 791 2131 847 dalene
2154 833 2168 856 ,
2219 805 2274 848 et
2318 793 2481 848 Maria
2534 804 2711 849 mater
2765 795 2977 850 Domini
3006 838 3020 860 ,
3053 793 3536 865 apostolorumque

189 888 420 947 temur,
457 882 515 937 id
549 891 657 948 est,
677 882 820 953 quod
855 883 908 938 in
937 881 1039 936 hoc
1061 881 1262 936 mundo
1288 881 1378 949 qui
1404 895 1536 950 agro
1578 880 1832 948 Irequen-
1936 895 2236 939 conventus
2266 884 2410 940 circa
2460 885 2670 940 Domini
2717 887 3090 958 sepulturam?
3116 886 3305 942 Nonne
3333 886 3431 942 tibi
3459 885 3538 941 vi-

190 975 432 1032 lissime
462 988 844 1047 comparatur,
873 978 983 1033 duo
1014 977 1193 1047 populi
1243 977 1346 1031 sint
1375 1015 1392 1043 ,
1417 989 1556 1030 unus
1606 973 1835 1028 credeno
1936 977 2132 1032 dentur
2158 976 2350 1047 aquila:
2378 976 2524 1032 circa
2546 994 2773 1052 corpus,
2817 980 3031 1049 quando
3077 981 3261 1036 veniet
3290 995 3413 1034 cum
3456 979 3540 1036 in-

191 1068 375 1134 tium,
406 1069 570 1128 alter
589 1072 680 1142 qui
708 1086 813 1126 non
839 1071 1034 1137 credit,
1058 1073 1280 1126 relaturi
1307 1070 1628 1125 meritorum
1657 1070 1832 1125 vicem
1937 1073 2308 1142 tclligibilibus
2337 1073 2573 1129 nubibus
2598 1075 2766 1130 Filius
2795 1076 3041 1132 Ilominis
3071 1096 3083 1130 :
3118 1076 3186 1132 Et
3210 1054 3397 1136 videbit
3423 1095 3538 1132 eum
3557 1057 3572 1062 Ii

187 1177 486 1230 suorum;
510 1173 572 1219 et
590 1164 712 1220 ideo
729 1165 867 1220 alter
886 1165 975 1234 qui
1000 1163 1179 1218 Iidelis
1201 1172 1305 1230 est,
1323 1171 1670 1226 assumatur;
1697 1161 1835 1218 alter
1937 1173 2100 1221 omnis
2129 1166 2337 1234 oculus,
2363 1177 2412 1223 et
2435 1169 2524 1240 qui
2571 1186 2688 1223 eunt
2709 1181 3118 1239 compunxerunt
3153 1172 3339 1242 (Apoc,
3365 1188 3402 1236 ι,
3435 1172 3490 1242 7)
3514 1172 3539 1226 ?

190 1255 298 1326 qui
331 1257 615 1323 inﬁdelis,
647 1259 1000 1329 relinquatur.
1026 1257 1156 1312 Duae
1178 1266 1358 1311 autem
1389 1257 1494 1310 illae
1523 1255 1790 1310 molentes
1815 1295 1832 1321 ,
2009 1263 2099 1318 56.
2126 1262 2218 1316 Est
2241 1263 2404 1316 etiam
2435 1263 2535 1334 (De
2557 1262 2818 1328 Consecr.,
2852 1267 2974 1319 dist.
3003 1266 3058 1329 2,
3087 1283 3202 1339 cap.
3238 1265 3304 1320 In
3329 1269 3534 1338 quibus,

192 1348 336 1404 duae
369 1351 609 1416 anitum,
633 1350 719 1406 vel
744 1362 893 1406 certe
922 1349 1160 1405 Ecclesia
1187 1361 1351 1417 atque
1387 1347 1704 1432 Synagoga;
1725 1362 1831 1402 non
1937 1358 1964 1430 ς
1994 1357 2084 1412 Eu
2115 1355 2309 1427 etiam)
2342 1371 2544 1426 corpus
2574 1358 2643 1432 de
2691 1375 2798 1428 quo
2831 1360 3032 1414 dictum
3082 1368 3168 1416 est
3197 1379 3210 1415 :
3247 1361 3380 1416 Caro
3427 1375 3540 1416 mea

205 1443 372 1497 enim
418 1459 540 1499 una
575 1453 777 1499 tantum
819 1443 1019 1514 ﬁgura,
1049 1441 1144 1497 sed
1194 1440 1472 1510 multiplex
1523 1440 1577 1496 in
1626 1429 1825 1496 divinis

201 1535 544 1606 Scripturis
577 1550 700 1591 esse
743 1534 1062 1601 consuevit;
1114 1543 1172 1589 ut
1222 1549 1362 1589 unus
1416 1546 1600 1588 sermo
1650 1534 1834 1602 plures

200 1629 442 1699 species
472 1627 924 1699 comprehendat.
956 1627 1141 1697 Itaque
1171 1642 1324 1683 mens
1349 1625 1555 1693 carnis,
1571 1634 1627 1682 et
1651 1628 1832 1683 anima

201 1721 428 1788 carnis,
463 1732 526 1780 et
564 1737 832 1794 synagoga
855 1722 905 1778 id
939 1723 1176 1778 triticum
1199 1721 1483 1792 colligunt,
1507 1731 1563 1777 et
1590 1735 1708 1776 eam
1751 1721 1830 1775 si-

198 1818 547 1886 milaginem
598 1816 830 1883 molunt,
875 1830 995 1886 qua:
1025 1814 1251 1871 oﬂ‘ertnr
1293 1815 1349 1870 in
1392 1830 1589 1870 vanum
1627 1832 1640 1870 :
1676 1829 1830 1872 mens

1934 1465 2048 1503 vere
2087 1459 2161 1502 est
2193 1449 2356 1515 cibus,
2390 1457 2440 1503 et
2486 1449 2697 1519 sanguis
2743 1459 2884 1504 metu
2909 1467 3021 1504 rere
3067 1461 3139 1506 est
3170 1461 3322 1522 potus
3347 1454 3530 1523 (Joau.

1936 1557 2007 1605 vt,
2038 1540 2152 1609 56).
2184 1539 2341 1596 Circa
2383 1540 2486 1596 hoc
2513 1556 2711 1611 corpus
2739 1543 2931 1612 aquila:
2963 1553 3110 1610 sunt,
3143 1561 3264 1614 qua:
3303 1545 3402 1599 alis
3430 1545 3538 1600 cir-

1932 1633 2244 1690 cumvolant
2271 1633 2628 1703 spiritalibus.
2655 1635 2794 1688 Sunt
2839 1641 2896 1689 et
2937 1637 3079 1689 circa
3111 1650 3309 1704 corpus
3339 1637 3537 1704 aquila:

1933 1743 2055 1798 quae
2083 1727 2313 1783 credunt
2357 1727 2543 1783 Iesum
2589 1729 2642 1783 in
2689 1743 2852 1784 carne
2883 1729 3130 1794 venisse;
3179 1731 3306 1800 quia
3355 1730 3536 1784 omnis

1934 1826 2158 1891 spiritus
2209 1822 2299 1892 qtti
2359 1821 2650 1876 conﬁtetur
2697 1810 2881 1876 Jesum
2940 1819 3220 1876 Christum
3269 1822 3538 1875 in-carne

197 1918 398 1963 autem
432 1907 771 1978 quaejuncta
795 1917 879 1962 est
907 1908 1128 1972 animae,
1155 1916 1209 1962 et
1235 1907 1415 1962 anima
1447 1923 1567 1978 quae
1589 1916 1613 1944 ⁸
1636 1921 1824 1978 recep-
1858 1910 1906 1970 Β
1933 1914 2168 1981 venisse,
2201 1914 2269 1969 de
2303 1914 2413 1969 Deo
2450 1924 2536 1970 est
2558 1916 2574 1983 (
2600 1914 2616 1968 I
2647 1913 2804 1968 Joan.
2835 1928 2906 1980 iv,
2941 1913 2969 1964 7
2997 1911 3038 1985 ).
3074 1913 3176 1970 Ubi
3207 1929 3337 1984 ergo
3362 1911 3497 1968 ﬁdes
3519 1955 3534 1980 ,

197 2002 310 2055 trix
355 2008 450 2054 est
473 2000 736 2055 salutaris
767 2000 919 2055 verbi
943 2042 956 2065 ,
992 1999 1078 2056 vel
1097 2000 1336 2055 Ecclesia
1357 2001 1475 2067 Dei,
1500 2000 1752 2058 ext-olunt
1776 2009 1833 2058 et

195 2093 430 2150 molunt
463 2109 618 2148 verte
658 2091 874 2170 1m
921 2092 1056 2163 legis
1093 2093 1457 2163 similaginem
1491 2094 1826 2163 spiritalem;

181 2188 355 2244 unde
371 2187 555 2242 etiam
582 2203 751 2260 panes
783 2187 1170 2258 pr0positionis
1188 2185 1346 2250 ﬁunt,
1366 2203 1503 2258 quos
1533 2187 1632 2242 soli
1649 2202 1830 2243 sacer-

195 2281 368 2337 dotes
397 2280 817 2351 edtmt,quibus
829 2279 1104 2351 puriorem
1123 2296 1315 2350 panem
1332 2280 1659 2336 manducare
1692 2297 1831 2351 prte-

196 2375 484 2442 scriptutn
518 2371 801 2444 est(Levit.
820 2388 976 2439 χειν,
1003 2373 1083 2443 8),
1110 2373 1258 2428 illum
1278 2373 1464 2444 utique
1482 2374 1570 2444 qui
1601 2373 1830 2434 descen-

196 2467 283 2524 dit
305 2469 383 2525 de
415 2469 572 2525 caelo
594 2467 780 2540 (Joan.
798 2485 873 2536 vt,
890 2467 1004 2539 5i).
1021 2468 1410 2524 Omnesautent
1428 2485 1637 2534 smnus,
1658 2470 1702 2525 si
1719 2485 1832 2525 nte-

199 2560 311 2616 rita
347 2569 555 2616 nostra
581 2559 1117 2632 patiantur,ju~titite
1138 2560 1480 2627 sacerdotes,
1503 2562 1593 2632 qni
1617 2563 1830 2617 unctio—

199 2669 276 2710 ne
317 2653 544 2708 laetitias:
589 2653 640 2707 in
689 2669 912 2724 regnum
939 2662 994 2710 et
1024 2653 1387 2710 sacerdotium
1415 2669 1823 2710 consecramur.

280 2747 381 2802 55.
421 2743 578 2816 Ergo
620 2745 692 2800 ita
731 2761 1085 2802 exerceamus
1123 2756 1179 2801 et
1226 2748 1472 2803 colamus
1511 2763 1700 2818 agrum
1733 2764 1831 2806 no-

203 2851 395 2895 strum
432 2841 490 2894 in
523 2839 682 2893 istius
708 2838 933 2894 cultura:
973 2854 1200 2894 munere
1229 2839 1542 2907 constituti;
1578 2851 1634 2895 ut
1662 2843 1713 2895 in
1738 2841 1829 2900 illa

206 2931 518 3002 superiore
549 2930 921 2995 Hierusalem,
957 2931 1044 2986 ubi
1098 2931 1234 3002 legis
1259 2932 1502 2988 cusmdia
1533 2949 1658 3004 vera
1687 2935 1831 2989 cele-

205 3026 430 3092 bratur,
468 3023 770 3079 habeamus
790 3023 1148 3093 similaginetn
1177 3024 1246 3080 de
1276 3024 1567 3094 manipulis
1600 3025 1828 3094 nostris,

208 3135 357 3190 quos
411 3118 566 3174 beati
596 3118 686 3186 qui
717 3119 1000 3187 potuerint
1044 3133 1375 3190 congregare
1414 3134 1429 3173 :
1469 3118 1539 3176 Ut
1569 3121 1830 3176 venientes

205 3214 430 3268 veniant
462 3212 522 3266 in
541 3211 910 3278 exsultatione,
934 3212 1170 3266 tollentes
1194 3214 1489 3283 manipulos
1514 3231 1633 3270 suos
1649 3214 1823 3283 (Psal.

1935 2007 2006 2061 ibi
2057 2016 2478 2074 sacramentum,
2525 2006 2595 2061 ibi
2646 2005 3010 2061 diversorium
3061 2006 3385 2061 sanctitatis.
3435 2003 3538 2061 Est

1933 2102 2096 2157 etiam
2129 2115 2328 2171 corpus
2360 2100 2626 2164 Ecclesia,
2662 2099 2712 2153 in
2757 2115 2859 2170 qua
2893 2113 2988 2171 per
3026 2097 3279 2169 baptismi
3306 2100 3536 2170 gratiam

1933 2210 2258 2251 renovamur
2288 2194 2480 2263 spiritu
2500 2236 2512 2257 ,
2546 2201 2599 2247 et
2641 2190 2865 2247 occidua
2914 2193 3216 2248 senectutis
3244 2192 3295 2246 in
3325 2191 3531 2247 redivi-

1932 2303 2027 2341 vas
2059 2295 2382 2357 reparantur
2407 2293 2596 2338 tetates
2619 2282 2669 2337 ι).

2007 2377 2160 2453 (Cap.
2195 2375 2384 2433 XVIII.
2406 2406 2479 2418 —
2507 2375 2664 2432 Vers.
2696 2375 2812 2447 16.)
2843 2375 3012 2432 Sinite
3040 2391 3226 2447 pueros
3263 2377 3436 2431 venire
3463 2377 3532 2430 ad

1930 2487 2028 2541 me,
2063 2484 2109 2528 et
2136 2472 2293 2526 nolite
2319 2485 2406 2525 eos
2440 2479 2644 2532 vetare;
2673 2469 2854 2522 talium
2883 2477 2954 2522 est
2981 2469 3114 2522 enim
3159 2485 3373 2539 regnum
3403 2467 3526 2522 Dei.

2004 2569 2093 2623 57.
2128 2567 2290 2635 Atqui
2336 2573 2469 2618 tetas
2500 2565 2618 2618 hmo
2657 2561 2869 2617 inﬂrtna
2915 2571 2999 2617 est
3039 2562 3268 2628 viribus,
3294 2561 3529 2618 invalida

1931 2660 2149 2731 ingenio
2178 2699 2192 2724 ,
2242 2660 2532 2711 immatura
2575 2655 2809 2710 consilio
2842 2670 2856 2707 :
2896 2670 3003 2709 non
3045 2669 3175 2724 ergo
3221 2666 3354 2709 tetas
3391 2671 3533 2723 pra:-

1933 2756 2104 2809 lertur
2149 2751 2328 2816 aetati,
2380 2749 2618 2819 alioquin
2669 2748 2888 2804 obesset
2931 2749 3266 2804 adolescere.
3320 2747 3534 2826 1485

1930 2844 2071 2914 Quid
2097 2843 2233 2898 votis
2258 2856 2396 2912 opus
2415 2849 2501 2896 est
2533 2849 2589 2896 ut
2610 2841 2709 2894 aevi
2761 2844 3048 2895 maturitas
3074 2857 3463 2910 consequatur,
3494 2845 3542 2904 si

1933 2939 2064 2993 mihi
2082 2938 2336 2992 meritum
2363 2937 2514 3004 regni
2547 2943 2569 2973 ο
2597 2934 2881 3004 demptura
2906 2936 3146 2990 caelestis
3170 2949 3252 2992 est
3273 2935 3426 3012 (Luc.
3452 2955 3528 3008 vr,

1933 3033 2062 3102 £3)?
2091 3032 2231 3100 Ergo
2256 3029 2396 3083 Deus
2413 3030 2539 3084 vita:
2567 3043 2881 3098 processum
2910 3028 2976 3082 ad
2994 3029 3120 3083 vitia
3139 3029 3306 3095 dedit,
3336 3045 3440 3085 non
3465 3030 3534 3086 ad

1932 3128 2264 3182 incrementa
2286 3122 2522 3176 virtutis.
2556 3121 2624 3175 Et
2647 3137 2744 3176 cur
2767 3123 2881 3191 ipse
2903 3123 3182 3192 apostolos
3213 3139 3321 3179 non
3351 3124 3532 3196 pueri-

1932 3219 2018 3284 lis,
2044 3215 2140 3271 sed
2166 3213 2530 3286 provectioris
2560 3214 2726 3285 elegit
2755 3215 2967 3268 artatis?
2993 3214 3103 3269 Cur
3133 3223 3311 3270 autem
3335 3231 3531 3284 pueros

210 3320 391 3371 cxxv,
418 3303 506 3376 6).
540 3303 630 3360 Isti
657 3305 819 3375 igitur
842 3305 1044 3360 fructus
1073 3315 1198 3361 sunt
1225 3306 1522 3377 Spiritales,
1553 3318 1608 3362 et
1636 3308 1827 3365 felices
1855 3307 1900 3371 C
1933 3321 2089 3380 aptos
2126 3324 2297 3379 regno
2325 3307 2460 3362 dicit
2494 3322 2617 3362 esse
2644 3307 2909 3362 caelorum
2929 3308 2952 3361 ?
2976 3306 3231 3363 Fortasse
3261 3308 3387 3377 quia
3419 3325 3532 3365 ma-

211 3400 336 3454 veri
372 3407 677 3470 proventus
718 3398 941 3467 laboris,
969 3397 1064 3469 qui
1105 3399 1256 3454 nullo
1296 3400 1472 3455 inutili
1504 3401 1677 3455 imbre
1713 3416 1828 3456 ms-

211 3493 427 3550 dcﬁant
460 3511 474 3547 :
514 3492 720 3548 fructus
755 3502 936 3549 autent
977 3495 1156 3551 carnis
1185 3497 1512 3565 corruptela:
1558 3497 1826 3552 obnoxius

213 3597 333 3656 est;
368 3599 425 3644 et
459 3587 588 3642 ideo
631 3587 721 3660 qui
771 3589 1009 3644 carnalia
1057 3589 1446 3655 seminaverit,
1480 3590 1717 3645 carnalia
1771 3599 1828 3646 et

216 3693 392 3740 metet
418 3681 490 3753 (II
521 3679 643 3736 Cor.
678 3699 752 3748 is,
784 3681 863 3754 6).
897 3680 972 3738 De
1001 3699 1129 3755 agro
1154 3699 1285 3739 vero
1311 3682 1440 3757 quid
1468 3685 1669 3748 dicam,
1699 3699 1824 3740 cum

217 3776 576 3832 manifestum
621 3775 690 3832 sit
739 3777 791 3832 in
843 3791 1008 3848 Opere
1057 3777 1281 3834 cultoris
1312 3776 1397 3832 vel
1433 3776 1650 3834 laudem
1679 3792 1824 3843 esse,

217 3871 308 3926 vel
339 3872 610 3942 culpam?

295 3963 486 4038 (Vers.
514 3961 626 4034 36).
651 3961 717 4016 Et
741 3963 1106 4032 respondentes
1127 3963 1369 4016 dixerunt
1400 3976 1418 4015 :
1447 3960 1556 4028 ubi,
1579 3958 1829 4013 Domine?

297 4053 389 4110 54.
429 4054 546 4110 Iloc
573 4053 825 4122 discipuli
855 4054 1019 4108 locuti
1041 4062 1165 4108 sunt
1195 4069 1209 4108 :
1247 4054 1504 4107 Dominus
1524 4059 1705 4106 autem
1738 4051 1828 4106 ubi

224 4149 563 4219 praemonuit
583 4159 635 4201 et
663 4162 769 4216 quo
811 4145 1143 4218 fugiendum,
1165 4157 1219 4202 et
1242 4145 1331 4201 ubi
1357 4138 1824 4213 commorandum,

224 4249 283 4296 et
329 4237 467 4311 quid
515 4247 660 4293 esset
709 4238 1032 4306 cavendum,
1077 4238 1396 4309 complexus
1447 4248 1530 4293 est
1560 4245 1856 4293 summam'

227 4331 558 4388 deﬁnitione
587 4331 849 4402 generali,
875 4329 1063 4387 dicens
1089 4349 1103 4386 :

305 4423 492 4496 (Vers.
518 4423 628 4494 57).
659 4421 756 4478 Ubi
785 4425 940 4496 fuerit
969 4441 1179 4496 corpus,
1203 4424 1273 4479 ibi
1306 4425 1758 4498 congregabantur
1782 4433 1830 4480 et

232 4517 448 4574 aauilw.

305 4613 397 4668 55.
430 4609 618 4684 Itaque
648 4611 794 4684 prius
833 4629 952 4686 quas
980 4612 1088 4670 sint
1129 4615 1325 4684 aquilze
1363 4615 1740 4686 conjiciamus,
1772 4623 1830 4670 ut

1933 3404 2105 3459 litiam
2140 3405 2420 3464 nesciant,
2470 3399 2726 3456 fraudare
2756 3416 2863 3455 non
2891 3402 3112 3469 norint,
3167 3403 3394 3458 referire
3423 3420 3532 3460 non

1930 3498 2186 3563 audeant,
2218 3491 2243 3532 ά
2271 3495 2503 3550 scrutari
2531 3497 2782 3565 ignorent
2810 3511 2941 3566 opes
2964 3537 2976 3560 ,
3010 3497 3274 3552 honorem
3293 3541 3308 3564 ,
3353 3499 3530 3555 ambi-

1932 3593 2135 3648 tionem
2193 3604 2300 3645 non
2332 3597 2614 3660 appetant.
2661 3589 2768 3646 Sed
2801 3590 3052 3661 ignorare
3085 3592 3189 3645 ista
3217 3592 3392 3648 virtus
3420 3608 3530 3648 non

1929 3698 2034 3753 est,
2075 3686 2170 3742 sed
2202 3694 2587 3751 contemnere;
2621 3700 2722 3740 nec
2759 3685 3116 3740 Continentiae
3147 3686 3286 3751 laus,
3335 3685 3427 3740 ubi
3451 3687 3532 3741 in-

1931 3783 2207 3838 Iirmitatis
2227 3781 2516 3851 integritas
2547 3798 2558 3834 :
2593 3797 2702 3834 non
2733 3780 2894 3849 igitur
2923 3780 3179 3850 pueritia,
3211 3779 3306 3835 sed
3335 3780 3534 3836 aemula

1932 3854 2155 3946 puerilis
2185 3873 2557 3943 simplicitatis
2615 3872 2831 3928 bonitas
2875 3872 3209 3943 designatur.
3236 3870 3354 3928 Non
3381 3873 3528 3928 enim

1931 3969 2150 4024 virtutis
2181 3978 2394 4022 estnon
2429 3981 2590 4036 posse
2623 3980 2884 4035 peccare,
2929 3965 3025 4019 scd
3060 3964 3235 4028 nolle,
3268 3974 3431 4034 atque
3459 3963 3533 4017 ita

1931 4072 2124 4118 tenere
2148 4060 2609 4130 perseverantiam
2637 4058 2955 4121 voluntatis,
2990 4065 3049 4111 ut
3082 4057 3337 4110 voluntas
3365 4055 3532 4110 infau-

1933 4155 2090 4219 tiam,
2130 4166 2259 4206 usus
2288 4152 2532 4205 imitetur
2563 4160 2838 4203 naturam.
2867 4149 3110 4220 Denique
3141 4148 3256 4218 ipse
3284 4148 3384 4203 hoc
3411 4148 3532 4204 Sal-

1936 4255 2090 4303 vator
2116 4245 2408 4316 expressit,
2442 4243 2632 4298 dicens
2664 4259 2678 4296 :
2705 4240 2827 4296 Nisi
2857 4242 3086 4296 conversi
3115 4241 3338 4308 fueritis,
3377 4252 3422 4298 et
3453 4242 3532 4314 ci-

1933 4339 2328 4408 ﬁciaminisicut
2353 4353 2482 4408 puer
2503 4337 2626 4404 iste,
2674 4351 2778 4390 non
2818 4334 3074 4390 intrabitis
3106 4334 3161 4388 in
3186 4350 3398 4404 regnum
3427 4350 3530 4390 cae-

1933 4435 2102 4488 lorum
2129 4431 2349 4506 (Matth.
2373 4445 2527 4496 xvm,
2553 4429 2632 4493 8).

2004 4527 2093 4582 58.
2135 4527 2268 4595 Quis
2289 4534 2374 4580 est
2394 4540 2526 4595 ergo
2544 4539 2677 4593 puer
2696 4520 2992 4576 imitandus
3019 4520 3284 4592 apostolis
3303 4519 3531 4586 Christi,

1930 4636 2057 4676 num
2092 4637 2232 4674 unus
2273 4635 2337 4674 ex
2366 4615 2644 4688 parvulis?
2675 4615 2801 4670 Haec
2834 4615 2996 4685 igitur
3046 4614 3220 4668 virtus
3250 4612 3531 4686 apostolo-

231 4705 378 4774 quod
407 4706 479 4758 sit
519 4720 718 4777 corpus
757 4705 1098 4762 deﬂniamus.
1147 4706 1422 4763 Justorum
1451 4709 1596 4763 enim
1629 4707 1827 4761 anima:
1854 4696 1904 4755 D
1933 4713 2091 4767 mm?
2114 4712 2244 4780 Quis
2285 4725 2417 4780 ergo
2464 4708 2636 4778 puer?
2679 4707 2758 4762 Ne
2809 4705 2948 4761 forte
2979 4705 3071 4761 ille
3108 4706 3177 4760 de
3207 4721 3316 4778 quo
3343 4706 3534 4762 ESaias

233 4797 431 4867 aquilis
459 4809 863 4868 comparantur,
892 4799 1032 4870 quod
1075 4797 1184 4855 alia
1227 4811 1448 4872 petant,
1482 4801 1703 4855 humilia
1733 4800 1829 4854 de-

238 4888 567 4958 relinquant,
590 4891 888 4962 longtevam
919 4893 1117 4949 ducere
1142 4891 1384 4949 ferantur
1405 4903 1640 4950 :etatem.
1677 4892 1830 4949 Unde

241 4990 293 5035 et
332 4981 496 5039 David
524 4987 718 5040 anima:
761 5002 872 5040 suae
901 4987 1031 5042 dicit
1064 5004 1076 5040 :
1110 4987 1461 5042 Renovabitur
1485 4987 1617 5041 sit-ut
1642 4988 1832 5054 aguin

233 5075 480 5148 juventus
523 5090 613 5134 tua
655 5079 828 5153 (Psal.
884 5095 976 5147 cn,
1010 5079 1091 5152 5).
1141 5080 1196 5137 Si
1249 5082 1408 5152 igitur
1459 5081 1828 5139 intelleximus

243 5169 472 5241 aquilas,
514 5174 584 5229 de
631 5189 862 5245 corpore
911 5175 1023 5246 jam
1076 5175 1326 5232 dubitare
1375 5192 1484 5231 non
1525 5193 1832 5247 possumus,

318 5349 343 5378 ³
370 5341 496 5395 Mss.
531 5339 752 5408 aliquot,
778 5339 1037 5405 receptria:
1065 5348 1135 5392 est
1161 5341 1344 5393 salutis
1368 5382 1382 5404 ,
1439 5337 1725 5394 Ecclesium
1750 5337 1844 5393 Dei

245 5414 503 5466 excolunt.
555 5409 745 5465 Melius
789 5410 878 5463 alii
919 5412 1122 5480 plures,
1160 5420 1216 5466 et
1262 5413 1394 5466 edit.
1454 5426 1644 5468 omnes
1683 5419 1739 5464 ut
1785 5410 1836 5464 in

250 5493 430 5550 texui;
463 5483 561 5537 nisi
589 5483 728 5552 quod
763 5497 858 5552 pro
889 5484 1137 5554 salutaris
1179 5486 1338 5549 rerbi,
1387 5501 1492 5539 non
1529 5483 1679 5554 pauci
1705 5498 1840 5552 quo-

253 5570 355 5625 que
387 5556 575 5609 horum
602 5570 728 5608 mss.
758 5555 941 5619 legunt
971 5553 1194 5606 salutis.‘

321 5624 348 5663 ι’
396 5627 450 5681 ln
483 5641 612 5681 mss.
648 5641 753 5681 non
799 5626 984 5694 paucis
1037 5625 1139 5678 hoc
1193 5626 1312 5679 loco
1365 5624 1622 5680 inseritur
1663 5625 1838 5692 ampla

255 5696 444 5753 lacinia
495 5702 544 5752 in
597 5700 903 5768 parabolant
951 5697 1207 5768 pharisaei
1255 5714 1316 5751 ac
1357 5697 1625 5766 publicani
1665 5713 1676 5749 :
1719 5711 1839 5765 qua!

259 5785 360 5822 non
392 5773 550 5825 tundo
585 5771 637 5824 in
672 5787 799 5824 mss.
832 5770 1232 5837 antiquioribus
1279 5783 1383 5823 n0n
1419 5768 1717 5828 invenitur.
1748 5783 1839 5822 ve-

259 5856 374 5914 rum
402 5844 564 5896 etiam
614 5844 695 5897 vel
741 5845 912 5914 prima
957 5843 1190 5896 lectione
1237 5839 1660 5914 deprehenditur
1715 5839 1845 5914 nihil

257 5911 450 5972 habere
473 5911 839 5983 Atnhrosiani,
860 5927 921 5968 ac
937 5923 1200 5988 praeterea
1247 5912 1469 5969 totidem
1502 5912 1681 5968 verbis
1707 5911 1848 5983 apud

1929 4804 2061 4859 dicit
2097 4801 2273 4857 :Puer
2301 4813 2454 4854 natus
2475 4808 2548 4852 est
2578 4798 2745 4859 nobis,
2777 4798 2918 4868 filius
2945 4797 3100 4851 datus
3136 4808 3208 4852 est
3237 4798 3382 4853 nobis
3407 4795 3527 4868 (Es.

1934 4913 2012 4964 ut,
2046 4895 2142 4966 6)?
2169 4893 2290 4963 Ipse
2321 4895 2465 4946 enim
2497 4890 2593 4946 tibi
2626 4907 2760 4961 puer
2792 4891 2932 4946 dixit
2953 4889 3135 4945 :Tolle
3165 4907 3368 4945 crucem
3389 4901 3529 4945 tuam

1935 4999 1984 5044 et
2028 5004 2239 5059 sequere
2261 5002 2341 5039 me
2369 4983 2587 5058 (.llatth.
2624 4993 2736 5047 XVI,
2769 4982 2886 5055 2i).
2920 4985 2983 5040 Et
3026 4993 3366 5055 ntagnoscrts
3398 4999 3531 5055 pue-

1935 5099 2054 5138 rum
2085 5101 2097 5135 :
2127 5079 2257 5135 Cum
2288 5079 2704 5146 malediceretur,
2745 5095 2845 5132 non
2879 5078 3205 5134 remaledixit
3223 5096 3242 5146 ;
3269 5091 3387 5132 cum
3417 5095 3532 5149 per-

1937 5184 2217 5239 cuteretur,
2270 5189 2373 5226 non
2427 5173 2734 5243 repercussit
2765 5169 2784 5243 (
2810 5171 2830 5226 I
2853 5169 2966 5226 Pet.
2997 5186 3056 5240 tt,
3088 5171 3161 5226 ‘25
3184 5169 3242 5244 );
3287 5172 3403 5226 haec
3449 5179 3533 5225 est

1953 5337 2151 5392 Bedam
2198 5337 2294 5392 lib.
2321 5352 2353 5390 v
2381 5345 2672 5391 comment.
2695 5336 2747 5389 in
2778 5336 3002 5402 Lucam,
3033 5352 3156 5408 cap.
3183 5337 3274 5401 “ll,
3319 5337 3535 5407 legitur.

1940 5409 2283 5480 Quapropter
2311 5408 2548 5463 alienum
2579 5418 2790 5477 partum
2810 5409 3055 5480 legitimo
3084 5427 3191 5466 non
3224 5412 3534 5480 putavimus

1945 5481 2373 5535 adtt'tiscendnm.

2017 5554 2041 5582 ε
2083 5552 2209 5606 Mss.
2270 5553 2497 5623 aliquot,
2549 5550 2665 5605 dein
2715 5562 2901 5606 natura
2948 5550 3166 5607 caelestis
3214 5561 3308 5606 est.
3357 5549 3534 5608 Minus

1944 5625 2245 5679 commode.

2016 5692 2041 5730 ἀ
2084 5696 2156 5748 Ita
2187 5697 2316 5750 edit.
2362 5705 2474 5749 ant.
2509 5709 2572 5747 ac
2606 5709 2736 5749 mss.
2769 5690 2985 5755 omnes,
3035 5702 3271 5761 excepto
3305 5690 3445 5759 quod
3478 5691 3534 5746 in

1946 5767 2136 5819 ltorttnt
2165 5767 2435 5820 tuttutullis
2469 5781 2568 5836 pro
2597 5764 2864 5827 honorent,
2926 5766 3104 5833 lugere
3145 5775 3228 5818 est
3259 5761 3532 5836 Itonortun.

1952 5837 2020 5893 At
2051 5838 2208 5892 Rorn.
2241 5841 2346 5892 edit
2380 5834 2754 5902 sola,scortari
2791 5838 3044 5908 ignorent,
3081 5851 3222 5904 opus,
3266 5834 3536 5900 honorem,

1953 5910 2376 5982 ambitionemgue
2402 5926 2503 5964 non
2535 5918 2802 5980 appetant.
