4040 6506
538 347 678 406 1783

1933 330 2178 398 ΒᾹΝΟΤΙ
2217 339 2544 398 AMBROSII

3737 335 3864 393 i784

537 467 684 526 enim
717 463 966 539 perfecta
989 468 1182 522 virtus.
1207 465 1392 535 ltaque
1405 462 1525 519 etin
1543 460 1767 532 pueritia
1781 468 1865 516 est
1891 458 2141 530 quaedam
2168 462 2218 520 Α
2247 473 2435 530 perem
2461 500 2478 526 ,
2528 457 2655 530 quia
2685 455 2975 514 exacerbat
3015 455 3168 512 illum
3195 455 3289 526 qui
3320 453 3457 510 fecit
3489 466 3619 508 eum
3657 469 3675 508 :
3711 466 3866 507 nemo

537 561 880 618 venerabilis
909 577 1118 617 morum
1165 566 1451 624 senectus,
1501 565 1557 612 et
1582 557 1634 611 in
1667 561 1953 610 senectute
1980 553 2138 608 inno-

541 669 674 712 cens
705 655 970 726 pueritia:
998 656 1246 712 Senectus
1269 654 1403 708 enim
1433 651 1739 707 venerabilis
1768 660 1864 716 est,
1895 666 1997 704 non
2020 648 2140 703 diu-

541 760 720 813 turna,
769 762 862 800 nec
901 762 1114 800 numero
1167 760 1423 799 annorum
1444 752 1774 815 computata,
1829 743 1947 796 cani
1967 749 2140 794 autem

536 848 661 894 sunt
684 856 863 894 sensus
892 839 1114 893 hominis
1133 879 1150 905 ,
1209 848 1256 892 et
1294 848 1421 892 tetas
1448 837 1723 892 senectutis
1753 836 1858 890 vita
1884 835 2140 888 immacu-

537 933 644 988 lata
667 931 823 1003 (Sap.
849 946 925 996 tv,
958 930 992 986 8
1023 938 1070 986 et
1091 931 1171 1002 9).
1222 928 1379 987 Unde
1421 938 1476 986 et
1524 930 1788 998 scriptum
1831 937 1916 983 est
1947 943 1964 982 :
1993 926 2136 981 Lau-

542 1023 852 1091 date,pueri,
872 1020 1173 1087 Dominum,
1193 1022 1402 1077 laudate
1424 1039 1610 1077 nomen
1632 1020 1845 1075 Domini
1863 1019 1981 1093 (Ps.
2007 1034 2140 1084 cxu,

543 1116 570 1170 1
602 1115 657 1188 );
692 1115 815 1185 quia
845 1131 1004 1170 nemo
1035 1117 1138 1170 nisi
1163 1115 1436 1186 perfectus
1469 1116 1656 1170 laudat
1687 1116 2003 1170 Dominum.
2035 1113 2147 1170 Ne-

543 1225 628 1263 mo
655 1210 799 1264 enim
832 1211 958 1263 dicit
978 1209 1263 1265 Dominum
1292 1210 1494 1275 Iesum,
1531 1212 1632 1266 nisi
1660 1212 1714 1266 in
1739 1211 1944 1282 Spiritu
1970 1220 2148 1274 sancto

544 1301 592 1376 (ι
622 1300 742 1358 Cor.
772 1318 873 1372 ιιι,
908 1302 987 1375 δ).

619 1398 710 1453 59.
732 1398 886 1467 Quod
903 1398 1117 1454 videtur
1147 1400 1216 1455 de
1236 1399 1497 1455 Ecclesiae
1523 1399 1723 1471 populo
1745 1399 2148 1471 pr0phetatum,

545 1493 640 1563 qui
690 1493 881 1564 junior
932 1493 1207 1549 seniorem
1265 1495 1526 1565 populum
1571 1494 1884 1550 Judaeorum
1935 1494 2153 1549 virtutis

549 1587 746 1643 Studiis
775 1587 1024 1643 anteivit.
1061 1589 1122 1644 Et
1159 1589 1283 1644 ideo
1308 1589 1442 1644 illud
1471 1607 1483 1643 :
1517 1588 1655 1643 Ecce
1682 1606 1778 1661 ego
1801 1599 1851 1643 et
1879 1589 2026 1660 pueri
2054 1589 2154 1642 mei

549 1697 679 1752 quos
709 1681 900 1736 dedisti
931 1683 1059 1736 mihi
1113 1682 1286 1755 (Esai.
1314 1699 1428 1748 vin,
1455 1683 1568 1753 l8).
1605 1683 1695 1738 lsti
1738 1692 1866 1738 sunt
1894 1682 2154 1754 pueriqui

551 1773 846 1828 Dominum
890 1775 1040 1844 pullo
1081 1776 1250 1831 asina;
1277 1787 1662 1846 supervectum
1695 1777 2033 1847 preplteticis
2062 1793 2158 1831 vu-

553 1866 708 1920 cibus
731 1876 1124 1937 prosequentes
1145 1910 1159 1934 ,
1185 1868 1616 1939 redemptionem
1645 1871 1887 1938 gentium
1941 1871 2157 1924 venisse

555 1957 1042 2031 dicebant(Matth.
1076 1976 1187 2026 xxt,
1221 1961 1310 2032 15)
1339 1979 1351 2015 :
1383 1961 1471 2017 isti
1501 1973 1628 2018 sunt
1659 1963 1809 2034 pueri
1829 1963 2164 2019 veliufantes

554 2055 648 2122 qui
679 2049 883 2108 Christi
908 2053 999 2118 illa
1033 2055 1200 2110 ubera
1245 2071 1412 2126 super
1456 2057 1640 2112 vinum
1676 2058 1870 2113 haustu
1915 2058 2162 2128 pleniore

556 2155 840 2200 auxerunt.
869 2143 954 2200 Ex
983 2163 1069 2201 ore
1115 2148 1251 2203 enim
1301 2149 1579 2219 infantium
1612 2161 1658 2204 et
1714 2150 2011 2207 lactentium
2043 2169 2159 2220 per-

556 2242 728 2313 fecisti
752 2241 958 2297 laudem
992 2242 1108 2314 (Ps.
1141 2261 1256 2312 vm,
1289 2246 1371 2316 '5).

634 2332 723 2390 60.
768 2334 974 2392 Durum
1004 2337 1187 2408 itaque
1217 2338 1492 2410 aliquibus
1541 2349 1597 2396 et
1627 2341 1837 2398 immite
1863 2341 2034 2398 videri
2069 2358 2162 2412 po-

519 2423 526 2440 ‘
561 2432 686 2488 test,
721 2427 866 2496 quod
919 2428 1173 2502 discipuli
1207 2430 1274 2486 ad
1326 2431 1616 2487 Dominum
1669 2432 1968 2490 infantulos
2009 2435 2163 2491 adire

558 2517 947 2587 prohibebant,
1000 2523 1102 2578 nisi
1134 2524 1218 2579 vel
1252 2527 1571 2597 mysterium
1605 2529 1878 2600 intelligas
1902 2572 1918 2597 ,
1962 2531 2046 2585 vel
2077 2530 2159 2585 af-

560 2608 794 2693 fectum;
827 2629 1004 2684 neque
1045 2615 1189 2671 cnim
1232 2616 1286 2672 id
1313 2618 1513 2673 invidae
1539 2620 1592 2674 in
1621 2637 1822 2688 pueros
1845 2621 2045 2678 mentis
2076 2637 2164 2678 as-

561 2702 794 2773 peritate
842 2706 1149 2774 faciebant,
1203 2710 1300 2765 sed
1347 2711 1556 2768 sedulae
1583 2713 1862 2770 servitutis
1899 2715 2161 2787 obsequia

559 2795 796 2851 Domino
843 2797 1202 2869 deferebant,
1265 2819 1333 2859 ne
1387 2807 1840 2876 comprimeretur
1887 2824 1913 2862 a
1964 2810 2160 2866 turbis.

561 2883 810 2957 Denique
840 2888 970 2944 alibi
1001 2893 1265 2962 scriptum
1297 2903 1410 2951 est:
1447 2896 1718 2969 Magister,
1744 2901 2092 2970 comprimunt
2116 2913 2163 2958 te

561 2978 726 3034 turbae
767 2979 920 3050 (Luc.
969 3000 1088 3053 vnt,
1116 2985 1232 3060 45).
1264 2988 1590 3060 Rcspucuda
1610 2996 1815 3064 quippe
1843 3005 1928 3048 est
1957 2995 2164 3052 utilitas

563 3083 793 3139 nostra,
845 3077 934 3132 ubi
982 3079 1284 3136 divinitatis
1336 3083 1532 3154 injuria
1566 3097 1667 3141 est.
1715 3088 1859 3159 Ergo
1891 3088 2164 3161 fugiamus

564 3167 899 3236 superbiam,
931 3187 1230 3242 sequamur
1267 3177 1531 3244 puerilem
1566 3179 2006 3247 simplicitatem;
2037 3184 2162 3252 quia

567 3257 771 3311 veritas
790 3260 1101 3316 adversaria
1132 3265 1425 3334 superbiae,
1482 3267 1804 3337 simplicitas
1828 3282 2004 3326 autem
2029 3288 2130 3329 con
2151 3306 2164 3316 ο

567 3362 799 3404 currens
829 3352 1085 3420 veritati,
1141 3355 1193 3408 in
1248 3357 1363 3422 ipsa
1395 3359 1703 3416 humilitate
1741 3363 2012 3419 sublimis.
2049 3366 2166 3422 Non

567 3441 714 3494 enim
749 3441 798 3494 in
827 3443 1040 3510 abjecto
1069 3447 1238 3503 corde
1267 3446 1478 3504 habitat
1511 3450 1675 3517 Deus,
1706 3453 1802 3508 sed
1833 3455 1973 3510 sicut
2001 3457 2172 3513 tradi-

571 3530 772 3589 derunt
821 3535 980 3592 nobis
1031 3539 1348 3607 prephetm:
1382 3541 1626 3598 Thronus
1666 3546 1868 3602 virtutis
1907 3553 2170 3608 exaltatus

573 3634 648 3679 est
678 3622 892 3696 (Ierem.
925 3643 1055 3696 xvu,
1091 3630 1180 3702 η)
1212 3648 1225 3696 ;
1270 3631 1324 3686 in
1381 3648 1449 3688 eo
1473 3635 1686 3691 scilicet
1734 3640 1892 3708 cujus
1922 3642 2170 3698 elevatur

570 3719 838 3786 sapientia
885 3721 951 3775 ad
1000 3723 1344 3780 altitudinem
1401 3728 1670 3783 veritatis.
1727 3730 1838 3786 Nec
1869 3734 2010 3789 sicut
2035 3735 2167 3790 Cain

570 3809 806 3866 fraterna
826 3816 1009 3884 specie
1033 3815 1214 3888 dolum
1247 3815 1461 3891 1486
1482 3824 1820 3888 percussoris
1847 3826 2166 3894 abscondat;

572 3905 668 3960 sed
699 3907 830 3961 foris
861 3907 1110 3977 intraque
1139 3911 1204 3964 sit
1235 3911 1418 3967 frater.
1442 3913 1573 3968 llarc
1601 3915 1657 3969 in
1689 3917 1911 3973 affectu.
1963 3919 2016 3973 lu
2049 3937 2172 3994 my-

568 3997 741 4065 sterio
763 4007 969 4066 autem,
998 4003 1120 4071 quia
1148 4003 1295 4071 prius
1316 4005 1517 4061 salvari
1543 4009 1798 4078 populum
1828 4010 2167 4083 Iudaeorum,

570 4102 639 4143 ex
660 4103 768 4158 quo
787 4098 842 4145 et
862 4092 1159 4148 secundum
1179 4111 1398 4152 carnem
1431 4100 1540 4153 nati
1571 4100 1808 4168 fuerant,
1838 4106 2168 4174 gestiebant,

566 4180 662 4236 sed
694 4192 750 4235 et
782 4199 887 4259 pro_
908 4183 1213 4244 Cltananu-a
1245 4190 1475 4246 muliere
1515 4195 1892 4264 supplicarunt
1951 4199 2168 4270 (Matth.

571 4286 667 4338 xv,
699 4271 814 4345 25).
851 4274 1108 4332 Sciebant
1161 4295 1293 4350 ergo
1325 4286 1643 4352 mysterium
1673 4326 1700 4352 ,Α
1748 4289 1890 4356 quod
1925 4292 2172 4364 utrisque

573 4366 789 4437 populis
819 4371 1033 4426 vocatio
1062 4372 1379 4442 deberetur,
1413 4378 1509 4431 sed
1560 4378 1793 4436 fortasse
1825 4381 2000 4439 adhuc
2025 4387 2174 4442 ordi-

573 4474 700 4515 nem
734 4462 1069 4519 nesciebant.

646 4551 736 4609 61.
777 4553 929 4609 Nunc
956 4555 1272 4612 distantiam
1329 4559 1552 4617 intende
1607 4567 1921 4624 verborum.
1976 4571 2077 4630 Ubi
2105 4577 2171 4632 ad

575 4657 636 4698 se
662 4642 901 4702 infantes
929 4648 1194 4704 accedere
1217 4649 1406 4720 jubet,
1441 4663 1500 4707 ut
1530 4670 1626 4711 eos
1658 4667 1683 4695 τι
1713 4661 1796 4716 vel
1825 4664 2172 4732 praedicatio-

577 4749 684 4801 ne,
741 4738 826 4792 vel
854 4755 1108 4796 manuum
1141 4742 1492 4814 impositione
1530 4748 1914 4820 benedicerct,
1977 4775 2175 4827 pueros

572 4827 817 4898 appellat
848 4845 863 4883 :
917 4831 1005 4886 ubi
1035 4834 1278 4904 praecipit
1313 4852 1421 4894 non
1472 4843 1920 4903 scandalizandos
1952 4850 2172 4920 (Matth.

573 4935 729 4983 xvm,
763 4921 845 4991 6),
906 4925 1137 4993 pusillos
1179 4941 1372 4997 vocat;
1423 4949 1531 4990 non
1560 4939 1705 4994 enim
1735 4943 2176 5004 scandalizantur

574 5012 666 5081 qui
721 5021 1015 5084 tanguntur
1043 5033 1073 5072 a
1104 5019 1344 5088 Christo,
1399 5040 1504 5081 non
1539 5027 1796 5088 labuntur
1839 5036 1930 5104 qui
1957 5038 2176 5096 Christo

505 5135 516 5142 κ
575 5105 942 5177 propinquant
964 5125 976 5162 :
997 5109 1091 5166 sed
1118 5110 1374 5170 labuntur
1401 5117 1474 5171 illi
1496 5133 1632 5190 quos
1655 5126 1884 5194 pusillos
1912 5145 2016 5184 non
2046 5143 2174 5190 aeta-

571 5202 643 5256 tis
671 5205 962 5273 exiguitas,
987 5208 1078 5264 sed
1103 5209 1321 5266 virtutis
1351 5214 1615 5283 pusillitas
1636 5219 1780 5276 fecit.
1812 5223 1982 5279 Simul
2013 5230 2173 5286 etiam

574 5295 738 5353 docet
766 5297 1012 5362 infirmos
1043 5317 1150 5358 non
1177 5318 1300 5360 esse
1329 5309 1646 5378 tentandos;
1677 5329 1743 5369 ne
1775 5314 1827 5370 in
1858 5332 1958 5374 nos
1984 5334 2173 5379 eorum

576 5387 776 5482 delicta
807 5400 1092 5450 vertantur
1117 5437 1132 5460 ,
1190 5413 1423 5466 quorum
1456 5416 1648 5471 preces
1667 5410 1734 5462 ad
1765 5409 2050 5468 Dominum
2070 5459 2085 5482 ,
2122 5424 2179 5471 et

578 5481 624 5535 si
655 5483 756 5553 ipsi
786 5484 1046 5541 virtutum
1078 5488 1290 5545 meritis
1330 5491 1530 5550 infirmi
1556 5497 1686 5565 sint,
1743 5481 2178 5574 angelorumita-

576 5590 702 5632 men
731 5577 1052 5649 patrociniis
1081 5582 1406 5642 evehuntur.
1435 5586 1605 5648 Nemo
1635 5607 1767 5678 ergo
1790 5595 2013 5655 irrideat
2036 5615 2176 5672 pau-

655 5780 879 5858 ﬂ_liom.
921 5783 1054 5842 edit.
1085 5786 1164 5842 uel
1202 5789 1496 5858 precatione

581 5849 919 5912 fende'retur.

2239 559 2412 608 tentet
2444 550 2742 607 invalidum
2769 591 2786 617 ,
2845 566 2913 606 ne
2969 551 3195 621 angelos
3222 547 3391 605 laedat
3428 565 3441 602 :
3475 560 3648 602 nemo
3681 546 3868 615 praeci-

2241 644 2377 714 pitet
2407 643 2705 712 inﬁrmum,
2761 659 2828 699 ne
2858 643 3033 699 solvat
3072 643 3405 699 beneficium
3447 639 3866 710 Redemptoris.

2244 735 2431 807 (Prov.
2457 752 2554 801 xu,
2585 737 2662 808 5).

2315 852 2410 910 62.
2451 852 2519 908 Et
2571 853 2696 911 ideo
2740 853 2922 910 dixit:
2964 853 3057 910 Vw
3102 856 3222 909 huic
3264 855 3466 908 mundo
3503 853 3572 907 ab
3605 852 3870 906 scandulis

2251 947 2467 1018 (Matth.
2502 963 2653 1011 xvnt,
2681 947 2759 1015 7);
2785 949 2911 1019 quia
2943 963 3157 1003 crucem
3184 947 3404 1003 Domini
3431 946 3698 1018 plerique
3720 960 3871 999 scan-

2249 1041 2434 1096 dalum
2462 1041 2800 1111 judicarunt,
2845 1057 2968 1098 cum
3002 1042 3301 1098 Dominica:
3335 1041 3630 1096 humilitas
3664 1038 3871 1108 passio-

2250 1135 2338 1190 nis
2368 1146 2570 1192 nostra:
2623 1134 2695 1190 sit
2730 1146 3130 1192 sacramentum
3173 1135 3396 1198 salutis;
3448 1145 3509 1190 ut
3551 1133 3870 1189 adoriamur

2251 1230 2470 1284 virtutis
2509 1229 2772 1297 ofﬁcium,
2827 1245 3108 1286 sumamus
3158 1229 3489 1285 humilitatis
3529 1228 3867 1298 exemplum.

2260 1320 2347 1376 Va:
2369 1321 2531 1392 igitur
2549 1323 2596 1377 ei
2621 1323 2711 1392 qui
2736 1323 2786 1377 in
2805 1336 3022 1377 crucem
3051 1322 3263 1376 Domini
3287 1336 3393 1376 non
3417 1319 3761 1385 crediderit,
3778 1336 3871 1389 qua

2255 1415 2696 1472 scandalizantur
2721 1417 2953 1472 infirmi:
2973 1415 3201 1488 Expedit
3221 1416 3270 1470 ei
3300 1426 3358 1470 ut
3387 1415 3762 1486 suspendatur
3776 1431 3874 1466 mo-

2257 1509 2310 1563 la
2337 1510 2572 1564 asinaria
2596 1511 2648 1565 in
2675 1511 2808 1565 collo
2837 1514 2976 1584 ejus,
3004 1521 3051 1565 et
3082 1510 3414 1579 demergatur
3449 1510 3508 1563 in
3548 1507 3873 1580 profundunt

2257 1605 2417 1658 maris
2448 1603 2668 1673 (Matth.
2701 1621 2852 1670 xvttt,
2876 1605 2957 1675 6).

2336 1717 2426 1773 65.
2470 1715 2528 1773 In
2554 1718 2757 1774 divinis
2799 1718 3019 1790 quidem
3070 1719 3373 1788 Scripturis
3436 1733 3546 1772 non
3576 1717 3868 1773 verborum

2261 1810 2485 1879 seriem,
2517 1811 2611 1867 sed
2639 1827 2821 1867 rerum
2852 1812 3064 1883 pondus
3090 1812 3401 1867 examinare
3429 1810 3741 1873 debemus;
3766 1810 3870 1879 plus

2269 1905 2411 1959 enim
2442 1905 2659 1975 proiicit
2687 1905 2752 1960 ad
2777 1905 3120 1976 reprimenda
3144 1915 3386 1976 peccata,
3405 1903 3639 1959 inauditi
3663 1906 3869 1974 generis

2267 2008 2430 2068 atque
2462 1998 2726 2055 deformis
2774 1999 3012 2055 belluina
3060 1999 3305 2071 quaedam
3341 2013 3543 2069 pompa
3598 1998 3866 2069 supplicii.

2267 2093 2472 2149 Tamen
2505 2109 2570 2150 ne
2601 2093 2689 2149 cui
2723 2095 2849 2148 hinc
2875 2109 3092 2164 quoque
3120 2092 3436 2148 scandalum
3468 2103 3774 2163 generetur
3803 2091 3870 2144 iu-

2267 2187 2446 2255 firmo,
2477 2203 2584 2243 non
2617 2189 2794 2244 otiose
2826 2187 2989 2242 simul
3009 2188 3238 2257 positam
3262 2195 3516 2257 putamus
3542 2186 3754 2240 molam
3783 2186 3868 2240 asi-

2268 2284 2501 2349 nariam,
2534 2283 2734 2339 collum
2769 2282 3030 2347 hominis,
3073 2280 3400 2352 profundum
3431 2281 3626 2334 maris.
3665 2278 3866 2334 Etenim

2265 2391 2388 2432 cum
2417 2375 2556 2430 asini
2587 2383 2774 2446 typum
2820 2374 3048 2445 populus
3075 2373 3294 2444 gentilis
3322 2371 3649 2442 acceperit;
3700 2385 3865 2424 nonne

2267 2466 2362 2521 tibi
2380 2467 2876 2536 videturtamquam
2898 2465 3098 2520 molam
3117 2464 3407 2519 asinariam
3434 2465 3689 2528 volvere,
3705 2479 3862 2534 quam-

2264 2561 2356 2617 diu
2385 2561 2435 2615 in
2475 2562 2762 2631 imperitize
2808 2575 2922 2615 sua:
2963 2577 3149 2616 errore
3185 2569 3458 2625 versatur,
3506 2568 3725 2614 natura!
3765 2559 3862 2623 qui-

2265 2656 2387 2711 dem
2435 2655 2670 2711 vinculis
2713 2654 2996 2724 alligatus,
3055 2663 3113 2709 ιιι
3143 2654 3366 2709 verbum
3391 2653 3645 2721 emolat,
3706 2651 3856 2707 Deum

2264 2759 2517 2821 quaerat:
2574 2749 2669 2804 sed
2711 2759 2920 2818 opertas
2965 2747 3164 2802 mentis
3203 2748 3453 2802 caecitate
3490 2736 3770 2810 suffusus;
3815 2754 3857 2796 ut

2263 2843 2472 2897 vultum
2504 2840 2670 2897 animi
2698 2841 2912 2911 erigere
2942 2840 3008 2895 ad
3031 2841 3224 2906 Deum,
3252 2848 3306 2894 et
3328 2840 3518 2894 oculos
3540 2839 3727 2895 cordis
3748 2853 3857 2907 ape-

2265 2935 2377 2990 rire
2405 2949 2511 2991 non
2542 2931 2793 2988 noverit?
2819 2932 2889 2988 Et
2915 2931 3041 2986 ideo
3063 2931 3179 2986 sine
3204 2931 3307 2985 ulla
3331 2945 3531 2987 cursus
3559 2931 3852 2993 alacritate,

2265 3027 2511 3098 vestigiis
2544 3027 2596 3081 in
2627 3041 2686 3081 se
2715 3040 2860 3095 smpe
2893 3023 3268 3090 redeuntibus,
3320 3023 3526 3078 invitus
3568 3023 3691 3078 usui
3723 3022 3855 3077 labo-

2265 3120 2572 3174 ratalieuo.
2617 3117 2820 3173 Tamen
2863 3117 2957 3188 qui
2989 3115 3188 3171 molam
3220 3115 3415 3182 volvit,
3455 3115 3853 3172 consummandi

2193 3238 2238 3300 ρ
2269 3211 2564 3284 aliquando
2595 3211 2755 3266 finem
2787 3212 2969 3282 operis
2998 3211 3181 3277 habet,
3213 3221 3267 3266 et
3297 3211 3565 3267 eruendae
3593 3227 3743 3283 spem
3772 3227 3851 3282 ge.-

2273 3309 2345 3363 rit
2373 3305 2636 3362 caecitatis
2673 3324 2687 3371 ;
2719 3307 2807 3361 cui
2839 3320 2970 3360 vero
2999 3305 3140 3359 mola
3165 3305 3230 3359 ad
3261 3305 3464 3360 collum
3493 3305 3849 3376 suspenditur,

2271 3408 2454 3471 portat
2480 3399 2720 3470 lapidem
2751 3398 2841 3469 qui
2869 3408 3083 3467 portare
3115 3397 3328 3452 Domini
3356 3398 3544 3468 jugum
3576 3398 3848 3454 recusavit.

2273 3497 2480 3554 Asinus
2509 3516 2645 3572 ergo
2676 3502 2741 3557 ad
2774 3494 2970 3548 molam
2993 3535 3008 3560 ,
3039 3507 3219 3548 creetis
3249 3498 3314 3553 ad
3346 3493 3588 3566 lapidem
3609 3534 3624 3560 ,
3657 3493 3851 3565 gentilis

2272 3591 2338 3645 ad
2365 3607 2579 3660 saxum,
2603 3594 2698 3664 qui
2728 3596 2922 3650 adorat
2951 3611 3072 3652 eum
3113 3610 3271 3666 quem
3304 3608 3414 3647 non
3441 3589 3621 3656 videt,
3653 3603 3748 3644 nec
3775 3601 3851 3656 ag-

2271 3688 2452 3739 noscit
2485 3702 2497 3738 :
2531 3684 2671 3740 Deus
2719 3688 2850 3740 enim
2885 3704 2988 3741 non
3022 3689 3075 3741 in
3117 3683 3431 3755 ntanufactis
3472 3682 3674 3735 habitat
3710 3679 3847 3752 (Art.

2276 3792 2405 3840 xvu,
2442 3774 2558 3848 24),
2597 3791 2697 3831 nec
2725 3777 2778 3831 in
2801 3793 2934 3832 saxo
2961 3775 3412 3848 aguoscitur,scd
3441 3773 3494 3828 in
3527 3772 3746 3844 spiritu.

2187 1853 2235 1913 B

2344 3889 2433 3944 64.
2457 3888 2692 3959 Uterque
2706 3889 2867 3960 igitur
2879 3890 3110 3961 populus
3127 3899 3182 3946 et
3199 3886 3414 3960 gentilis
3425 3885 3517 3941 etJ
3527 3885 3712 3941 udseus
3726 3899 3851 3955 pom-

2273 3995 2340 4052 pa
2367 3980 2599 4050 quadam
2624 3983 2898 4037 sermonis
2924 3981 3086 4051 hujus
3117 3982 3431 4051 exponitur,
3464 3977 3562 4034 sed
3584 3976 3849 4032 vehemen-

2276 4074 2381 4128 tior
2412 4074 2463 4127 in
2484 4073 2701 4129 Judmos
2732 4089 2888 4143 poena
2912 4075 3246 4130 decernitur.
3271 4072 3570 4130 Gentilium
3590 4073 3736 4126 enim
3758 4084 3848 4124 tue-

2276 4165 2445 4221 moria
2465 4167 2650 4222 smculi
2673 4168 2827 4222 istius
2842 4168 3092 4223 ﬂuctibus
3119 4166 3328 4240 1487
3348 4166 3634 4230 obruetur,
3653 4173 3706 4220 et
3720 4178 3849 4221 casto

2275 4259 2462 4313 mundi
2496 4259 2657 4330 hujus
2684 4261 3014 4326 abolebitur,
3055 4262 3144 4329 qui
3178 4261 3318 4313 inter
3353 4272 3562 4331 eaqum
3593 4265 3846 4318 nonsunt,

2275 4366 2400 4408 eSse
2447 4353 2758 4418 voluerunt,
2789 4363 2843 4408 et
2872 4353 3096 4409 alienati
3135 4369 3166 4408 a
3194 4353 3421 4409 scientia
3472 4351 3565 4407 Dei
3597 4360 3845 4420 tamquam

2278 4444 2330 4498 in
2365 4444 2691 4512 profundum
2718 4446 3071 4501 marismersi
3119 4454 3270 4511 sunt;
3304 4456 3358 4499 at
3392 4461 3518 4500 vero
3564 4443 3734 4499 Judzei
3770 4457 3849 4512 per

2279 4540 2616 4608 patriarchas
2657 4540 2971 4612 adsumpti,
3011 4540 3432 4596 circumcisione
3481 4538 3716 4610 signati,
3771 4552 3848 4606 per

2283 4631 2479 4703 Legem
2513 4632 2732 4698 eruditi,
2766 4649 2875 4688 non
2930 4641 3202 4704 tamquam
3235 4632 3404 4704 ignoti
3448 4631 3723 4699 peribunt,
3772 4629 3847 4685 sed

2281 4733 2554 4793 tamquam
2582 4725 2835 4799 sacrilegi
2866 4728 3181 4796 punientur.
3215 4727 3427 4782 Etenim
3451 4725 3848 4782 Atheniensibus

2277 4816 2489 4887 ignotus
2545 4819 2705 4888 Deus,
2764 4822 2814 4874 in
2865 4821 3052 4878 Judrea
3104 4832 3286 4887 notus,
3333 4823 3426 4878 sed
3480 4837 3588 4878 non
3633 4829 3850 4891 receptus

2278 4911 2440 4985 (Act.
2495 4930 2603 4969 xvn
2638 4957 2653 4982 ,
2699 4915 2815 4987 25).
2871 4914 2940 4970 Et
2997 4917 3119 4971 ideo
3165 4916 3257 4987 qui
3303 4917 3554 4988 ignorat,
3611 4912 3848 4985 ignorabio

2279 5011 2400 5070 tur;
2457 5005 2548 5076 qui
2602 5006 3007 5075 praevaricatnr,
3038 5007 3413 5074 damnabitur;
3439 5022 3539 5063 nec
3562 5007 3655 5062 ille
3683 5016 3848 5062 exutus

2277 5111 2308 5151 a
2335 5096 2512 5167 culpa,
2543 5097 2635 5168 qui
2665 5113 2821 5153 suum
2862 5097 3085 5156 nescivit
3127 5111 3424 5165 auctorem,
3467 5111 3524 5157 et
3559 5102 3648 5156 ille
3693 5099 3850 5156 exutio

2279 5202 2311 5241 a
2338 5189 2511 5257 venia,
2539 5193 2628 5262 qui
2665 5191 2951 5248 Dominum
3001 5210 3108 5250 non
3149 5197 3372 5267 recepit.
3396 5195 3746 5252 Tolerabilius
3787 5205 3850 5250 ta-

2283 5297 2407 5339 men
2457 5293 2543 5340 est
2568 5285 2730 5341 fidem
2778 5303 2885 5343 non
2915 5289 3173 5345 detulisse
3203 5288 3441 5358 Christo,
3477 5306 3640 5362 quam
3688 5305 3847 5346 manus

2282 5375 2531 5434 intulisse
2561 5378 2733 5449 (Psat.
2759 5397 2928 5448 Lxxv,
2953 5379 3032 5456 2).

2359 5489 2665 5560 (Vers.18,
2714 5495 2845 5569 19.)
2878 5495 3229 5572 Interrogavit
3277 5509 3450 5554 autem
3498 5516 3617 5555 eum
3667 5500 3844 5570 quidam

2285 5583 2547 5656 princeps,
2579 5586 2757 5643 dicens
2787 5606 2806 5644 :
2837 5589 3092 5664 Magister
3119 5593 3248 5648 bone
3269 5633 3284 5660 ,
3313 5592 3438 5664 quid
3460 5593 3698 5665 faciendo
3716 5595 3843 5651 vitam

1547 5809 1563 5846 :
1601 5807 1760 5864 quam
1811 5796 2097 5857 lectionem
2136 5800 2388 5864 lubentes
2413 5808 2867 5882 amplecteremur
2894 5854 2908 5882 ,
2961 5812 3009 5869 si
3062 5829 3126 5872 ea
3176 5815 3366 5874 saitem
3395 5814 3554 5873 unico
3611 5829 3731 5871 mss.
3766 5814 3840 5872 de—
