4040 6502
155 367 313 427 1785

1180 374 1546 435 EXPOSITIO
1587 373 1844 431 EVANG.

1885 372 2035 431 SEC.
2078 372 2232 431 LUC.
2275 373 2408 430 LIB.
2453 372 2585 430 VIII.
3383 378 3523 436 1786

154 500 431 550 aeternam
481 499 826 566 possidebo?
873 499 1013 556 Dicit
1042 507 1215 554 autem
1259 498 1305 552 ei
1344 495 1497 550 Iesus
1525 511 1544 550 :
1570 493 1710 562 Quid
1740 509 1821 548 me
1846 496 1897 555 Α
1924 492 1999 548 lio
2025 501 2082 549 et
2109 492 2332 564 Spiritui
2364 502 2554 549 sancto
2583 493 2932 551 conﬁtentur.
2965 494 3099 552 Cum
3127 510 3256 578 ergo
3277 496 3477 554 dicitur
3508 517 3522 555 :

157 582 303 640 dicis
334 588 585 645 bonum?
611 591 799 648 Nemo
823 595 1008 660 bonus,
1039 591 1140 647 nisi
1161 591 1303 646 solus
1330 586 1494 643 Deus.

239 677 341 736 65.
368 681 624 739 Versuta
652 685 1049 757 interrogatio,
1081 695 1134 741 et
1152 684 1277 740 ideo
1298 689 1484 754 arguta
1515 678 1823 749 responsio.

156 767 452 828 Tentator
481 778 643 830 enim
672 781 937 850 princeps
966 779 1068 832 iste
1090 777 1407 847 magistrum
1435 773 1634 826 bonum
1663 770 1826 836 dixit,

158 866 262 936 qui
295 866 488 923 Deum
526 870 754 928 bonum
793 875 975 930 dicere
1012 871 1311 928 debuisset.
1343 866 1474 923 Nam
1521 866 1649 920 licet
1688 875 1744 920 et
1772 864 1823 919 in

161 957 484 1016 divinitate
513 962 760 1022 bonitas
786 968 878 1033 sit,
908 975 965 1021 et
996 966 1049 1020 in
1077 964 1322 1020 bonitate
1355 960 1611 1016 divinitas
1640 958 1826 1030 (nemo

157 1052 321 1108 enim
372 1055 575 1112 bonus
621 1061 736 1115 nisi
765 1061 918 1117 solus
963 1060 1151 1124 Deus,
1201 1058 1380 1114 omnis
1426 1065 1607 1110 autem
1661 1053 1826 1108 homo
1875 1095 1880 1100 .

159 1147 423 1204 mendax
471 1149 701 1210 (Psal.
748 1169 870 1219 cxv,
935 1154 991 1209 11
1026 1153 1069 1224 ).
1126 1149 1386 1221 quidquid
1439 1158 1615 1204 autem
1673 1161 1826 1202 men-

157 1239 278 1297 dax
307 1282 330 1312 ,
362 1244 572 1316 utique
618 1263 738 1302 non
769 1248 1022 1317 bonum),
1060 1256 1240 1302 tamen
1271 1242 1543 1309 addendo,
1576 1241 1826 1312 Magister

161 1334 332 1404 δοηεο
388 1338 449 1393 in
501 1342 780 1419 portione
827 1341 1024 1397 bonum
1070 1339 1247 1406 dixit,
1296 1354 1402 1393 non
1450 1337 1503 1391 in
1556 1333 1825 1390 universi-

161 1442 330 1502 tate;
363 1452 503 1492 nam
542 1439 704 1495 Deus
729 1439 1076 1496 universitate
1117 1437 1288 1492 bonus
1308 1478 1321 1501 ,
1352 1431 1514 1489 homo
1543 1449 1612 1489 ex
1648 1441 1823 1503 parte.

168 1529 502 1602 Propterea
537 1533 813 1592 Dominus
838 1551 852 1588 :
885 1534 1021 1602 Quid
1045 1549 1123 1587 me
1144 1531 1271 1585 dicis
1303 1530 1510 1594 bonum,
1535 1545 1695 1600 quem
1724 1543 1824 1584 ne-

170 1635 280 1694 gas
317 1625 550 1681 Deum?
583 1626 732 1695 Quid
760 1628 954 1682 bonum
977 1626 1133 1690 dicis,
1174 1639 1298 1679 cum
1325 1625 1499 1680 bonus
1533 1638 1692 1677 nemo
1722 1621 1825 1677 nisi

170 1733 331 1774 unus
359 1720 561 1776 Deus?
590 1721 715 1776 Non
746 1737 876 1792 ergo
907 1720 1106 1776 bonum
1128 1734 1188 1774 se
1218 1728 1398 1789 negat,
1421 1717 1514 1773 sed
1534 1717 1702 1773 Deum
1732 1716 1827 1772 de-

172 1809 395 1881 signat.
440 1811 642 1866 Bonus
675 1811 818 1868 enim
855 1810 980 1880 quid
1003 1820 1109 1876 est,
1141 1810 1244 1865 nisi
1301 1811 1492 1881 plenus
1525 1807 1825 1865 bonitatis?

171 1902 253 1956 At
315 1917 463 1958 vero
538 1918 673 1958 cum
721 1905 981 1974 scriptum
1029 1904 1101 1959 sit
1151 1921 1165 1957 :

171 1991 512 2060 bonitatem,
547 2011 658 2049 non
684 2005 759 2050 est
790 2012 950 2065 usque
977 1997 1045 2049 ad
1067 2012 1226 2049 unum
1257 1995 1427 2066 (Psal.
1457 1998 1572 2060 xttt,
1607 1992 1690 2064 2),
1717 1993 1822 2048 uti-

169 2098 292 2154 que
309 2084 386 2142 de
402 2085 762 2154 hominibus,
785 2104 890 2142 non
916 2088 983 2142 de
998 2087 1110 2141 Deo
1136 2087 1312 2166 dixit;
1343 2087 1486 2141 Deus
1512 2088 1659 2141 enim
1684 2099 1823 2140 unus

171 2188 288 2247 est,
327 2196 448 2236 non
483 2198 639 2238 unus
663 2197 694 2238 e
725 2197 952 2239 numero
981 2181 1161 2252 (Deut.
1214 2197 1287 2247 vt,
1310 2182 1400 2249 4);
1430 2181 1500 2234 ita
1525 2189 1580 2234 ct
1611 2178 1702 2234 Dei
1737 2177 1825 2232 Fi-

177 2273 296 2331 lius
344 2276 517 2346 quasi
557 2277 755 2333 unicus
805 2285 1065 2346 exceptus
1095 2286 1202 2342 est,
1249 2293 1355 2332 non
1389 2275 1540 2345 quasi
1587 2287 1726 2328 unus
1755 2288 1821 2328 ex

176 2367 425 2434 multis;
460 2370 788 2440 unigenitus
812 2380 916 2434 est,
951 2385 1057 2424 nou
1087 2383 1231 2424 unus
1261 2384 1324 2423 ex
1354 2367 1574 2438 genitis.
1610 2366 1676 2420 Et
1703 2365 1824 2420 ideo

185 2456 374 2514 Nemo
403 2461 582 2516 bonus
608 2504 622 2528 ,
684 2477 792 2516 non
827 2461 1144 2532 prmjudicat
1203 2460 1461 2525 Christo;
1507 2461 1632 2529 quia
1665 2472 1824 2513 nemo

178 2549 414 2620 judicat
445 2549 758 2608 Christum.
799 2551 964 2607 Nemo
985 2553 1130 2606 enim
1158 2560 1431 2620 tamquam
1461 2549 1826 2604 communiter

183 2641 260 2700 de
277 2643 456 2699 nobis
476 2643 809 2710 dicitur,sed
831 2643 965 2698 nihil
981 2645 1195 2698 Christo
1211 2659 1502 2699 commune
1517 2643 1820 2698 nobiscum.

269 2735 374 2790 66.
419 2735 588 2803 Quod
637 2737 874 2805 siquem
915 2747 1136 2801 movet,
1189 2737 1312 2806 quia
1344 2735 1512 2790 Nemo
1543 2735 1705 2788 bonus
1727 2736 1828 2788 nisi

192 2847 346 2886 unus
374 2829 532 2886 Deus
560 2873 575 2898 ,
636 2839 850 2887 moveat
879 2840 934 2886 ct
962 2830 1090 2886 illttd
1113 2873 1129 2899 ,
1174 2832 1297 2901 quia
1327 2845 1488 2885 nemo
1514 2831 1690 2884 bonus
1723 2827 1825 2881 nisi

193 2922 381 2979 Deus.
418 2923 586 2992 Quod
643 2925 740 2980 sia
768 2925 878 2981 Deo
919 2924 1090 2979 Filius
1141 2940 1248 2980 non
1290 2925 1600 2994 excipitur,
1641 2923 1829 2992 utique

196 3031 311 3073 nec
342 3034 373 3071 a
407 3018 565 3074 bono
604 3019 853 3088 Christus
882 3020 1172 3090 excipitur.
1217 3019 1321 3074 Sed
1351 3034 1472 3074 cum
1502 3019 1555 3073 in
1593 3019 1702 3073 Deo
1742 3016 1829 3070 Fi-

197 3109 315 3166 lius
345 3127 595 3182 persona
647 3115 788 3168 alter
813 3155 827 3178 ,
889 3122 1155 3184 potestate
1183 3131 1323 3168 unus
1356 3114 1424 3168 sit
1452 3155 1468 3180 ,
1520 3112 1666 3168 Unus
1694 3113 1829 3167 enim

200 3204 358 3260 Deus
392 3222 464 3260 ea:
507 3223 609 3280 quo
637 3208 810 3260 omnia
833 3250 846 3274 ,
892 3218 939 3262 et
970 3225 1102 3262 unus
1133 3207 1386 3262 Dominus
1417 3225 1508 3278 per
1534 3225 1680 3279 quem
1711 3223 1824 3260 om-

1927 583 2256 654 Conﬁtemini
2284 584 2527 653 Domino,
2581 587 2826 657 quoniam
2877 587 3035 642 bonus
3065 585 3186 657 (Ps.
3210 603 3410 656 cxxxv,
3444 591 3522 664 1),

1924 677 2103 734 bonus
2133 679 2312 748 utique
2332 680 2515 744 Pater,
2535 674 2710 734 bonus
2728 689 2782 735 et
2797 676 2991 746 Filius,
3015 680 3188 736 bonus
3207 690 3262 736 et
3284 680 3522 752 Spiritus

1922 782 2168 833 sanctus,
2193 771 2289 826 sed
2316 771 2459 828 Deus
2491 788 2632 827 unus
2658 781 2743 827 est
2767 789 2782 840 ;
2807 774 2930 843 quia
2957 772 3119 828 bonus
3147 772 3404 830 Dominus
3432 791 3522 830 ea:-

1924 868 2270 940 spectantibus
2299 885 2416 922 eunt
2439 868 2656 942 (Thren.
2689 885 2766 934 ut,
2797 867 2912 938 25).
2941 870 3022 924 An
3073 885 3180 925 non
3224 869 3398 926 bonus
3428 873 3520 943 qui

1926 963 2064 1020 bona
2109 962 2304 1017 tribuit
2350 965 2540 1019 anima!
2573 964 2823 1034 querenti
2863 965 3014 1019 eum?
3057 964 3136 1019 An
3173 981 3280 1021 non
3322 967 3519 1034 bonus,

1929 1053 2032 1123 Qui
2077 1055 2232 1108 satiat
2283 1055 2334 1108 in
2379 1055 2526 1109 bonis
2575 1057 2803 1110 animum
2850 1066 2991 1111 tuam
3020 1055 3155 1123 (Ps.
3184 1073 3278 1123 cu,
3319 1056 3521 1130 5)?An

1926 1164 2032 1204 non
2081 1147 2255 1202 bonus
2286 1189 2301 1213 ,
2359 1149 2448 1218 qui
2478 1147 2558 1203 ait
2591 1165 2603 1202 :
2637 1148 2752 1220 Ego
2783 1165 2898 1203 sum
2929 1158 3108 1220 pastor
3133 1151 3296 1206 bonus
3339 1149 3518 1223 (Joan.

1926 1243 2137 1313 x,ll)?
3396 1232 3408 1243 ’

1997 1335 2088 1393 68.
2131 1337 2235 1393 Sed
2295 1335 2500 1406 putatis
2545 1333 2669 1390 ideo
2715 1333 2886 1390 Deum
2935 1334 3179 1401 bonum;
3232 1339 3354 1407 quia
3380 1336 3524 1407 judi-

1925 1433 2067 1488 cium
2099 1447 2206 1487 non
2254 1431 2464 1489 habetb
2492 1432 2544 1486 in
2578 1445 2686 1503 quo
2727 1441 2814 1486 est
2855 1433 3152 1487 necessitas
3190 1432 3518 1488 vindicandi.

1931 1524 2152 1596 (Supra,
2177 1541 2322 1578 num.
2376 1523 2492 1595 6'7).
2547 1523 2886 1596 Quamquam
2928 1523 3038 1593 jam
3088 1525 3425 1594 praemissum
3455 1525 3526 1579 sit

1921 1619 2164 1689 judicent
2190 1620 2390 1673 bonum
2433 1633 2556 1673 esse
2585 1617 2774 1673 domui
2800 1616 2964 1672 Israel
2991 1658 3008 1684 ,
3060 1626 3242 1673 tamen
3272 1617 3399 1671 alibi
3433 1617 3526 1672 ha-

1928 1712 2026 1768 bes
2051 1732 2063 1766 :
2095 1713 2262 1780 Quam
2296 1712 2456 1766 bonus
2480 1709 2624 1765 Deus
2656 1709 2824 1765 Israel
2850 1711 3003 1766 rectis
3028 1711 3184 1764 corde
3210 1707 3331 1781 (Ps.
3358 1725 3525 1776 Lxxtt,

1929 1805 2019 1876 I)!
2054 1806 2129 1861 De
2159 1821 2270 1876 quo
2318 1807 2477 1876 igitur
2509 1807 2712 1876 putatis
2739 1803 2967 1870 dictum,
3015 1803 3084 1858 de
3110 1802 3291 1868 Patre,
3339 1817 3408 1857 an
3456 1801 3525 1856 de

1226 1869 1348 1958 Non
1397 1913 1472 1958 est
1532 1905 1619 1974 qui
1665 1903 1821 1972 faciat
1853 1869 1900 1928 Β
1927 1869 2110 1954 Filio?
2226 1899 2293 1954 de
2330 1869 2525 1965 Patre,
2567 1914 2700 1970 ergo
2738 1913 2844 1952 non
2886 1869 3141 1953 omnibus
3184 1897 3381 1952 bonus.
3418 1895 3529 1953 Cur

1929 1991 2090 2064 igitur
2111 1993 2251 2047 Filio
2277 1992 2588 2062 derogatis?
2620 1994 2672 2047 Si
2697 1992 2765 2047 de
2787 1991 2947 2058 Filio,
2972 2007 3102 2063 ergo
3123 1993 3325 2047 bonum
3354 1992 3524 2048 Deum

1925 2095 1981 2140 et
2002 2084 2558 2158 Filium‘conlitemini
2583 2103 2597 2150 ;
2633 2086 2750 2156 ipse
2773 2095 2858 2139 est
2879 2086 3024 2140 enim
3051 2084 3362 2141 Benedictus
3387 2084 3526 2141 Deus

1927 2174 2130 2243 Israel,
2159 2179 2282 2247 quia
2302 2178 2527 2231 uisitauit
2572 2187 2618 2232 et
2641 2179 2764 2250 fecit
2796 2179 3205 2251 redemptionem
3231 2179 3394 2252 plebis
3420 2195 3531 2234 sua:

1931 2270 2087 2342 (Luc.
2141 2287 2177 2337 t,
2208 2270 2325 2343 68).
2353 2271 2472 2340 Ipse
2494 2282 2578 2327 est
2601 2287 2694 2327 rex
2716 2280 2772 2327 et
2797 2272 2940 2328 Deus
2967 2272 3154 2334 Israel,
3177 2274 3264 2328 cui
3287 2272 3523 2330 dicitur:

1927 2360 2116 2427 Rabbi,
2150 2372 2204 2416 tu
2235 2379 2286 2416 es
2315 2361 2488 2418 Filius
2515 2364 2635 2430 Dei,
2661 2374 2715 2418 tu
2741 2380 2795 2418 es
2824 2380 2916 2418 rex
2937 2361 3108 2418 Israel
3134 2362 3316 2433 (Joan.
3340 2381 3380 2431 ι,
3405 2364 3523 2438 49).

1926 2457 2018 2530 Sic
2050 2454 2212 2525 igitur
2245 2456 2330 2510 hic
2359 2456 2526 2511 dicit:
2552 2456 2819 2523 Quoniam
2865 2467 2918 2510 tu
2943 2456 3144 2512 bonum
3178 2473 3264 2514 me
3292 2474 3399 2513 non
3430 2473 3530 2530 po-

1929 2528 2012 2602 tes
2039 2547 2245 2603 sentire
2267 2547 2360 2618 qui
2386 2556 2564 2603 tentas
2585 2588 2600 2612 ,
2643 2548 2770 2618 quid
2794 2564 2882 2604 me
2907 2549 3044 2604 dicis
3073 2549 3316 2604 bonum?
3346 2528 3528 2606 Bonus

1927 2644 2146 2715 quidem
2180 2658 2302 2714 ego,
2334 2642 2428 2699 sed
2459 2643 2630 2697 Rectis
2651 2644 2826 2709 corde,
2857 2646 2942 2698 cui
2966 2644 3166 2698 bonum
3196 2659 3317 2700 esse
3344 2661 3413 2700 ex
3435 2659 3531 2699 na-

1931 2747 2049 2792 tura
2079 2745 2370 2806 suppetat,
2426 2750 2532 2792 non
2576 2753 2640 2792 ex
2673 2739 2935 2792 versutia.
2971 2738 3155 2793 Bonus
3180 2753 3309 2808 ergo
3336 2737 3526 2806 Filius,

1932 2831 2140 2887 Candor
2167 2841 2239 2885 est
2270 2831 2407 2907 enim
2431 2831 2564 2886 lucis
2591 2841 2829 2895 arteriae,
2851 2841 2901 2885 et
2927 2831 3192 2900 speculum
3218 2832 3328 2884 sine
3354 2847 3530 2884 macu-

1933 2927 1984 2980 la
2026 2924 2121 2979 Dei
2152 2925 2464 2992 majestatis,
2505 2934 2553 2980 et
2576 2925 2749 2996 imago
2787 2924 3028 2978 bonitatis
3070 2924 3214 2976 illius
3243 2922 3401 2994 (Sap.
3432 2937 3532 2989 vn,

1932 3018 2047 3090 26).
2079 3017 2368 3088 Quomodo
2395 3034 2528 3088 ergo
2559 3032 2666 3080 non
2694 3021 2892 3084 bonus,
2942 3017 3032 3088 qui
3059 3027 3142 3072 est
3165 3020 3342 3087 imago
3375 3016 3532 3071 boni-

1935 3110 2098 3169 tatis?
2148 3111 2304 3166 Sicut
2349 3111 2493 3166 enim
2544 3111 2724 3179 imago
2747 3109 2842 3166 Dei
2877 3111 3038 3176 Deus,
3069 3109 3164 3164 sed
3196 3123 3336 3164 unus
3368 3108 3529 3175 Deus,

1936 3205 2009 3259 ita
2039 3213 2094 3259 et
2118 3203 2320 3259 divina:
2349 3204 2527 3273 imago
2555 3202 2816 3259 bonitatis
2840 3204 2999 3265 bona,
3030 3201 3126 3259 sed
3161 3216 3266 3256 una
3297 3202 3533 3258 bonitas.

201 3298 300 3352 nia
332 3266 538 3372 (ICor:
603 3316 719 3365 vttt,
751 3300 847 3372 6);
901 3301 1044 3357 Deus
1100 3312 1278 3357 autem
1324 3311 1378 3356 et
1417 3266 1689 3356 'Doniintts
1723 3317 1829 3356 non
1858 3266 1904 3330 Ε
1936 3298 2067 3354 Mihi
2117 3306 2268 3353 certe
2324 3296 2457 3352 utile
2495 3304 2582 3352 est
2628 3297 2829 3351 bonum
2883 3297 3050 3350 Deum
3080 3295 3328 3361 credere,
3372 3309 3536 3366 quem

199 3391 321 3449 duo
351 3393 468 3460 dii,
496 3393 591 3450 sed
623 3410 760 3449 unus
790 3395 933 3450 Deus
962 3397 1056 3459 sit,
1107 3397 1232 3466 quia
1262 3395 1521 3450 Dominus
1548 3393 1691 3450 Deus
1716 3405 1832 3449 tuus

207 3483 490 3539 Dominus
518 3503 650 3540 unus
677 3497 751 3540 est
781 3485 963 3558 (Deut.
998 3505 1070 3554 vt,
1101 3490 1185 3559 4),
1238 3490 1425 3558 utique
1464 3505 1587 3544 cum
1635 3503 1833 3544 secun-

206 3579 347 3637 dum
378 3581 731 3650 majestatem
763 3583 906 3638 Deus
937 3598 1076 3638 unus
1121 3594 1351 3654 utraque
1383 3599 1615 3654 persona
1637 3585 1731 3649 sit,
1778 3592 1834 3638 et

208 3672 405 3730 bonus
441 3689 580 3731 unus
608 3673 662 3730 in
702 3685 934 3745 utroque
973 3685 1079 3729 est.
1125 3674 1258 3730 Nam
1288 3675 1562 3745 quomodo
1587 3689 1692 3729 non
1724 3674 1827 3728 bo-

213 3780 328 3822 nus
350 3783 426 3823 ex
449 3767 591 3824 bono
617 3769 806 3823 natus?
832 3769 996 3822 Arbor
1021 3769 1157 3823 enim
1186 3767 1319 3821 bona
1349 3769 1507 3822 bonos
1529 3767 1731 3837 [ructus
1750 3770 1833 3837 {a-

217 3862 292 3915 eit
354 3861 572 3933 (Matth.
601 3878 696 3926 vu,
725 3863 836 3933 I7).
881 3863 1168 3930 Quomodo
1205 3878 1314 3916 non
1344 3861 1548 3926 bonus,
1586 3876 1709 3916 cum
1735 3862 1831 3916 lto-

223 3951 425 4008 nitatis
454 3953 758 4009 substantia
787 3963 1067 4023 assumpta
1110 3969 1176 4009 ex
1203 3953 1368 4008 Patre
1400 3968 1509 4007 non
1531 3952 1834 4022 degenera-

225 4048 303 4104 rit
330 4047 388 4103 in
413 4047 574 4115 Filio,
600 4063 721 4117 qua:
749 4063 852 4102 non
885 4047 1238 4118 degeneravit
1267 4048 1318 4100 in
1348 4045 1590 4115 Spiritu?
1618 4045 1684 4099 Et
1711 4044 1834 4099 ideo

227 4137 472 4208 Spiritus
501 4149 617 4192 tuus
645 4139 806 4193 bonus
836 4139 1052 4192 deducet
1099 4155 1176 4191 tne
1218 4138 1268 4191 in
1301 4139 1436 4190 viam
1489 4145 1681 4190 rectam
1710 4135 1830 4208 (Ps.

231 4247 410 4296 chtt,
445 4231 556 4298 11).
586 4229 741 4297 Quod
765 4229 808 4284 si
837 4230 1010 4284 bonus
1039 4230 1274 4299 Spiritus
1296 4229 1384 4297 qui
1411 4229 1623 4298 accepit
1651 4244 1718 4282 ex
1750 4226 1838 4282 Fi-

234 4326 338 4392 lio,
372 4324 546 4378 bonus
569 4324 752 4393 utique
799 4331 858 4380 et
904 4324 994 4379 ille
1041 4325 1133 4395 qui
1161 4321 1402 4377 tradidit.
1431 4323 1638 4377 Etcum
1665 4321 1837 4377 bonus

234 4416 404 4472 Pater
435 4459 450 4483 ,
505 4417 689 4487 utique
731 4425 785 4472 et
817 4417 909 4472 ille
941 4417 1113 4472 bonus
1153 4416 1245 4487 qui
1271 4417 1452 4471 omnia
1485 4415 1671 4483 habet,
1714 4432 1835 4488 qua:

237 4509 409 4567 Pater
439 4509 621 4564 habet.
669 4511 775 4564 Aut
824 4510 871 4564 si
915 4511 1124 4580 negatis
1158 4509 1352 4564 Filium
1388 4510 1588 4566 habere
1618 4509 1836 4566 bonita-

239 4612 372 4669 tem,
400 4601 611 4672 negatis
641 4613 696 4658 et
725 4603 940 4658 Patrem
975 4604 1156 4674 (Joan.
1182 4620 1314 4669 xvtt,
1351 4603 1462 4674 I0).

312 4694 400 4750 67.
429 4695 588 4750 Ratio
605 4695 827 4751 evidens
845 4697 1110 4766 exemplis
1127 4712 1230 4750 non
1251 4706 1396 4766 eget,
1418 4707 1598 4752 tamen
1620 4695 1836 4770 1488

238 4788 325 4843 vel
369 4791 748 4844 auctoritatem
802 4790 1095 4860 sequimini
1158 4790 1601 4860 Scriptttrarum;
1659 4792 1834 4860 scrip-

239 4887 350 4938 tum
395 4889 478 4934 est
521 4881 664 4935 enirn
698 4899 711 4935 :
747 4880 1003 4936 Dominus
1026 4880 1193 4952 judex
1237 4881 1397 4935 bonus
1438 4881 1618 4935 domui
1666 4879 1835 4962 Israel

243 4972 412 5045 (Esai.
447 4990 638 5040 xxxtu,
687 4975 802 5046 22).
833 4977 907 5030 De
934 4975 1075 5031 Filio
1101 5017 1114 5041 ,
1147 4990 1215 5030 an
1239 4974 1307 5030 de
1337 4975 1498 5030 Patre
1525 4975 1694 5030 dicit?
1725 4975 1833 5032 Sed

241 5065 398 5122 Pater
423 5085 525 5123 non
546 5069 753 5141 judicat
775 5085 1079 5140 quamquam
1094 5084 1114 5132 ;
1139 5070 1262 5138 quia
1290 5086 1439 5123 omne
1453 5069 1712 5140 judicium
1737 5072 1830 5124 de-

238 5161 312 5216 dit
343 5159 482 5215 Filio
507 5158 688 5232 (Joan.
712 5177 768 5226 ν,
797 5161 913 5230 22).
947 5161 1088 5230 Ergo
1137 5159 1402 5215 Dominus
1431 5161 1606 5214 bonus
1639 5158 1829 5215 Filius.

237 5254 439 5325 Accipe
463 5255 606 5310 aliud
637 5274 650 5308 :
683 5253 1004 5309 Trinitatem
1039 5254 1226 5324 utique
1280 5253 1610 5309 conﬁtentur
1647 5254 1738 5325 qui
1768 5253 1836 5309 ad

237 5349 569 5421 baptismum
601 5348 823 5404 veniunt
847 5364 862 5412 ;
886 5347 1010 5417 quia
1040 5346 1386 5416 baptizantur
1414 5347 1464 5401 in
1495 5346 1714 5402 nomine
1737 5347 1837 5402 Pa-

239 5442 358 5510 tris,
381 5451 436 5499 et
454 5442 603 5510 Filii,
623 5452 678 5498 et
704 5442 938 5515 Spiritus
971 5442 1167 5508 sancti,
1191 5456 1322 5511 ergo
1351 5452 1406 5498 et
1438 5451 1464 5480 ⁸
1491 5441 1639 5497 Patri
1671 5450 1726 5497 et
1751 5441 1839 5498 Fi-

313 5637 339 5664 ιι
381 5627 542 5683 Pauci
575 5640 730 5691 mss.,
769 5624 982 5680 Patrem
1011 5633 1059 5680 et
1087 5621 1290 5681 Filium
1329 5635 1378 5680 et
1419 5625 1677 5696 Spiritum
1727 5642 1849 5682 san-

217 5708 374 5755 ctum
403 5699 690 5768 conﬁtetur.

312 5770 340 5810 ι)
372 5771 503 5825 Mss.
533 5770 758 5838 aliquot,
784 5770 837 5823 in
865 5769 1266 5840 quonecessitas
1296 5785 1398 5823 non
1418 5778 1491 5824 est
1517 5769 1840 5827 vindicandi.

319 5853 340 5881 ο
383 5841 528 5896 Edit.
564 5841 724 5912 Rom.
755 5842 906 5910 plura
939 5839 1026 5900 hic
1069 5857 1165 5912 per
1206 5850 1439 5911 quatuor
1474 5851 1566 5896 aut
1601 5857 1840 5912 qumque

243 5911 520 5971 columnas
546 5907 767 5983 preprla
790 5907 1112 5972 auctoritate
1135 5907 1567 5984 transposnernt,
1596 5907 1718 5983 qua:
1738 5907 1838 5969 nos

1858 4658 1911 4719 Ῐ)

1937 3407 2182 3446 meorum
2215 3389 2500 3445 habiturus
2534 3405 2653 3444 sum
2681 3389 2921 3460 judicent
2955 3388 3302 3444 delictorum.
3348 3387 3429 3442 Illi
3454 3387 3537 3442 vi-

1935 3483 2115 3540 derint
2141 3483 2234 3556 qui
2263 3484 2490 3540 credere
2516 3467 2720 3539 bonum
2749 3485 2961 3538 nolunt.
3005 3482 3189 3554 Itaque
3217 3482 3346 3551 quia
3373 3481 3540 3552 legis-

1935 3581 2143 3653 peritus
2173 3592 2257 3637 est
2306 3581 2410 3636 iste
2452 3581 2542 3652 qui
2573 3587 2752 3634 tentat
2778 3621 2792 3644 ,
2848 3579 2988 3634 sicut
3039 3577 3091 3632 in
3123 3578 3265 3633 libro
3311 3577 3418 3632 alio
3443 3576 3537 3632 de-

1935 3686 2306 3741 monstratur,
2362 3675 2501 3730 bene
2549 3674 2737 3730 dixit:
2775 3672 2943 3727 Nemo
2995 3673 3194 3737 bonus,
3252 3672 3352 3726 nisi
3403 3670 3538 3724 Deus

1937 3767 2132 3838 (Marc.
2169 3784 2230 3834 x,
2263 3767 2396 3836 I8);
2447 3777 2506 3821 ut
2546 3767 2869 3822 admoneret
2913 3765 3038 3836 quia
3102 3764 3364 3834 scriptum
3411 3771 3533 3819 est:

1937 3861 2063 3915 Non
2111 3861 2330 3914 tentabis
2383 3859 2660 3913 Dominum
2710 3859 2877 3914 Deum
2915 3869 3060 3913 tuum
3097 3855 3273 3928 (Deut.
3308 3872 3382 3923 γι,
3416 3855 3533 3926 16),

1936 3953 2031 4008 sed
2063 3953 2235 4023 magis
2267 3951 2621 4029 conﬁteretur
2645 3952 2896 4016 Domino,
2930 3951 3191 4016 Quoniam
3222 3950 3385 4003 bonus
3410 3945 3532 4018 (Ps.

1937 4059 2136 4110 cxxxv,
2169 4043 2244 4116 I).

2011 4138 2103 4193 69.
2147 4137 2338 4209 (Vers.
2368 4136 2498 4210 21.)
2544 4136 2788 4207 Denique
2835 4151 2956 4192 eum
3005 4150 3155 4206 saepe
3195 4132 3536 4206 perstringit,

1941 4245 2063 4284 nam
2096 4230 2354 4300 glorianti
2411 4231 2462 4284 in
2513 4231 2630 4298 lege
2660 4227 2802 4298 quod
2835 4243 2864 4280 a
2892 4229 3174 4296 iuventute
3213 4241 3311 4282 sua
3356 4224 3538 4280 omnia

1938 4322 2299 4387 custodisset;
2353 4331 2410 4376 ut
2459 4322 2675 4376 inanem
2713 4320 3032 4390 iactantiam
3062 4321 3179 4390 ejus
3209 4327 3535 4390 exponeret,

1939 4417 2180 4473 ostendit
2203 4417 2254 4473 ei
2283 4415 2461 4472 adhuc
2485 4415 2681 4472 deesse
2722 4415 2867 4486 quod
2892 4415 3051 4485 Legis
3081 4423 3184 4469 est.
3220 4413 3286 4467 Et
3321 4411 3442 4469 ideo
3471 4415 3537 4468 ad

1937 4510 2333 4566 misericordia:
2351 4518 2684 4581 praeceptum
2707 4509 2876 4564 tristis
2908 4507 3218 4573 inducitur;
3245 4506 3383 4561 utin
3410 4520 3536 4562 eum

1937 4604 2201 4660 naturalis
2229 4603 2476 4674 quasdam
2519 4602 2678 4658 detur
2710 4602 2880 4657 forma
2911 4603 3220 4657 sententiae.

2009 4698 2190 4769 (Vers.
2215 4697 2336 4766 25.)
2381 4707 2404 4736 ο
2447 4695 2685 4751 Facilius
2734 4697 2990 4750 camelum
3019 4713 3108 4766 per
3138 4699 3371 4768 foramen
3415 4712 3539 4752 acus

1935 4791 2180 4856 transire,
2209 4806 2364 4859 quam
2393 4790 2601 4842 divitem
2625 4789 2821 4842 intrare
2843 4790 2892 4867 in
2923 4805 3139 4861 regnum
3166 4788 3284 4843 Dei.

2007 4887 2096 4942 70.
2139 4884 2329 4954 Magna
2360 4883 2440 4938 vis
2466 4925 2479 4949 ,
2535 4898 2786 4953 magnum
2836 4882 3048 4952 pondus
3079 4884 3130 4936 in
3165 4882 3375 4938 vet-bis.
3408 4881 3540 4950 Qui-

1938 4977 2042 5032 bus
2069 4977 2216 5032 enitn
2248 4975 2433 5032 verbis
2463 4975 2582 5030 aliis
2603 4974 2988 5031 vehementius
3027 4978 3386 5046 exprimeret,
3431 4993 3539 5032 non

1938 5070 2140 5126 debere
2166 5072 2380 5140 jactare
2414 5085 2474 5126 se
2494 5070 2716 5125 divitem
2744 5069 2796 5124 in
2826 5069 3031 5124 divitiis
3058 5071 3194 5138 suis,
3222 5086 3384 5139 quam
3419 5070 3540 5126 tali-

1937 5163 2037 5220 bus
2076 5161 2270 5235 quibus
2319 5163 2580 5218 delinitur
2605 5173 2797 5218 contra
2829 5170 3078 5217 naturam
3106 5177 3226 5217 esse
3253 5163 3406 5218 dives
3439 5163 3542 5218 mi-

1939 5256 2215 5312 sericors?
2245 5255 2414 5311 Aufer
2444 5255 2576 5310 mihi
2598 5255 2866 5309 lenocinia
2901 5254 3196 5326 lucumque
3224 5256 3537 5320 verborum,

1939 5365 2062 5420 qua:
2109 5350 2292 5406 solent
2337 5363 2602 5405 enervare
2627 5345 3000 5404 sententias.d
3029 5348 3239 5403 Lactari
3291 5363 3397 5402 non
3439 5346 3536 5401 dc-

1943 5441 2058 5498 buit
2089 5442 2195 5498 iste
2216 5483 2230 5508 ,
2264 5441 2359 5497 sed
2389 5441 2560 5512 frangi
2579 5481 2596 5508 ,
2648 5442 2739 5512 qui
2770 5441 3202 5497 misericordiam
3231 5439 3540 5510 respuebat.

1953 5627 2054 5684 etsi
2085 5627 2316 5698 pristino
2340 5626 2518 5684 ordini
2545 5627 2926 5693 restituamus,
2958 5641 3024 5681 ea
3053 5634 3234 5680 tamen
3265 5625 3316 5680 in
3351 5627 3548 5698 margi-

1949 5695 2132 5764 nibus,
2162 5716 2284 5770 qttae
2313 5716 2420 5755 non
2445 5700 2547 5754 nisi
2569 5715 2711 5771 a-gre
2733 5709 2840 5754 tam
2871 5699 3039 5753 multa
3063 5705 3320 5766 caperent
3343 5695 3549 5752 descri-

1945 5771 2075 5827 bere
2102 5773 2541 5842 supersedemus.

2015 5842 2040 5880 ά
2073 5837 2325 5900 δὶο⁷εάἰῑ.
2353 5843 2481 5897 Era.
2508 5851 2564 5898 et
2593 5840 2720 5898 Gill.
2755 5843 2808 5897 in
2834 5857 3003 5900 mare.
3038 5853 3138 5896 nec
3166 5853 3274 5895 non
3303 5837 3463 5894 Rom.
3495 5839 3548 5894 in

1940 5927 2092 5986 corp.
2116 5929 2237 5973 cum
2263 5912 2540 5985 plerisque
2567 5913 2784 5983 scriptis
2806 5912 2928 5969 cod.
2955 5907 3110 5970 Edit.
3145 5921 3323 5970 autem
3358 5914 3461 5964 vet.
3492 5907 3545 5966 itt
