4186 6358
564 299 703 359 1787

1872 308 2122 369 8ΑΝοΤΙ
2140 254 2488 375 [Αιιιιιιοδιι

3735 322 3863 389 ιιιε

564 435 770 493 Tamen
807 436 859 491 'si
891 448 1028 508 quos
1066 438 1362 495 verborum
1396 438 1608 516 1m
1635 444 1803 515 magis
1838 452 2160 503 ornamenta

2271 429 2386 495 nite,
2411 428 2536 501 ﬁlii,
2562 432 2742 489 audite
2762 448 2844 489 me
2862 433 3040 509 (Pent.
3068 450 3261 505 xxxm,
3283 435 3413 512 li):
3446 451 3718 510 parentes,
3746 445 3891 516 quia

564 542 727 601 quam
755 542 951 586 sensus
992 532 1167 589 virilis
1204 545 1257 589 et
1284 528 1570 590 naturalis
1608 536 1826 608 quidam
1860 535 2078 595 habitus
2116 548 2171 598 et

565 626 736 680 forma
757 624 1039 680 delectant
1062 642 1075 681 :
1104 626 1249 697 quod
1272 628 1397 684 boni
1422 627 1628 685 faciunt
1651 631 1913 699 petitores
1933 632 1986 689 in
2002 646 2172 693 uxore

569 719 815 775 ducenda
844 762 859 787 ,
921 730 979 775 ut
1009 735 1192 778 mores
1235 721 1550 792 discutiant,
1586 740 1693 782 non
1741 724 2037 796 decorem:
2071 743 2172 788 nec

459 824 469 833 '
566 826 819 893 aspectus
852 814 1156 872 oll‘ensione
1185 828 1531 887 revocentur,
1577 832 1701 877 cum
1752 822 1958 881 virtute
2001 824 2171 882 animi

561 916 931 976 provocamur
960 926 973 964 :
1006 910 1057 965 hi
1104 926 1325 983 quoque
1356 913 1423 983 in
1465 913 1645 970 verbis
1674 916 1994 988 mysterium
2023 933 2174 991 quze-

564 1008 709 1064 rant,
760 1001 905 1071 quod
944 1006 1029 1057 est
1077 1018 1233 1061 mens
1276 1006 1525 1077 quantam
1555 1016 1608 1064 et
1629 1009 1813 1066 anima
1844 1008 2169 1081 verborum;
2202 1033 2213 1040 ε

567 1106 669 1149 nec
705 1094 758 1148 in
782 1096 1045 1167 mysterio
1072 1098 1238 1154 verba
1265 1098 1580 1156 discutiant.
2096 1158 2099 1163 .

638 1187 728 1242 7i.
770 1185 1028 1244 Camelus
1059 1206 1191 1260 ergo
1219 1192 1273 1248 in
1306 1202 1435 1266 typo
1465 1196 1699 1265 populus
1719 1198 1944 1268 gentilis
1971 1200 2176 1273 accipi-

576 1288 685 1347 tur,
719 1296 880 1350 quem
917 1283 1007 1338 leo
1038 1284 1131 1341 ille
1161 1300 1415 1357 quaerens
1448 1302 1606 1356 quem
1642 1290 1891 1355 devoret,
1918 1301 2171 1351 onustum

571 1373 835 1429 thesauro
863 1376 1200 1447 propheticis
1220 1388 1246 1417 ⁸
1271 1380 1437 1451 agitat
1464 1382 1753 1452 speciebus
1770 1382 1822 1440 in
1845 1384 2121 1444 desertum
2154 1406 2171 1445 :

568 1471 622 1523 in
646 1467 999 1524 tribulatione
1021 1472 1166 1526 enim
1194 1480 1250 1528 et
1270 1474 1518 1545 angustia
1543 1472 1628 1531 leo
1655 1486 1710 1533 et
1734 1476 1947 1536 catulus
1971 1479 2169 1549 leonis,

572 1560 794 1631 aspides
821 1574 875 1618 et
908 1566 1197 1634 progenies
1229 1567 1477 1638 aspidum
1506 1571 1803 1627 volantium
1844 1573 2094 1631 ferebant
2118 1576 2172 1633 in

568 1657 736 1712 asinis
756 1666 810 1713 et
843 1658 1065 1715 camelis
1085 1659 1303 1717 divitias
1326 1676 1453 1718 suas
1481 1663 1654 1736 (Esai.
1682 1675 1809 1733 xxx,
1845 1666 1922 1738 6).
1945 1667 2010 1724 Et
2034 1669 2172 1729 bene

568 1751 808 1809 cameius
858 1767 956 1823 pro
983 1755 1173 1825 gentili
1210 1754 1472 1825 figuratus
1501 1765 1588 1814 est
1628 1759 1869 1830 populo;
1916 1763 2041 1831 quia
2075 1780 2167 1819 su-

2274 519 2390 589 ipse
2437 522 2695 579 Dominus
2733 520 2874 581 dixit
2907 542 2922 581 :
2956 525 3089 596 Qua:
3128 530 3257 585 mihi
3297 540 3461 586 mater
3508 544 3601 588 aut
3646 536 3868 603 fratres?

2275 613 2448 672 Mater
2471 628 2521 673 et
2549 621 2740 690 fratres
2770 622 2871 677 mel
2908 619 2963 676 Iri
2987 633 3106 678 stml
3145 625 3235 695 qui
3286 625 3511 681 audiunt
3541 629 3750 684 verbum
3771 626 3868 686 Dei

2273 718 2322 764 et
2349 711 2551 781 faciunt
2578 711 2733 776 (Luc.
2766 729 2877 780 vin,
2902 713 3021 789 91).

2348 800 2437 856 74.
2482 804 2629 861 Bene
2658 820 2789 878 ergo
2816 804 2925 863 Lex
2955 823 3075 880 qure
3108 811 3440 881 praemiserat
3473 828 3488 867 :
3520 810 3725 889 Diliges
3758 814 3872 873 Do—

2274 895 2472 981 minum
2493 894 2663 953 Deum
2693 909 2859 969 tuum,
2888 914 2932 957 et
2957 900 3143 976 diliges
3172 906 3469 976 proximum
3499 915 3662 977 tuum,
3688 911 3875 981 subje-

2273 980 2356 1046 cit
2381 1007 2397 1047 :
2430 988 2647 1047 Honora
2682 1003 2883 1066 patrem
2917 1005 3064 1051 tuum
3104 1006 3153 1052 et
3192 1008 3432 1053 matrem.
3463 998 3693 1069 {Primus
3724 980 3874 1059 enim

2271 1085 2474 1156 gradus
2495 1088 2596 1143 iste
2618 1089 2835 1159 pietatis
2856 1099 2971 1156 est;
3000 1104 3238 1166 namque
3260 1093 3360 1151 hos
3380 1104 3635 1153 auctores
3661 1094 3881 1172 1m

2276 1176 2370 1232 tibi
2396 1192 2523 1235 esse
2555 1179 2729 1236 voluit
2760 1182 2924 1239 Deus.
2954 1183 3170 1242 Honora
3192 1187 3488 1258 obsequiis,
3515 1198 3573 1246 ut
3598 1193 3882 1249 abstineas

2273 1286 2304 1326 a
2336 1274 2704 1341 contumeliis,
2736 1278 2860 1347 quia
2888 1293 2957 1334 ne
2988 1279 3139 1335 vultu
3164 1279 3383 1352 quidem
3427 1282 3674 1340 laedenda
3705 1284 3883 1355 pietas

2273 1374 2360 1422 est
2389 1380 2697 1438 parentum.
2731 1370 2837 1427 Sed
2865 1387 3059 1443 parum
3087 1382 3169 1430 est
3212 1391 3321 1431 non
3358 1375 3580 1445 laedere,
3608 1379 3733 1450 quia
3765 1379 3881 1436 Lex

2275 1465 2553 1533 prospexit
2582 1479 2653 1521 ne
2694 1464 2971 1536 patiantur
2999 1468 3250 1538 injuriam
3284 1486 3299 1526 :
3346 1470 3448 1538 Qui
3484 1472 3622 1526 enim
3650 1474 3883 1529 maledi—

2271 1554 2403 1608 πει-ιι
2432 1556 2570 1625 patri
2597 1557 2674 1612 uel
2700 1559 2871 1626 matri,
2904 1570 3073 1616 morte
3102 1563 3352 1618 morietur
3376 1562 3574 1637 (Exod.
3598 1579 3718 1634 ιιι,
3750 1566 3845 1639 i7)
3863 1582 3883 1622 ι
3956 1634 3959 1635 ν

2273 1656 2329 1700 ιιι
2361 1645 2591 1715 honora,
2620 1660 2681 1705 ut
2706 1651 2881 1707 bonus
2908 1653 3006 1708 sis.
3036 1653 3197 1711 Aliud
3226 1666 3311 1713 est
3332 1655 3492 1728 Legis
3519 1656 3878 1727 beneﬁcium,

2272 1741 2416 1796 aliud
2448 1744 2664 1813 pietatis
2710 1744 2972 1801 ofﬁcium.
3008 1748 3222 1805 llonora
3266 1759 3410 1819 tuos,
3451 1752 3575 1823 quia
3618 1767 3748 1809 suos
3779 1754 3885 1813 Dei

568 1847 908 1919 ρθτειίιεοηίε
937 1848 1285 1906 deformitate
1315 1826 1674 1923 degenerang’
1702 1826 2018 1928 'prius’quém
2040 1872 2160 1915 ere.
2200 1829 2248 1893 B
2276 1831 2452 1928 liilius
2487 1836 2793 1893 honoravit.
2827 1826 3226 1911 Legistilenim,
3257 1841 3329 1898 Et
3368 1854 3477 1899 erat
3504 1845 3740 1903 subditus
3769 1848 3893 1906 illic

570 1940 728 1997 deret
757 1941 993 2010 pepulus
1025 1942 1335 2009 nationum,
1381 1942 1634 2001 belluinaa
1672 1947 1911 2017 speciem
1952 1948 2167 2006 findite-

566 2034 655 2101 tis,
687 2033 921 2090 absurda
951 2035 1198 2105 vestigia,
1228 2050 1323 2091 ora
1348 2037 1526 2109 turpia
1554 2038 1899 2108 praeferebat.
1932 2039 2168 2100 Facilius

570 2126 731 2197 igitur
751 2126 854 2181 iste
885 2137 1137 2197 peccator
1168 2142 1263 2197 per
1280 2128 1433 2187 ,viam
1467 2129 1686 2185 intravit
1707 2140 1991 2204 angustam
2023 2134 2169 2205 (quae

570 2229 657 2277 est
697 2222 782 2276 via
818 2220 1049 2289 Christi,
1075 2223 1167 2294 qui
1206 2237 1305 2293 per
1341 2222 1548 2295 proprii
1579 2227 1833 2298 corporis
1861 2229 2168 2299 passionem

572 2314 766 2369 mortis
818 2322 1116 2385 penetrans
1165 2316 1341 2381 viam,
1396 2316 1548 2372 velut
1601 2333 1732 2374 acus
1782 2319 2171 2393 redintegravit

568 2409 737 2462 scissa
764 2398 1011 2477 quaedam
1045 2414 1250 2464 nostra:
1278 2409 1604 2466 vestimenta
1637 2412 1870 2484 natum)
1891 2428 2052 2485 quam
2075 2430 2172 2487 po-

573 2505 735 2575 pulus
762 2504 1075 2561 Judmorum
1099 2505 1250 2563 dives
1279 2506 1330 2561 in
1362 2506 1764 2580 Lege,'egenus
1796 2512 1849 2568 in
1877 2512 2006 2582 iide,
2031 2531 2172 2588 prte-

566 2607 758 2668 ruptus
780 2600 830 2653 in
863 2597 1069 2666 furore,
1105 2601 1403 2672 probrosus
1432 2606 1481 2658 in
1513 2605 1770 2661 crimine.

648 2691 739 2748 72.
784 2692 968 2749 Potest
998 2695 1159 2750 etiam
1191 2695 1474 2752 moraliter
1497 2696 1568 2753 de
1596 2699 1742 2754 omni
1784 2698 2018 2773 intelligi
2048 2714 2174 2770 pec-

572 2795 776 2851 calore,
812 2792 866 2840 et
910 2783 980 2840 de
1023 2796 1318 2858 arrogante
1363 2788 1547 2844 divite.
1598 2788 1793 2847 Nonne
1835 2791 1928 2847 tibi
1961 2792 2174 2850 videtur

570 2879 892 2950 publicanus
914 2879 1005 2935 ille
1030 2888 1290 2937 oneratus
1317 2896 1538 2938 suorum
1570 2883 1910 2941 conscientia
1939 2884 2172 2943 delicto-

570 2959 713 3039 rum,
761 2987 883 3028 cum
915 2972 1108 3029 oculos
1147 2974 1214 3028 ad
1265 2974 1432 3031 Deu‘m
1484 2988 1593 3032 non
1640 2977 1867 3033 auderet
1921 2980 2176 3039 attollere

570 3064 724 3137 (Luc.
754 3081 911 3131 xvm,
950 3065 1062 3138 15),
1096 3066 1245 3122 velut
1280 3067 1501 3139 quidam
1544 3070 1788 3127 cameius
1833 3070 1885 3127 in
1925 3068 2173 3131 foramen

569 3174 699 3215 acus
751 3158 1111 3221 confessionis
1158 3175 1270 3215 sua:
1322 3162 1582 3218 remediis
1635 3160 1845 3219 facilius
1902 3156 2163 3235 introire,

571 3269 733 3326 quam
771 3256 1072 3328 pharisaeus
1111 3255 1203 3311 ille
1231 3253 1260 3294 ι)
1289 3256 1342 3311 in
1386 3268 1611 3327 regnum
1663 3256 1779 3325 Dei,
1809 3270 2075 3328 arrogans
2115 3258 2168 3314 in

571 3362 755 3420 prece,
797 3350 1012 3421 jactans
1041 3347 1402 3415 innocentiae,
1439 3361 1801 3420 praesumptor
1836 3350 2042 3422 giorim,
2077 3368 2172 3409 ex-

574 3442 865 3513 probratur
904 3441 1316 3507 misericordim,
1350 3440 1680 3513 praedicator
1708 3443 1812 3512 sui,
1844 3444 2173 3502 criminator

568 3532 735 3590 alieni
769 3550 783 3590 :
815 3533 906 3604 qui
936 3532 1106 3605 magis
1132 3535 1453 3601 conveniret
1480 3534 1764 3590 Dominum
1813 3551 1976 3605 quam
2009 3551 2171 3609 roga-

573 3626 694 3681 ret?
731 3625 789 3683 Si
836 3628 958 3698 quis
1000 3627 1162 3698 igitur
1198 3625 1384 3683 horret
1414 3628 1710 3698 camelum,
1740 3628 2016 3686 horrescat
2046 3645 2169 3687 eum

576 3718 664 3790 qui
691 3718 847 3774 factis
878 3718 1073 3775 ltedior
1097 3721 1175 3775 sit
1195 3721 1430 3777 camelo.

646 3808 831 3880 (Vers.
856 3810 976 3883 20.)
1017 3810 1237 3868 Honora
1265 3823 1465 3883 patrem
1487 3824 1537 3870 et
1559 3824 1795 3871 matrem.

645 3905 737 3963 75.
776 3905 1012 3963 Pulchre
1044 3906 1177 3962 mihi
1212 3907 1374 3964 hodie
1419 3909 1620 3981 legitur
1660 3909 1820 3982 Legis
1857 3908 2167 3980 exordium,

572 3999 791 4069 quando
819 3999 924 4054 mei
948 4001 1144 4056 natalis
1172 4010 1257 4056 est
1282 4002 1608 4069 sacerdotii;
1646 4013 1669 4042 ο
1701 4004 1993 4075 quotannis
2024 4003 2170 4059 enim

570 4093 723 4162 quasi
781 4090 849 4147 de
906 4093 1121 4164 integro
1184 4093 1402 4151 videtur
1458 4093 1700 4165 incipere
1757 4095 2167 4164 sacerdotium,

570 4182 789 4254 quando
831 4193 1135 4254 temporum
1182 4194 1482 4241 renovatur
1522 4194 1703 4242 astate.
1755 4185 1962 4243 Bonum
2003 4186 2169 4243 etiam

567 4274 712 4348 quod
761 4276 997 4349 legitur:
1031 4277 1250 4334 Honora
1291 4289 1491 4351 patrem
1518 4290 1565 4335 et
1592 4290 1810 4336 matrem
1840 4280 2041 4354 (Exod.
2072 4297 2167 4351 xx,

568 4369 680 4442 ιε).
724 4370 831 4428 Vos
865 4367 1008 4427 enim
1042 4372 1173 4428 mihi
1215 4374 1351 4430 estis
1399 4382 1675 4444 parentes,
1717 4370 1744 4412 ἀ
1771 4375 1861 4447 qui
1912 4375 2170 4432 sacerdo-

567 4462 700 4517 tium
741 4462 1059 4520 detulistis:
1099 4479 1230 4532 vos,
1268 4464 1511 4537 inquam,
1566 4465 1681 4531 lilii,
1733 4464 1820 4520 vel
1864 4475 2164 4536 parentes:

566 4554 663 4610 lilii
704 4556 925 4625 singuli,
961 4557 1203 4613 universi
1235 4569 1516 4629 parentes;
1571 4556 1807 4616 libenter
1834 4558 1980 4615 enim
2016 4573 2166 4615 meos

568 4645 800 4702 dixerim
836 4662 933 4704 vos
977 4650 1063 4706 vel
1109 4625 1336 4715 liberos,
1368 4650 1453 4706 vel
1489 4661 1763 4722 parentes,
1812 4651 1906 4722 qui
1938 4649 2163 4707 verbum
2195 4625 2247 4688 Ῑ)

566 4738 661 4796 Dei
689 4740 886 4798 auditis
911 4753 965 4799 et
996 4742 1173 4801 facitis
1204 4762 1219 4800 :
1250 4744 1412 4811 ﬁlios,
1440 4745 1566 4817 quia
1595 4744 1857 4816 scriptum
1888 4754 1973 4801 est
2006 4761 2020 4799 :
2061 4741 2164 4798 Ve-

564 4936 718 4993 eorp.
771 4938 834 4979 ac
874 4925 1152 4981 nonnulla:
1192 4940 1263 4983 ex
1288 4925 1493 4981 ultimis
1529 4925 1703 4981 Paris.
1733 4938 1857 4982 cum
1887 4937 2020 4981 mss.
2066 4922 2169 4980 ali.

565 5006 723 5069 quot,
740 4998 935 5069 jactari
963 5014 1064 5052 non
1091 4997 1284 5052 debuit.
1312 4997 1433 5052 Non
1459 4998 1593 5053 satis
1612 5008 1759 5066 apte.

640 5076 666 5103 ιι
705 5067 905 5125 Omnes
934 5070 1066 5145 edit.
1106 5077 1161 5124 et
1189 5070 1346 5145 pauci
1377 5083 1508 5145 mss.
1529 5110 1545 5135 ,
1574 5070 1682 5145 agit
1722 5067 1987 5145 aﬂatibus.
2027 5074 2166 5145 Sep.

570 5147 677 5193 lem
706 5153 837 5193 mss.
890 5141 998 5211 agit
1050 5140 1360 5208 aspectibus.
1411 5139 1528 5195 Non
1561 5138 1813 5196 absurde.
1845 5139 1949 5193 Alii
1979 5138 2161 5201 tamén

564 5217 774 5286 septem
792 5211 1003 5286 .__agitat
1043 5212 1343 5286 speciebus,
1364 5211 1415 5286 id
1440 5222 1551 5274 est,
1586 5211 1772 5286 ﬁguris
1800 5211 2164 5286 ac__imagini-

564 5280 700 5346 bus,
721 5281 917 5351 quibus
956 5283 1270 5351 prophetica
1299 5284 1435 5338 visio
1461 5282 1804 5351 exprimitur.
1841 5281 1940 5340 Ubi
1977 5280 2161 5344 autem

570 5361 691 5420 post
746 5369 913 5426 [uruca
959 5368 1089 5407 mss.
1124 5354 1370 5426 plerique
1415 5355 1629 5424 legunt,
1675 5353 1747 5408 ad
1782 5357 2025 5426 aspicies;
2072 5360 2163 5417 alii

568 5423 810 5478 nonnulli
863 5433 1028 5494 atque
1073 5421 1204 5480 edit.
1263 5421 1952 5496 omnesiprmpositionem
2004 5421 2166 5487 omit-

571 5504 686 5567 tunt
708 5495 924 5567 ._magis
954 5512 1197 5567 coiiurue
1218 5498 1283 5549 ad
1309 5495 1684 5567 propheticum
1714 5508 1940 5555 textum.

637 5565 664 5605 δ
706 5564 773 5619 In
800 5582 1013 5639 regnum
1040 5564 1438 5631 Dei,.rescc:tta
1472 5569 1687 5625 fuerunt
1715 5571 1767 5625 itt
1801 5572 1937 5629 edit.
1966 5572 2128 5628 Rom.

643 5650 665 5679 ε
709 5639 838 5693 Mss.
872 5639 1117 5715 aliquot,
1162 5648 1235 5695 tot
1263 5642 1415 5695 annis
1435 5643 1590 5697 enim.
1625 5682 1638 5694 .
1661 5683 1675 5696 .
1702 5678 1719 5697 .
1752 5655 1943 5714 quanta
1974 5659 2145 5715 tempe

564 5727 711 5775 rum,
743 5721 849 5764 etc.
880 5711 979 5767 Hic
1007 5726 1168 5777 porro
1225 5723 1377 5767 vetus
1413 5711 1838 5770 consecrationis
1866 5711 2168 5774 antistitum

575 5784 867 5856 quotannis
893 5783 1240 5842 celebrandae
1263 5786 1605 5842 consuetudo
1628 5786 1921 5849 indicatur.
1952 5790 2172 5847 minime

580 5855 811 5931 indigna,
829 5863 992 5932 quam
1020 5857 1399 5919 observemus.
1430 5859 1507 5919 De
1533 5874 1639 5937 qua
1662 5861 1862 5922 videsis
1887 5861 2084 5929 Barea.
2115 5864 2170 5925 in

2272 1925 2427 1999 (Luc.
2479 1944 2538 1997 ιι,
2587 1930 2674 2002 lii)
2708 1948 2721 1986 :
2755 1932 2800 1987 si
2844 1933 2988 1991 Deus
3025 1935 3276 2004 servulis,
3306 1940 3759 2008 quemadmodum
3802 1952 3866 1999 tu

2271 2023 2628 2094 parentibus?
2682 2025 2996 2083 Honorabat
3049 2029 3211 2099 igitur
3262 2030 3463 2102 Joseph
3519 2042 3573 2089 et
3640 2034 3871 2094 Mariam

2274 2114 2522 2171 Christus
2546 2132 2654 2173 non
2688 2130 2897 2174 natura:
2924 2120 3129 2186 debito.
3155 2122 3249 2178 sed
3283 2123 3501 2193 pietatis
3535 2124 3740 2183 ofﬁcio.
3770 2127 3888 2185 llo-

2272 2209 2503 2265 norabat
2527 2220 2580 2265 et
2613 2220 2824 2279 patrem
2854 2213 3050 2281 Deum,
3096 2215 3554 2285 quemadmodum
3588 2233 3750 2276 nemo
3784 2232 3889 2293 pe-

2272 2303 2376 2357 tuit
2404 2302 2706 2371 honorare,
2741 2315 2799 2361 ut
2831 2315 2980 2363 esset
3003 2308 3268 2365 obedieus
3290 2324 3463 2383 usque
3490 2310 3556 2368 ad
3598 2323 3835 2370 mortem
3864 2333 3880 2370 :

2273 2396 2481 2454 honora
2511 2413 2639 2468 ergo
2664 2409 2718 2455 et
2750 2409 2802 2454 tu
2827 2408 3100 2471 parentes.

2346 2494 2436 2551 75.
2481 2496 2573 2550 Est
2602 2507 2785 2552 autem
2818 2496 3001 2553 honor
3035 2512 3145 2555 non
3195 2500 3368 2556 solum
3419 2501 3881 2577 honoriﬁcentia},

2274 2587 2370 2643 sed
2397 2588 2559 2643 etiam
2592 2589 2897 2663 largitatis:
2927 2589 3127 2646 Viduas
3154 2593 3377 2661 honora,
3407 2610 3522 2667 qua
3558 2610 3678 2653 vere
3706 2599 3885 2655 vidule

2272 2692 2394 2739 sunt
2424 2682 2468 2758 (l
2495 2682 2634 2739 Tim.
2665 2700 2718 2749 v,
2749 2683 2827 2758 5).
2861 2685 3042 2743 ilonor
3064 2689 3209 2744 enim
3237 2698 3322 2746 est
3341 2690 3557 2748 deferre
3587 2707 3686 2763 pro
3712 2694 3883 2749 meri-

2275 2777 2365 2833 tis.
2399 2778 2566 2833 Pasce
2594 2786 2803 2849 patrem
2851 2788 3024 2849 tuum,
3059 2796 3219 2853 pasce
3252 2793 3479 2842 matrem
3510 2794 3679 2842 tuam.
3728 2787 3795 2843 Et
3826 2789 3876 2845 si

2275 2875 2488 2945 paveris
2519 2886 2771 2946 matrem,
2808 2877 2987 2934 adhuc
3021 2894 3130 2936 non
3158 2879 3447 2939 reddidisti
3477 2884 3719 2955 dolores,
3764 2902 3878 2946 non

2274 2968 2560 3026 reddidisti
2590 2972 2866 3028 cruciatus
2896 2987 3032 3040 quos
3057 2989 3156 3044 pro
3187 2983 3239 3031 te
3265 2990 3424 3046 passa
3453 2987 3535 3035 eat
3563 2994 3576 3031 :
3612 2993 3719 3034 non
3751 2978 3881 3038 red-

2273 3064 2458 3120 didisti
2504 3066 2761 3137 obsequia
2796 3066 2995 3138 quibus
3032 3076 3084 3124 te
3114 3068 3203 3125 illa
3249 3070 3520 3142 gestavit:
3552 3088 3658 3130 non
3692 3074 3880 3131 reddi-

2275 3156 2404 3212 disti
2432 3158 2690 3215 alimenta
2720 3174 2842 3229 quae
2866 3158 3054 3215 tribuit
3076 3168 3264 3217 tenero
3288 3163 3503 3233 pietatis
3529 3163 3747 3233 aﬂ‘ectu,
3775 3168 3881 3223 im-

2197 3224 2243 3288 C
2278 3250 2526 3321 mulgens
2576 3224 2753 3309 labrist
2787 3251 2895 3307 tuis
2952 3250 3118 3308 ubera
3152 3268 3166 3307 :
3196 3224 3302 3309 non
3352 3254 3631 3318 reddidisti
3689 3224 3876 3315 famen

2275 3358 2434 3414 quam
2464 3356 2563 3413 pro
2594 3349 2647 3397 te
2671 3344 2757 3398 illa
2788 3344 3042 3400 toleravit
3068 3362 3083 3409 ;
3112 3360 3179 3406 ne
3207 3346 3334 3417 quid
3357 3346 3501 3419 quod
3524 3346 3619 3405 tibi
3648 3352 3876 3407 noxium

2275 3446 2441 3502 esset,
2466 3436 2683 3503 ederet;
2717 3450 2785 3493 ne
2814 3437 2942 3508 quid
2975 3437 3118 3509 quod
3151 3439 3274 3494 lacti
3322 3448 3567 3508 noceret,
3605 3440 3873 3500 hauriret.

2275 3528 2397 3585 Tibi
2445 3530 2532 3585 illa
2561 3529 2849 3599 jejunavit,
2900 3530 2996 3586 tibi
3043 3532 3411 3599 manducavit,
3444 3532 3541 3589 tibi
3587 3533 3675 3589 illa
3706 3550 3873 3605 quem

2277 3626 2450 3680 voluit
2491 3626 2669 3681 cibum
2719 3640 2827 3681 non
2868 3627 3099 3697 accepit,
3132 3627 3229 3683 tibi
3274 3642 3434 3699 quem
3481 3628 3655 3684 noluit
3684 3629 3873 3687 cibum

2273 3718 2527 3789 sumpsit,
2551 3718 2647 3774 tibi
2673 3719 2932 3791 vigilavit,
2967 3719 3063 3777 tibi
3090 3719 3241 3776 ﬂevit
3268 3738 3283 3775 :
3314 3729 3369 3777 et
3392 3732 3449 3777 tu
3477 3730 3501 3760 ο
3529 3721 3680 3779 illam
3707 3739 3876 3795 egere

2277 3803 2514 3882 paterisl
2539 3815 2582 3866 υ
2611 3810 2707 3879 illi,
2737 3819 2998 3882 quantum
3024 3813 3125 3869 tibi
3161 3814 3332 3869 sumis
3353 3813 3649 3881 judicium,
3685 3815 3730 3870 si
3762 3830 3874 3873 non

2273 3917 2466 3975 pascas
2497 3905 2812 3974 parentem!
2846 3904 2925 3960 liii
2970 3903 3137 3961 debes
3172 3904 3318 3976 quod
3361 3906 3549 3974 habes,
3588 3907 3677 3962 cui
3702 3906 3876 3965 debes

2273 3998 2418 4068 quod
2448 4014 2527 4055 es.
2558 3998 2834 4067 Quantum
2858 3998 3142 4070 judicium,
3173 3999 3218 4055 si
3251 4009 3437 4071 pascat
3464 3999 3707 4056 Ecclesia
3730 4015 3876 4073 quos

2275 4102 2330 4147 tu
2356 4092 2496 4147 nolis
2524 4093 2774 4163 pascere!
2811 4090 2873 4148 Si
2893 4093 3009 4160 quis
3030 4091 3227 4162 ﬁdelis,
3260 4093 3458 4165 inquit,
3482 4106 3571 4148 aut
3597 4094 3640 4149 si
3669 4107 3775 4165 qua
3812 4092 3875 4149 llo

2273 4185 2415 4241 delis
2444 4184 2594 4240 habet
2622 4186 2828 4253 viduas,
2860 4186 3215 4242 subministret
3242 4186 3384 4254 illis;
3416 4196 3473 4241 ut
3499 4203 3601 4243 non
3629 4199 3877 4262 gravetur

2276 4277 2532 4345 Ecclesia,
2558 4288 2614 4334 ut
2634 4276 2716 4334 his
2742 4295 2859 4350 qua:
2886 4295 3003 4335 vere
3029 4281 3199 4336 vidule
3222 4290 3364 4347 sunt,
3397 4280 3632 4351 sufﬁciat
3657 4280 3705 4352 (l
3727 4279 3871 4338 Tim.

2272 4386 2323 4441 v,
2362 4372 2475 4444 iii).
2514 4370 2626 4429 lloc
2654 4371 2722 4428 de
2751 4375 3030 4428 extraneis
3062 4391 3075 4426 :
3104 4373 3233 4445 quid
3260 4374 3328 4430 de
3351 4374 3699 4445 parentibus?

2344 4463 2435 4520 76.
2477 4463 2595 4520 Non
2642 4463 2820 4521 otiose
2863 4462 3102 4521 diximus
3129 4465 3396 4536 proxime,
3451 4466 3576 4537 quia
3617 4481 3718 4522 nos
3754 4482 3878 4522 ma-

2274 4566 2424 4612 terna
2469 4558 2690 4627 querela
2738 4559 3077 4627 pra-strinxit
3106 4576 3121 4610 :
3154 4558 3250 4614 sed
3283 4558 3576 4615 maluimus
3621 4575 3744 4615 eum
3777 4558 3874 4631 qui

2274 4648 2396 4704 talis
2418 4660 2523 4717 est,
2564 4646 2595 4688 τ
2619 4650 2834 4721 publice
2873 4666 3120 4718 monere,
3164 4666 3326 4723 quam
3371 4650 3668 4708 domestice
3712 4667 3876 4709 coer-

2273 4756 2420 4799 cere.
2454 4743 2522 4798 Et
2550 4742 2598 4798 si
2629 4753 2814 4799 nostra
2843 4758 2973 4800 voce
3005 4759 3113 4800 non
3140 4743 3408 4816 proditur,
3438 4743 3527 4802 vel
3558 4758 3657 4801 suo
3687 4753 3873 4800 tamen

2276 4922 2661 4997 Martyrﬂom.
2694 4926 2761 4981 ad
2796 4938 2868 4982 xv
2896 4925 3002 4982 kal.
3040 4927 3200 4983 Febr.
3231 4936 3285 4982 et
3310 4926 3468 4983 alios.

2344 4994 2371 5035 ἀ
2402 4994 2621 5070 Dicitur
2645 4998 2747 5054 hoc
2770 5000 2888 5055 loco
2918 5001 3154 5070 populus
3175 5000 3537 5056 sacerdotium
3567 4999 3834 5058 detulisse
3853 5043 3870 5067 ,

2271 5068 2414 5137 quod
2446 5068 2700 5126 nimirum
2731 5068 3078 5129 Ambrosium
3106 5072 3368 5137 ordinari,
3394 5082 3452 5126 ut
3498 5071 3755 5128 Paulinus
3777 5084 3872 5128 te-

2271 5150 2473 5205 statur,
2500 5141 2727 5214 mirabili
2768 5142 3147 5214 eliincredibili
3194 5144 3468 5198 concordia
3507 5146 3869 5214 consensisset,

2270 5225 2379 5283 non
2407 5211 2549 5279 quod
2574 5214 2622 5267 ei
2653 5213 2982 5269 contulisset
3009 5214 3258 5269 ordinem
3289 5223 3379 5269 aut
3403 5211 3868 5283 iurisdictionem:

2270 5280 2365 5336 Illa
2395 5284 2596 5355 quippe
2624 5299 2961 5355 nequaquam
3006 5287 3147 5341 inter
3190 5302 3251 5342 se
3293 5280 3674 5343 confundenda
3706 5297 3868 5353 sunt,

2268 5353 2411 5424 quod
2441 5353 2681 5411 ha'retici
2710 5353 2950 5423 faciunt,
2978 5365 3037 5413 ut
3060 5357 3334 5415 missionis
3356 5374 3424 5413 ac
3455 5360 3742 5427 potestatis
3772 5361 3873 5417 mi-

2269 5428 2561 5500 nistrorum
2594 5429 3112 5483 suorumdelcctum
3144 5444 3364 5500 quoquo
3385 5430 3545 5484 modo
3582 5430 3872 5485 videantur

2269 5495 2585 5554 defendere.
2629 5500 2737 5554 Sed
2785 5500 3185 5555 ordinationem
3238 5495 3336 5569 per
3381 5518 3541 5569 quam
3591 5503 3872 5558 confertur

2268 5571 2607 5643 iurisdictio,
2643 5589 2918 5641 nunquam
2961 5572 3065 5627 nisi
3114 5572 3184 5626 ab
3205 5574 3475 5644 episcopis
3523 5574 3576 5627 in
3625 5572 3869 5628 Ecclesia

2270 5646 2536 5706 catholica
2571 5656 2846 5716 peractam
2876 5662 3000 5704 esse
3026 5655 3178 5702 extra
3206 5645 3428 5701 dubium
3459 5654 3565 5700 est.

2348 5726 2372 5755 °
2413 5717 2550 5773 Tres
2602 5733 2735 5774 mss.
2757 5759 2772 5785 ,
2801 5720 2978 5783 illum,
3008 5733 3162 5789 quem
3200 5717 3361 5773 soluit
3403 5717 3515 5772 cibo
3539 5732 3691 5792 egere
3728 5726 3871 5789 pate-

2271 5792 2361 5847 ris.
2984 5834 2995 5840 -

2351 5859 2372 5905 ι
2415 5860 2551 5925 Hinc
2580 5861 2854 5938 intelligas
2881 5858 3159 5938 episcopis
3182 5861 3313 5922 olim
3337 5875 3446 5927 non
3475 5860 3652 5927 solum
3680 5859 3872 5925 adibo-
