4186 6358
319 316 456 375 i789

311 532 438 584 tuos
476 520 706 581 aliorum
745 520 914 578 fames
942 525 1126 591 pascat
1155 528 1267 571 rue
1306 502 1670 575 commiseris,
1717 504 1819 575 ﬂii,
1849 510 1910 561 ut

305 620 511 697 jejunia
541 632 837 690 pauperum
862 612 1178 688 parentibus
1207 609 1316 664 tuis
1344 607 1525 664 cibum
1554 604 1825 677 quaerant.
1851 598 1910 658 Si

311 733 421 773 non
452 724 673 787 propter
709 710 938 786 gratiam
987 717 1045 765 et
1086 704 1339 771 salutem,
1388 711 1611 774 propter
1646 712 1912 757 Verecun-

310 807 457 866 diam
481 822 642 880 pasce
671 805 752 862 vel
783 814 862 872 tu,
892 800 995 868 iiii,
1022 799 1104 857 vel
1133 810 1209 865 tu,
1228 794 1357 852 tilia.
1380 788 1500 853 Non
1520 792 1746 867 pudetsi
1760 804 1814 850 te
1837 790 1913 846 in-

311 902 593 976 grediente
620 901 673 956 in
698 896 1025 963 Ecclesiam,
1047 890 1243 949 alienis
1266 905 1463 947 manus
1489 904 1616 945 snas
1637 902 1773 944 anus
1798 901 1915 944 ma-

310 996 398 1054 ter
424 988 703 1061 extendat,
745 1001 801 1049 et
830 988 1198 1062 prmtermissa
1240 982 1374 1050 tilia,
1406 984 1475 1041 de
1500 984 1776 1040 extraneis
1817 981 1914 1036 sti-

314 1107 439 1163 pem
472 1096 700 1161 poscat;
746 1101 868 1142 cum
898 1092 957 1140 tu
986 1091 1234 1139 transeas
1268 1078 1490 1137 sublimi
1520 1077 1685 1142 collo,
1730 1083 1787 1130 et
1815 1090 1915 1131 nu-

314 1180 459 1240 tibus
482 1179 785 1244 oculorum,
818 1176 1040 1235 trahens
1070 1184 1299 1240 vestem,
1334 1167 1551 1237 habens.
1589 1168 1830 1233 inaures,
1859 1173 1916 1222 et

314 1274 608 1341 dextralia,
638 1282 695 1327 et
733 1270 986 1333 annulos,
1035 1276 1090 1322 et
1133 1266 1341 1336 reliqua
1386 1278 1506 1335 quae
1562 1258 1746 1319 Esaias
1786 1257 1919 1315 dicit

314 1364 488 1441 (Esai.
520 1383 603 1433 ιιι,
636 1362 707 1422 16
734 1374 783 1421 et
812 1360 956 1436 seq)?
980 1358 1120 1430 Quid
1161 1359 1205 1413 si
1234 1356 1288 1414 in
1322 1368 1376 1414 te
1404 1368 1715 1412 sermonem
1755 1367 1915 1409 suum

313 1470 515 1531 vertat,
563 1475 856 1533 reposcens
901 1467 1109 1514 natura:
1144 1452 1406 1519 debitum,
1459 1449 1916 1507 nutrimentorum

317 1554 578 1630 pretium,
606 1569 798 1611 manus
824 1561 933 1609 tua:
960 1544 1104 1624 quod
1127 1546 1377 1623 genitrici
1396 1538 1627 1604 debetur
1649 1534 1918 1599 officium?

316 1650 458 1723 Quid
488 1638 881 1722 respondebis?
1181 1705 1187 1708 ν

389 1746 482 1802 77.
526 1743 759 1799 Dabisne
789 1740 942 1798 aliis?
986 1736 1125 1807 Quid
1172 1734 1220 1792 si
1269 1730 1364 1792 tibi
1412 1724 1714 1804 obiiciant:
1744 1726 1916 1799 Vade,

318 1840 474 1914 prius
500 1847 729 1895 matrem
756 1834 899 1891 tuam
928 1848 1111 1907 pasce.
1141 1826 1274 1887 Nam
1305 1837 1359 1885 et
1384 1828 1428 1884 si
1460 1841 1727 1899 pauperes
1744 1833 1875 1903 sunt
1900 1841 1914 1891 ;
1946 1843 1994 1913 Β

316 1934 539 2004 impiam
595 1940 772 1987 tamen
825 1942 930 1984 non
981 1933 1236 1999 quaerunt
1282 1916 1649 1978 collationem.
1703 1914 1915 1994 1491

316 2024 512 2082 Nonne
535 2021 731 2079 audisti
762 2034 922 2091 supra
950 2019 1073 2087 quia
1105 2014 1259 2072 dives
1286 2008 1380 2070 ille
1414 2014 1468 2068 in
1506 2004 1670 2083 bysso
1707 2016 1762 2067 et
1788 2024 1918 2083 pur-

318 2133 453 2192 pura
481 2098 774 2178 recubans,
807 2106 965 2184 cujus
994 2106 1062 2168 de
1091 2124 1276 2164 mensa
1303 2106 1473 2162 micas
1505 2104 1738 2161 Lazarus
1765 2101 1919 2158 colli-

316 2208 518 2284 gebat,
547 2206 719 2278 pmnis
749 2200 1024 2260 cruciatur
1048 2200 1268 2257 aeternis
1297 2199 1385 2269 qui
1418 2194 1643 2269 pauperi
1674 2212 1779 2251 non
1814 2197 1916 2251 itu-

319 2299 541 2374 partivit
567 2296 825 2355 alimenta
851 2294 1005 2364 (Luc.
1030 2310 1142 2360 xvr,
1173 2288 1242 2350 19
1269 2300 1315 2347 et
1328 2290 1486 2365 seq.)?
1503 2288 1560 2346 Si
1587 2305 1692 2345 non
1715 2287 1920 2345 donare

317 2390 595 2450 extraneis
622 2400 788 2463 grave
817 2397 922 2455 εει,
943 2394 1148 2458 quanto
1173 2383 1390 2456 gravius
1412 2382 1700 2439 excludere
1730 2394 1921 2453 paren-

320 2480 437 2541 tes?
458 2476 563 2540 Sed
588 2478 724 2538 dicis
752 2492 803 2537 te
823 2480 967 2552 quod
990 2493 1113 2535 eras
1133 2475 1449 2550 parentibus
1473 2472 1793 2541 collaturus,
1820 2474 1921 2531 lic~

319 2575 502 2633 clesiaa
521 2575 680 2633 malle
699 2564 1100 2635 conferre._Non
1116 2569 1309 2641 quierit
1324 2564 1426 2623 don
1436 2583 1521 2621 nm
1540 2567 1762 2624 Deusde.
1781 2566 1922 2625 fame

321 2681 629 2744 parentum.
658 2660 815 2726 Unde
841 2656 1363 2738 reprehendentibus
1383 2657 1586 2716 inda-is
1609 2658 1732 2732 quia
1756 2656 1921 2716 disci-

322 2760 433 2838 puli
447 2756 660 2818 Domini
677 2775 868 2816 manus
887 2774 991 2814 non
1005 2757 1266 2819 lavarent,
1282 2751 1559 2823 respondit
1578 2750 1736 2809 Jesus
1756 2769 1769 2807 :
1796 2744 1925 2820 Qui-

320 2873 541 2926 cumque
555 2850 740 2910 dixerit
756 2869 774 2908 :
789 2848 984 2907 Munus
1013 2848 1367 2923 quodcumque
1390 2853 1465 2901 est
1486 2861 1550 2900 ea:
1565 2862 1663 2910 me,
1688 2843 1780 2900 tibi
1804 2861 1924 2917 pro-

316 2940 481 3017 derit,
514 2962 618 3003 non
644 2942 1009 3007 Itonoriﬁcabit
1037 2950 1234 3016 patrem
1255 2947 1345 2994 aut
1372 2949 1585 2994 matrem
1607 2932 1923 3012 (Mettium,

325 3040 361 3099 5
390 3050 441 3096 et
462 3038 542 3112 6).

399 3130 493 3191 78.
536 3126 882 3204 Quapropter
910 3124 1300 3189 obscuritatem
1330 3144 1523 3186 sensus
1567 3141 1673 3182 non
1716 3122 1925 3195 impru-

1264 292 1629 360 EXposmo
1669 276 1930 355 eraso.
1969 284 2122 351 seu.
2165 288 2320 348 LUC.
2362 286 2494 346 LIB.
2538 284 2679 344 vut.
2820 358 2825 359 ί

173 400 183 413 ⁸
242 412 247 415 ⁷
311 426 585 491 crubeScit
623 428 840 487 an‘eau.
891 418 1378 488 Ne‘commiseris,
1432 411 1531 484 liii,
1562 424 1622 471 ut
1653 420 1905 485 parentes
1933 404 2320 487 Acusationes
2351 402 2731 462 obtexentiutn
2761 396 3002 456 avaritia:
3039 410 3172 454 suae.
3218 394 3484 451 Cmterum
3519 392 3613 448 Del

3481 258 3622 330 i796

2011 498 2231 558 traditio
2258 507 2363 566 est,
2393 502 2452 553 ut
2500 496 2651 567 prius
2686 504 2876 565 pascas
2904 496 3157 564 parentes
3181 487 3343 562 (Dist.
3370 485 3459 550 86.
3493 503 3611 557 cap.

2013 592 2315 666 Craterum).
2350 589 2484 649 Nam
2514 591 2561 647 si
2602 588 2752 661 juxta
2780 587 3024 644 divinum
3069 582 3377 646 oraculum,
3420 589 3635 648 conlu-_

2015 688 2175 748 mella
2206 688 2450 759 parentis
2477 694 2651 741 morte
2679 682 2847 739 luitur
2874 678 3074 752 (Exod.
3118 693 3232 747 xxx,
3268 668 3384 748 i7),
3414 677 3617 748 quanto

2014 785 2183 854 tnagis
2209 779 2402 849 fames,
2426 794 2549 850 quae
2580 785 2753 833 morte
2774 774 2993 848 gravior
3019 772 3138 829 esu

2086 875 2175 930 79.
2217 873 2335 942 Quo
2390 874 2514 929 loco
2579 870 2904 926 insolentem
2956 865 3219 922 Dominus
3266 860 3498 920 infrenat
3534 863 3621 937 ja-

2014 967 2293 1026 Ctantiam.
2325 962 2659 1027 Multienim,
2694 971 2753 1019 ut
2784 961 3153 1034 praedicentur
3181 958 3250 1015 ab
3280 957 3616 1027 hominibus,

2017 1058 2277 1121 Ecclesiae
2298 1058 2609 1125 conferunt,
2641 1072 2760 1129 qua:
2792 1056 2904 1112 suis
2927 1054 3213 1119 auferunt;
3249 1066 3371 1108 cntn
3397 1051 3614 1107 miseri-

2015 1153 2201 1210 cordia
2232 1168 2262 1209 a
2292 1151 2592 1210 domestico
2634 1148 2889 1223 progredi
2932 1148 3131 1205 debeat
3161 1146 3378 1218 pietatis
3407 1144 3609 1202 officio.

1996 1234 2093 1306 'Da
2122 1258 2252 1321 ergo
2301 1248 2453 1320 prius
2503 1247 2753 1318 parenti,
2814 1245 2885 1300 da
2929 1244 3095 1299 etiam
3133 1243 3398 1314 pauperi,
3427 1240 3494 1296 da
3537 1240 3615 1297 illi

2022 1354 2045 1383 ⁸
2081 1343 2395 1416 presbytero
2418 1339 2563 1412 quod
2592 1336 2688 1397 tibi
2711 1336 2950 1395 abundat
2974 1326 3273 1405 terrenum,
3325 1344 3385 1393 ut
3426 1337 3494 1391 ab
3522 1336 3617 1393 illo

2018 1435 2255 1505 accipias
2276 1432 2561 1505 spirituaie
2588 1431 2732 1504 quod
2763 1432 2858 1489 tibi
2884 1430 3066 1498 deest;
3099 1431 3299 1487 etenim
3325 1431 3414 1501 qui
3446 1428 3621 1487 hono-

2018 1541 2123 1600 rat,
2168 1528 2547 1586 bonorabitur.
2589 1524 2729 1584 Vide
2776 1540 2907 1598 ergo
2940 1525 3064 1598 quia
3106 1524 3198 1581 ille
3241 1534 3366 1580 cum
3396 1522 3615 1593 accipit,

2019 1622 2185 1681 tradit
2217 1638 2231 1678 :
2259 1628 2312 1680 et
2336 1619 2534 1692 accipit
2560 1634 2669 1676 non
2706 1621 2858 1691 quasi
2896 1618 3073 1689 inops,
3113 1616 3209 1672 Sed
3250 1614 3405 1688 quasi
3438 1628 3617 1671 remn-

2022 1726 2324 1796 neraturus
2351 1714 2562 1788 majore
2600 1726 2875 1769 mensura.
2928 1710 3000 1767 Da
3028 1710 3254 1783 pauperi
3284 1710 3334 1766 in
3366 1710 3614 1780 requiem

2021 1813 2158 1884 ejus,
2194 1820 2254 1867 ut
2291 1792 2347 1867 et
2378 1821 2435 1866 tu
2474 1811 2886 1865 communicatis
2926 1807 2993 1863 de
3021 1815 3115 1861 tuo
3153 1804 3324 1873 inepi,
3360 1790 3617 1875 requiem

2021 1902 2396 1978 consequaris.
2448 1902 2555 1960 Sed
2599 1911 2660 1958 ut
2701 1899 3000 1975 pascendos
3026 1898 3304 1971 Scriptura
3348 1896 3477 1954 dicit
3525 1912 3621 1969 pa-

2015 2010 2198 2058 rentes
2229 1992 2384 2071 (Luc.
2418 2012 2530 2063 xiv,
2564 1995 2661 2069 26)
2697 2013 2709 2051 :
2747 1996 2821 2051 ita
2846 2002 3069 2065 propter
3098 1995 3264 2049 Deum
3305 1993 3619 2062 relinquen-

2018 2095 2119 2151 dos
2143 2105 2428 2163 parentes;
2465 2091 2510 2145 si
2558 2089 2859 2161 impediant
2902 2087 3113 2143 devotae
3144 2086 3344 2143 mentis
3371 2084 3616 2141 affectus.

2092 2180 2273 2256 (Vera.
2306 2178 2423 2255 55.)
2466 2178 2690 2237 Factum
2735 2186 2809 2235 est
2838 2188 3014 2236 autem
3054 2195 3170 2233 cum
3199 2178 3620 2252 appropinquas-

2019 2280 2094 2332 set
2122 2270 2393 2339 Hiericho,
2421 2274 2633 2345 quidam
2663 2288 2829 2328 ca’cus
2856 2270 3061 2326 sedebat
3086 2282 3231 2326 secus
3252 2272 3407 2325 viam.

2092 2366 2182 2425 80.
2224 2366 2282 2422 In
2314 2364 2453 2422 libro
2478 2363 2780 2446 secundum
2810 2358 3122 2421 Mallha‘um
3152 2361 3261 2419 duo
3292 2362 3621 2418 inducuntur

2022 2454 2321 2534 (Matium,
2370 2458 2485 2529 30),
2518 2454 2730 2533 1492
2759 2457 2844 2513 hic
2872 2470 3009 2513 unus
3031 2454 3129 2512 :ibi
3163 2454 3473 2528 cgrediente
3496 2454 3622 2511 iiie-

2021 2553 2198 2620 richo,
2229 2552 2315 2607 hic
2338 2554 2822 2623 appropinquante.
2856 2548 2963 2606 Sed
2994 2538 3136 2605 nulla
3159 2547 3410 2605 distantia
3437 2564 3451 2615 ;
3498 2563 3623 2604 nam

2022 2658 2143 2703 cum
2157 2642 2209 2700 in
2227 2644 2326 2700 hoc
2340 2656 2447 2700 uno
2463 2652 2620 2717 typus
2637 2642 2815 2714 pepuli
2830 2641 3047 2714 gentilis
3065 2642 3155 2711 sit,
3175 2644 3267 2714 qui
3285 2650 3625 2699 sacramento

2024 2738 2305 2795 Dominico
2320 2738 2511 2809 recipit
2531 2719 2717 2792 amissi
2740 2738 2957 2793 luminis
2970 2737 3294 2804 claritatem,
3309 2736 3440 2791 nihil
3455 2737 3624 2793 inter-

2024 2836 2106 2888 est
2140 2834 2317 2887 utrum
2347 2831 2399 2886 in
2426 2846 2533 2885 uno
2574 2829 2924 2896 medicinam,
2951 2842 3017 2885 an
3044 2830 3097 2885 in
3120 2830 3334 2887 duobus
3370 2828 3627 2901 accipiat;

2024 2926 2275 2998 quoniam
2298 2941 2362 2982 ex
2392 2924 2559 2983 Cham
2591 2934 2646 2982 et
2670 2924 2865 2998 .laphet
2908 2926 3026 2983 Noe
3072 2924 3194 2982 ﬁliis
3219 2924 3484 2998 originem
3528 2924 3631 2982 du-

2025 3029 2173 3083 cunt,
2200 3020 2256 3077 in
2280 3018 2489 3078 duobus
2513 3021 2674 3077 caecis
2701 3020 2842 3079 duos
2863 3022 3078 3093 generis
3104 3022 3186 3078 sui
3220 3021 3627 3095 prmtendebant

2024 3124 2294 3171 auctores.
3212 3132 3219 3141 '

327 3224 529 3285 denter
551 3202 896 3283 deﬂeximus.
925 3225 1055 3281 Nam
1085 3218 1255 3282 Judaei
1285 3241 1406 3282 cum
1449 3221 1732 3279 hominum
1761 3214 1928 3276 tradi-
1953 3222 1999 3301 δ
2036 3298 2069 3301 ῌ
2100 3202 2190 3264 δί-
2232 3202 2387 3277 Ουοά
2418 3202 2630 3301 fidem?
2658 3209 2820 3265 Bliam
2850 3204 3025 3265 Lucas
3053 3225 3161 3265 non
3194 3206 3463 3277 OﬁliSisse,
3493 3225 3617 3266 cum

332 3315 539 3377 tionem
570 3330 894 3392 sequuntur,
922 3316 1018 3374 Dei
1049 3306 1374 3390 negligunt‘:
1407 3312 1661 3386 discipuli
1687 3309 1933 3369 traditio-

332 3431 459 3471 nem
490 3414 584 3470 Dei
619 3406 994 3485 praeferentes,
1026 3404 1310 3468 hominum
1340 3410 1708 3483 negligebant,
1741 3412 1801 3463 ιιι
1826 3418 1935 3461 ma-

331 3526 436 3565 nus
469 3522 575 3564 non
609 3510 879 3574 levarent,
904 3521 1027 3562 cum
1081 3521 1274 3579 panem
1322 3502 1749 3567 manducarent;
1795 3514 1935 3572 quo.-

333 3603 504 3671 niam,
536 3600 639 3668 Qui
663 3600 798 3655 lotus
836 3610 909 3654 ett
946 3607 1103 3667 totus,
1128 3616 1231 3654 non
1257 3592 1406 3653 habet
1447 3613 1649 3652 necesse
1672 3603 1729 3649 ut
1753 3608 1937 3647 manus

335 3692 469 3750 lavet
503 3690 684 3768 (Joau.
718 3698 836 3760 xm,
888 3686 1001 3766 10).
1048 3693 1282 3750 Laverat
1312 3702 1408 3748 eos
1444 3684 1626 3757 Jesus,
1659 3688 1935 3744 lavacrum

334 3786 485 3847 aliud
515 3806 619 3845 non
643 3778 992 3860 quaerebant;
1020 3803 1128 3843 uno
1148 3780 1293 3843 enim
1318 3782 1566 3843 Christus
1595 3781 1939 3855 baptisimate

336 3886 522 3942 omnia
566 3880 729 3940 solvit
755 3881 1102 3956 baptismata.
1133 3877 1320 3954 itaque
1340 3896 1502 3951 quem
1531 3873 1725 3934 laverit.
1753 3870 1940 3930 Eccle-

336 3979 443 4047 sia,
474 3995 579 4034 non
607 3970 772 4034 habet
799 3992 1025 4034 necesse
1050 3977 1245 4033 iterum
1277 3972 1469 4031 lavari.
1506 3968 1650 4044 Ergo
1677 3962 1939 4047 mysterio

338 4071 694 4130 intendebant
730 4066 1003 4143 discipuli,
1030 4080 1056 4109 ιι
1080 4088 1187 4127 non
1212 4071 1294 4126 sui
1318 4068 1638 4125 munditiam
1668 4057 1938 4137 corporis,

338 4166 439 4226 sed
470 4162 666 4223 animae
695 4166 1057 4237 requirentes.
1089 4164 1204 4221 Hoc
1234 4160 1705 4235 reprehendebant
1724 4152 1898 4217 Jttdmi
1920 4172 1953 4233 ιι

339 4260 439 4315 sed
469 4260 657 4331 argute
682 4254 1085 4329 redarguuntur
1108 4274 1138 4312 a
1162 4252 1418 4323 Domino,
1444 4250 1594 4328 quod
1626 4250 1807 4309 inania
1844 4246 1943 4308 ob-

339 4365 585 4419 servent,
616 4355 894 4426 profutura
916 4352 1239 4422 despiciant.
1266 4350 1339 4407 Et
1363 4349 1485 4406 ideo
1508 4341 1615 4405 illis
1636 4340 1807 4404 dicit:
1832 4338 1946 4403 Vos

340 4461 514 4521 quare
538 4440 722 4501 dicitis
752 4444 889 4517 patri
911 4452 1005 4500 aut
1034 4443 1220 4513 matri,
1251 4459 1386 4515 quos
1426 4436 1542 4499 Lex
1572 4434 1816 4514 praecipit
1846 4430 1945 4496 lto-

345 4534 531 4595 norari
567 4556 581 4593 :
614 4532 813 4593 Munus
840 4537 1191 4609 quodcumque
1212 4547 1283 4591 est
1328 4551 1395 4592 ea:
1436 4551 1538 4604 me,
1587 4528 1678 4589 tibi
1714 4526 1946 4606 proderit

2034 3298 2322 3356 Zachmum
2375 3296 2632 3371 subiicit.
2683 3301 2775 3373 qui
2830 3311 3033 3358 statura
3087 3300 3349 3373 pusillus,
3402 3303 3507 3358 hoc
3553 3308 3637 3358 est

2036 3391 2186 3449 nulla
2214 3387 2242 3431 ἀ
2274 3392 2578 3451 nobilitatis
2607 3395 2859 3466 ingenita:
2896 3396 3156 3469 dignitate
3208 3390 3476 3466 sublimis,
3523 3396 3639 3463 exi-

2034 3498 2177 3558 guns
2224 3485 2456 3555 meritis,
2502 3487 2641 3543 sicut
2685 3482 2919 3559 populus
2962 3490 3266 3556 nationum,
3316 3489 3504 3545 audito
3550 3486 3643 3545 do-

2038 3578 2171 3636 mini
2203 3576 2467 3636 Salutaris
2513 3572 2769 3648 adventu,
2816 3598 2975 3652 quem
3023 3580 3104 3638 sui
3140 3599 3246 3638 non
3294 3588 3638 3652 receperant,

2039 3673 2223 3728 videre
2279 3672 2533 3744 cupiebat
2584 3686 2597 3726 :
2641 3673 2737 3728 sed
2796 3679 2957 3729 nemo
3015 3670 3172 3732 facile
3216 3672 3402 3732 .lesnm
3444 3675 3634 3745 videt,

2040 3778 2203 3820 nemo
2232 3770 2409 3834 potest
2457 3762 2642 3820 Jesum
2676 3762 2863 3822 videre
2891 3768 3217 3823 constitutus
3249 3769 3325 3827 in.
3355 3780 3516 3825 terra.
3571 3769 3642 3827 Et

2040 3857 2165 3930 quia
2196 3874 2304 3914 non
2371 3857 2686 3930 prophetas,
2724 3869 2748 3897 θ
2776 3874 2882 3915 non
2934 3876 3158 3932 regnum
3192 3860 3449 3925 habebat,
3507 3873 3642 3917 tam-

2038 3964 2201 4023 quam
2250 3949 2439 4009 forma:
2484 3953 2713 4024 gratiam
2764 3952 3029 4009 naturalis
3079 3954 3322 4011 ascendit
3373 3956 3425 4010 in
3481 3971 3643 4031 syco-

2044 4062 2277 4113 morum,
2330 4047 2621 4102 vanitatem
2671 4044 2880 4103 scilicet
2928 4042 3240 4104 Judzeorum
3275 4048 3504 4121 vestigio
3542 4064 3645 4105 suo

2044 4146 2330 4212 proterens
2354 4181 2367 4203 ,
2401 4152 2584 4195 errata
2617 4154 2830 4211 quoque
2878 4141 3162 4212 corrigens
3194 4141 3493 4213 superioiis
3523 4150 3653 4197 a-ta-

2041 4232 2114 4288 tis
2144 4250 2158 4288 :
2188 4240 2244 4288 et
2263 4230 2384 4288 ideo
2409 4230 2594 4287 Jesum
2624 4230 2898 4287 interioris
2927 4230 3122 4288 domus
3156 4232 3360 4305 recepit
3383 4232 3645 4305 hospitio.

2048 4322 2115 4381 Et
2148 4326 2285 4382 bene
2313 4316 2560 4382 ascendit
2593 4325 2644 4379 in
2672 4322 2951 4391 arborem,
3013 4332 3074 4380 ut
3113 4325 3276 4381 arbor
3312 4324 3454 4380 bona
3483 4325 3654 4381 bonos

2044 4418 2257 4475 fructus
2287 4415 2511 4485 faceret,
2541 4432 2603 4475 ac
2635 4417 2868 4473 naturali
2896 4417 3114 4474 excisus
3137 4418 3394 4487 oleastro,
3429 4428 3483 4473 et
3513 4434 3650 4473 con-

2049 4508 2128 4568 tra
2155 4524 2397 4567 naturam
2430 4510 2665 4568 insertus
2696 4512 2748 4569 in
2774 4512 2979 4571 bonam
3009 4512 3228 4581 olivam,
3259 4510 3492 4567 fructum
3522 4525 3650 4581 pos-

345 4626 547 4708 (Exod.
576 4649 664 4702 xx,
698 4631 790 4704 12)
814 4649 830 4701 ;
852 4600 908 4688 id
939 4641 1043 4701 est,
1070 4600 1194 4687 cum
1223 4600 1570 4703 petitaliquid
1584 4624 1649 4685 ad
1668 4600 1942 4698 sumptum
1970 4637 2023 4698 ι)
2049 4616 2133 4708 ξξί
2157 4603 2317 4679 ιεεῖε
2346 4600 2548 4708 θηθνΐξὲ
2618 4606 2767 4708 radix
2798 4608 2941 4662 θιιίῐη
2971 4616 3179 4708 ξθηξίῑθν
3205 4606 3331 4708 ἓξὲξ
3359 4604 3489 4659 rami
3524 4608 3644 4708 ifill-

344 4743 518 4802 cgens
546 4730 702 4801 pater
730 4736 821 4782 aut
852 4736 1025 4783 mater
1048 4741 1078 4781 a
1124 4721 1256 4789 filio,
1283 4719 1312 4762 ι’
1353 4722 1475 4794 quia
1518 4718 1721 4793 Legem
1750 4720 1949 4774 timens

347 4822 572 4881 Judazns
601 4820 1013 4877 excusationem
1043 4833 1152 4875 non
1178 4816 1342 4874 dandi
1372 4815 1623 4887 requirit,
1656 4812 1840 4869 dicere
1861 4825 1953 4868 so-

347 4916 429 4975 let
463 4934 477 4971 :
512 4912 709 4971 Munus
738 4910 878 4994 quod
916 4924 991 4970 est
1020 4928 1084 4970 ea:
1122 4928 1221 4983 me,
1264 4904 1358 4967 tibi
1398 4907 1674 4983 proderit;
1707 4914 1768 4962 ut
1798 4902 1940 4962 dica-

349 5024 462 5072 tam
507 5028 537 5068 a
586 5010 727 5069 [iliis
770 5004 883 5067 Deo
936 5008 1223 5080 pecuniam
1268 5016 1426 5081 pater
1463 4998 1753 5073 religiosus
1807 4996 1951 5057 acci-

352 5122 485 5180 pere
513 5096 849 5163 reformidet.
882 5103 985 5160 Sec
1012 5101 1132 5158 haec
1165 5099 1384 5158 traditio
1416 5098 1702 5154 hominum
1746 5106 1830 5152 est
1858 5110 1954 5151 ex-

346 5263 549 5394 μηδι,
578 5270 768 5319 verum
799 5258 963 5317 etiam
1007 5255 1299 5315 coercendi
1339 5256 1430 5329 jus
1459 5253 1957 5324 auctoritatemque

378 5350 548 5393 uisse.

378 5350 548 5393 UISSC.

426 5414 459 5447 ι
498 5406 625 5462 Mss.
666 5416 774 5460 non
808 5403 999 5475 pauci,
1051 5414 1154 5459 nec
1190 5396 1471 5475 inferioris
1502 5406 1679 5475 noue,
1707 5410 1811 5475 non
1848 5400 1960 5450 tua:

353 5478 665 5537 munditiam
692 5467 910 5544 animae,
965 5467 1070 5529 non
1112 5471 1349 5544 corporis
1392 5469 1728 5544 requirentes.
1779 5467 1959 5544 Atque

354 5536 501 5608 ιιέυκι
553 5551 850 5604 scimusan
897 5536 1013 5601 'non
1043 5546 1133 5600 illa
1161 5536 1290 5600 vera
1326 5544 1399 5598 sit
1432 5536 1618 5597 lectio.
1668 5538 1785 5595 Non
1818 5536 1960 5594 male

357 5634 541 5681 tamen
571 5620 664 5676 alii
689 5662 703 5686 ,
731 5628 787 5676 et
810 5618 945 5673 edit.
978 5622 1204 5683 omnes,
1231 5622 1289 5670 ut
1324 5615 1379 5669 ιιι
1400 5621 1575 5686 textu.

434 5691 464 5734 δ
501 5694 575 5749 ita
623 5680 752 5747 mss.
782 5688 998 5762 plures,
1035 5680 1579 5762 potioresqueﬁlii,
1606 5692 1665 5739 et
1701 5680 1837 5762 edit“.
1864 5688 1963 5737 vo-

359 5782 479 5825 cem
524 5750 910 5823 ludatur.'nun
963 5750 1264 5833 agnoscunt
1283 5750 1309 5821 ,’
1348 5757 1505 5833 cujus
1535 5750 1655 5811 loco
1700 5756 1752 5809 in
1798 5750 1959 5811 Rom.

365 5839 715 5899 substituitur
740 5836 915 5905 ﬁlius,
945 5827 1070 5890 ante
1096 5846 1288 5901 voces,
1315 5827 1437 5903 quia
1464 5827 1674 5905 Legem.

442 5922 465 5961 ρ
508 5902 749 5980 Advorte
774 5922 1117 5985 nequaquam
1143 5920 1270 5968 esse
1293 5902 1714 5979 vituperandum
1733 5914 1781 5963 St
1807 5913 1962 5976 pres-

2034 4696 2196 4779 tiles,
2244 4710 2473 4770 quorum
2516 4698 2902 4754 infructuosam
2950 4697 3177 4768 gloriam
3222 4695 3378 4769 plebs
3406 4698 3649 4766 gentium

2053 4791 2160 4881 fide
2184 4792 2600 4849 resurrectionis
2627 4794 2784 4865 quasi
2812 4792 3041 4861 quadam
3071 4793 3319 4864 corporis
3345 4791 3656 4848 elevations

2048 4886 2405 4943 transcendit.

2124 4979 2278 5054 (Cap.
2308 4976 2698 5042 XlX.—-Vers.
2722 4982 2803 5057 2.)
2825 4982 2896 5041 Et
2920 5001 3035 5043 ecce
3055 4984 3133 5041 vir
3157 4984 3363 5041 nomine
3383 4982 3658 5040 Zachteus.

2124 5074 2217 5131 εἳ.
2260 5073 2520 5133 Ζθειιειιε
2550 5075 2606 5132 in
2632 5090 2945 5149 sycomoro,
2975 5090 3157 5133 caseus
3185 5076 3239 5131 in
3281 5076 3387 5130 via.
3413 5074 3655 5143 Quorum

2062 5251 2241 5324 byteri
2268 5268 2391 5325 quae
2417 5250 2682 5321 spiritalia
2709 5263 2765 5309 et
2790 5254 2875 5310 sui
2906 5252 3073 5311 ofllcli
3098 5262 3225 5309 sunt
3268 5253 3429 5310 iaicis
3451 5253 3664 5323 impen-

2064 5324 2293 5397 dentes,
2321 5327 2390 5379 ab
2419 5325 2626 5397 eisdem
2646 5326 2895 5397 vicissim
2926 5329 3330 5397 elecmosynam
3388 5332 3659 5381 terrenam

2065 5396 2368 5470 accipiant;
2400 5396 2696 5452 dummodo
2727 5398 2855 5452 hinc
2905 5398 3047 5470 absit
3076 5396 3323 5468 pudenda
3353 5398 3658 5470 cupiditas,

2066 5477 2130 5521 ac
2155 5468 2328 5532 turpis
2358 5483 2538 5522 rerum
2570 5484 2847 5525 sacrarum
2880 5468 3220 5529 nundinatio.

2134 5533 2165 5617 ει
2202 5537 2431 5617 Quidam
2476 5554 2611 5617 mss.
2633 5582 2647 5606 ,
2689 5540 2968 5617 nobilitatis
2991 5543 3195 5617 rigente
3220 5540 3470 5617 dignitate
3498 5537 3663 5617 subli-

2066 5609 2327 5687 mis;__alii
2359 5610 2606 5687 nonnulli
2625 5654 2639 5677 ,
2675 5614 2955 5687 nobilitatis
2984 5609 3303 5687 ingenuitate
3329 5611 3587 5687 sublimis.

2146 5693 2171 5722 υ
2210 5681 2333 5740 Vet.
2356 5682 2493 5756 edit.
2514 5724 2530 5750 ,
2565 5698 2665 5738 non
2689 5683 2811 5739 atibi
2836 5681 3310 5756 regnum’hubeaat.
3337 5682 3455 5738 Vox
3484 5692 3662 5756 autem

2070 5756 2222 5817 alibi.
2257 5754 2528 5813 omittitur
2557 5757 2611 5813 in
2643 5772 2778 5814 mss.
2809 5754 3077 5815 At'Bont.
3131 5754 3263 5813 edit.
3319 5755 3670 5828 emendavit,
3774 5784 3781 5797 -

2083 5844 2186 5888 non
2206 5831 2369 5915 legem
2396 5826 2637 5889 habebat.
2669 5830 2823 5904 ilattd
2853 5829 3054 5890 infelici
3084 5841 3301 5901 conatu.
