4040 6462
163 405 315 466 1795
1169 417 1538 478 EXPOSlTiO
1580 418 1832 476 EVANG.

1965 421 2016 475 C.
2064 418 2217 477 LUC.
2262 420 2391 478 LIB.
2434 420 2525 476 IX.
3369 419 3509 477 1796

158 524 326 583 Unde
372 537 434 585 et
477 531 784 589 Mattltmus
835 535 1076 606 quinque
1129 536 1326 592 talenta
1356 545 1409 592 et
1438 536 1549 592 duo
1599 535 1802 592 talenta
1831 533 1962 596 Ain
2005 534 2215 593 foveam
2265 535 2444 590 carnis
2497 530 2799 589 abscondit.
2849 532 2926 588 Dc
2979 531 3101 588 aliis
3157 531 3367 600 siletur,
3419 532 3514 603 qui

154 621 358 691 posuit
384 623 633 696 (Matth.
668 644 806 697 xxv,
834 629 921 702 15)
950 648 965 686 :
998 631 1053 686 in
1085 629 1321 702 quinque
1352 631 1572 687 talentis
1593 639 1653 686 ut
1699 629 1811 685 sint
1910 627 2064 697 quasi
2095 627 2302 698 prodigi
2351 625 2651 692 debitores,
2701 639 2823 696 qua:
2853 632 3208 695 acceperant,
3259 623 3515 696 perdide-

157 718 439 786 moralia,
497 721 556 775 in
625 721 848 780 duobus
899 733 1231 793 utrumque,
1289 724 1581 796 mysticum
1640 731 1806 793 atque
1913 720 2217 794 runt(Luc.
2247 737 2340 790 xx,
2377 721 2493 794 10).
2553 720 2615 776 In
2645 719 2858 777 duobus
2893 718 3002 800 illis
3030 719 3186 791 pauci
3216 727 3366 787 sunt,
3421 717 3514 789 qui

157 807 404 862 morale.
440 808 522 866 Ita
545 813 703 882 quod
728 830 960 872 numero
983 813 1236 882 inferius,
1262 831 1322 870 re
1351 815 1596 871 uberius.
1624 814 1692 870 Et
1721 813 1814 870 hic
1914 830 2011 885 per
2040 814 2176 870 duas
2201 815 2350 871 vices
2379 815 2448 871 ad
2485 815 2727 871 cultores
2755 815 2928 871 vineae
2957 813 3214 872 destinati
3257 822 3385 870 sunt
3409 830 3421 867 :
3457 813 3513 870 in

158 915 469 971 possumus
503 903 710 962 decem
747 923 926 974 mnas,
957 907 1149 964 decem
1189 907 1355 963 verba
1387 905 1714 977 intelligere,
1756 905 1810 963 id
1914 906 2140 978 reliquis
2166 921 2358 963 omnes
2379 906 2552 964 Judaei
2583 906 2809 981 (Matth.
2842 922 2991 974 xxiv,
3027 907 3142 979 18).
3165 905 3336 976 Quam
3366 920 3518 962 com-

156 1002 276 1060 est,
329 995 504 1068 Legis
552 997 874 1056 doctrinam
903 1020 915 1054 :
968 1001 1212 1072 quinque
1251 1014 1406 1055 mnas
1427 1041 1445 1067 ,
1494 998 1811 1070 magisteria
1916 1001 2254 1072 parationem
2278 1001 2564 1058 Mattheus
2584 1002 2749 1059 etiam
2771 1002 2930 1058 nobis
2949 1003 3120 1058 voluit
3144 1012 3352 1074 aptare,
3375 1001 3519 1073 quod

158 1087 522 1160 disciplinae.
554 1092 674 1149 Sed
709 1093 1089 1165 legisperitum
1137 1094 1190 1148 in
1231 1092 1482 1148 omnibus
1533 1090 1660 1147 volo
1687 1106 1812 1148 esse
1915 1094 2169 1150 similiter
2195 1105 2254 1151 ut
2292 1095 2450 1155 dives
2480 1096 2571 1166 qui
2607 1096 2893 1167 pecuniam
2938 1112 3090 1152 suam
3124 1111 3231 1152 non
3278 1095 3524 1168 impartit

159 1182 523 1256 perfectum;
561 1202 679 1244 n0n
708 1189 857 1244 enim
882 1189 936 1244 in
972 1201 1250 1254 sermone,
1293 1185 1390 1244 sed
1414 1186 1467 1242 in
1500 1186 1701 1242 virtute
1727 1191 1813 1241 est
1914 1193 2248 1264 pauperibus
2290 1211 2304 1249 :
2338 1193 2410 1249 ita
2451 1194 2614 1249 etiam
2662 1193 2755 1264 qui
2809 1193 3082 1251 doctrinm
3130 1209 3242 1252 sua;
3289 1193 3521 1266 gratiam

163 1294 413 1348 regnum
449 1272 574 1338 Dei.
1915 1300 2027 1341 non
2056 1285 2253 1342 dividit
2278 1287 2566 1358 imperitis,
2597 1285 2796 1344 docere
2824 1305 2946 1345 cum
2995 1287 3204 1358 possit,
3235 1287 3376 1344 haud
3410 1301 3524 1343 me-

243 1375 343 1431 95.
391 1375 551 1434 Bene
601 1388 788 1434 autem
829 1377 954 1449 quia
988 1377 1057 1432 de
1098 1375 1302 1432 Judzcis
1353 1375 1528 1443 dicit,
1564 1375 1672 1430 duo
1709 1375 1813 1432 soli
1915 1379 2119 1435 diocris
2163 1395 2290 1436 reus
2319 1379 2623 1457 estculpa:
2675 1379 2816 1450 (Lib.
2847 1382 2966 1437 vde
2996 1379 3152 1449 Fide,
3187 1398 3302 1453 cap.
3338 1379 3414 1453 1).
3445 1379 3528 1437 De

173 1466 624 1538 multiplicatam
647 1470 931 1541 pecuniam
961 1469 1249 1532 deferunt;
1281 1482 1390 1523 non
1433 1467 1620 1538 utique
1648 1468 1811 1534 :eris,
1915 1489 2046 1544 quo,
2104 1475 2360 1544 quoniam
2411 1473 2466 1528 in
2513 1472 2670 1528 libris
2724 1473 2794 1530 de
2820 1473 2956 1531 Fide
3008 1473 3232 1545 scriptis
3259 1473 3522 1542 diximus,

169 1561 278 1618 sed
328 1571 357 1599 ει
390 1562 795 1634 disputationis
838 1562 1040 1618 usuris.
1076 1562 1195 1617 Alia
1242 1572 1328 1618 est
1377 1563 1523 1617 enim
1580 1563 1813 1633 pecunia
1919 1577 2292 1625 transcurrere
2319 1568 2513 1624 melius
2545 1568 2727 1625 fuerit.

173 1654 416 1722 fenoris,
454 1656 569 1710 alia
597 1657 864 1712 doctrinae
894 1655 1136 1712 ccelestis
1154 1670 1338 1711 usura.
1988 1661 2078 1717 96.
2119 1660 2382 1718 Civitates
2431 1672 2616 1720 autem
2646 1663 2673 1703 ι)
2699 1664 2891 1722 decem
2922 1663 3104 1738 (Vers.
3138 1662 3228 1736 17)
3260 1676 3383 1719 esse
3409 1675 3533 1738 qua}

252 1747 349 1806 94.
393 1749 612 1820 (Vers.
662 1749 792 1821 25.)
854 1749 1100 1820 Denique
1148 1749 1410 1805 Dominus
1462 1765 1584 1806 cum
1642 1749 1811 1806 dicit:
1918 1766 2181 1827 possunt,
2228 1757 2331 1811 nisi
2364 1757 2504 1813 forte
2561 1758 2760 1814 anima:
2790 1759 2987 1830 quibus
3030 1757 3154 1828 jure
3197 1755 3532 1828 praeponitur

179 1845 366 1911 Quare
393 1861 506 1898 non
529 1844 726 1899 dedisti
756 1846 1029 1914 pecuniam
1053 1861 1217 1900 meam
1247 1845 1315 1899 ad
1339 1861 1570 1899 mensam
1595 1843 1810 1918 (Matth.
1919 1853 2010 1919 qui
2043 1851 2325 1921 pecuniam
2376 1851 2616 1920 Domini,
2645 1864 2701 1909 et
2740 1836 2834 1908 illa
2857 1852 3073 1924 eloquia
3114 1860 3265 1907 casta
3297 1851 3533 1922 probata

175 1953 313 2005 xxv,
348 1936 487 2009 l8)?
518 1953 634 1994 non
653 1948 876 2006 nostrae,
908 1937 1004 1994 sed
1027 1955 1140 1994 suae
1168 1937 1414 2010 pecuniae
1447 1937 1644 2009 quzerit
1681 1951 1812 1993 usu—
1837 1931 1887 1994 B
1914 1941 2055 1997 sicut
2102 1951 2386 2014 argentum
2417 1985 2431 2010 ,
2489 1945 2766 2002 mentibus
2821 1945 3102 2001 hominum
3151 1943 3522 2000 feneraverit?

174 2046 325 2086 ram.
1916 2035 2051 2092 Nam
2103 2037 2246 2093 sicut
2278 2037 2618 2095 Hierusalem
2667 2039 2865 2096 dicitur
2901 2039 3168 2095 aedificata
3195 2039 3339 2095 sicut
3388 2035 3530 2094 civi-

252 2123 348 2179 95.
393 2123 557 2180 Unus
585 2124 727 2179 intra
760 2131 958 2179 terram
993 2123 1349 2180 abscondisse
1395 2137 1456 2180 se
1488 2122 1644 2190 dicit,
1669 2122 1814 2194 quod
1917 2139 2001 2188 tas
2034 2131 2206 2204 (Psal.
2236 2148 2383 2200 cm,
2415 2130 2473 2205 5)
2494 2175 2509 2200 ,
2544 2133 2616 2188 ita
2635 2133 2981 2190 suntanima:
3001 2133 3264 2206 pacificus.
3286 2131 3358 2187 Et
3386 2131 3532 2188 sicut

176 2221 464 2275 rationem
523 2212 764 2288 quaead
824 2220 1112 2290 imaginem
1163 2230 1218 2275 et
1274 2219 1684 2275 similitudinem
1715 2219 1813 2276 Dei
1915 2227 2096 2298 angeli
2125 2235 2388 2298 prmum,
2411 2229 2497 2298 jta
2520 2237 2577 2285 et
2597 2227 2650 2283 hi
2682 2228 2778 2300 qui
2797 2228 2964 2284 vitam
2989 2226 3289 2286 meruerint
3314 2225 3540 2299 angelo-

177 2311 308 2368 data
343 2321 434 2368 est
467 2311 660 2376 nobis,
691 2311 872 2367 studio
902 2311 1198 2380 voluptatis
1223 2311 1437 2378 obruit,
1461 2323 1516 2368 et
1541 2323 1814 2383 tamquam
1921 2337 2064 2379 rum,

257 2465 281 2492 ι·
329 2453 500 2510 Rom.
563 2452 699 2508 edit.
747 2452 891 2516 sola,
925 2451 1326 2520 dispensationis
1349 2453 1543 2509 usuris.
1569 2453 1676 2511 Sed
1707 2473 1814 2514 vox

181 2526 488 2598 disputatio
531 2523 848 2598 frequenter
873 2523 1014 2594 apud
1041 2523 1386 2598 Ambrosium
1437 2525 1580 2598 idem
1609 2529 1818 2598 signifi-

181 2594 284 2653 cat
306 2597 460 2667 quod
517 2596 913 2667 tractatio,iseu
940 2594 1254 2667 praedicatio
1287 2595 1639 2666 Evangelica.
1661 2594 1819 2656 *Βυτ-

185 2684 286 2725 sus
329 2665 557 2725 eadem
608 2667 743 2723 edit.
801 2666 960 2720 Rom.
1006 2681 1129 2721 cum
1161 2665 1289 2720 Era.
1323 2677 1378 2722 ct
1417 2665 1543 2724 Gill.
1575 2669 1694 2724 Alia
1750 2681 1826 2727 est

186 2741 333 2796 enim
383 2739 628 2810 ρεευηίιε
665 2737 921 2809 (tenebris.
955 2736 1183 2792 Amerb.
1210 2751 1341 2792 vero
1390 2747 1445 2792 et
1475 2754 1608 2796 mss.
1641 2742 1827 2798 nobis-

1921 2477 2046 2518 cum
2106 2461 2351 2525 faciunt,
2395 2459 2501 2516 nisi
2541 2459 2686 2533 quod
2733 2460 2931 2532 legitur
2965 2459 3018 2516 in
3049 2458 3282 2526 duobus,
3310 2498 3323 2513 .
3355 2498 3368 2513 .
3400 2499 3416 2514 .
3448 2474 3539 2531 pe-

1925 2534 2118 2594 cuniae,
2148 2536 2224 2587 vel
2241 2533 2475 2602 tumoris.

2003 2605 2030 2644 ι)
2073 2604 2165 2661 Sic
2194 2618 2385 2676 omnes
2421 2617 2554 2676 mss.
2585 2612 2640 2660 et
2660 2603 2793 2661 edit.
2850 2612 3051 2674 praeter
3080 2603 3242 2661 Rom.
3271 2617 3391 2676 quae
3442 2616 3545 2675 pro

1932 2676 2106 2731 decem
2129 2675 2376 2746 reposuit
2403 2675 2648 2747 quinque.

204 2869 3517 2897 ww

1456 2982 1805 3070 LIBER
1878 2983 2282 3071 NONUS

1665 3183 2066 3195 _—-———-———-—-

284 3282 512 3358 1495
549 3281 734 3356 (Vers.
755 3281 849 3351 29,
877 3282 996 3356 30.)
1038 3280 1108 3337 Et
1131 3287 1326 3355 factum
1355 3294 1460 3351 est,
1493 3300 1612 3339 cum
1639 3299 1837 3353 appro-
1867 3283 1913 3348 C
1943 3282 2032 3354 qui
2071 3281 2275 3351 aperit,
2329 3281 2416 3352 qui
2471 3279 2716 3351 pulsatur
2755 3279 2824 3336 ab
2873 3280 3334 3354 ingredientibus,
3366 3289 3423 3339 et
3478 3281 3550 3340 ab

205 3380 522 3450 pinquasset
560 3378 629 3431 ad
657 3377 1030 3451 Betltphageget
1053 3376 1384 3446 Bethaniam,
1407 3379 1476 3433 ad
1502 3388 1725 3434 montem
1751 3378 1840 3446 qui
1941 3375 2185 3441 emeritis
2215 3373 2491 3430 adoratur.

206 3481 433 3527 vocatur
467 3470 687 3538 Oliveti,
718 3472 854 3526 misit
895 3469 1027 3526 duos
1055 3471 1376 3542 discipulos,
1410 3473 1627 3528 dicens:
1662 3471 1745 3526 Ite
1783 3471 1838 3524 in
2016 3468 2072 3523 5.
2117 3467 2262 3538 Ergo
2303 3467 2355 3522 in
2388 3465 2612 3522 castello
2640 3475 2789 3534 erat,
2845 3476 2902 3524 et
2955 3467 3151 3539 ligatus
3208 3475 3326 3524 erat
3373 3467 3554 3540 pullus

207 3565 496 3620 castellum
525 3564 665 3634 quod
688 3574 868 3619 contra
894 3573 990 3632 est,
1021 3565 1075 3618 in
1107 3563 1246 3635 quod
1275 3565 1588 3621 introeuntes
1614 3563 1840 3620 iuuenie-
1943 3576 2064 3618 cum
2093 3561 2245 3617 asina
2280 3576 2294 3615 :
2347 3576 2455 3616 non
2497 3570 2706 3632 p0terat
2745 3561 2917 3629 solvi,
2945 3562 3055 3641 nisi
3095 3563 3249 3634 jussu
3293 3561 3546 3620 Domini:

209 3659 280 3714 tis
311 3657 705 3728 pullumasina:
733 3658 1041 3731 alligatum,
1073 3659 1127 3713 in
1156 3676 1258 3728 quo
1282 3676 1432 3715 nemo
1457 3660 1614 3715 sedit.
1943 3654 2110 3711 solvit
2150 3670 2272 3710 eum
2304 3669 2496 3710 manus
2525 3654 2820 3726 apostolica
2847 3672 2861 3710 :
2896 3654 3017 3710 talis
3039 3666 3212 3723 actus,
3261 3656 3386 3712 talis
3411 3657 3542 3723 vita,

292 3753 347 3808 1.
394 3751 632 3808 Pulchre
655 3751 859 3807 relictis
906 3751 1137 3819 Judzcis,
1169 3753 1510 3809 habitaturus
1542 3754 1595 3808 in
1623 3751 1839 3808 ali‘ecti-
1948 3749 2072 3804 talis
2099 3747 2294 3817 gratia.
2315 3747 2453 3802 Esto
2481 3747 2622 3814 talis,
2647 3756 2706 3802 ut
2731 3754 2788 3802 et
2814 3753 2871 3802 tu
2893 3747 3066 3818 possis
3094 3747 3287 3818 ligatos
3316 3748 3554 3803 solvere.
3595 3771 3598 3773 λ

219 3845 327 3903 bus
355 3846 601 3917 gentium
625 3887 639 3912 ,
665 3847 929 3916 templum
964 3846 1224 3901 Dominus
1250 3846 1526 3912 ascendit;
1562 3845 1666 3901 hoc
1692 3845 1839 3902 enim

219 3941 492 4010 templum
541 3948 625 3993 est
678 3954 889 4003 verum,
945 3937 1002 3993 in
1044 3953 1154 4008 quo
1184 3954 1294 3994 non
1325 3938 1380 3992 in
1411 3939 1620 4004 littera,
1662 3937 1762 3994 sed
1788 3940 1842 3994 in

224 4031 432 4101 spiritu
477 4029 736 4085 Dominus
784 4029 1093 4084 adoratur:
1140 4029 1244 4084 hoc
1276 4029 1372 4085 Dei
1417 4030 1680 4099 templum
1726 4038 1841 4097 est,

229 4125 379 4195 quod
413 4123 535 4178 fidei
577 4122 770 4190 series,
821 4137 931 4177 non
981 4121 1226 4192 lapidum
1246 4129 1530 4200 ,structura
1580 4121 1846 4176 fundavit.

230 4217 572 4273 Deseruntur
595 4230 724 4285 ergo
754 4215 846 4286 qui
871 4213 1134 4280 oderant,
1186 4213 1461 4284 eliguntur
1502 4213 1596 4284 qui
1619 4214 1850 4269 amaturi

233 4315 422 4367 erant.

306 4402 362 4456 2.
406 4401 476 4456 Et
518 4400 644 4457 ideo
689 4400 755 4457 ad
802 4410 1043 4458 montem
1076 4401 1227 4458 venit
1252 4401 1474 4468 Oliveti,
1507 4409 1565 4456 ut
1607 4400 1852 4458 novellas

237 4493 393 4551 oleas
433 4494 487 4549 in
515 4493 732 4549 sublimi
751 4495 956 4551 virtute
987 4495 1281 4566 plantaret,
1307 4509 1537 4565 quorum
1565 4503 1740 4552 mater
1769 4503 1855 4552 est

2018 3843 2075 3896 4.
2115 3841 2274 3897 Nunc
2322 3841 2734 3898 consideremus
2760 3841 2852 3912 qui
2881 3841 3082 3898 fuerint
3111 3842 3214 3910 illi,
3246 3841 3338 3913 qui
3367 3856 3559 3899 errore

1949 3941 2190 4005 detecto,
2221 3938 2291 3994 de
2331 3938 2584 4008 paradiso
2613 3938 2794 4009 ejecti,
2827 3949 2854 3976 ει
2877 3940 2929 3995 in
2959 3938 3187 3996 castello
3213 3948 3340 3995 sunt
3360 3939 3558 4011 religa-

1950 4032 2012 4086 ti.
2065 4031 2130 4086 Et
2163 4030 2316 4086 vides
2369 4030 2831 4100 quemadmodum
2881 4047 3020 4102 quos
3051 4047 3201 4088 mors
3246 4031 3591 4111 expulerat,_

1951 4122 2063 4177 vita
2108 4121 2449 4177 revocaverit
2476 4120 2708 4192 (Matth.
2742 4137 2863 4186 xxx,
2892 4122 2976 4193 ‘2).
3010 4121 3078 4177 Et
3118 4121 3240 4178 ideo
3267 4121 3564 4179 secundum

1954 4214 2266 4270 Mattliaaum
2295 4221 2351 4270 et
2391 4213 2602 4268 asinam
2649 4224 2705 4270 et
2733 4214 2939 4284 pullum
2971 4215 3233 4286 legimus;
3269 4223 3328 4270 ut
3351 4215 3477 4286 quia
3509 4214 3566 4271 in

1956 4307 2172 4363 duobus
2218 4307 2533 4363 hominibus
2578 4316 2806 4378 uterque
2829 4297 3014 4364 fuerat
3055 4322 3220 4364 sexus
3265 4309 3564 4379 expulsus,

1958 4403 2012 4458 in
2041 4402 2254 4458 duobus
2275 4401 2610 4460 animalibus
2636 4416 2800 4458 sexus
2828 4410 3054 4471 uterque
3086 4410 3393 4458 revocetur.
3423 4399 3569 4474 Ergo

1957 4495 2069 4553 illic
2117 4495 2170 4550 in
2211 4494 2367 4550 asina
2412 4503 2586 4551 matre
2626 4494 2781 4565 quasi
2818 4494 2985 4549 Evam
3023 4492 3276 4565 figuravit
3304 4493 3517 4550 erroris
3550 4512 3564 4550 :

239 4586 331 4645 illa
362 4603 484 4658 quae
537 4602 756 4642 sursum
805 4597 889 4644 est
914 4588 1280 4644 Hierusalem.
1312 4587 1371 4644 In
1423 4586 1530 4644 hoc
1556 4597 1743 4646 monte
1774 4601 1858 4648 est
1959 4587 2048 4644 hic
2097 4597 2281 4642 autem
2335 4586 2390 4642 in
2457 4587 2605 4658 pullo
2649 4587 3062 4658 generalitatem
3115 4587 3296 4659 populi
3347 4587 3570 4660 gentilis

238 4680 336 4736 ille
383 4679 628 4736 caelestis
668 4680 938 4751 agricola,
995 4689 1055 4736 ut
1111 4681 1342 4751 plantati
1380 4695 1574 4738 omnes
1602 4683 1655 4738 in
1686 4683 1848 4739 domo

240 4772 360 4834 Dei,
407 4771 613 4843 possint
641 4772 845 4828 viritim
891 4772 1112 4829 dicere:
1152 4772 1268 4846 Ego
1313 4783 1485 4829 autem
1535 4774 1670 4830 sicut
1712 4776 1848 4830 oliva

243 4866 514 4938 fructifera
535 4868 587 4921 in
610 4867 764 4924 domo
785 4867 995 4924 Domini
1017 4867 1188 4941 (Psal.
1247 4886 1317 4936 ιι,
1354 4870 1469 4942 10).
1513 4871 1581 4926 Et
1617 4870 1849 4927 fortasse

247 4961 364 5031 ipse
391 4976 545 5017 mons
565 4961 816 5018 Christus
850 4971 953 5018 est.
975 4962 1110 5029 Quis
1134 4963 1280 5019 enim
1312 4964 1453 5018 alius
1479 4963 1612 5018 tales
1636 4961 1846 5018 fructus

241 5052 411 5112 ferret
437 5055 732 5120 olivarum.
767 5071 874 5111 non
904 5057 1344 5113 curvescentium
1376 5058 1626 5114 ubertate
1654 5056 1851 5111 bacca-

248 5164 398 5216 rum,
431 5149 526 5204 sed
565 5148 787 5219 spiritus
827 5148 1161 5218 plenitudine
1188 5151 1430 5221 gentium
1459 5148 1853 5204 fecundarum?

254 5239 376 5310 lpsc
408 5249 489 5294 est
515 5254 611 5310 per
641 5254 800 5308 quem
831 5239 1208 5307 ascendimus,
1237 5252 1290 5296 et
1317 5241 1383 5296 ad
1414 5256 1574 5312 quem
1606 5241 1854 5296 ascendi-

253 5349 393 5390 mus.
425 5332 541 5403 Ipse
588 5339 672 5388 est
717 5331 907 5403 janua,
940 5334 1056 5404 ipse
1087 5342 1170 5389 est
1207 5335 1326 5401 via,
1358 5335 1446 5405 qui
1484 5334 1748 5405 aperitur,
1798 5344 1869 5407 et_

325 5501 351 5528 *ι
393 5488 537 5544 Edit.
569 5503 760 5543 omnes
789 5489 844 5542 in
884 5488 1152 5543 castellum
1177 5489 1301 5554 sint,
1333 5487 1556 5543 Amerb.
1601 5487 1847 5558 religati,

255 5563 374 5619 alia:
406 5561 640 5629 relegati.
677 5560 806 5614 Mss.
837 5570 1016 5614 autem
1058 5560 1207 5625 nullo
1236 5574 1372 5629 pene
1391 5571 1645 5627 excepto,
1675 5569 1735 5613 ut
1764 5575 1863 5614 nos

257 5635 313 5690 in
349 5642 520 5687 textu.
552 5631 621 5686 Et
648 5646 778 5686 sane
815 5631 956 5686 hanc
989 5631 1278 5687 lectionem
1321 5629 1582 5699 allegoria
1623 5646 1730 5684 non
1763 5632 1864 5686 ob-

259 5719 418 5762 scure
449 5702 614 5773 exigit
638 5719 653 5768 ;
683 5704 882 5773 quippe
911 5718 1012 5772 qua
1039 5711 1357 5772 peccatores
1385 5701 1708 5773 delictorum
1739 5717 1868 5757 suo-

260 5792 383 5832 rum
417 5772 648 5828 vinculis
669 5772 877 5844 alligati
896 5790 990 5842 per
1015 5775 1225 5829 asinam
1249 5780 1303 5829 et
1325 5773 1531 5842 pullum
1558 5772 1612 5828 in
1639 5774 1868 5830 castello

262 5847 519 5915 religatos
547 5845 958 5915 adumhrentur.

340 5914 378 5956 ιῖ
410 5918 568 5974 Rom.
601 5914 734 5974 edit.
767 5926 824 5974 et
852 5918 1004 5988 pauci
1041 5931 1199 5984 mss,
1233 5916 1399 5972 errori
1427 5917 1728 5987 famulatus.
1760 5916 1870 5976 llic-

1960 4682 2260 4754 expressit;
2284 4691 2339 4738 et
2368 4680 2492 4738 ideo
2524 4681 2578 4737 in
2607 4681 2760 4753 pullo
2782 4669 3004 4739 sedetur
3018 4682 3207 4738 asinte.

2028 4778 2081 4834 5.
2127 4777 2197 4833 Et
2223 4776 2364 4832 bene
2389 4793 2403 4830 :
2432 4775 2500 4830 In
2539 4793 2642 4848 quo
2679 4793 2830 4832 nemo
2859 4777 3026 4845 sedit';
3057 4777 3182 4849 quia
3212 4778 3394 4836 nullus
3419 4787 3572 4838 ante-

1957 4886 2122 4942 quam
2156 4867 2410 4924 Christus
2457 4869 2740 4924 nationum
2779 4870 3014 4940 populos
3040 4871 3256 4926 vocavit
3283 4870 3352 4927 ad
3379 4871 3572 4929 Eccle-

1957 4963 2118 5018 siam.
2151 4959 2394 5030 Denique
2423 4959 2722 5018 secundum
2767 4960 3006 5018 Marcum
3048 4963 3126 5018 sic
3157 4962 3323 5020 habes
3353 4982 3367 5020 :
3404 4964 3572 5032 Quem

1960 5070 2110 5110 nemo
2158 5052 2328 5107 adhuc
2375 5052 2508 5108 sedit
2547 5053 2812 5108 hominum
2844 5053 3039 5127 (Marc.
3066 5055 3250 5126 x1,2).
3299 5057 3571 5128 Alligatus

1953 5157 2133 5203 autem
2179 5145 2419 5217 perﬁdia:
2451 5146 2686 5202 vinculis
2726 5147 3035 5216 tenebatur,
3081 5148 3270 5220 iniquo
3313 5150 3569 5209 addictus

1955 5243 2212 5312 domino,
2256 5245 2284 5283 δ
2314 5262 2505 5304 errore
2546 5246 2843 5303 famulatus
2877 5267 2892 5304 :
2925 5249 3023 5304 sed
3067 5248 3409 5306 dominatum
3461 5248 3569 5306 sibi

1954 5337 2232 5395 vindicare
2263 5354 2370 5394 non
2401 5348 2652 5412 poterat,
2692 5353 2854 5412 quem
2891 5355 3048 5410 reum
3077 5339 3285 5397 fecerat
3314 5356 3424 5396 non
3473 5355 3573 5397 na-

1959 5487 2065 5543 lius
2093 5488 2238 5553 alias,
2271 5504 2335 5544 ac
2366 5504 2499 5544 mss.
2551 5489 2714 5559 longe
2748 5489 3009 5559 plurimi,
3041 5507 3215 5546 errore
3255 5490 3575 5560 famulatus;

1975 5560 2028 5615 id
2053 5569 2162 5632 est,
2199 5575 2294 5629 per
2323 5576 2595 5627 errorem,
2620 5562 2710 5618 ubi
2737 5562 3252 5632 subintelligendum
3277 5571 3362 5616 est
3383 5562 3581 5618 daemo-

1975 5632 2049 5703 ni,
2079 5631 2168 5703 ad
2197 5648 2357 5700 quem
2404 5634 2572 5688 verba
2602 5634 2854 5703 proxime
2900 5631 3180 5703 sequentia
3240 5632 3576 5689 referuntur.

1973 5702 2030 5759 ln
2061 5702 2260 5774 quibus
2302 5703 2483 5760 verbis
2511 5702 2612 5774 pro
2638 5720 2772 5760 voce
2821 5702 2991 5768 reum,
3029 5713 3088 5758 ut
3115 5703 3246 5774 edit.
3297 5712 3354 5774 et
3396 5703 3580 5770 plures

1975 5789 2108 5846 mss.
2149 5773 2375 5842 habent,
2399 5777 2451 5831 in
2471 5773 2602 5832 mss.
2625 5785 2860 5846 quatuor
2886 5775 3082 5846 legitur
3107 5773 3300 5846 Deum,
3323 5773 3376 5830 in
3400 5774 3572 5834 tribus

1979 5845 2282 5916 Dominum,
2315 5847 2460 5918 quod
2489 5845 2736 5906 ultimum
2764 5847 2903 5907 forte
2929 5845 2999 5904 an
3023 5861 3150 5905 vera
3181 5845 3346 5903 lectio
3365 5852 3470 5903 est.
