4148 6362
575 325 714 385 1795

1921 323 2169 388 SANCTI
2210 320 2532 384 AMBROSII

3741 325 3885 388 I796

564 451 705 508 tura,
733 441 829 498 sed
855 442 1036 512 culpa.
1072 441 1143 498 Et
1179 441 1301 497 ideo
1329 454 1452 497 eum
1483 440 1746 496 Dominus
1767 439 1967 496 dicitur
1987 481 2002 506 ,
2033 455 2173 496 unus
2201 441 2252 504 Α
2352 441 2439 497 10.
2480 440 2612 508 Quae
2639 450 2723 496 est
2751 440 2854 502 ista
2883 440 3124 510 habena,
3158 441 3393 500 fratres?
3425 441 3560 518 Quis
3583 456 3671 499 me
3693 442 3886 500 doceat

566 533 914 601 agnoscitur;
950 547 1071 586 nam
1103 540 1159 587 et
1188 531 1341 586 multi
1363 531 1460 594 dii,
1497 539 1552 585 et
1581 530 1736 586 multi
1762 528 1991 594 domini,
2028 539 2052 564 ³
2077 528 2173 584 sed

565 623 895 694 generaliter
919 642 932 678 :
965 623 1122 678 nobis
1151 632 1330 678 tamen
1380 637 1520 677 unus
1548 622 1708 687 Deus,
1735 631 1792 675 et
1822 636 1962 678 unus
1982 621 2171 678 Domi-

569 734 692 776 nus.
741 718 930 788 ltaque
959 720 1059 774 etsi
1107 733 1214 774 non
1265 716 1612 788 exprimitur,
1667 713 1882 790 1596
1912 714 2173 772 Dominus

566 813 825 868 definitur
856 828 963 870 non
989 809 1106 883 jam
1146 827 1244 884 per
1271 812 1676 888 adjunctionem
1711 826 1992 886 personm,
2022 809 2049 847 δ
2075 809 2171 876 sed

568 920 666 976 per
693 905 1097 962 universitatem
1124 913 1356 961 naturae.

637 997 692 1051 6.
737 995 948 1054 Marcus
996 1006 1178 1054 autem
1225 991 1442 1054 induxit
1491 998 1716 1068 ligatum
1771 1005 1897 1054 ante
1944 995 2170 1068 januam

568 1089 762 1160 (Marc.
803 1106 876 1156 ιι,
903 1089 993 1156 6);
1029 1091 1154 1162 quia
1187 1100 1341 1158 extra
1368 1090 1645 1146 Christum
1694 1090 2020 1164 quicumque
2066 1097 2169 1156 est,

565 1181 699 1238 foris
729 1193 807 1238 est
843 1182 895 1237 in
939 1182 1055 1264 via:
1091 1182 1183 1253 qui
1214 1194 1397 1238 autem
1425 1184 1477 1238 in
1510 1181 1730 1238 Chrism
1759 1191 1841 1238 est
1864 1224 1876 1248 ,
1904 1181 2034 1238 foris
2064 1196 2170 1263 non

563 1285 666 1333 est.
698 1275 762 1330 In
807 1277 1059 1344 transitu,
1093 1276 1325 1344 addidit,
1351 1277 1440 1336 ubi
1472 1277 1671 1332 nullius
1697 1283 1843 1332 certa
1876 1273 2170 1345 possessio,

564 1385 670 1425 non
722 1385 998 1442 prmsepe,
1039 1385 1144 1426 non
1173 1371 1457 1436 alimenta,
1488 1387 1592 1426 non
1645 1369 1943 1424 stabulum.
1971 1368 2171 1422 Misera

563 1461 795 1517 servitus
847 1463 933 1518 cui
980 1477 1172 1533 vagum
1220 1461 1310 1532 jus
1341 1471 1458 1530 est;
1499 1463 1681 1536 plures
1727 1463 1870 1517 enim
1920 1460 2174 1516 dominos

565 1558 750 1628 habet,
783 1559 875 1632 qui
923 1576 1090 1616 unum
1145 1576 1253 1616 non
1287 1560 1469 1616 habet.
1504 1571 1525 1598 ο
1573 1559 1755 1616 Alieni
1813 1558 2063 1630 alligant,
2111 1564 2173 1612 ut

564 1653 928 1724 possideant:
987 1654 1089 1708 iste
1143 1653 1338 1720 solvit,
1385 1662 1444 1708 ut
1491 1661 1704 1719 teneat;
1761 1651 2170 1708 vehementiora

565 1746 709 1802 enim
743 1746 883 1808 dona
915 1746 1063 1802 novit
1093 1763 1236 1812 esse,
1265 1764 1424 1819 quam
1450 1748 1686 1802 vincula.

2276 534 2742 608 quemadmodum.
2765 550 2860 598 ora
2889 537 3167 598 hominum
3197 547 3288 596 aut
3316 541 3629 609 restringat,
3659 548 3755 596 aut
3779 532 3890 594 sol-

2279 627 2408 686 vat?
2451 626 2773 684 Monstravit
2820 628 2952 692 mihi
3000 627 3267 686 habenam
3321 629 3415 686 ille
3464 631 3554 701 qui
3601 630 3785 686 dixit:
3815 629 3889 690 Ut

2255 719 2425 796 -detur
2445 720 2572 774 mihi
2603 737 2770 776 sermo
2791 721 2845 778 in
2877 723 3195 794 apertionem
3224 723 3330 782 oris
3357 724 3455 784 mei
3500 722 3652 794 (Act.
3700 739 3776 782 ιι.
3800 725 3885 797 5).

2282 811 2491 894 148⁷
2521 812 2714 870 Sermo
2737 828 2868 886 ergo
2900 813 3108 871 habena
3139 824 3243 878 est,
3283 830 3466 874 sermo
3494 814 3751 879 stimulus
3775 825 3883 872 est.

2275 915 2330 962 et
2350 906 2470 967 ideo
2495 906 2690 964 durum
2722 917 2806 966 est
2844 907 2942 964 tibi
2971 907 3234 966 adversus
3261 909 3542 968 stimulum
3573 908 3887 974 calcitrare.

2277 1001 2473 1060 Docuit
2517 1004 2681 1071 igitur
2712 1004 2800 1059 hic
2830 1019 2930 1060 nos
2975 1003 2992 1041 ί
3026 1005 3242 1075 aperire
3273 1018 3401 1069 cor,
3441 1003 3723 1062 stimulum
3754 1018 3887 1078 per-

2274 1096 2411 1168 peti,
2436 1097 2624 1170 iugum
2675 1099 2899 1156 ducere.
2948 1098 3150 1154 Doceat
3193 1107 3251 1154 et
3279 1098 3416 1154 alius
3451 1097 3651 1172 linguae
3683 1097 3893 1158 retina-

2275 1190 2393 1245 cula
2424 1191 2552 1260 pati.
2586 1189 2779 1245 Rarior
2808 1191 2953 1246 enim
2985 1189 3198 1247 tacendi
3249 1189 3426 1244 virtus
3455 1198 3562 1258 est,
3593 1205 3756 1260 quam
3803 1189 3891 1244 lo-

2274 1282 2496 1354 quentli.
2528 1283 2727 1338 Doceat
2759 1283 2918 1354 plane
2977 1282 3102 1348 ille,
3149 1282 3240 1352 qui
3290 1282 3440 1340 velut
3473 1293 3654 1344 mutus
3686 1281 3889 1338 adver-

2275 1389 2368 1438 sus
2395 1373 2577 1432 dolum
2618 1390 2724 1429 non
2751 1375 2967 1444 aperuit
3011 1389 3076 1431 os
3118 1388 3275 1438 suum
3299 1372 3475 1448 (Prol.
3525 1389 3731 1442 xxxvu,
3769 1372 3887 1444 H),

2275 1479 2496 1542 paratus
2527 1470 2577 1523 in
2602 1469 2838 1542 ﬂagella,
2870 1479 2926 1526 et
2948 1469 3175 1532 verbera
3200 1462 3305 1538 nun
3337 1485 3619 1536 recusans,
3654 1477 3716 1534 ut
3735 1477 3888 1530 esset

2275 1562 2359 1632 pia
2391 1563 2566 1617 sessio
2591 1562 2724 1617 Deo.

2347 1659 2436 1720 ll.
2458 1657 2639 1725 (Vrrs.
2670 1657 2786 1730 56.)
2815 1658 2968 1714 Disce
2992 1672 3021 1716 a
3041 1655 3344 1722 domestico
3365 1655 3461 1712 Dei
3491 1664 3706 1728 gestare
3725 1653 3890 1712 Chri-

2275 1759 2449 1818 stum;
2483 1751 2738 1824 quoniam
2772 1751 2924 1820 prius
2953 1759 3003 1804 te
3032 1749 3122 1808 ille
3148 1749 3411 1820 gestabat.
3439 1765 3562 1808 cum
3592 1757 3774 1821 pastor
3795 1764 3888 1803 er-

637 1839 690 1892 7.
724 1838 834 1894 Nec
864 1839 996 1895 illud
1039 1841 1276 1896 otiosum
1309 1841 1451 1913 quod
1485 1841 1592 1897 duo
1637 1840 1887 1912 discipuli
1920 1838 2166 1912 dirigun-
2199 1831 2248 1901 Β
2273 1853 2482 1911 raptem
2521 1842 2804 1900 reduceret
2845 1856 3002 1897 ovem
3036 1839 3188 1912 (Luc.
3221 1855 3328 1905 xv,
3369 1838 3426 1912 6)
3465 1858 3477 1898 :
3511 1839 3660 1896 disco
3691 1838 3885 1896 sedula

563 1939 681 2001 tur,
712 1932 910 1987 Petrus
937 1932 1002 1988 ad
1036 1934 1371 1997 Cornelium,
1417 1933 1614 1988 Paulus
1663 1931 1728 1988 ad
1758 1931 2001 2004 reliquos
2025 1931 2164 2001 (Act.

562 2043 615 2092 Χ,
649 2027 740 2091 23,
773 2038 820 2082 et
847 2044 961 2095 xm,
986 2029 1059 2097 5).
1090 2029 1154 2084 Et
1209 2028 1331 2084 ideo
1364 2043 1470 2083 non
1519 2042 1784 2099 personas
1838 2026 2164 2098 designavit,

557 2117 654 2173 sed
689 2135 974 2180 numerum
1001 2120 1280 2188 definivit;
1313 2132 1496 2177 tamen
1522 2122 1565 2177 si
1595 2122 1720 2196 quis
1743 2130 1827 2176 est
1853 2121 1940 2190 qui
1973 2136 2164 2190 perso-

560 2228 658 2267 nas
679 2215 878 2285 exigat,
914 2225 1093 2286 potest
1120 2215 1392 2270 aestimare
1417 2215 1484 2270 de
1515 2216 1767 2286 Philippo
1795 2231 1956 2287 quem
1987 2215 2166 2286 Spiri-

560 2315 646 2361 tus
676 2308 819 2361 misit
849 2307 902 2361 iu
947 2308 1146 2362 Gazam
1181 2307 1328 2381 (Act.
1363 2322 1473 2372 vni,
1503 2307 1623 2378 26),
1648 2308 1867 2380 quando
1898 2307 2163 2364 Candacis

555 2399 764 2470 regina}
808 2399 1105 2470 baptizavit
1153 2400 1484 2468 eunuchum,
1514 2410 1569 2456 et
1595 2400 1664 2454 ab
1691 2402 1863 2457 Azoto
1892 2401 1949 2457 in
1981 2399 2166 2456 (Σπερ-

558 2510 703 2550 ream
732 2511 830 2566 per
855 2511 1046 2552 omnes
1076 2497 1324 2552 civitates
1343 2496 1573 2552 verbum
1601 2495 1818 2551 Domini
1849 2495 2160 2552 seminavit.

556 2587 666 2644 Nec
690 2588 816 2643 illud
843 2590 1276 2660 praetereundum
1307 2589 1452 2662 quod
1481 2604 1607 2646 mox
1635 2587 1992 2646 remittendos
2013 2603 2156 2646 asse-

553 2687 662 2752 rit;
693 2687 814 2757 quia
845 2685 1109 2757 dirigendi
1137 2695 1294 2742 erant
1315 2686 1405 2757 qui
1439 2684 1718 2742 dominum
1743 2683 1930 2742 Jesum
1964 2685 2016 2739 in
2043 2684 2159 2740 ﬁni-

555 2779 656 2835 bus
679 2779 922 2850 gentium
951 2781 1336 2850 praedicarent.

624 2874 678 2929 8.
709 2873 886 2945 (Vers.
920 2873 1040 2945 54.)
1071 2874 1153 2929 11Ιί
1177 2891 1308 2945 ergo
1357 2875 1548 2932 directi
1585 2889 1711 2929 cum
1743 2873 2016 2938 solverent
2042 2872 2161 2945 pul-

553 2970 687 3032 lum,
722 2967 978 3038 numquid
1029 2968 1143 3023 suis
1181 2969 1363 3023 verbis
1414 2968 1497 3022 usi
1552 2970 1718 3024 sunt?
1747 2966 1966 3022 Minitne
2011 2983 2024 3016 :
2059 2963 2155 3020 sed

2273 1937 2471 1992 mentis
2495 1944 2598 1990 tua:
2624 1935 2787 1989 dorsa
2810 1933 3188 1997 substernere,
3210 1930 3358 1987 disce
3378 1945 3500 1986 esse
3522 1929 3622 1986 sub
3641 1929 3886 1995 Christo,

2271 2041 2333 2090 ut
2386 2030 2562 2100 possis
2623 2043 2745 2088 esse
2794 2042 2959 2098 supra
3021 2024 3302 2084 mundum.
3377 2025 3496 2088 Non
3554 2025 3888 2096 quicumque

2269 2125 2430 2184 facile
2485 2125 2636 2184 vehit
2680 2123 2983 2189 Christum,
3027 2121 3126 2178 sed
3182 2120 3274 2178 ille
3321 2120 3411 2190 qui
3451 2127 3632 2192 potest
3658 2118 3884 2174 dicere:

2270 2216 2582 2284 Incurratus
2604 2226 2650 2271 et
2677 2215 2980 2282 humiliatus
3011 2230 3125 2270 sum
3151 2212 3343 2272 nimis:
3372 2212 3638 2284 rugiebam
3661 2228 3693 2265 a
3721 2209 3887 2285 gemi-

2268 2321 2323 2365 tu
2350 2313 2524 2366 cordis
2546 2311 2644 2364 niei
2671 2308 2845 2382 (Psal.
2877 2304 3183 2375 xxxvu,9).
3213 2304 3368 2373 Quod
3397 2307 3442 2359 si
3462 2302 3745 2360 desideras
3772 2318 3885 2358 non

2263 2405 2492 2469 moveri,
2523 2417 2688 2474 super
2712 2400 2810 2456 illa
2841 2399 3162 2456 vestimenta
3189 2406 3508 2454 sanctorum
3538 2395 3744 2452 eluutm
3772 2395 3881 2465 fige

2266 2499 2576 2568 vestigium.
2609 2496 2753 2560 Cave
2775 2493 2920 2551 enim
2964 2508 3032 2548 ne
3060 2489 3340 2548 lutulentis
3367 2489 3596 2562 pedibus
3633 2489 3880 2562 incedas,

2264 2606 2398 2648 eave
2448 2600 2472 2638 tt
2520 2604 2590 2648 ne
2616 2584 2948 2650 transversis
2973 2586 3285 2658 gressibus.
3316 2593 3585 2655 perstrata
3625 2582 3722 2639 tibi
3759 2599 3888 2653 pro—

2259 2683 2604 2754 pheticarunt
2637 2681 2846 2734 viarum
2882 2679 3075 2733 itinera
3113 2675 3496 2747 derelinquas;
3543 2690 3781 2744 namque
3818 2681 3880 2732 ut

2263 2776 2432 2831 tutior
2461 2773 2709 2830 venturis
2719 2772 2978 2843 gentibus
3003 2780 3153 2828 esset
3169 2772 3439 2838 incessus,
3461 2769 3699 2838 propriis
3724 2767 3893 2830 indu--

2264 2867 2462 2934 mentis
2489 2879 2660 2934 usque
2685 2863 2752 2918 ad
2805 2862 2898 2918 Dei
2931 2861 3192 2931 templum
3222 2862 3311 2932 qui
3361 2860 3626 2929 prazibant
3662 2859 3872 2928 Jrsum,

2261 2961 2511 3016 semitam
2550 2959 2877 3014 munierant.
2914 2955 2982 3013 Ut
3011 2965 3067 3011 tu
3097 2956 3216 3011 sine
3245 2955 3543 3011 offensione
3579 2953 3874 3026 gradiaris,

549 3061 803 3115 dixerunt
829 3061 970 3116 sicut
1001 3060 1222 3116 dixerat
1243 3060 1354 3116 illis
1385 3060 1544 3116 Jesus
1570 3077 1584 3120 ;
1617 3068 1673 3114 ut
1695 3073 1966 3130 agnoscas
2011 3055 2158 3128 quod
2187 3046 2232 3111 C
2264 3053 2512 3124 discipuli
2534 3052 2748 3108 Domini
2775 3051 2975 3107 amictu
2998 3065 3058 3107 se
3081 3051 3286 3122 proprii
3311 3051 3559 3122 corporis
3586 3060 3876 3118 exuentes,

539 3167 658 3209 ‘non
707 3169 804 3208 suo
842 3169 1132 3220 sermone,
1184 3153 1279 3209 sed
1332 3153 1424 3207 Dei
1479 3151 1686 3216 verbo;
1744 3165 1844 3206 nec
1895 3148 2155 3220 proprio,

547 3249 643 3304 sed
693 3247 900 3303 Christi
949 3247 1168 3304 nomine
1221 3247 1379 3304 fidem
1428 3247 1642 3317 populis
1683 3245 1934 3300 inludere
1981 3241 2158 3312 genti-

547 3341 720 3407 libus,
772 3351 933 3412 atque
979 3341 1309 3396 adversaria:
1340 3348 1640 3412 potestates
1673 3352 1793 3409 qua:
1843 3337 1946 3390 sibi
1977 3335 2157 3390 natio-

545 3449 672 3488 num
703 3433 964 3501 obsequia
994 3432 1366 3496 vindicabant,
1403 3431 1661 3486 mandato
1692 3444 1912 3486 cessere
1939 3428 2152 3484 divino.

611 3527 668 3581 9.
714 3525 894 3594 (Vers.
937 3523 1056 3595 55.)
1089 3524 1347 3607 υιιόθβῑ
1378 3524 1610 3596 apostoli
1667 3522 1888 3594 propria
1932 3520 2152 3576 Christo

537 3619 860 3672 vestimenta
918 3617 1308 3683 substernunt,
1371 3612 1540 3671 sive‘1
1578 3630 1686 3683 ίῐυο
1739 3613 1866 3671 facti
1917 3613 2148 3686 gloriam

539 3713 847 3785 evangelica
898 3712 1288 3785 prmdicatione
1340 3710 1668 3783 pra'fert‘ettt
1711 3727 1724 3763 :
1760 3709 1814 3765 in
1845 3708 2150 3780 Scripturis

537 3809 681 3864 enim
731 3807 930 3862 divinis
972 3808 1291 3878 plerumque
1345 3807 1670 3862 vestimenta
1719 3805 1949 3860 virtutes
1996 3811 2145 3870 sunt,

539 3918 660 3973 qua:
686 3901 934 3972 gentium
955 3899 1210 3956 duritiam
1236 3901 1290 3955 in
1319 3901 1654 3967 aliquantum
1686 3899 1906 3970 propria
1933 3912 2150 3968 quoque

536 3996 738 4050 virtute
767 3995 1079 4060 mollirent;
1103 4004 1208 4048 ut!3
1232 3993 1495 4050 inoffensa
1525 4004 1764 4049 vectura:
1789 3993 1964 4048 felicis
1989 3992 2150 4048 obse-

534 4088 656 4161 quia
693 4087 900 4144 sedulis
931 4088 1213 4144 affectibus
1240 4087 1588 4144 exhiberent.
1633 4087 1751 4143 Non
1782 4088 1928 4141 enim
1953 4084 2144 4141 mundi

533 4180 820 4236 Dominum
846 4181 1048 4237 forensi
1072 4184 1252 4252 specie
1281 4180 1480 4252 gestari
1511 4180 1674 4236 dorso
1703 4178 1872 4233 asina:
1904 4179 2144 4235 delecta-

533 4273 610 4328 vit
643 4291 655 4327 :
687 4274 781 4329 sed
813 4283 870 4328 ut
899 4274 1104 4330 latente
1132 4275 1394 4347 mysterio
1425 4273 1721 4340 penetralia
1751 4282 1955 4327 nostra:
1986 4288 2141 4328 men-

2262 3149 2400 3203 inter
2427 3147 2654 3203 adversa
2687 3146 2968 3204 turbarum
3000 3147 3141 3200 viam
3176 3145 3272 3200 tibi
3314 3159 3414 3201 suo
3441 3153 3692 3205 stravere
3726 3159 3878 3200 mar-

2261 3240 2424 3312 tyrio.
2449 3239 2505 3295 Si
2527 3239 2652 3310 quis
2673 3249 2856 3295 tamen
2877 3239 2954 3294 ita
2975 3237 3095 3293 vult
3110 3238 3385 3306 accipere,
3405 3253 3519 3294 nou
3560 3238 3881 3305 raduntur,

2256 3335 2401 3406 quod
2449 3335 2628 3404 pullus
2673 3334 2775 3390 iste
2818 3333 2928 3405 iam
2979 3346 3148 3404 supra
3191 3330 3504 3387 ludsorunt
3547 3330 3882 3386 vestimenu

2255 3409 2600 3500 graderetur.

2325 3523 2412 3577 12.
2455 3519 2594 3588 Quid
2649 3527 2831 3576 autem
2881 3518 2987 3575 sibi
3041 3518 3216 3574 velint
3264 3531 3540 3571 ramorum
3597 3515 3876 3588 lingva-iul

2254 3613 2474 3684 (Matth.
2499 3613 2590 3678 21,
2622 3612 2702 3684 8),
2731 3627 2853 3684 qua:
2873 3614 3063 3685 utique
3097 3610 3468 3668 incedentium
3505 3625 3728 3682 gressus
3763 3611 3877 3667 im-

2252 3706 2459 3777 plicare
2485 3715 2860 3772 consnerunt;
2895 3705 3206 3761 dubitarem
3239 3703 3516 3775 profecto,
3549 3703 3654 3758 nisi
3696 3719 3781 3759 me
3814 3704 3876 3761 in

2251 3799 2626 3872 superioribus
2645 3799 2826 3855 bonus
2851 3798 3038 3854 mundi
3071 3799 3238 3853 totius
3267 3799 3548 3854 decuisset
3594 3797 3869 3868 agricola,

2250 3895 2373 3964 quia
2399 3895 2509 3964 jam
2538 3893 2747 3949 securis
2773 3893 2838 3948 ad
2863 3892 3080 3948 radices
3111 3894 3367 3948 arborum
3401 3894 3575 3964 posita
3601 3900 3712 3960 est,
3742 3909 3874 3964 qum

2247 3991 2348 4045 sub
2373 3988 2637 4044 adventus
2669 3987 2880 4043 Domini
2907 3986 3489 4044 Salutarisinl'ecunda
3517 3987 3782 4053 socc-idat,
3806 3999 3874 4045 et

2247 4083 2702 4138 infructuosarum
2749 4082 2968 4137 inanem
3000 4081 3230 4152 gloriam
3273 4083 3515 4152 gentium
3561 4081 3682 4137 solo
3722 4091 3871 4138 ster-

2248 4187 2359 4241 nat,
2417 4177 2657 4234 fidelium
2711 4175 2942 4247 pedibus
2994 4175 3424 4247 proterendam;
3475 4185 3536 4231 ut
3585 4185 3866 4234 remvata:

2247 4270 2442 4326 mentis
2498 4270 2688 4340 spiritu
2748 4270 3042 4337 nationes,
3105 4270 3254 4324 velut
3303 4270 3638 4326 novellarum
3692 4270 3864 4326 arbo-

527 4365 598 4418 tis
635 4366 1006 4432 insterueret,
1053 4375 1107 4419 et
1149 4366 1200 4419 in
1247 4364 1478 4419 secretis
1519 4365 1827 4418 animorum
1882 4365 2142 4419 interiore
2239 4381 2362 4421 rum
2379 4365 2575 4435 stirpes
2597 4364 2913 4420 de-vetustis
2937 4363 3149 4435 possint
3176 4363 3487 4434 germinare
3515 4364 3858 4421 caudicibus.

527 4473 790 4512 conses~u
849 4456 1112 4528 mysticus
1159 4468 1347 4512 vector
1373 4455 1671 4520 insideret,
1705 4456 1862 4528 quasi
1898 4457 2134 4526 quodam

529 4564 761 4618 corpore
792 4550 1091 4604 divinitatis
1123 4548 1333 4605 infusus
1355 4592 1370 4617 ,
1407 4563 1607 4619 regens
1654 4548 1853 4604 mentis
1882 4549 2132 4618 vestigia,

2318 4460 2405 4515 15.
2436 4458 2513 4514 Ne
2533 4473 2664 4530 ergo
2691 4458 2963 4529 despicias
2995 4463 3140 4513 hunc
3170 4458 3429 4523 asellum;
3459 4474 3583 4514 nam
3624 4461 3762 4515 sicut
3797 4459 3862 4518 in

2243 4553 2441 4608 vestitu
2473 4551 2656 4608 ovium
2691 4564 2818 4607 sunt
2847 4551 2962 4622 lupi
2990 4566 3239 4622 rapaces,
3270 4552 3340 4607 ita
3369 4559 3557 4608 contra
3590 4551 3729 4607 inest
3755 4551 3863 4608 ho-

533 4642 781 4697 lascivias
827 4644 1006 4698 carnis
1042 4643 1322 4700 infrenans
1346 4659 1361 4708 ;
1389 4651 1448 4697 ut
1475 4643 1639 4699 ductu
1671 4641 1899 4714 pietatis
1947 4657 2137 4698 assue-
2161 4615 2216 4686 Ι)
2245 4662 2333 4702 nio
2367 4645 2549 4701 cordis
2578 4645 2931 4702 absconditus
2960 4645 3062 4700 sub
3093 4644 3278 4718 specie
3307 4644 3524 4701 beatiali
3550 4663 3564 4712 ;
3595 4645 3717 4716 quia
3753 4645 3861 4702 sub

531 4743 640 4789 tum
671 4737 848 4806 populi
873 4736 1092 4808 gentilis
1118 4737 1400 4792 cdomaret
1441 4736 1718 4793 affectum.
1745 4735 1961 4792 Felices
1989 4736 2134 4802 illos,

527 4828 616 4896 qui
633 4829 802 4883 talem
836 4830 1064 4884 internis
1106 4831 1328 4886 renibus
1355 4845 1616 4900 recepere
1643 4838 1916 4886 vectorem
1944 4830 1958 4884 Ξ
1990 4828 2138 4885 Feli-

526 4937 616 4979 ces
643 4924 805 4994 plane
846 4925 996 4990 illos,
1044 4941 1274 4996 quorum
1310 4940 1404 4980 ora
1457 4941 1525 4980 ne
1575 4923 1920 4995 multiloquio
1951 4924 2134 4981 solve-

528 5029 736 5087 rentur,
764 5019 914 5074 verbi
933 5018 1172 5074 coelestis
1203 5017 1414 5074 habena
1437 5017 1756 5074 restrinxit!

601 5163 626 5226 fl
662 5153 795 5226 Mss.
828 5168 936 5226 non
965 5150 1266 5226 pauci,_§ed
1289 5151 1597 5226 generaliter
1624 5166 1756 5226 unus
1778 5147 1939 5206 Deut.

591 5222 620 5260 ι)
661 5223 860 5277 Eadem
907 5222 1065 5277 Rem.
1101 5223 1234 5279 edit.
1283 5222 1430 5284 sola,
1474 5238 1562 5287 per
1613 5222 1860 5275 unitatem
1899 5229 2122 5276 natura.

525 5294 630 5351 Sed
663 5297 1064 5349 universitatem.
1115 5294 1436 5350 Ambrosius
1469 5302 1628 5348 vocat
1675 5295 2122 5348 communitatem

526 5367 672 5420 illam
704 5383 805 5437 qua
841 5369 1014 5423 tribus
1043 5369 1288 5436 personis
1334 5367 1616 5432 aequaliter
1642 5366 1900 5420 convenit
1930 5374 2120 5420 natura

521 5438 722 5493 divina.
757 5437 897 5493 Infra
924 5454 1056 5494 vero
1082 5441 1168 5493 ubi
1199 5450 1304 5494 vet.
1335 5437 1465 5494 edit.
1491 5451 1613 5491 cum
1643 5445 1798 5508 parte
1829 5451 1959 5492 mss.
1991 5437 2122 5506 foris

521 5522 594 5565 est
618 5529 657 5563 α
687 5512 768 5564 via
793 5527 810 5564 :
837 5522 1024 5564 nostra
1052 5525 1174 5566 cum
1215 5511 1467 5578 reliquis,
1501 5511 1628 5582 foris
1669 5519 1750 5562 est
1789 5509 1849 5562 in
1882 5509 1985 5582 uia;
2026 5524 2122 5563 ex-

520 5585 695 5652 ceptis
727 5599 834 5637 uno
870 5585 949 5639 vel
982 5584 1156 5639 altero
1210 5585 1261 5637 in
1308 5579 1523 5653 quibus.
1559 5622 1574 5637 .
1615 5623 1627 5636 .
1667 5623 1679 5635 .
1711 5582 1765 5634 in
1787 5582 1926 5646 uico;
1953 5579 2113 5634 Rom.

519 5655 654 5709 edit.
691 5665 902 5712 tantum
931 5657 1173 5724 retinuit,
1201 5656 1328 5727 faris
1352 5666 1446 5710 est.

599 5739 619 5766 ε
656 5728 810 5784 ﬁdit.
840 5729 1025 5788 κοίη..
1055 5729 1159 5782 Alii
1205 5729 1444 5799 alligant.
1471 5727 1612 5785 Αιιω
1655 5741 1723 5781 ac
1929 5739 2120 5799 omnes

519 5801 890 5865 commodius,
948 5801 1133 5871 Alieni
1165 5794 1411 5871 niligant,
1433 5799 1546 5855 hoc
1601 5807 1706 5866 est,
1740 5812 1848 5871 non
1884 5794 2120 5867 legitimi

519 5871 758 5929 Domini.
802 5872 1012 5930 Rursus
1038 5870 1138 5930 ead
1164 5886 1228 5927 ιιι)
1261 5869 1411 5929 'edit.
1447 5887 1568 5928 cum
1611 5873 1719 5927 vet.
1774 5869 1828 5926 in
1865 5877 2023 5926 textu
2065 5875 2123 5926 et

2243 4738 2451 4795 exuviis
2479 4739 2749 4810 corporis,
2786 4738 2928 4810 quod
2959 4738 3117 4795 nobis
3146 4749 3231 4796 est
3256 4753 3545 4796 commune
3576 4755 3699 4796 cum
3734 4739 3858 4796 bel-

2245 4833 2369 4898 luis,
2409 4848 2567 4890 mens
2612 4833 2727 4888 Deo
2772 4832 2931 4904 plena
2978 4842 3281 4904 vegetatur.
3309 4833 3468 4900 Quod
3513 4832 3580 4888 ad
3621 4832 3857 4904 ﬁgurata

2243 4923 2525 4981 hominum
2574 4925 2854 4995 pertinere
2893 4938 3116 4982 sanctus
3158 4926 3400 4983 Joannes
3427 4925 3731 4983 evidentius
3760 4926 3862 4983 de-

2241 5018 2468 5074 claravit
2507 5015 2694 5090 (loan.
2748 5033 2824 5073 xu
2857 5060 2874 5085 ,
2917 5017 3043 5088 15),
3070 5017 3322 5074 addendo
3367 5019 3492 5091 quia
3522 5024 3857 5089 acceperunt

2233 5167 2367 5224 mss.
2409 5150 2638 5224 aliquot,
2658 5152 2789 5220 jura
2837 5151 2976 5214 novit
3003 5167 3112 5206 esse
3136 5168 3157 5218 ;
3178 5152 3307 5216 Gill.
3331 5153 3384 5212 in
3417 5169 3594 5224 marg.
3625 5161 3682 5210 et
3712 5169 3846 5218 mss.

2234 5223 2416 5291 plures
2465 5221 2813 5306 patioresque
2833 5263 2848 5288 ,
2904 5224 3220 5306 donanovit
3251 5241 3378 5286 esse.
3412 5221 3520 5282 Sed
3546 5221 3850 5306 utrumque

2229 5308 2386 5348 suum
2410 5308 2633 5350 sensum
2661 5293 2862 5349 habere
2887 5303 3095 5362 potest.

2301 5365 2325 5403 ἀ
2371 5366 2463 5439 Ιιτιν
2487 5367 2668 5420 cuncti
2703 5381 2838 5420 mss.
2882 5375 2937 5421 et
2968 5365 3099 5421 edit.
3134 5376 3365 5437 excepta
3389 5367 3551 5422 Rom.
3579 5367 3697 5437 ubi,
3743 5384 3848 5439 quo

2227 5439 2356 5563 θ’Ἴί
2411 5438 2633 5564 ςιοῗαηι
2683 5439 2996 5510 euangotica
3047 5439 3438 5509 pradioutiouis
3486 5438 3798 5513 prefer-rent
3824 5455 3849 5498 :

2231 5525 2301 5562 nu
2349 5528 2381 5559 θ
2411 5526 2506 5564 seu
2546 5525 2600 5563 ιι.

2365 5545 2368 5548 .
2411 5527 2434 5561 ς
2587 5548 2600 5561 .

2231 5525 2751 5666 ηυῗξὴίίθξῗὶῖιῗὶςυοι,
2795 5589 2854 5636 αι
2913 5581 3174 5648 tandem
3207 5593 3418 5640 "em"
3469 5583 3645 5656 "um
3691 5585 3847 5640 .m-

2225 5663 2700 5854 qﬂf'aiiictfim.
2745 5725 2884 5791 8a.,
2925 5725 3310 5797 ιρπίνιοκτ
3347 5741 3475 5799 *ιω
3515 5725 3842 5798 mm"

2225 5813 2283 5854 sa
2313 5814 2357 5854 IS
2385 5813 2492 5853 arrt
2534 5814 2566 5854 e
2600 5837 2614 5852 ο

2225 5807 2357 5854 satis
2385 5807 2614 5854 arridet.

2291 5879 2323 5918 ε
2361 5869 2508 5927 κοίη
2537 5884 2669 5928 mss.
2687 5910 2700 5934 ,
2722 5884 2794 5925 ne
2814 5871 3212 5927 transversariis
3234 5867 3514 5942 grauibus.
