4148 6362
569 280 707 342 1799

1888 275 2136 337 SANC’I‘I
2173 275 2498 339 AMBROSll

3722 273 3857 336 I800

562 409 743 456 tamen
767 397 925 455 unius
948 396 1104 456 verbi
1142 404 1227 456 est
1251 395 1560 469 disciplina.
1590 395 1680 464 {Et
1720 392 1842 452 ideo
1887 393 2161 465 flagellum
2187 395 2244 458 Α
2267 391 2572 448 Nabutham
2603 405 2726 450 esse
2753 393 3041 452 credamus
3073 412 3087 449 :
3118 396 3274 467 cujus
3325 395 3429 453 etsi
3470 394 3678 477 nullum
3705 409 3858 450 aceeo

562 493 631 548 de
655 492 888 549 restibus
915 491 1067 558 fecit;
1094 491 1216 562 quia
1248 489 1421 545 Fune:
1446 488 1766 554 ceciderunt,
1794 486 1986 558 inquit,
2028 486 2158 539 mihi

557 585 613 640 in
638 584 903 654 praeclaris
928 600 947 639 :
980 584 1165 639 etenim
1189 581 1464 639 hwreditas
1498 598 1611 636 mea
1640 579 1898 651 praeclara
1923 587 1998 632 est
2035 575 2163 630 mihi

565 672 743 747 (Psal.
769 690 862 739 xv,
895 671 986 744 6);
1012 673 1169 730 funes
1199 673 1343 729 enim
1368 672 1642 737 dicuntur,
1675 669 1874 741 quibus
1896 669 2165 741 agrimen-

564 782 720 825 sores
741 777 768 805 ⁸
801 767 1184 824 metandorum
1211 767 1412 822 limites
1443 765 1749 838 partiuntur
1783 777 2063 835 agrorum.
2099 761 2167 816 Et

565 861 689 918 ideo
719 871 994 932 tamquam
1035 861 1212 917 bonus
1256 859 1596 932 agrimensor
1633 859 1933 932 Synagogaa
1975 855 2166 914 termi-

565 969 667 1012 nos
705 931 1074 1026 distinguebat
1117 961 1175 1010 et
1215 931 1498 1020 Ecclesiae,
1532 931 1826 1025 sacrileg’os
1855 952 1925 1009 de
1962 952 2165 1022 templo

560 1050 786 1120 jubebat
806 1051 975 1122 exire,
1006 1050 1190 1108 Novus
1209 1051 1356 1108 enim
1381 1060 1608 1107 venerat
1644 1049 1906 1106 feracium
1933 1057 2167 1103 metator

565 1142 893 1212 animarum,
925 1144 1016 1216 qui
1047 1159 1302 1216 agrorum
1346 1159 1572 1216 genera,
1617 1157 1723 1199 non
1773 1141 1945 1214 spatia
1994 1148 2167 1197 mcta-

567 1245 739 1294 retur.

633 1330 727 1386 22.
771 1331 1003 1389 Pulchre
1041 1341 1221 1389 tamen
1267 1348 1374 1389 non
1422 1332 1660 1390 extentis
1715 1329 1929 1387 funibus
1974 1327 2167 1384 modus

563 1423 760 1496 aliquis
806 1424 1175 1496 possessionis
1219 1425 1539 1492 includitur,
1584 1441 1686 1482 nec
1731 1425 1886 1494 quasi
1931 1423 2166 1479 definitae

563 1520 644 1575 rei
675 1518 872 1575 limites
904 1519 1029 1577 ﬁdei
1051 1520 1437 1590 terminantur,
1470 1520 1565 1577 sed
1596 1520 1809 1592 ﬂagello
1840 1521 1894 1576 in
1935 1519 2168 1574 immen-

565 1624 686 1666 sum
717 1610 890 1666 libero
923 1612 1058 1667 lines
1099 1611 1360 1668 Ecclesia:
1394 1613 1744 1684 porriguntur
1775 1630 1788 1667 :
1817 1613 2168 1670 eliminantur

561 1699 758 1769 Judaei,
788 1717 894 1758 non
927 1704 1248 1775 praescripto
1265 1703 1680 1775 aliquoexsilio,
1711 1703 1807 1759 sed
1837 1703 2162 1769 intermino;

569 1803 630 1850 ut
658 1808 926 1866 nusquam
951 1795 1253 1868 Synagogae
1282 1797 1434 1852 locus
1462 1796 1515 1850 in
1541 1797 1676 1851 orbe
1706 1784 2033 1851 remaneret.

641 1885 798 1959 (Cap.
829 1886 950 1943 XX.
973 1888 1220 1945 --Vers.
1256 1888 1339 1961 9.)
1389 1889 1600 1944 Vinea":
1641 1891 1890 1962 plantavit
1918 1892 2093 1948 homo.

638 1978 1031 2049 25.‘Plerique
1056 1981 1237 2036 varias
1278 1981 1706 2052 signiﬁcationes
1741 1982 1812 2038 de
1854 1983 2030 2040 vineae
2072 2001 2168 2056 ap-

567 2070 866 2142 pellatione
905 2072 1156 2128 derivant
1191 2091 1205 2126 :
1248 2073 1346 2130 sed
1393 2075 1673 2132 evidenter
1721 2076 1910 2134 Esaias
1953 2079 2170 2135 vineam

569 2165 785 2224 Domini
843 2167 1109 2235 Sabaoth,
1177 2167 1399 2224 domum
1453 2167 1622 2226 Israel
1671 2185 1795 2226 esse
1845 2173 2171 2228 memoravit

562 2258 737 2332 (Emi.
767 2276 824 2329 v,
855 2260 934 2332 7).
966 2260 1119 2316 Hauc
1151 2261 1370 2319 vineam
1397 2264 1521 2333 quis
1550 2263 1692 2320 alius
1724 2265 1828 2320 nisi
1871 2267 2012 2322 Deus
2038 2281 2168 2321 con-

566 2349 738 2406 didit?
768 2349 867 2407 Hic
893 2360 981 2407 est
1015 2366 1148 2423 ergo
1174 2353 1266 2424 qui
1294 2353 1495 2409 locavit
1521 2369 1661 2424 eam,
1700 2365 1756 2412 et
1785 2371 2012 2428 peregre
2044 2371 2170 2428 pro-

566 2444 742 2503 fectus
784 2454 917 2504 est:
947 2462 1058 2502 non
1109 2447 1235 2520 quia
1279 2464 1346 2505 ex
1395 2447 1518 2504 loco
1561 2449 1629 2505 ad
1679 2451 1858 2507 locum
1891 2452 2170 2522 profectus

567 2549 655 2598 est
705 2541 988 2611 Dominus,
1021 2543 1115 2616 qui
1155 2544 1357 2617 ubique
1393 2560 1612 2615 semper
1640 2555 1724 2602 est
1752 2567 1766 2604 :
1794 2548 1893 2604 sed
1932 2549 2057 2619 quia
2087 2557 2172 2606 est

569 2635 892 2705 praesentior
919 2635 1300 2707 diligentibus,
1343 2638 1742 2710 negligentibus
1785 2639 1960 2696 abest.
1990 2641 2171 2698 Multis

568 2736 752 2785 autem
780 2729 1122 2800 temporibus
1157 2731 1360 2798 abfuit;
1408 2747 1478 2788 ne
1519 2748 1865 2804 praepropera
1894 2717 2172 2791 vid-eretur

568 2825 802 2881 exactio.
834 2823 972 2880 Nam
1001 2840 1112 2897 quo
1151 2823 1527 2897 indulgentior
1565 2826 1884 2894 liberalitas,
1921 2842 1988 2884 eo
2018 2827 2171 2884 inex-

567 2920 864 2978 cusabilior
881 2922 1210 2992 pervicacia.

637 3011 731 3068 24.
775 3012 930 3070 Unde
952 3013 1093 3071 bene
1126 3014 1426 3071 secundum
1472 3016 1785 3073 Matthzeum
1813 3017 2008 3086 babes,
2044 3019 2168 3090 quia

565 3105 636 3165 Et
663 3126 799 3180 saepe
820 3111 1160 3167 circumdedit
1186 3110 1401 3184 (Matth.
1427 3127 1536 3179 xxi,
1568 3112 1682 3185 55).
1706 3111 1812 3168 hoc
1840 3123 1944 3178 est,
1976 3112 2172 3170 divina:

567 3201 833 3259 custodiae
876 3195 1184 3260 munitione
1230 3204 1480 3271 vallavit;
1528 3219 1597 3260 ne
1644 3205 1803 3261 facile
1845 3206 2168 3274 Spiritalium

2268 487 2511 557 perimus
2560 488 2945 558 prepheticum
3009 491 3262 558 verbum,
3313 491 3626 562 accepimus
3682 497 3861 546 tamen

2268 580 2645 653 propheticum
2686 581 2923 651 factum;
2954 585 3079 656 quia
3104 585 3307 641 multos
3336 599 3436 656 pro
3467 584 3570 640 hac
3597 583 3756 640 vinea
3785 579 3866 637 fu-

2265 680 2417 728 turos
2443 682 2714 746 martyres
2756 675 2980 747 proprio
3009 676 3273 748 sanguine
3323 675 3689 748 prophetavit.
3735 672 3867 740 Quis

2263 777 2450 823 autem
2488 777 2572 824 est
2606 769 2699 826 ille
2737 771 2833 840 qui
2876 771 2930 826 in
2975 771 3153 842 capite
3195 771 3552 827 vulneratur?
3597 767 3867 825 Nimirum

2266 855 2459 915 Esaias
2487 859 2646 930 cujus
2667 857 2884 917 facilius
2911 863 3292 934 compaginem
3329 862 3576 933 corporis
3600 875 3754 916 serra
3779 859 3866 914 di-

2263 949 2410 1018 visit,
2441 967 2600 1022 quam
2630 952 2790 1009 ﬁdem
2813 953 3120 1024 inclinavit,
3146 958 3590 1014 constantiamve
3616 953 3868 1022 detrivit,

2264 1056 2357 1100 aut
2385 1046 2625 1116 vigorem
2655 1048 2855 1105 mentis
2883 1050 3149 1106 exsecuit.

2337 1137 2432 1215 ‘2}6.
2476 1139 2658 1210 (Vers.
2683 1141 2898 1212 11-14.)
2945 1143 3020 1200 Eo
3049 1143 3210 1216 igitur
3251 1141 3450 1199 factum
3491 1150 3597 1208 est,
3643 1150 3701 1196 ut
3736 1155 3869 1197 cum

2268 1229 2450 1300 plures
2481 1233 2617 1288 alios
2661 1233 3014 1303 destinasset,
3056 1250 3194 1305 quos
3235 1232 3760 1289 Juda-iinhonoros
3811 1239 3876 1287 et

2266 1322 2460 1380 inanes
2486 1324 2612 1392 sibi,
2632 1324 2701 1380 de
2729 1326 2928 1396 quibus
2955 1326 3090 1380 nihil
3119 1332 3416 1397 potuerunt
3453 1325 3750 1395 proﬁcere,
3787 1323 3878 1378 di-

2267 1421 2537 1476 miserunt
2565 1438 2577 1475 :
2603 1422 2902 1476 novissime
2928 1419 3092 1476 etiam
3129 1420 3328 1476 Filium
3368 1418 3708 1492 unigenitum
3745 1417 3880 1473 mit-

2267 1521 2431 1580 teret,
2458 1530 2619 1586 quem
2667 1514 2882 1587 perﬁdi,
2918 1514 3077 1586 quasi
3123 1513 3397 1570 liazredem
3429 1527 3720 1570 removere
3770 1527 3877 1568 cu-

2268 1606 2503 1677 pientes,
2535 1606 3260 1680 occideruutcruciﬁgendo,
3282 1607 3565 1679 ejecerunt
3596 1604 3873 1677 negando.

2337 1700 2428 1755 927.
2471 1701 2719 1758 Breviter
2776 1702 2960 1773 itaque
3011 1719 3172 1773 quam
3218 1717 3435 1774 magna,
3470 1718 3632 1774 quam
3675 1700 3876 1756 multa.

2267 1791 2508 1848 Primum
2535 1795 2662 1864 quia
2705 1795 2970 1850 naturalis
3017 1807 3100 1852 est
3137 1794 3356 1850 bonitas
3386 1809 3508 1865 quae
3550 1795 3882 1864 plerumque

2193 1893 2244 1954 Β
2270 1885 2447 1941 credit
2471 1886 2708 1957 indignis
2754 1904 2770 1943 ι
2811 1887 3009 1942 deinde
3055 1887 3182 1958 quia
3222 1897 3559 1958 postremum
3604 1889 3880 1942 malorum

2271 1979 2577 2034 remedium
2604 1980 2856 2036 Christus
2882 1980 3104 2035 advenit
3138 1999 3150 2034 :
3185 1991 3297 2035 tum
3345 1982 3604 2052 quoniam
3634 1979 3727 2050 qui
3770 1982 3885 2035 ha:-

2269 2071 2457 2127 redem
2517 2083 2700 2144 negat,
2760 2073 2830 2129 de
2873 2083 3099 2130 auctore
3124 2074 3402 2148 despegat.
3452 2075 3642 2130 Haeres
3690 2084 3881 2131 autem

2267 2161 2537 2233 Christus,
2560 2166 2814 2237 idemque
2841 2176 3070 2223 teStator
3099 2177 3154 2223 et
3177 2168 3382 2236 haeres;
3408 2168 3534 2240 quia
3563 2167 3725 2224 morti
3747 2183 3880 2240 pro-

2271 2259 2404 2329 priae
2443 2258 2761 2330 supervivit,
2795 2272 2849 2316 et
2879 2260 3354 2318 Testamentorum
3382 2278 3503 2334 quae
3533 2261 3652 2333 ipse
3681 2261 3880 2317 condi-

2269 2351 2429 2420 didit,
2485 2363 2758 2424 tamquam
2791 2353 3138 2411 haereditaria
3183 2357 3238 2412 in
3284 2356 3488 2412 nostris
3535 2355 3882 2428 profectibus

2270 2447 2642 2504 emolumenta
2679 2449 3053 2519 consequitur.

2343 2541 2437 2597 28.
2483 2539 2818 2614 (Vers.15.)
2865 2541 3100 2598 Pulchre
3125 2558 3257 2612 ergo
3304 2542 3627 2615 interrogat,
3673 2548 3735 2597 ut
3778 2557 3883 2600 sua

2271 2646 2332 2687 se
2362 2633 2463 2703 ipsi
2505 2633 2766 2689 damnent
2795 2633 3087 2689 sententia.
3122 2631 3426 2690 Venturum
3475 2644 3655 2690 autem
3695 2634 3884 2691 Domi-

2273 2741 2404 2781 num
2433 2727 2565 2782 dicit
2593 2728 2786 2793 vinea),
2815 2727 2960 2798 quod
2986 2727 3064 2789 ,in
3106 2726 3245 2782 Filio
3277 2720 3422 2782 adsit
3450 2729 3616 2783 etiam
3646 2736 3883 2798 paterna

2272 2819 2554 2889 majestas,
2603 2819 2689 2875 vel
2735 2820 2880 2889 quod
2925 2819 3132 2874 ultimis
3174 2820 3512 2890 temporibus
3549 2822 3881 2891 praesentior

2273 2912 2525 2968 humanis
2555 2913 2758 2983 aspiret
2777 2912 3085 2969 affectibus.
3114 2913 3221 2982 lpsi
3250 2912 3432 2984 itaque
3469 2912 3525 2968 in
3565 2927 3624 2968 se
3653 2921 3882 2970 senten-

2275 3007 2404 3062 tiam
2432 3007 2641 3075 dicunt,
2669 3016 2731 3062 ut
2759 3007 2886 3062 mali
2917 3017 3165 3077 pereant,
3197 3016 3254 3062 et
3277 3006 3345 3062 ad
3372 3007 3510 3062 alios
3536 3006 3764 3063 colonos
3798 3008 3878 3064 vi-

2274 3115 2375 3156 nea
2428 3101 2808 3157 transferatur.
2843 3099 2946 3167 Qui
2982 3100 3146 3172 igitur
3174 3099 3282 3156 sint
3310 3099 3512 3171 coloni,
3542 3116 3663 3171 qua:
3693 3101 3878 3170 vinea,

2275 3195 2706 3252 consideremus.

568 3301 782 3364 pateret
816 3295 1124 3352 incursibus
1165 3269 1487 3353 bestiarum.
1515 3297 1582 3352 Et
1615 3298 1748 3370 fodit
1774 3299 1828 3353 in
1854 3269 1913 3353 eo
1944 3301 2172 3356 torcular
2195 3269 2243 3334 C
2346 3288 2438 3344 29·
2481 3288 2654 3344 Vinea
2680 3299 2836 3360 lYPUS
2864 3297 3050 3344 ηοεῑθτ
3076 3298 3183 3357 εει,
3215 3286 3360 3359 (ιυοά
3391 3287 3627 3358 Popilius
3673 3287 3767 3344 Dei
3796 3289 3884 3345 Vi‘

568 3375 786 3456 (Ibid).
845 3386 1131 3455 Quomodo
1166 3387 1378 3461 1500
1417 3389 1771 3459 intelligimus
1801 3388 1930 3458 quid
1955 3390 2026 3445 sit
2059 3402 2170 3447 tor-

567 3478 745 3547 cular,
771 3479 872 3534 nisi
905 3479 1046 3536 forte
1069 3481 1192 3551 quia
1225 3483 1420 3553 psalmi
1451 3498 1549 3554 pro
1583 3482 1950 3539 torcularibus
1976 3485 2171 3540 inscri-

565 3568 768 3626 buntur
795 3569 967 3642 (Psal.
1003 3587 1118 3637 vru,
1161 3589 1304 3628 Lxxx
1337 3584 1382 3629 et
1415 3574 1682 3644 Lxxuu);
1714 3589 1780 3630 eo
1823 3574 1969 3644 quod
2002 3575 2056 3630 in
2085 3575 2171 3632 his

572 3662 839 3734 mysteria
882 3661 1181 3719 Dominica:
1225 3664 1518 3734 passionis,
1571 3663 1732 3719 modo
1777 3665 1941 3720 musti
1981 3676 2170 3722 sancto

568 3755 822 3815 fervente
850 3757 1057 3830 Spiritu
1093 3759 1482 3830 pr0phetarum
1527 3758 1919 3816 redundantius
1967 3770 2169 3816 aestua-

570 3849 792 3907 verint?
839 3851 1085 3922 Denique
1124 3852 1263 3908 ebrii
1305 3852 1665 3922 putabantur,
1703 3854 1900 3925 quibus
1935 3853 2170 3925 Spiritus

565 3952 790 4000 sanctus
814 3943 1112 4001 inundabat
1139 3943 1280 4018 (Act.
1310 3961 1368 4014 ιι,
1402 3945 1516 4018 15).
1537 3945 1682 4018 Ergo
1705 3957 1760 4002 et
1786 3947 1875 4002 hic
1903 3948 2036 4004 fodit
2061 3958 2170 4003 tor—
2206 4003 2222 4012 κ

567 4036 741 4103 cular,
765 4037 818 4092 in
853 4036 999 4107 quod
1038 4052 1156 4092 uva:
1186 4036 1524 4093 rationabilis
1558 4035 1768 4095 fructus
1796 4036 2022 4094 interior
2061 4041 2171 4110 spi-

568 4130 714 4186 ritali
747 4130 1018 4186 inlusione
1057 4128 1344 4186 deﬂueret.
1379 4128 1687 4200 zEdiﬁcavit
1734 4131 1920 4184 turrim
1949 4130 2164 4202 (Matth.

567 4237 680 4292 xxx,
715 4223 830 4294 3‘5),
865 4223 1127 4278 verticem
1158 4223 1369 4279 scilicet
1394 4221 1554 4293 Legis
1575 4221 1830 4278 attollens
1853 4222 1872 4276 ':
1903 4231 2064 4293 atque
2097 4223 2168 4278 ita

569 4313 711 4373 haue
731 4316 946 4373 vineam
977 4317 1264 4384 munitam,
1302 4315 1650 4385 instructam,
1681 4326 1927 4374 ornatam
1972 4318 2169 4375 locavit

568 4410 792 4470 Iudaeis.

641 4508 734 4564 25.
780 4506 962 4578 (Vers.
1014 4505 1129 4579 10.)
1186 4507 1254 4564 Et
1307 4515 1554 4580 tempore
1609 4508 1880 4565 fructuum
1919 4508 2167 4565 servulos

567 4614 698 4657 suos
762 4600 932 4657 misit.
988 4600 1135 4657 Bene
1181 4610 1395 4674 tempus
1448 4603 1718 4659 fructuum
1778 4603 1998 4675 posuit,
2055 4618 2162 4660 non

568 4703 930 4766 proventum;
981 4695 1160 4751 nullus
1189 4696 1334 4752 enim
1367 4695 1576 4753 fructus
1595 4666 1804 4753 exstitit
1827 4698 2161 4767 Iudaeorum,
2187 4666 2244 4729 D
2271 4695 2345 4750 tio
2374 4694 2448 4750 sit
2499 4711 2512 4749 :

566 4785 752 4842 nullus
771 4787 946 4843 vinea:
978 4785 1142 4859 hujus
1172 4796 1484 4860 proventus,
1517 4789 1587 4844 de
1615 4806 1720 4862 qua
1753 4791 2017 4846 Dominus
2043 4791 2118 4846 ait
2149 4805 2162 4844 :

564 4874 875 4949 Exspectavi
903 4887 959 4933 ut
980 4883 1173 4951 faceret
1185 4897 1328 4949 uvas,
1361 4883 1484 4953 fecit
1505 4892 1676 4937 autem
1703 4883 1882 4953 spinas
1913 4883 2083 4957 (Emi.
2114 4903 2165 4952 ν,

563 4969 644 5042 2).
685 4970 872 5043 Itaque
902 4987 1010 5028 non
1045 4971 1263 5038 laetitia:
1307 4973 1454 5042 vino,
1492 4989 1602 5030 non
1651 4977 1920 5046 spirituali
1959 4987 2160 5042 musto,

560 5062 660 5120 sed
686 5072 917 5122 cruento
941 5067 1332 5138 prophetarum
1357 5067 1620 5139 sanguine
1649 5069 1942 5124 toreularia
1965 5070 2165 5126 redun-

561 5153 781 5213 darunt.
814 5158 1057 5230 Denique
1083 5158 1382 5215 llieremias
1413 5161 1465 5215 in
1509 5160 1686 5216 lacum
1716 5163 1913 5217 missus
1935 5169 2020 5217 est
2047 5161 2158 5236 (Je-

560 5265 689 5306 rem.
715 5267 937 5320 xxxvm,
961 5250 1050 5324 6);
1082 5251 1200 5307 haec
1224 5252 1370 5308 enim
1399 5261 1564 5308 erant
1596 5251 1710 5324 jam
1745 5254 2035 5311 torcularia
2061 5254 2155 5311 Ju-

559 5343 804 5402 dmorum
858 5362 969 5402 non
1003 5345 1134 5401 vino
1176 5346 1386 5416 repleta
1414 5387 1428 5412 ,
1474 5346 1572 5403 sed
1621 5346 1877 5404 borbore.
1919 5348 1989 5404 Et
2033 5350 2158 5407 licet

556 5440 884 5512 generaliter
918 5439 1198 5511 propheta:
1228 5440 1515 5496 videantur
1543 5443 1810 5513 exprimi,
1843 5444 1935 5500 dat
1975 5455 2154 5504 tamen

559 5533 723 5591 lectio
752 5535 842 5608 (Ill
869 5535 999 5606 Reg.
1033 5549 1149 5600 xxi,
1178 5534 1294 5607 15),
1339 5543 1397 5589 ut
1427 5535 1577 5590 illum
1613 5538 1703 5609 qui
1731 5537 2006 5609 lapidatus
2044 5553 2150 5613 est,

629 5679 673 5748 &_
696 5669 1271 5748 Edit.,__metiendoruut
1302 5670 1509 5726 limites.
1555 5669 1624 5726 Et
1659 5671 1819 5741 infra,
1848 5691 1952 5731 non
1981 5679 2151 5748 spatia

554 5743 835 5812 metiretur.
863 5741 1019 5812 Mss.,
1049 5745 1498 5800 metandorum....
1540 5754 1835 5801 metaretur.

626 5811 656 5857 δ
693 5813 849 5873 Rom.
881 5811 1014 5872 edit.
1047 5816 1412 5872 utaturioribus
1433 5817 1704 5876 sarmentis
1728 5819 1877 5889 quasi
1900 5820 2143 5878 brachiis.
2227 5818 2245 5832 ⁵

2275 3383 2344 3437 tis
2375 3391 2593 3438 aeterna:
2637 3383 2820 3438 radice
2856 3381 3133 3449 fundatus,
3181 3382 3557 3452 supereminet
3579 3382 3758 3450 terris,
3811 3398 3883 3439 ac

2272 3475 2448 3532 solum
2476 3476 2581 3530 vile
2600 3485 2934 3546 prmtexens,
2956 3487 3100 3531 nunc
3127 3477 3420 3548 gemmanti
3443 3475 3578 3532 flore
3603 3476 3878 3548 pubescit,

2273 3585 2417 3626 nunc
2442 3569 2769 3626 circumfusa
2795 3570 3071 3626 viriditate
3089 3571 3340 3637 veStitur,
3366 3586 3510 3626 nunc
3533 3570 3880 3642 mite'jugutn

2273 3663 2524 3736 suscipit,
2553 3679 2675 3719 cum
2702 3663 2730 3702 ι)
2763 3665 3147 3720 maturioribus
3179 3663 3419 3720 brachiis
3445 3664 3600 3736 quasi
3625 3679 3881 3721 sarmen-

2273 3761 2343 3816 tis
2369 3759 2626 3817 secunda:
2661 3749 2789 3815 vitis
2817 3759 3141 3816 adoleverit.
3176 3759 3428 3831 Agricola
3466 3761 3666 3830 quippe
3693 3758 3881 3814 omni-

2274 3863 2471 3923 potens
2495 3863 2672 3924 pater,
2694 3852 2823 3907 vitis
2871 3862 2955 3907 est
2975 3850 3225 3906 Christus
3251 3853 3432 3923 (Joan.
3455 3867 3544 3919 xv,
3572 3851 3592 3905 l
3622 3861 3667 3905 et
3691 3851 3828 3921 seq.)
3858 3869 3875 3905 :

2271 3955 2329 4000 at
2355 3961 2484 4001 vero
2532 3961 2631 4001 nos
2679 3945 2949 4015 palmites,
2991 3945 3082 4016 qui
3111 3943 3215 4000 nisi
3257 3943 3492 4000 fructum
3529 3943 3765 4000 feramus
3812 3946 3876 4000 in

2273 4038 2512 4104 Christo,
2546 4038 2772 4093 cultoris
2805 4039 2994 4093 aeterni
3021 4038 3160 4093 falce
3185 4037 3536 4094 succidimur.
3568 4038 3735 4093 Recte
3766 4038 3876 4108 igi-

2273 4137 2359 4183 tur
2389 4128 2546 4184 vinea
2574 4128 2777 4185 Christi
2821 4129 3056 4199 populus
3087 4131 3421 4194 nominatur,
3466 4130 3546 4186 vel
3575 4129 3716 4200 quod
3745 4144 3875 4184 cru-

2271 4224 2352 4277 cis
2375 4225 2427 4277 in
2455 4222 2638 4278 fronte
2677 4232 3012 4294 praetexatur
3044 4222 3326 4292 iudicium,
3365 4218 3573 4298 1501
3605 4223 3690 4279 vel
3720 4225 3873 4294 quod

2270 4314 2482 4370 fructus
2503 4315 2621 4386 ejus
2655 4323 2928 4385 postrema
2959 4318 3086 4370 anni
3119 4317 3328 4388 legatur
3362 4327 3546 4384 aetate,
3592 4318 3676 4373 vel
3717 4316 3873 4388 quod

2271 4410 2524 4465 omnibus
2546 4419 2606 4464 ut
2634 4409 2918 4482 ordinibus
2942 4411 3244 4479 vinearum,
3268 4412 3340 4467 ita
3354 4413 3680 4484 pauperibus
3704 4423 3872 4482 atque

2269 4504 2550 4572 divitibus,
2579 4504 2877 4561 humilibus
2903 4515 3067 4576 atque
3087 4506 3426 4577 potentibus,
3456 4507 3633 4562 servis
3663 4520 3727 4560 ac
3766 4505 3870 4560 do-

2270 4598 2432 4653 minis
2461 4598 2514 4652 iu
2540 4596 2784 4655 Ecclesia
2816 4597 2914 4654 Dei
2955 4613 3110 4669 teqna
3135 4599 3420 4666 dimensio,
3453 4598 3600 4653 nulla
3651 4595 3864 4652 discre-

2563 4702 2622 4750 ut
2675 4693 2802 4750 vitis
2837 4693 3124 4749 maritatur
3172 4694 3491 4758 arboribus;
3542 4693 3616 4746 ita
3661 4705 3860 4761 corpus

2267 4788 2486 4856 animata,
2515 4787 2695 4844 anima
2725 4802 2940 4860 quoque
2975 4787 3192 4858 corpori
3220 4789 3541 4857 conjugatur
3573 4801 3586 4838 :
3621 4793 3682 4839 ut
3708 4784 3864 4840 vinea

2265 4881 2395 4938 dum
2422 4881 2664 4953 jugatur,
2695 4882 2948 4954 erigitur;
2994 4888 3050 4936 et
3082 4880 3258 4936 recisa
3299 4894 3410 4956 non
3451 4871 3735 4943 minuitur,
3765 4874 3865 4931 sed

2263 4983 2494 5046 augetur
2526 4992 2540 5028 :
2571 4975 2644 5029 ita
2685 4983 2874 5030 sancta
2917 4973 3070 5044 plebs
3109 4972 3237 5028 dum
3280 4972 3500 5042 ligatur,
3531 4967 3800 5024 eexuitur
3842 4984 3859 5021 :

2266 5067 2394 5122 dum
2427 5067 2760 5134 humiliatur,
2797 5068 3103 5124 attollitur:
3134 5067 3260 5123 dum
3303 5066 3584 5131 reciditur,
3625 5076 3861 5119 corona-

2266 5173 2371 5218 tur.
2404 5161 2712 5229 Quinetiam
2739 5171 2796 5216 ut
2827 5171 2980 5218 tener
2999 5163 3251 5219 surculus
3279 5162 3454 5219 veteri
3485 5163 3764 5221 abscissus
3793 5179 3862 5220 ex

2263 5258 2483 5324 arbore,
2525 5257 2581 5311 in
2612 5256 2837 5313 alterius
2867 5257 2978 5313 fetu
3009 5257 3210 5315 radicis
3255 5257 3516 5314 inseritur
3546 5259 3658 5314 :ita
3689 5273 3861 5328 popu-

2262 5350 2348 5406 lus
2378 5349 2464 5406 bic
2494 5357 2715 5406 sanctus
2736 5350 2938 5406 surculi
2965 5353 3169 5408 veteris
3207 5351 3552 5409 cicatricibus
3587 5352 3855 5419 enodatis,

2262 5443 2317 5499 in
2362 5443 2460 5498 illo
2504 5443 2860 5514 crucisligno
2909 5453 3180 5516 tamquam
3220 5446 3430 5518 gremio
3468 5446 3572 5518 pia:
3615 5445 3856 5518 parentis

2261 5539 2404 5596 lotus
2433 5535 2686 5593 inolescit
2719 5555 2732 5592 :
2763 5533 2790 5573 ά
2819 5537 3163 5609 Spiritusque
3192 5549 3412 5596 sanctus
3439 5539 3580 5596 sicut
3625 5539 3679 5594 in
3720 5538 3856 5595 altas

2333 5689 2355 5717 ε
2387 5674 2614 5759 Eruitur
2635 5715 2650 5740 ,
2679 5671 2873 5744 supple
2924 5673 3142 5728 uinculis
3165 5715 3178 5740 ,
3211 5684 3269 5730 ut
3300 5674 3356 5730 in
3399 5673 3509 5730 ﬁne
3553 5687 3674 5746 seq.
3702 5688 3854 5729 num.

2397 5757 2597 5800 lflllllll'.

2257 5765 2360 5860 θιὲ
2367 5765 2533 5876 1ίὶοιιι.
2569 5819 2725 5886 edit.,
2759 5818 3092 5889 Spiritusque
3116 5828 3322 5875 sanctus
3345 5818 3400 5873 in
3435 5821 3533 5891 hoc
3559 5832 3856 5876 carcereum
3917 5883 3926 5890 ι
