4148 6362
333 414 462 473 1801

1283 431 1645 495 EXPOSI'I'IO
1686 439 1942 499 IWANG.
1985 445 2130 503 SEC.
2177 449 2326 506 LUC.
2370 452 2497 509 LIB.
2542 457 2634 514 IX.

3465 477 3468 480 ’
3491 480 3631 538 1802

319 526 594 587 demissus
633 540 903 592 terrarum
949 541 1193 610 scrobes,
1239 547 1312 602 ita
1365 548 1417 604 in
1464 550 1566 607 hoc
1609 567 1924 612 carcereum
1955 568 2001 625 Α
2033 571 2186 617 catus
2214 564 2527 636 religiosum
2555 570 2862 630 vendiderit
2889 576 3172 646 allectum;
3205 583 3302 639 sed
3333 587 3512 646 studio
3546 608 3630 648 re-

322 635 517 648 AA_--.-
550 624 763 648 ι..ρ.-----
836 646 847 648 -
876 647 895 648 η
924 647 930 648 ,
1093 635 1107 648 1
1157 646 1164 648 .
1239 637 1250 648 .
1320 639 1332 648 .
1401 642 1413 648 -
1586 645 1639 648 _,-
1692 647 1695 648 ,

319 635 519 720 corpus
550 624 788 720 infusus,
829 646 986 703 aqua:
1027 635 1283 694 salutaris
1318 639 1522 714 irriguo
1567 645 1725 703 diluit
1766 651 1925 720 quid-

317 713 451 785 quid
481 723 568 792 est
612 716 863 791 fetidum,
907 727 1390 804 membrorumque
1425 713 1738 795 nostrorum
1770 713 1924 799 habi-

317 814 408 862 tus
431 807 488 864 in
517 812 800 871 cmlestem
833 819 994 890 erigit
1018 820 1381 894 disciplinam.

392 901 486 958 50.
511 903 662 962 lianc
683 907 896 966 vineam
919 911 1154 986 diligens
1175 919 1410 990 agricola
1429 920 1639 994 fodere,
1664 935 1691 964 ιι
1705 926 1922 1000 jugare,

313 997 653 1056 contendere
687 1003 975 1060 consuevit
1003 1021 1016 1059 :
1049 1007 1464 1084 eruderatisque
1496 997 1730 1074 terrente
1762 997 1923 1077 molis

313 1090 624 1161 aggeribus,
649 1105 841 1165 operta
869 1100 1120 1170 corporis
1149 1104 1321 1160 nostri
1348 1121 1494 1164 nunc
1524 1109 1640 1165 sole
1665 1118 1881 1171 torrere
1903 1154 1916 1181 ,

313 1198 464 1240 nunc
490 1185 666 1243 imbre
692 1189 1019 1259 perfundere
1041 1233 1056 1259 ,
1081 1193 1312 1267 stirpare
1333 1212 1523 1270 agrum
1546 1202 1773 1269 solitus;
1799 1221 1868 1262 ne
1888 1222 1918 1262 a

313 1277 564 1336 sentibus
598 1295 812 1352 gemma
855 1284 1120 1353 laedatur,
1150 1304 1220 1346 ne
1247 1290 1486 1350 luxuriet
1523 1296 1715 1352 umbra
1761 1298 1920 1354 folio-

314 1385 473 1438 rum,
513 1374 913 1450 verborumque
951 1379 1288 1440 infructuosa
1323 1385 1583 1456 jactantia
1625 1390 1918 1450 virtutibus

313 1463 719 1534 obumbrando,
746 1473 1114 1530 maturitatem
1135 1476 1332 1534 indolis
1350 1481 1612 1538 naturalis
1634 1483 1912 1554 impediat.

312 1558 421 1615 Sed
438 1560 581 1617 absit
603 1571 666 1619 ut
687 1562 813 1621 huic
838 1566 1014 1624 vinea:
1034 1569 1326 1642 quidquam
1356 1573 1645 1632 timeamus
1671 1577 1913 1645 adversi,

308 1673 468 1729 quam
488 1661 714 1732 pervigil
729 1671 914 1722 custos
924 1665 1142 1723 Domini
1159 1667 1426 1728 Salutaris
1443 1672 1708 1730 adversus
1725 1691 1914 1734 omnes

307 1753 567 1824 nequitia:
584 1757 864 1814 saecularis
885 1757 1174 1819 illecebras
1195 1779 1351 1820 muro
1375 1766 1501 1821 vita:
1513 1767 1734 1826 vallavit
1755 1779 1913 1826 arter-

306 1859 392 1900 na:
412 1887 429 1913 ,
461 1855 517 1902 et
544 1849 791 1907 extendit
820 1852 1072 1922 palmites
1097 1855 1214 1927 ejus
1242 1874 1417 1930 usque
1443 1861 1508 1916 ad
1540 1876 1690 1919 mare
1716 1861 1906 1934 (Psal.

2028 652 2111 725 gis
2152 654 2426 714 obsistens
2455 659 2559 730 (III
2587 662 2717 736 Reg.
2748 681 2841 721 xu
2863 709 2876 732 ,
2907 669 2978 741 5)
3000 711 3014 737 ,
3046 687 3115 728 ne
3153 673 3204 728 in
3248 677 3478 737 hortulis
3517 685 3631 741 suis

2027 747 2325 805 malvarum
2343 751 2464 808 olus
2479 796 2494 821 ,
2515 759 2725 814 succisa
2751 760 2858 816 vite
2875 802 2888 826 ,
2911 775 3188 822 sereretur
3205 810 3220 835 ,
3244 773 3462 840 quando
3482 777 3626 834 aliud
3715 833 3719 837 s

2025 839 2206 898 facere
2223 847 2499 918 nequibat,
2515 861 2700 920 parata
2714 855 2912 913 vitibus
2929 857 3178 918 incendia
3201 869 3421 937 proprio
3433 885 3628 930 cruore

2024 935 2374 1006 restinxerit;
2405 944 2759 1014 temporalem
2799 957 2976 1006 tamen
3018 953 3228 1010 vineam
3251 935 3578 1020 defendebat
3611 983 3623 1017 :

2025 1033 2078 1082 tc
2107 1043 2237 1085 vero
2252 1029 2304 1085 in
2319 1042 2638 1104 perpetuum
2662 1039 2957 1097 multorum
2981 1044 3140 1101 nobis
3153 1058 3448 1122 martyrum
3471 1053 3628 1124 plan-

2023 1122 2156 1176 tavit
2175 1120 2429 1180 interitus
2455 1144 2468 1181 :
2495 1137 2548 1184 te
2567 1144 2702 1186 crux
2725 1135 3094 1204 apostolorum
3113 1120 3307 1198 amula
3329 1120 3626 1205 Dominica:

2021 1211 2295 1281 passionis
2322 1230 2495 1287 usque
2529 1218 2582 1274 in
2613 1223 2764 1280 orbis
2797 1226 2964 1283 totius
2997 1232 3260 1288 terminos
3286 1242 3624 1310 propagavit.

2097 1302 2290 1374 (Vers.
2311 1305 2446 1380 24.)
2473 1306 2636 1383 Cujus
2658 1312 2807 1369 habet
2829 1315 3103 1389 imaginem
3125 1331 3172 1375 et
3189 1302 3581 1396 ittseripiionern
3600 1332 3628 1383 ἱ)

2090 1397 2178 1453 34.
2224 1398 2395 1455 Docet
2426 1400 2528 1458 hoc
2553 1405 2676 1461 loco
2706 1406 2965 1466 Dominus
2993 1414 3416 1488 circumspectos
3444 1438 3544 1479 nos
3568 1417 3648 1479 iu’

2018 1493 2398 1562 respondendo
2425 1496 2686 1555 adversus
2713 1501 3002 1561 haereticos
3027 1508 3111 1564 vel
3137 1509 3356 1567 Iudaeos
3377 1529 3499 1570 esse
3522 1517 3620 1573 de-

2016 1582 2166 1640 bere.
2193 1585 2335 1641 Alibi
2364 1587 2499 1642 dixit
2528 1606 2541 1642 :
2568 1588 2745 1647 Estote
2761 1597 2922 1650 astuti
2946 1597 3078 1652 sicut
3103 1611 3364 1671 serpentes
3393 1604 3618 1678 (Matth.

2015 1691 2047 1730 x
2073 1716 2086 1740 ,
2114 1675 2242 1749 16).
2267 1678 2439 1747 Quem
2471 1679 2650 1737 locum
2677 1685 2922 1757 plerique
2943 1691 3246 1762 accipiunt,
3280 1705 3339 1750 ut
3359 1675 3482 1768 quia
3505 1714 3622 1756 ser-

2016 1777 2180 1838 pente
2199 1786 2466 1843 suspenso
2482 1817 2496 1840 ,
2521 1773 2722 1834 Christi
2749 1795 2880 1835 crux
2901 1786 3213 1844 annuntiata
3246 1798 3358 1856 est,
3383 1805 3491 1861 quo
3511 1807 3628 1849 ser-

2011 1863 2294 1930 pentinutn
2319 1867 2579 1936 nequitia:
2607 1871 2867 1940 spiritalis
2897 1875 3047 1931 virus
3075 1874 3101 1912 (1
3129 1878 3407 1947 aboleret,
3435 1882 3622 1940 videa-

304 1957 468 1998 Lxxrx
496 1984 512 2009 ,
546 1943 654 2016 12)
686 1962 700 1999 :
737 1945 944 2003 Domini
973 1949 1120 2005 enim
1143 1962 1217 2006 est
1242 1962 1380 2008 terra
1405 1953 1587 2025 (Psaf.
1618 1973 1750 2015 χχιιι
1772 2002 1787 2028 ,
1818 1961 1881 2034 1)

2014 1962 2101 2009 tur
2125 1966 2337 2013 astutus
2369 1959 2438 2015 ita
2464 1976 2586 2017 esse
2606 1962 2806 2020 debere
2829 1965 2968 2022 sicut
2987 1966 3268 2039 Christus,
3287 1943 3520 2047 simplex
3541 1978 3619 2034 si-

303 2029 516 2103 Ubique
539 2034 683 2092 Deus
705 2035 868 2094 Pater
895 2039 1115 2109 colitur,
1145 2042 1344 2115 ubique
1369 2044 1622 2105 Christus
1645 2029 1908 2109 Dominus

298 2126 587 2185 adorator.

372 2221 463 2278 51.
507 2223 633 2278 llaec
655 2232 741 2280 est
761 2235 948 2282 nostra
969 2227 1264 2284 vindemia.
1290 2229 1424 2287 Laeti
1448 2233 1612 2304 igitur
1633 2243 1797 2306 atque
1818 2252 1906 2294 se-

292 2315 452 2382 curi,
501 2331 627 2387 pars
665 2319 932 2390 gremium
970 2335 1128 2378 suum
1163 2324 1374 2380 mitium
1419 2325 1675 2385 funiculis
1714 2342 1904 2388 oneret

291 2425 528 2466 uvarum
546 2453 563 2478 ,
589 2411 682 2468 alii
710 2413 954 2472 coelestia
983 2431 1209 2474 munera
1236 2434 1334 2476 ore
1365 2419 1625 2489 libemus,
1656 2423 1904 2496 plerique

289 2502 563 2559 bonarum
585 2506 862 2577 gressibus
888 2509 1227 2566 voluntatum
1249 2511 1418 2569 divini
1447 2513 1682 2572 fructum
1711 2533 1904 2575 mune-

288 2595 375 2650 ris
409 2596 808 2666 exprimentes,
855 2601 1083 2672 vestigia
1122 2603 1410 2661 cothurnis
1453 2607 1596 2662 nuda
1636 2608 1895 2682 direptis,

285 2700 477 2747 musto
505 2690 706 2750 ﬂuente
734 2695 1032 2768 tingamus;
1069 2699 1220 2756 locus
1253 2701 1397 2758 enim
1427 2703 1482 2759 in
1512 2720 1620 2776 quo
1651 2716 1856 2764 stamus
1880 2751 1896 2777 ,

286 2793 441 2838 terra
471 2795 656 2842 sancta
684 2796 770 2845 est
788 2830 804 2857 ,
839 2800 895 2846 et
925 2790 1048 2848 ideo
1075 2793 1446 2852 calceamenta
1475 2799 1740 2857 solvenda
1770 2813 1900 2859 sunt

281 2877 308 2950 (
325 2877 505 2934 Exod.
531 2896 622 2947 ιιι,
639 2879 711 2954 5)
732 2923 748 2948 ,
769 2890 828 2938 ιιι
847 2884 1095 2954 spiritale
1111 2888 1400 2959 vestigium
1421 2904 1788 2952 sacrosanctae
1808 2912 1899 2955 se-

278 2969 377 3026 dis
401 2971 636 3030 tribunal
657 2976 982 3047 ascendens,
1006 2981 1258 3051 corporei
1281 2998 1458 3040 nexus
1479 2985 1710 3045 vinculis
1729 3005 1895 3046 exua-

279 3072 410 3130 tnr;
438 3064 596 3123 decet
620 3068 762 3124 enim
798 3071 965 3126 totius
990 3071 1141 3128 orbis
1169 3072 1258 3129 hic
1274 3088 1397 3131 esse
1418 3076 1776 3149 vindemiam,
1801 3081 1892 3138 ubi

277 3158 461 3213 totius
489 3159 637 3217 orbis
661 3169 747 3216 est
773 3161 954 3219 vinea.

273 3253 316 3296 νς
363 3249 456 3306 32.
501 3249 643 3308 Ecce
669 3261 885 3325 tempus
899 3257 1268 3329 acceptabile,
1293 3275 1401 3332 quo
1423 3277 1531 3318 non
1563 3261 1892 3324 hiemalibus

1995 2042 2100 2104 'cnt
2142 2051 2396 2122 Spiritus.
2450 2065 2474 2093 θ
2521 2057 2600 2112 En
2648 2057 2746 2114 tibi
2788 2073 3100 2132 serpentem
3134 2067 3287 2122 illum
3331 2042 3420 2142 qui
3460 2084 3622 2144 caput

2008 2156 2226 2215 semper
2258 2147 2558 2216 custodiat,
2592 2149 2790 2207 lethale
2820 2153 3021 2211 vulnus
3054 2159 3325 2214 excludat.
3367 2161 3614 2221 Interro-

2007 2249 2160 2309 gatus
2183 2256 2213 2296 a
2237 2240 2441 2300 Judaeis
2471 2255 2648 2300 utrum
2673 2247 2742 2303 de
2767 2249 2909 2305 coelo
2934 2251 3238 2323 accepisset
3265 2265 3616 2329 potestatem,

2005 2334 2290 2403 restiondit
2324 2353 2338 2390 :
2369 2335 2673 2407 Baptismus
2702 2338 2928 2397 Joannis
2956 2344 3094 2398 unde
3122 2357 3238 2400 est:
3271 2348 3335 2402 de
3354 2351 3480 2405 mlo
3499 2391 3516 2418 ,
3547 2369 3618 2408 an

2005 2442 2070 2481 ea:
2094 2425 2385 2484 hominibus
2409 2430 2564 2502 (Luc.
2592 2450 2687 2501 xx,
2718 2432 2812 2506 4)?
2830 2445 2886 2490 ut
2912 2435 3042 2491 dum
3075 2437 3210 2494 illud
3241 2441 3307 2496 de
3334 2443 3474 2499 casio
3493 2459 3617 2501 esse

2004 2533 2206 2590 negare
2234 2538 2340 2577 non
2365 2523 2667 2592 auderent,
2697 2525 2846 2598 ipsos
2870 2530 3125 2585 amentia:
3149 2531 3493 2600 confutaret,
3521 2539 3614 2606 qui

2002 2611 2122 2682 ejus
2150 2621 2430 2669 auctorem
2462 2625 2725 2684 negarent
2750 2633 2875 2674 esse
2897 2619 2966 2676 de
2992 2622 3156 2679 coelo.
3187 2623 3499 2682 Postulatus
3524 2629 3611 2683 di-

2001 2703 2263 2759 drachma
2304 2706 2499 2776 quaerit
2529 2707 2599 2763 de
2629 2709 2898 2779 imagine;
2941 2712 3047 2766 alia
3087 2714 3231 2768 enim
3270 2715 3446 2788 imago
3476 2717 3612 2787 Dei,

1999 2796 2103 2851 alia
2129 2797 2306 2869 imago
2331 2800 2514 2855 mundi
2539 2799 2774 2872 (Matth.
2805 2818 2913 2858 xvn
2934 2845 2948 2869 ,
2971 2804 3043 2859 25
3063 2803 3102 2875 ).
3133 2805 3285 2862 Unde
3315 2819 3371 2864 et
3396 2809 3487 2866 ille
3509 2827 3608 2867 nos

1998 2890 2296 2948 admonet:
2331 2892 2481 2948 Sicut
2513 2897 2835 2965 portavimus
2873 2897 3151 2969 imaginem
3197 2903 3387 2956 terreni
3427 2903 3605 2972 illius,

1995 2997 2259 3055 portemus
2285 2997 2333 3042 et
2361 2987 2641 3060 imaginem
2667 2990 2823 3062 hujus
2849 2991 3068 3046 cwlestis
3094 2991 3156 3065 (Ι
3181 2994 3301 3049 Cor.
3332 3011 3405 3050 xv
3423 3038 3436 3062 ,
3469 2997 3602 3068 49).

2067 3080 2159 3136 '55.
2201 3079 2498 3151 Imaginem
2533 3082 2770 3138 Cresaris
2813 3099 2920 3138 non
2964 3084 3132 3142 habet
3158 3085 3438 3156 Christus,
3477 3093 3602 3162 quia

1995 3173 2174 3248 imago
2205 3185 2292 3232 est
2313 3176 2431 3232 Dei.
2462 3176 2757 3248 Imaginem
2789 3178 3020 3235 Cresaris
3051 3195 3157 3235 non
3190 3181 3355 3238 habet
3382 3183 3601 3251 Petrus,

1993 3271 2117 3342 quia
2133 3271 2271 3326 dixit
2291 3289 2304 3325 :
2328 3270 2650 3341 lieliqttimus
2665 3273 2863 3340 omnia,
2883 3282 2933 3328 et
2953 3276 3113 3329 secuti
3125 3292 3304 3332 sumus
3321 3287 3369 3333 te
3383 3267 3598 3353 (Matth.

273 3343 531 3415 perﬁdia:
573 3345 854 3417 caligantis
895 3350 1106 3416 pruinis
1135 3367 1309 3410 annus
1349 3355 1527 3427 riget,
1558 3356 1587 3397 δ
1618 3373 1722 3416 nec
1763 3360 1889 3420 altis
1917 3365 1964 3429 C
1995 3381 2126 3434 xix,
2159 3365 2291 3438 Q7).
2332 3367 2514 3437 Imago
2561 3366 2795 3422 Caesaris
2834 3384 2942 3424 non
2993 3371 3265 3439 reperitur
3303 3372 3358 3428 in
3391 3343 3602 3431 ilacoho

274 3437 518 3495 nubibus
548 3439 795 3496 informis
824 3450 1008 3498 crusta
1042 3445 1396 3517 blasphemia:
1419 3491 1435 3519 ,
1465 3452 1590 3521 gelu
1619 3452 1886 3524 durante,

271 3533 631 3589 concrescit:
659 3534 757 3591 sed
806 3537 1064 3606 procellis
1098 3540 1370 3613 sacrilegii
1417 3543 1676 3612 liberata,
1719 3563 1890 3604 novos

271 3622 493 3680 fructus
524 3635 668 3682 terra
706 3628 818 3698 jam
857 3631 1110 3700 parturit.
1147 3643 1170 3671 ο
1204 3632 1347 3689 Vere
1379 3637 1554 3705 parit;
1582 3639 1885 3697 dissensio-

271 3733 413 3775 num
436 3719 636 3790 quippe
661 3720 905 3776 omnium
931 3723 1170 3792 procella
1194 3725 1496 3796 deferbuit,
1515 3732 1694 3786 'cuncti
1714 3745 1887 3787 smon-

267 3810 414 3868 laris
439 3812 759 3884 cupiditatis
781 3814 1006 3872 ardores
1038 3829 1314 3890 aestusque
1343 3835 1534 3879 omnes
1555 3824 1752 3895 quibus
1782 3825 1887 3882 lta-

268 3909 366 3964 liae
391 3908 619 3978 populus
640 3930 738 3986 per
770 3912 1008 3969 Iudaicae
1026 3914 1155 3970 olim
1171 3957 1187 3984 ,
1209 3923 1264 3970 et
1284 3914 1499 3972 Arianae
1522 3919 1768 3988 proxime
1780 3933 1884 3975 ste-

266 4009 465 4066 vitatis
506 4008 755 4066 incendia
796 4008 1159 4079 coquebatur,
1200 4023 1396 4065 sereno
1437 4008 1550 4080 jam
1587 4011 1882 4082 spiramine

267 4112 676 4173 temperantur.
707 4102 903 4160 Sedata
928 4111 1225 4172 tempestas
1254 4111 1339 4157 est
1362 4141 1375 4164 .
1403 4103 1696 4158 concordia
1724 4104 1878 4159 navi-

261 4207 396 4269 gat,
424 4196 559 4253 fides
586 4197 757 4268 spirat
785 4213 799 4252 :
828 4195 1078 4252 certatim
1106 4203 1282 4251 nautae
1309 4202 1564 4266 repetunt
1587 4195 1714 4252 ﬁdei
1741 4210 1878 4268 quos

261 4293 548 4360 reliquere
579 4290 790 4364 1502
821 4297 1009 4360 portus
1033 4333 1049 4358 ,
1084 4298 1138 4346 et
1164 4287 1340 4345 dulcia
1364 4287 1552 4360 patriis
1574 4289 1761 4346 oscula
1787 4289 1878 4346 Iit-

259 4384 484 4441 toribus
505 4382 735 4454 affigunt
755 4423 771 4450 ,
797 4381 1057 4438 liberatos
1079 4396 1140 4438 se
1162 4379 1422 4454 periculis
1439 4422 1454 4448 ,
1483 4380 1765 4439 absolutos
1782 4381 1874 4439 er-

258 4479 490 4538 roribus
520 4478 877 4550 gratulantes.
1623 4529 1642 4546 κ

339 4573 434 4628 55.
453 4573 637 4638 Salve,
665 4573 820 4630 vinea
844 4581 998 4628 tanto
1021 4570 1188 4644 digna
1206 4574 1435 4631 custode
1462 4590 1476 4629 :
1505 4583 1558 4631 te
1579 4588 1688 4630 non
1713 4574 1872 4631 unius

255 4666 532 4728 Nabuthae
551 4669 773 4738 sanguis
791 4709 807 4734 ,
831 4667 932 4724 sed
955 4667 1434 4724 innumerabilium
1460 4668 1867 4739 prophetarum,

1995 3459 2086 3516 vel
2115 3459 2360 3527 Joanne,
2393 3459 2520 3530 quia
2546 3458 2644 3514 filii
2677 3461 2899 3516 tonitrui
2933 3471 3060 3518 sunt
3083 3461 3287 3536 (Marc.
3323 3481 3410 3531 nt,
3441 3467 3543 3537 17)
3581 3485 3593 3523 :

1990 3549 2086 3607 sed
2112 3549 2384 3623 reperitur
2412 3551 2463 3605 in
2495 3550 2664 3617 mari,
2698 3551 2788 3606 ubi
2819 3551 3088 3609 dracones
3116 3554 3192 3610 illi
3223 3557 3474 3612 contritis
3502 3573 3594 3612 ca-

1991 3643 2194 3714 pitibus
2213 3658 2380 3714 super
2406 3636 2602 3714 aqtiam
2621 3683 2637 3712 ,
2667 3652 2722 3698 et
2752 3644 2868 3714 ipse
2897 3645 3063 3701 draco
3086 3647 3263 3718 major
3288 3651 3592 3706 comminu-

1988 3744 2076 3791 tus
2101 3745 2292 3806 caput,
2324 3735 2483 3791 datur
2504 3735 2558 3791 in
2587 3750 2770 3802 escam
2806 3739 3020 3808 populis
3043 3738 3365 3812 Ethiopum
3395 3745 3414 3816 (
3440 3742 3592 3801 Psal.
3653 3805 3663 3818 ,η

1986 3845 2188 3895 Lxxnt,
2221 3831 2344 3901 i4).
2374 3829 2433 3886 Si
2462 3845 2592 3900 ergo
2630 3845 2738 3885 non
2772 3830 2964 3887 habuit
2992 3824 3282 3904 imaginem
3316 3837 3549 3894 Caesaris
3575 3881 3590 3905 ,

1984 3937 2083 3979 cur
2122 3921 2273 3978 dedit
2313 3923 2586 3978 censum?
2615 3921 2733 3978 Non
2761 3923 2831 3979 de
2867 3941 2968 3980 suo
2997 3925 3183 3994 dedit,
3216 3929 3312 3986 sed
3355 3930 3593 3986 reddidit

1981 4012 2188 4070 mundo
2214 4013 2360 4084 quod
2382 4023 2502 4069 erat
2527 4014 2738 4070 mundi.
2767 4015 2835 4069 Et
2867 4025 2921 4071 tu
2947 4017 2992 4071 si
3017 4017 3100 4074 vis
3132 4034 3241 4074 non
3274 4035 3397 4075 esse
3419 4024 3592 4076 obno-

1981 4107 2105 4163 xius
2127 4105 2327 4163 Caesari
2343 4146 2360 4175 ,
2385 4107 2494 4163 noli
2521 4107 2721 4164 habere
2743 4123 2863 4180 qua:
2889 4111 3078 4168 mundi
3105 4123 3232 4169 sunt
3260 4132 3272 4168 :
3299 4115 3393 4172 sed
3416 4117 3463 4172 si
3484 4116 3584 4172 ha-

1979 4200 2080 4259 bes
2117 4200 2365 4269 divitias,
2413 4201 2686 4258 obnoxlus
2727 4219 2787 4259 es
2830 4204 3056 4262 Caesari.
3098 4209 3154 4264 Si
3184 4209 3270 4266 vis
3296 4210 3431 4266 nihil
3471 4215 3585 4285 regi

1978 4292 2180 4351 debere
2200 4301 2436 4361 terreno,
2461 4294 2714 4366 relinque
2731 4296 2912 4353 omnia
2937 4307 3048 4368 tua,
3075 4309 3130 4358 et
3142 4316 3373 4374 sequere
3394 4304 3584 4361 Chris-

1975 4393 2110 4443 tum.

2041 4463 2140 4540 36.
2184 4482 2204 4554 (
2221 4481 2376 4540 Vers.
2409 4482 2542 4556 25.)
2572 4483 2642 4539 Et
2671 4483 2810 4540 bene
2839 4486 2991 4557 prius
3019 4503 3144 4559 quae
3169 4487 3401 4547 Caesaris
3429 4503 3575 4562 sunt,

1973 4575 2176 4633 Cmaari
2225 4576 2504 4634 reddenda
2545 4577 2824 4635 decernit:
2868 4596 3044 4652 neque
3071 4584 3215 4640 enim
3241 4595 3421 4658 potest
3455 4604 3577 4644 esse

1971 4657 2097 4742 quis
2146 4671 2394 4740 Domini,
2435 4672 2540 4727 nisi
2586 4673 2737 4742 prius
2781 4676 3175 4733 renuntiaverit
3203 4679 3425 4736 mundo.
3467 4683 3574 4739 Sed

250 4771 322 4820 et
353 4761 533 4835 (quod
554 4769 637 4817 est
660 4759 931 4834 amplius)
964 4763 1238 4833 pretiosus
1257 4775 1419 4817 cruor
1437 4760 1652 4816 Domini
1677 4776 1871 4818 conse-
1895 4760 1948 4821 D
1974 4778 2166 4820 omnes
2186 4762 2562 4821 renuntiamus
2583 4767 2772 4824 verbis
2794 4809 2812 4837 ,
2838 4769 2932 4825 sed
2958 4784 3064 4826 non
3088 4786 3279 4827 omnes
3300 4775 3576 4829 renuntia—

250 4855 458 4914 cravit.
483 4855 579 4912 Ille
606 4857 734 4912 licet
753 4872 863 4912 non
886 4856 1162 4928 regalibus
1184 4855 1345 4911 minis
1368 4857 1592 4911 territus
1612 4864 1867 4911 constan-

252 4951 394 5005 tiam
428 4959 573 5006 metu
603 4949 897 5020 presserit,
931 4965 1038 5005 non
1069 4949 1308 5020 praemiis
1345 4947 1634 5007 uberrimis
1668 4963 1864 5019 provo-

245 5080 452 5135 corpus
474 5063 711 5132 infusus,
745 5063 881 5118 velut
907 5063 962 5117 in
985 5061 1122 5118 altas
1147 5060 1399 5117 demissus
1427 5069 1682 5116 terrarum
1722 5075 1864 5114 scro-

253 5137 374 5198 bes,
405 5150 570 5204 aquce,
603 5144 720 5190 etc.

333 5215 360 5244 ⁸
387 5201 593 5278 omnes
622 5205 779 5271 edit.,
809 5207 1008 5278 rigare,
1039 5205 1285 5274 tondere,
1315 5201 1442 5278 Mss.
1472 5201 1593 5278 fere
1630 5218 1854 5270 omnes,

234 5282 477 5355 jngere;
505 5277 598 5333 sed
627 5293 734 5358 no-n
757 5274 914 5347 pau'ci
939 5277 1123 5358 legunt
1144 5292 1274 5358 ειιιῐι⁵
1291 5275 1452 5358 ιιιιίι.ι
1469 5274 1682 5358 tondere
1699 5287 1856 5358 ;_ant.

241 5347 463 5416 tamen,
486 5349 790 5404 contendere
812 5365 832 5404 :
858 5350 1000 5417 quod
1029 5364 1128 5416 pro
1151 5347 1378 5413 tendere,
1408 5347 1524 5404 sive
1553 5347 1857 5417 extendere,

239 5422 346 5478 hic
371 5421 694 5476 sumendum
725 5431 828 5476 est.
861 5419 1063 5500 lterum
1093 5419 1342 5492 sequenti
1375 5433 1536 5500 versu
1562 5434 1662 5500 pro
1686 5433 1856 5500 voce,

241 5503 439 5562 aperta
460 5535 476 5556 ,
509 5507 668 5562 quam
715 5507 904 5548 omnes
932 5490 1064 5547 edit.
1098 5490 1340 5562 ac'inss.
1370 5491 1579 5560 aliquot
1613 5490 1854 5560 habent,

240 5561 345 5619 alii
380 5561 563 5632 plures
613 5576 666 5618 et
693 5564 1030 5634 antiquiores
1069 5561 1684 5634 praeferunt,_0perata;
1711 5572 1766 5617 et
1793 5577 1854 5617 ea

237 5634 474 5705 quidem
507 5649 608 5716 vo_x
632 5676 646 5696 ,
676 5633 722 5688 si
743 5632 888 5690 recta
917 5645 1001 5689 est
1024 5675 1038 5700 ,
1073 5635 1212 5716 idem
1257 5632 1523 5716 significat
1569 5644 1867 5716 atquenex-

237 5704 430 5770 culta;
491 5705 589 5761 sed
641 5721 893 5762 veremur
952 5720 1021 5761 ne
1074 5704 1390 5761 duriuscule
1438 5715 1598 5761 sonet
1641 5705 1866 5761 auribus

354 5776 502 5832 ditis.

227 5792 512 5902 θ’ἷῗσὲἶ-ῗιῖ
541 5857 597 5903 et
622 5862 740 5918 seq.
771 5849 901 5904 edit.
933 5863 1057 5904 cum
1100 5863 1230 5904 mss.
1266 5846 1578 5914 nonnullis,
1607 5863 1699 5902 nec
1741 5847 1862 5902 altis

236 5918 472 5976 nivibus.
503 5920 726 5977 Amerb.
770 5935 893 5976 cum
922 5921 1043 5976 aliis
1074 5935 1205 5976 mss.
1239 5918 1487 5990 pluribus
1520 5933 1585 5975 ac
1629 5918 1860 5992 potiori-

547 6013 825 6076 Ρηιιοι..
860 6012 1012 6074 XV.

1974 4871 2097 4912 mus
2141 4855 2373 4922 ali‘ectu;
2425 4872 2548 4912 nam
2597 4858 2721 4915 cum
2757 4858 2777 4898 ί
2821 4871 3164 4918 sacramenta
3206 4864 3572 4938 suscipimus,

1979 4948 2190 5022 1503
2237 4949 2636 5006 renuntiamus.
2679 4953 2851 5020 Quam
2879 4955 3068 5024 gravia
3094 4955 3305 5013 vincula
3342 4958 3573 5028 promit-

1965 5059 2102 5127 bus,
2133 5071 2189 5115 ut
2210 5060 2270 5139 in
2317 5068 2494 5139 textu.
2524 5059 2636 5139 Nec
2665 5076 2807 5139 sane
2827 5064 3411 5139 male,_si‘_grandinem
3455 5085 3578 5139 qua:

1964 5145 2184 5203 semper
2206 5130 2448 5202 frugibus
2477 5133 2634 5187 noxia
2658 5143 2762 5202 est,
2793 5135 3037 5191 informis
3061 5130 3152 5192 ilia
3174 5147 3356 5194 crusta
3380 5140 3431 5194 in
3455 5130 3578 5197 altis

1964 5204 2202 5276 nubibus
2227 5213 2488 5276 concreta
2519 5203 2786 5276 designet.

2041 5286 2064 5315 ο
2092 5274 3058 5351 Otnnes_edit.,_vrteres_praeterit.
3116 5279 3368 5351 Plerique
3415 5297 3574 5350 mss.,

1963 5357 2159 5421 ueteres
2208 5347 2372 5421 parit.
2404 5345 2670 5421 Quidam,
2698 5345 2870 5421 petiit.
2894 5350 3061 5405 Corb.
3094 5360 3148 5407 et
3193 5345 3293 5406 alii
3332 5345 3573 5418 aliquot,

1970 5416 2102 5495 Vere
2128 5416 2288 5488 parit.
2323 5418 2524 5495 Aptius
2548 5458 2563 5481 ,
2595 5416 3024 5495 ut_intelligitur
3072 5437 3138 5478 ex
3190 5416 3574 5495 sequentibus,

1962 5489 2160 5561 quibus
2209 5504 2317 5567 non
2355 5489 2620 5567 _ambigue
2662 5489 3450 5567 Justinze'pcrsccutio[atque
3487 5511 3574 5552 se-

1971 5559 2097 5617 cuta
2126 5575 2229 5629 pax
2251 5559 2632 5627 designantur.

2039 5629 2248 5705 4Mss.
2275 5633 2528 5705 aliquot,
2553 5634 2772 5692 abolere
2815 5635 3096 5705 videatur,
3126 5647 3322 5693 astutos
3359 5638 3435 5692 ita
3473 5655 3580 5694 esse

1970 5704 2176 5780 debere,
2208 5704 2337 5759 sicut
2367 5702 2572 5780 Christi
2592 5706 2812 5779 simplex
2836 5709 3070 5780 spiritus.

2043 5786 2067 5813 ο
2101 5775 2175 5831 Ita
2195 5775 2828 5849 mssamajo‘rinumero,
2859 5775 2917 5835 et
2943 5780 3137 5848 pretio.
3172 5779 3401 5846 Quidam
3424 5795 3572 5849 vero,

1965 5856 2022 5905 et
2049 5857 2258 5919 cuncta:
2286 5844 2454 5912 edit.,
2485 5844 2704 5904 Imitare
2727 5859 2775 5904 et
2800 5861 2852 5904 tu
2877 5844 3161 5919 serpentem
3182 5844 3352 5906 illum.

2044 5917 2063 5958 τ
2093 5917 2342 5991 Intellige
2365 5931 2774 5977 sacramentum
2806 5917 3165 5993 baptismatis,
3191 5923 3242 5988 in
3265 5939 3374 5995 quo
3392 5923 3583 5986 etiamat

2961 6011 3043 6070 20
