4040 6558
567 418 710 474 1805

1898 407 2147 466 δΑΝοΤι
2180 409 2508 472 AMBROSII

3771 418 3888 477 180%

563 541 680 585 tere
706 529 816 584 Deo
841 568 856 594 ,
888 533 945 582 et
975 538 1083 580 non
1112 523 1353 580 solvere!
1385 521 1573 576 Melius
1593 529 1699 590 est,
1730 521 1924 593 inquit,
1944 539 2047 576 non
2069 540 2157 578 vo-
2183 534 2238 596 Α
2263 545 2384 585 men
2410 529 2637 601 accepit.
2663 529 2731 586 Et
2758 529 2880 587 ideo
2906 538 3114 602 partem
3136 547 3264 590 cum
3286 532 3428 589 viris
3455 531 3581 589 suis
3623 531 3684 588 in
3723 547 3886 589 ηιθυ-
3944 521 3945 596 Ξ

561 638 678 676 vere
711 629 758 674 te
777 665 790 689 ,
816 635 972 686 quam
996 632 1202 680 vovere,
1235 625 1282 670 et
1315 631 1421 670 non
1449 613 1664 672 reddere
1693 612 1933 690 (Eccles.
1967 631 2030 682 v,
2061 615 2095 670 4
2114 615 2158 689 ).

566 715 740 785 Major
762 724 845 768 est
867 721 1179 767 contractus
1194 709 1341 775 ﬁdei,
1367 723 1526 779 quam
1554 709 1814 778 pecuniae.
1837 707 2023 764 Redde
2040 722 2167 778 pro—

563 807 793 862 missum
812 851 826 874 ,
859 803 988 859 dum
1019 803 1072 857 in
1104 802 1205 857 hoc
1231 816 1461 872 corpore
1491 815 1551 856 es
1575 843 1589 867 ,
1621 801 1769 872 prius
1797 815 1956 872 quam
1985 799 2167 855 veniat

563 910 813 966 exactor,
839 908 894 955 et
916 900 1092 953 mittat
1111 905 1168 952 te
1193 897 1247 952 in
1266 911 1568 953 carcerem.
1594 897 1756 951 Amen
1778 897 1892 950 dico
1915 897 2039 964 tibi,
2063 912 2167 951 non

561 996 700 1050 exies
714 993 856 1060 inde,
879 994 1042 1048 donec
1057 992 1226 1047 solvas
1241 992 1573 1047 novissimum
1587 992 1927 1063 quadrantem
1947 988 2162 1063 (Matth.

564 1103 633 1154 ν,
659 1085 778 1156 26).

633 1181 653 1252 (
679 1179 834 1238 Vers.
866 1178 1002 1250 ‘28.)
1034 1179 1096 1234 Si
1128 1180 1288 1249 frater
1317 1178 1542 1249 alicujus
1573 1186 1811 1233 mortuus
1841 1177 2020 1250 fuerit.

624 1273 718 1329 '57.
747 1272 1036 1329 Sadducrei
1056 1315 1070 1339 ,
1096 1273 1200 1332 hoc
1223 1283 1328 1340 est,
1351 1271 1733 1330 detestabilior
1757 1273 1934 1344 portio
1950 1271 2170 1328 Iudaeo-

557 1379 718 1432 rum,
755 1364 860 1420 hoc
907 1365 1031 1420 loco
1073 1364 1364 1422 Dominum
1410 1373 1620 1421 tentant
1664 1383 1675 1418 :
1710 1381 1939 1437 quorum
1982 1373 2170 1436 aperte

557 1458 788 1516 stultitia
813 1459 1273 1530 reprehenditur,
1304 1459 1534 1531 mystice
1565 1469 1748 1514 autem
1777 1460 2048 1515 sententia
2078 1475 2168 1514 re-

558 1561 877 1622 torquetur;
909 1561 935 1588 α
962 1555 1090 1622 quia
1120 1552 1480 1608 excluserunt
1507 1551 1576 1607 de
1608 1569 1665 1606 se
1691 1552 1951 1608 castitatis
1981 1567 2173 1607 exem-

556 1649 747 1719 plum,
769 1647 897 1701 dum
921 1647 1223 1703 secundum
1245 1648 1481 1702 litteram
1509 1645 1717 1702 nubere
1741 1649 1935 1702 mulier
1960 1646 2173 1716 cogitur

561 1749 619 1795 et
663 1739 830 1793 invita
854 1780 868 1803 ,
902 1749 961 1794 ut
999 1739 1240 1795 defuncti
1291 1756 1476 1796 semen
1529 1741 1730 1796 excitet
1769 1739 1941 1794 frater
1971 1738 2169 1810 (Deut.

561 1849 693 1900 xxv,
713 1832 800 1905 5).
828 1833 969 1906 Ergo
997 1833 1178 1890 littera
1199 1834 1397 1889 occidit
1419 1833 1571 1904 quasi
1595 1835 1720 1888 lena
1740 1834 1997 1888 vitiorum
2021 1850 2036 1887 :
2059 1833 2173 1903 spi-

2266 623 2504 678 rectiOne
2526 623 2724 680 habere
2745 639 2852 680 non
2880 626 3106 695 poterit,
3129 627 3258 696 quia
3281 626 3883 695 spiritaleprewpun

2266 717 2560 772 secundum
2593 733 2811 774 sensum
2831 721 3011 776 carnis
3039 721 3263 782 invertit
3286 723 3303 787 (
3325 722 3503 791 Apoc.
3533 734 3642 785 xx,
3667 718 3741 788 6)
3763 737 3779 787 ;
3799 737 3884 777 non

2266 807 2412 861 enim
2438 807 2605 863 frater
2626 810 2858 866 carnalis
2878 811 3072 884 aliquis
3093 811 3464 870 denuntiatus
3485 812 3696 883 estqui
3722 828 3885 869 senta

2268 907 2454 964 fratris
2499 910 2790 966 suscitaret
2832 911 3120 969 defuncti:
3154 912 3255 969 sed
3299 912 3402 968 ille
3447 911 3555 982 qui
3610 909 3887 966 demortuo
3939 967 3942 972 .

2267 1001 2796 1074 populoJudzeorum
2811 1005 3248 1074 sapientiamsibi
3273 1003 3463 1064 divini
3485 1003 3687 1059 cultu
3701 1003 3887 1058 adscis-
3939 1039 3942 1078 ς

2270 1104 2420 1151 ceret
2447 1095 2501 1152 in
2533 1111 2782 1162 uxorem,
2811 1107 2974 1168 atque
2999 1113 3069 1154 ex
3092 1113 3158 1154 ea
3185 1113 3380 1154 semen
3410 1100 3478 1154 in
3505 1096 3791 1167 apostolis
3810 1112 3886 1151 ex-

2271 1187 2466 1244 citaret
2496 1207 2510 1242 :
2541 1188 2632 1259 qui
2680 1191 2835 1260 quasi
2871 1189 3250 1248 defunctorum
3283 1190 3552 1262 reliquias
3581 1189 3884 1245 Iud-rora:

2272 1280 2535 1338 informes
2562 1283 2740 1339 adhuc
2769 1285 2823 1338 in
2849 1284 3151 1356 Synagoga
3176 1294 3337 1343 utero
3366 1281 3644 1342 ἀείδειίαί
3663 1325 3684 1348 ,
3717 1297 3884 1338 secuti»

2272 1375 2398 1431 dum
2425 1377 2747 1433 electionem
2767 1379 2960 1449 gratia:
2984 1380 3248 1437 reservari
3271 1379 3402 1436 novi
3423 1378 3679 1436 seminis
3701 1377 3884 1434 admit-

2274 1473 2420 1527 tione
2449 1483 2788 1528 meruerunt.

2344 1564 2436 1620 59.
2478 1564 2763 1636 Synagoga
2815 1575 2995 1622 autem
3043 1566 3364 1638 frequenter
3405 1566 3637 1624 malum
3675 1567 3879 1636 accipit,
3939 1564 3942 1612 Ψ

2273 1657 2419 1728 quod
2447 1669 2531 1713 est
2561 1667 2584 1696 ο
2607 1657 2822 1728 insigne
2847 1659 3118 1730 coniugii,
3161 1659 3320 1729 quasi
3350 1667 3561 1716 auctor
3604 1657 3877 1714 ﬁdelium:

2275 1749 2560 1820 repudiata
2591 1766 2805 1822 quoque
2851 1749 3169 1822 frequenter
3198 1750 3521 1819 inducitur,
3553 1750 3698 1820 quia
3739 1760 3880 1805 mater

2275 1851 2358 1896 est
2385 1841 2720 1912 perﬁdorum
2759 1862 2773 1900 :
2801 1845 2887 1902 cui
2916 1843 3027 1900 Lex
3055 1845 3255 1901 occidit
3281 1845 3611 1915 corporalis
3630 1883 3652 1912 ,
3698 1855 3756 1902 ut
3798 1845 3879 1912 Spi-

568 1927 708 1983 ritus
733 1935 913 1983 autem
963 1928 1222 1998 magister
1262 1936 1345 1982 est
1371 1928 1639 1982 castitatis
1669 1925 1747 1999 (ll
1779 1925 1897 1981 Cor.
1943 1942 2035 1992 ιιι,
2080 1923 2169 1996 6).

2290 1935 2485 1992 ritualis
2517 1945 2847 2007 resurgeret.
2882 1937 3024 2009 Ergo
3048 1948 3234 1995 sancta
3263 1939 3422 2009 plebs
3453 1939 3558 1994 Dei
3581 1976 3603 2007 ,
3628 1937 3658 1979 ⁸
3688 1939 3733 1992 si
3755 1941 3879 2009 quin-

637 2019 730 2076 58.
775 2019 1069 2075 Videamus
1091 2020 1273 2090 itaque
1296 2036 1364 2075 ne
1394 2020 1507 2074 haec
1536 2019 1732 2074 mulier
1759 2020 2043 2092 Synagoga
2067 2018 2170 2088 sit,

563 2125 688 2184 qua:
715 2121 925 2182 septem
954 2112 1102 2167 viros
1136 2111 1357 2180 habuit,
1390 2111 1528 2166 sicut
1555 2110 1913 2168 Samaritana:
1939 2110 2170 2166 dicitur:

568 2205 808 2276 Quinque
837 2207 972 2260 enim
994 2207 1128 2260 viros
1156 2204 1380 2260 habuisti
1406 2205 1601 2278 (Joan.
1627 2221 1681 2261 tv
1702 2248 1717 2272 ,
1747 2206 1848 2276 18)
1875 2223 1888 2274 ;
1920 2207 2045 2276 quia
2076 2207 2176 2261 Sa-

563 2302 822 2356 maritani
855 2299 884 2339 ὶ)
917 2300 1156 2372 quinque
1186 2309 1393 2354 tantum
1425 2299 1592 2354 libros
1633 2300 1803 2371 Moysi
1840 2316 1853 2352 :
1889 2300 2174 2374 Synagoga

563 2402 772 2464 septem
806 2395 1053 2464 sequitur
1093 2392 1496 2463 principaliter,
1535 2401 1592 2448 et
1636 2391 1705 2447 de
1748 2391 1903 2451 nullo
1952 2404 2175 2464 propter

568 2487 784 2562 1504.
816 2488 1099 2561 perﬁdiam
1139 2503 1296 2543 suam
1327 2486 1674 2543 hereditariae
1718 2487 2055 2558 posteritatis
2087 2502 2176 2544 se-

565 2618 693 2674 num
731 2600 942 2656 diabolo
971 2610 1019 2655 et
1048 2600 1252 2674 pompis
1280 2602 1420 2668 eius,
1454 2597 1508 2653 id
1538 2607 1656 2664 est,
1692 2599 1880 2674 mundi
1919 2599 2178 2674 vanitati-

565 2673 666 2729 bus
692 2669 1090 2729 renuntiamus.
1124 2669 1250 2726 Haec
1279 2685 1441 2729 porro
1467 2669 1806 2724 consuetudo
1833 2669 2037 2726 clarius
2080 2685 2182 2725 ex-

568 2748 806 2869 ponituté
827 2744 898 2800 de
947 2745 1074 2800 luit.
1113 2757 1234 2814 cap.
1265 2741 1335 2808 2,
1368 2750 1423 2797 et
1469 2741 1564 2798 lib.
1595 2757 1610 2796 ι
1663 2741 1730 2796 de
1781 2742 2026 2798 Sacram.
2057 2755 2181 2812 cap.

574 2828 740 2869 etiam
811 2855 826 2869 .

574 2819 740 2874 etiam
769 2819 826 2870 2.

511 2944 514 2945 ν
639 2898 665 2926 η
692 2889 892 2944 Omnes
919 2886 1052 2944 edit.
1083 2895 1139 2942 et
1164 2900 1292 2958 pars
1322 2900 1481 2949 mss.,
1514 2884 1679 2951 Quale
1705 2883 1769 2938 de
1797 2899 1890 2940 suo
1916 2884 2169 2942 dederant

567 2961 816 3016 castitatis
844 2958 1157 3029 exemplum.
1184 2957 1408 3028 Reliqua
1437 2971 1586 3028 pars,
1617 2971 1739 3028 quae
1767 2965 1822 3012 et
1850 2959 2047 3028 potior,
2074 2971 2171 3016 no—

572 3034 782 3088 biscum
808 3032 954 3088 lenit.

639 3046 978 3173 ἱεὶῐιῗτιξξῖξίε
1027 3115 1062 3156 v
1110 3101 1281 3156 libros
1328 3099 1526 3170 Moysis
1565 3097 1888 3173 admiserint
1927 3100 2171 3156 Samario

569 3171 718 3243 tatti“,
751 3175 888 3228 hanc
911 3187 1033 3229 esse
1053 3189 1271 3227 causam
1309 3179 1463 3241 putat
1488 3171 1734 3226 eruditus
1758 3171 1977 3241 quidam
2009 3183 2176 3242 atque

572 3262 700 3302 acer
747 3244 1150 3314 criticus,quia
1178 3260 1283 3314 quo
1331 3251 1580 3314 tempore
1625 3243 1763 3298 facta
1803 3256 1886 3297 εει
1936 3245 2178 3300 secessio

571 3317 790 3375 Judaaos
820 3317 959 3372 inter
985 3331 1048 3371 ac
1086 3315 1481 3378 Samaritanos,
1511 3329 1706 3384 nempe
1733 3315 1834 3369 sub
1863 3315 2174 3380 Roboamo,

571 3389 837 3444 nullidnm
865 3405 932 3443 ex
975 3389 1096 3443 aliis
1143 3387 1341 3441 divinis
1389 3387 1542 3442 libris
1571 3387 1775 3456 vulgati
1818 3397 2023 3440 essent.
2066 3386 2176 3442 Sed

575 3475 827 3518 veremur
845 3499 861 3527 ,
890 3467 952 3515 ut
976 3459 1229 3518 omnibus
1276 3459 1411 3514 satis
1441 3459 1704 3527 probetur
1747 3473 1810 3513 ea
1837 3458 2177 3529 conjectura.

2277 2043 2384 2100 que
2410 2028 2580 2085 libros
2607 2029 2769 2102 Legis
2793 2031 3026 2102 quadam
3069 2032 3307 2103 coniugii
3356 2033 3658 2088 olm-itaut
3699 2031 3878 2087 dilue.

2277 2124 2366 2187 rit,
2393 2133 2449 2178 et
2476 2125 2629 2194 quasi
2677 2125 3017 2180 maritalibus
3059 2126 3452 2182 obsecundarit
3487 2126 3785 2197 imperiis,
3811 2125 3879 2179 ha-

2277 2215 2426 2271 bebit
2451 2217 2506 2272 in
2533 2218 2938 2274 resurrectione
2964 2218 3193 2289 cmleste
3221 2220 3582 2276 consortium
3602 2259 3623 2285 ,
3654 2233 3764 2272 non
3786 2232 3877 2272 cor-

2276 2322 2459 2380 porea:
2489 2309 2812 2367 colluvionis
2837 2310 3044 2382 pudore
3066 2309 3314 2382 confusa,
3337 2311 3440 2370 sed
3469 2309 3695 2370 divina
3721 2311 3876 2382 grati:

2280 2401 2448 2460 ditata
2476 2403 2817 2460 muneribus.

2357 2614 2377 2641 ε
2412 2601 2511 2660 Hic
2545 2601 2695 2659 Stolo
2724 2603 2924 2678 dicitur
2968 2605 3196 2678 insigne
3218 2605 3456 2678 conjugii
3474 2622 3500 2672 ;
3527 2605 3701 2674 quin.
3733 2612 3790 2660 nt
3812 2602 3874 2658 Vir

2278 2688 2504 2736 saucws
2530 2691 2714 2746 supra,
2748 2677 2842 2732 Iih.
2871 2693 2969 2744 vn,
2997 2675 3152 2742 num.
3171 2675 3524 2742 25l,‘docet,
3544 2679 3872 2732 vestimenta:

2280 2759 2354 2803 est
2383 2748 2628 2818 nuptiale.
2665 2749 2871 2815 Quibus
2896 2749 3076 2804 verbis
3105 2747 3431 2818 intelligitur
3471 2751 3527 2802 in
3566 2766 3731 2805 more
3773 2749 3873 2817 pusi-

2281 2829 2398 2875 tum
2439 2823 2610 2875 luisse
2651 2822 2887 2890 antiquis
2933 2829 2992 2875 ut
3050 2831 3316 2875 matronae
3371 2821 3670 2877 nubentes
3719 2824 3870 2878 stolam

2279 2893 2617 2962 acciperent,
2647 2894 2766 2950 siue
2795 2909 2900 2962 qua
2925 2894 3183 2960 deinceps
3213 2891 3326 2946 illis
3353 2894 3412 2948 in
3435 2895 3740 2962 publicum
3761 2896 3871 2948 exire

2279 2980 2388 3092 itan
2417 2965 2642 3089 liquiise
2670 2976 2862 3022 auctor
2891 2977 2975 3022 est
3002 2963 3374 3023 Tertullianus
3414 2965 3475 3024 in
3504 2965 3665 3022 libro
3701 2967 3770 3022 de
3789 2965 3871 3021 Pal

2304 3050 2376 3092 ιο.
2407 3050 2525 3092 can.
2597 3075 2610 3088 .

2304 3050 2376 3100 to,
2407 3050 2525 3104 cap.
2555 3050 2610 3089 4.

2354 3106 2381 3144 α
2407 3109 2496 3161 Sic
2529 3107 2772 3177 plerique
2795 3121 2929 3162 mss.
2969 3121 3035 3163 ac
3079 3106 3213 3162 edit.
3263 3121 3462 3163 omnes
3497 3119 3712 3178 praeter
3749 3107 3868 3163 Rom.

2283 3195 2404 3250 qua:
2449 3195 2571 3233 cum
2616 3179 2828 3234 duobus
2858 3180 3036 3250 iisque
3067 3177 3476 3234 recentioribus
3503 3177 3665 3236 mss.
3721 3182 3868 3239 habet.

2287 3252 2332 3310 si
2362 3260 2554 3321 septem
2587 3250 2765 3308 libros.
2803 3250 2979 3310 Minus
3008 3252 3322 3316 commode,
3347 3267 3483 3310 cum
3528 3254 3604 3308 de
3631 3253 3777 3310 libris
3799 3252 3868 3305 Le-

2286 3323 2401 3394 gis,
2427 3339 2553 3398 quo
2587 3321 2809 3398 nomine
2835 3338 2865 3377 v
2908 3322 3030 3380 libri
3071 3323 3271 3398 liloysis
3295 3325 3468 3396 vulgo
3515 3325 3867 3396 designantur,

2284 3405 2409 3466 agat
2436 3395 2780 3450 Ambrosius.

1740 3682 2093 3767 LIBER
2165 3681 2734 3770 DECIMUS.

1957 3838 2523 3872 #-

658 3966 870 4043 1503
909 3965 1092 4038 (Vers.
1125 3957 1244 4030 λη.)
1275 3958 1419 4014 Dixit
1450 3954 1706 4011 Dominus
1740 3953 1960 4009 Domino
1989 3968 2124 4007 meo.

658 4067 712 4119 l.
753 4061 1244 4117 Consummaturus
1309 4060 1579 4122 praecepta
1645 4049 1950 4113 Dominus,
2021 4045 2184 4101 etiam

585 4154 845 4232 prteviam
894 4149 1135 4223 passioni
1182 4146 1346 4202 ﬁdem
1399 4159 1466 4200 ac
1514 4140 1944 4198 misericordiam
1995 4138 2191 4195 Testa-

588 4249 759 4310 menti
788 4247 874 4304 sui
902 4246 1009 4301 ﬁne
1049 4240 1325 4298 concludit
1351 4258 1364 4295 :
1394 4238 1555 4293 ﬁdem
1576 4279 1592 4306 ,
1623 4237 1678 4292 in
1718 4251 1784 4291 eo
1827 4245 1886 4290 ut
1913 4233 2188 4290 Christum

589 4357 646 4405 et
678 4343 965 4402 Dominum
993 4348 1048 4394 et
1073 4338 1245 4392 Deum
1277 4341 1524 4389 nostrum
1547 4373 1561 4398 ,
1594 4339 1648 4386 et
1677 4329 1745 4384 ad
1772 4328 2054 4384 dexteram
2098 4324 2196 4381 Dei

591 4442 785 4499 sedere
825 4434 1115 4492 credamus
1158 4449 1172 4486 :
1220 4443 1327 4483 non
1377 4424 1522 4495 quod
1561 4423 1922 4493 corporaliter
1973 4419 2192 4487 sedeat,

596 4537 689 4607 qui
720 4535 920 4602 ubique
968 4539 1072 4584 est.
1099 4524 1341 4594 Denique
1392 4521 1510 4592 ipse
1555 4520 1607 4574 in
1637 4519 1800 4573 Patre
1826 4524 1947 4584 est;
1979 4517 2104 4587 quia
2136 4517 2191 4570 in

594 4628 898 4686 substantia
923 4624 1056 4688 Dei,
1084 4620 1207 4692 quia
1237 4633 1342 4674 una
1387 4614 1592 4679 virtus,
1621 4627 1726 4669 una
1765 4611 2042 4683 maiestas.
2071 4609 2193 4682 Ipse

597 4735 728 4792 ergo
773 4720 829 4772 in
858 4718 1058 4780 Patre,
1085 4723 1142 4769 et
1182 4714 1237 4766 in
1293 4711 1411 4782 ipso
1451 4708 1643 4774 Pater;
1695 4707 1818 4777 quia
1854 4705 2087 4761 Verbum
2135 4705 2193 4759 in

604 4815 716 4869 Deo
736 4851 751 4876 ,
778 4809 924 4864 Deus
953 4807 1008 4862 in
1035 4804 1214 4860 Verbo
1249 4821 1263 4858 :
1295 4803 1414 4872 ipse
1449 4802 1502 4856 in
1547 4800 1732 4866 Patre;
1764 4800 1886 4869 quia
1914 4798 2154 4855 Verbum
2181 4813 2199 4853 :

603 4909 720 4978 ipse
752 4901 817 4956 ad
841 4899 1125 4955 dexteram
1155 4896 1368 4961 Patris;
1399 4894 1524 4965 quia
1569 4893 1719 4948 Patri
1773 4907 2033 4960 consors,
2075 4891 2209 4946 nulli

602 4997 875 5056 secundus
905 5012 918 5048 :
949 4995 1066 5064 ipse
1095 4990 1293 5046 missus
1342 5004 1372 5044 a
1415 4987 1610 5053 Patre;
1644 4988 1768 5058 quia
1809 4985 2094 5042 descendit
2129 4985 2206 5041 de

605 5092 747 5150 caelo
817 5097 1108 5158 paternum
1151 5082 1475 5152 impleturus
1523 5079 1828 5134 arbitrium.
1879 5078 2032 5133 Tolle
2077 5077 2208 5132 hinc

607 5180 850 5255 perﬁdiae
879 5177 1238 5247 quaestiones,
1273 5181 1328 5228 et
1358 5173 1513 5237 plena
1557 5180 1642 5225 est
1668 5170 1878 5242 religio.
1911 5170 2022 5225 Nec
2068 5183 2209 5240 prte-

605 5277 799 5340 fertur,
827 5272 953 5343 quia
983 5269 1050 5324 ad
1078 5268 1359 5323 dexteram
1391 5263 1545 5320 sedet
1575 5281 1586 5316 ε
1620 5279 1721 5318 nec
1767 5263 2020 5333 iniuriam
2065 5264 2208 5334 pati-

611 5379 697 5424 tur
717 5367 883 5437 ,‘quia
934 5363 1187 5417 mittitur.
1212 5357 1422 5414 Gradus
1451 5373 1564 5416 non
1589 5357 1853 5429 quaeritur
1881 5358 2168 5430 dignitatis
2187 5384 2235 5432 ,η

609 5461 701 5518 ubi
733 5456 1014 5532 plenitudo
1041 5463 1127 5510 est
1156 5452 1477 5508 divinitatis.

680 5554 734 5606 2.
761 5549 944 5622 (Vers.
976 5543 1096 5608 At.)
1121 5544 1258 5601 Illud
1287 5559 1498 5615 quoque
1549 5543 2039 5613 considerandum,
2083 5547 2206 5618 quia

608 5642 958 5714 reprehendit
988 5656 1084 5695 eos
1133 5640 1223 5710 qui
1270 5637 1546 5693 Christum
1581 5636 1748 5691 ﬁlium
1794 5639 1963 5694 David
1993 5639 2203 5695 dicunt.

612 5739 679 5793 Et
709 5733 984 5810 quomodo
1027 5745 1205 5787 caecus
1235 5731 1326 5785 ille
1357 5729 1520 5784 David
1551 5728 1719 5783 ﬁlium
1752 5730 2063 5787 conﬁtendo
2091 5747 2209 5787 tne-'-

613 5833 722 5886 rnit
749 5830 1033 5886 sanitatem
1087 5823 1238 5898 (Luc.
1270 5839 1424 5886 xuii,
1452 5820 1581 5894 4'5)?
1604 5822 1889 5890 Quomodo
1933 5825 2086 5897 pueri
2127 5824 2209 5880 di-

613 5934 801 5980 centes
834 5943 848 5977 :
901 5921 1154 5976 Hosanna
1197 5921 1309 5988 ﬁlio
1355 5917 1522 5973 David
1570 5916 1786 5990 (Matth.
1818 5935 1930 5984 ut,
1957 5917 2036 5987 9),
2069 5934 2210 5989 prae-

2290 3952 2453 4008 celsa:
2501 3951 2901 4023 praedicationis
2948 3953 3061 4010 Deo
3103 3952 3335 4026 gloriam
3397 3955 3756 4014 deferebant?
3791 3953 3866 4012 Sed

2293 4061 2404 4101 non
2436 4048 2912 4118 reprehenduntur
2936 4050 3042 4106 hoc
3073 4049 3196 4106 loco
3223 4049 3350 4122 quia
3381 4051 3560 4109 David
3591 4053 3750 4109 filium
3773 4066 3866 4106 con-

2296 4139 2558 4210 ﬁtentur,
2618 4142 2715 4198 sed
2771 4144 2893 4214 quia
2942 4159 3048 4198 non
3098 4143 3329 4199 credunt
3385 4141 3567 4201 ﬁlium
3627 4144 3740 4202 Dei.
3782 4143 3866 4199 Non

2297 4234 2442 4288 enim
2489 4233 2754 4302 alterum,
2810 4235 2905 4292 sed
2965 4235 3286 4293 alterutrum
3341 4238 3397 4294 in
3451 4237 3568 4295 ﬁde
3628 4253 3747 4295 vera
3773 4248 3866 4294 est:
3944 4237 3945 4254 ‘

2297 4343 2419 4382 nam
2453 4329 2554 4384 etsi
2605 4330 2657 4385 in
2709 4329 2976 4401 principio
3019 4333 3385 4401 indicavimus
3427 4333 3576 4388 nihil
3625 4349 3723 4388 nos
3762 4334 3868 4389 scire

2294 4421 2398 4476 nisi
2424 4423 2700 4480 Christum
2728 4425 2940 4492 Jesum,
2957 4433 3013 4482 et
3038 4430 3180 4483 hunc
3203 4425 3523 4482 cruciﬁxum
3540 4426 3585 4501 (Ι
3609 4423 3726 4482 Car.
3743 4426 3852 4495 11,2):

2291 4533 2437 4573 nunc
2485 4531 2694 4587 tamen,
2740 4531 2798 4575 ut
2846 4531 2974 4591 pote
3012 4522 3218 4587 judicio
3266 4523 3539 4594 proximi,
3590 4523 3869 4582 cruciﬁxum

2281 4629 2399 4702 jam
2430 4627 2539 4669 non
2570 4615 2825 4671 novimus
2871 4613 3088 4694 1505
3121 4613 3434 4683 Christum,
3463 4618 3563 4673 sed
3596 4619 3866 4675 venientem

2301 4708 2354 4761 in
2396 4707 2627 4763 nubibus
2670 4707 2971 4779 cperimur.
3003 4707 3322 4766 incredulus
3367 4711 3599 4766 vulnera
3641 4713 3773 4769 -citit
3797 4723 3868 4782 asp

2304 4798 2483 4856 ﬁdelis
2511 4801 2726 4856 obviam
2749 4799 2969 4856 Christo
2993 4801 3047 4857 in
3070 4816 3194 4858 aera
3223 4815 3405 4872 raptus
3433 4807 3692 4862 occurrit.

2375 4897 2429 4951 5.
2475 4895 2617 4966 Ergo
2661 4906 2713 4951 et
2735 4895 2905 4952 Deum
2932 4893 3206 4952 Christum
3232 4905 3286 4952 et
3313 4895 3595 4953 hominem
3633 4913 3749 4954 esse
3781 4907 3870 4952 cre-

2305 4989 2497 5044 damus
2530 5007 2542 5043 :
2577 5003 2741 5044 unum
2771 4989 2828 5045 in
2856 4997 3119 5060 utroque,
3149 5004 3259 5044 non
3290 4990 3521 5045 alterum
3551 5006 3566 5043 :
3600 4991 3685 5045 cui
3727 5005 3756 5044 a
3795 4989 3868 5044 Pa-

2307 5093 2392 5137 tre
2415 5082 2779 5151 subjiciuntur
2805 5082 3006 5138 inimici
3036 5096 3145 5138 non
3173 5097 3270 5152 per
3309 5080 3683 5137 inﬁrmitatem
3723 5091 3870 5153 potes-

2309 5175 2433 5229 tatis
2479 5189 2593 5229 sute
2618 5216 2631 5239 ,
2665 5174 2760 5229 sed
2795 5191 2887 5242 per
2916 5175 3180 5231 unitatem
3227 5184 3465 5240 naturae;
3496 5176 3623 5246 quia
3655 5176 3707 5232 in
3731 5177 3870 5232 altero

2308 5269 2445 5324 alter
2469 5277 2743 5336 oneratur.
2777 5269 2909 5324 Nam
2935 5279 2989 5326 et
3015 5269 3186 5328 Filius
3209 5269 3426 5340 subiicit
3453 5270 3706 5328 inimicos
3729 5269 3868 5334 Patri,

2307 5361 2401 5432 qui
2446 5362 2659 5418 Patrem
2687 5362 2953 5418 clariﬁcat
2998 5377 3163 5433 super
3192 5372 3393 5419 teriam
3439 5361 3623 5433 (locis.
3654 5378 3785 5429 ml,
3807 5362 3867 5431 ii.

2313 5455 2378 5508 Et
2421 5453 2567 5508 dedit
2617 5454 2776 5510 Pater
2823 5452 2962 5510 Filio
3012 5453 3249 5521 Nomen,
3283 5456 3419 5529 quod
3463 5466 3539 5511 est
3567 5472 3722 5526 super
3755 5466 3871 5510 omne

2311 5563 2495 5602 nomen
2543 5547 2565 5618 (
2599 5545 2796 5618 Philip.
2831 5565 2904 5615 lt,
2938 5549 2971 5605 9
2998 5560 3046 5604 et
3100 5549 3244 5621 10):
3275 5548 3372 5605 sed
3420 5560 3475 5606 et
3543 5546 3711 5606 Filius
3754 5540 3871 5603 Patri

2309 5639 2445 5694 dicit
2476 5657 2488 5694 :
2517 5638 2724 5695 Nomen
2767 5649 2913 5694 tum
2957 5641 3282 5712 manifestavi
3305 5641 3627 5706 hominibus,
3653 5638 3781 5711 quod
3803 5639 3872 5693 de-

2315 5736 2439 5793 disti
2469 5737 2597 5791 mihi
2626 5734 2808 5810 (Joan.
2840 5751 2974 5802 xvii,
3001 5735 3078 5804 6).
3111 5735 3301 5790 Dando
3326 5743 3505 5790 autem
3540 5749 3729 5790 nomen
3754 5727 3869 5804 quod

2315 5837 2400 5885 est
2447 5845 2614 5902 super
2658 5843 2820 5884 omne
2871 5842 3102 5900 nomen,
3131 5827 3238 5882 non
3269 5827 3390 5900 plus
3418 5825 3569 5882 dedit
3615 5843 3763 5898 quam
3793 5823 3870 5880 ha-

2318 5922 2433 5977 buit
2459 5937 2473 5978 :
2501 5921 2596 5977 sed
2625 5929 2800 5977 totum
2825 5919 2976 5989 quod
3001 5918 3213 5987 habuit,
3235 5917 3402 5975 dedit.
3433 5913 3870 5978 Deditautemltn
