4040 6498
182 379 409 467 tios~

1172 390 1834 460 sxvosmorsvwo.
1877 396 2026 461 suo.
2065 400 2223 461 LUC.
2264 401 2394 462 LIB.
2434 400 2505 483 χ,

3359 408 3500 469 1806

183 542 450 597 nomen,
493 528 565 585 ιιι
594 528 777 585 amt.
815 516 993 602 lingua
1038 524 1343 592 σοηβιεαικν
1372 520 1513 587 Deo;
1558 502 2632 590 quonimnAlempore-subvertendum
2661 558 2676 585 ,
2727 518 2865 577 nihil
2911 528 2997 578 est
3041 521 3190 579 enim
3226 537 3394 594 opere
3439 535 3500 584 et
3618 590 3625 597 _

186 620 466 679 Dominus
484 622 639 679 Iesus
661 624 717 679 in
745 624 915 696 gloria
934 631 1008 679 est
1022 622 1123 680 Dei
1142 623 1319 681 Patris
1345 626 1566 700 (Philip.
1594 645 1656 693 ιι,
1690 628 1802 702 ii).

276 718 339 777 ιι.
379 716 514 772 Vide
550 731 683 787 ergo
711 717 944 789 singula.
978 718 1140 774 Pater
1175 719 1390 790 subiicit
1441 720 1611 787 Filio,
1636 718 1806 777 Filius

188 811 430 883 subjicit
456 811 599 866 Patri
635 830 649 868 :
682 811 844 869 Pater
870 813 1094 868 suscitat
1121 812 1321 870 Filium
1342 857 1356 881 ,
1388 815 1558 871 Filius
1586 817 1705 885 ipse
1744 830 1807 872 se

188 905 463 959 suscitat.
492 904 652 961 Unde
676 905 753 961 ait
778 923 792 959 :
822 905 1020 961 Soluite
1043 905 1140 960 hoc
1171 908 1449 974 templum.
1479 917 1527 961 et
1552 910 1608 963 in
1634 909 1806 964 triduo

186 995 345 1051 illud
367 997 689 1054 resnscitabo
711 997 895 1072 (Joan.
925 1015 986 1060 ιι,
1017 998 1134 1069 19).
1162 999 1231 1055 Et
1256 1000 1418 1057 Pater
1440 1001 1725 1068 Dominus,
1750 1012 1808 1058 et

187 1086 382 1145 Filius
410 1090 673 1147 Dominus
698 1109 715 1146 :
746 1090 893 1147 Dixit
915 1089 1173 1148 Dominus
1200 1091 1426 1149 Domino
1448 1110 1578 1149 meo.
1607 1095 1676 1151 Et
1699 1111 1807 1151 non

190 1182 322 1240 duo
347 1185 585 1253 Domini,
617 1187 713 1243 sed
734 1203 879 1245 unus
908 1188 1201 1256 Dominus;
1230 1189 1355 1259 quia
1377 1197 1433 1244 et
1462 1190 1621 1247 Pater
1644 1192 1807 1260 Deus,

192 1288 262 1333 et
297 1278 469 1336 Filius
500 1282 644 1339 Deus
667 1299 682 1336 :
705 1282 803 1339 sed
834 1298 974 1339 unus
1001 1283 1175 1349 Deus;
1204 1284 1332 1355 quia
1358 1284 1526 1340 Pater
1552 1284 1605 1338 in
1634 1283 1809 1352 Filio,

197 1378 269 1427 et
316 1371 487 1429 Filius
533 1373 586 1428 in
636 1374 817 1430 Patre.
846 1374 998 1431 Unus
1039 1375 1211 1438 Deus,
1260 1377 1383 1446 quia
1428 1389 1536 1430 una
1583 1374 1810 1430 deitas:

201 1464 385 1522 Sedss
408 1479 523 1534 tua,
558 1467 696 1524 Deae
716 1512 731 1535 ,
759 1471 813 1527 in
839 1471 1085 1527 servulum
1109 1472 1287 1525 steculi
1312 1487 1331 1527 :
1357 1450 1671 1543 uirga‘reeta
1707 1481 1783 1527 est
1799 1512 1813 1536 ,

1907 624 2069 666 manu
2115 610 2345 679 factum,
2375 612 2519 683 quod
2566 630 2673 671 non
2724 624 2820 671 aut
2848 623 3090 673 vetustas
3110 618 3504 688 cotiliciat,aat

1906 714 1991 769 vis
2043 716 2290 782 subruat,
2346 726 2440 772 aut
2469 717 2609 788 ignis
2665 726 2854 774 exurat
2882 735 2896 772 :
2924 728 3218 779 esttamen
3247 728 3304 776 et
3357 717 3509 774 aliud

1909 808 2172 878 templum
2191 820 2565 868 constructum
2608 827 2674 868 ex
2702 811 2965 884 speciosis
3014 814 3303 885 lapidibus,
3340 826 3506 870 etor-

1911 909 2097 956 natum
2127 901 2310 969 donis,
2347 904 2503 974 cujus
2540 907 2881 979 eversionem
2916 907 3175 965 Dominus
3201 907 3512 980 signiﬁcare

1908 994 2173 1062 videatur,
2204 996 2492 1071 Synagnga
2517 999 2734 1056 scilicet
2773 1000 3113 1070 indecorum,
3146 1002 3309 1074 cuius
3331 1010 3513 1060 strue—

1913 1100 2031 1146 tura
2064 1100 2246 1158 vetus,
2281 1092 2522 1148 Ecclesia
2545 1104 2829 1164 surgente,
2862 1095 3200 1153 dissolvitur.
3229 1096 3511 1155 Estetiant

1914 1185 2174 1254 templum
2208 1185 2261 1239 iu
2295 1199 2641 1256 unoquoque,
2659 1187 2804 1257 quod
2824 1186 3114 1245 deﬁciente
3136 1188 3243 1247 tida
3272 1187 3470 1245 labitur
3496 1204 3513 1250 :

1914 1287 1970 1332 et
1999 1277 2243 1335 maxime
2263 1278 2313 1333 si
2340 1281 2462 1350 quis
2487 1279 2627 1335 falso
2655 1278 2857 1337 Christi
2880 1297 3078 1337 nomen
3104 1281 3388 1347 obtendat,
3406 1295 3517 1351 quo

1914 1368 2233 1425 interiorem
2258 1380 2534 1442 expugnet
2558 1370 2837 1429 allectum.

1988 1462 2044 1517 7.
2075 1462 2261 1519 Potest
2288 1464 2455 1519 etiam
2504 1479 2567 1520 ea
2598 1478 2722 1521 esse
2756 1465 3058 1535 expositio,
3084 1477 3207 1536 qua
3239 1465 3372 1521 mihi
3398 1464 3520 1535 plus

202 1561 367 1634 uirga
407 1563 553 1634 regni
578 1565 674 1618 tui.
702 1558 943 1619 Dilecisti
960 1565 1251 1634 justitiam,
1283 1572 1335 1619 et
1368 1564 1526 1619 odisti
1571 1564 1818 1637 iniquita-
1919 1558 2113 1628 prosit.
2143 1557 2284 1625 Quid
2328 1559 2475 1614 enim
2502 1557 2640 1614 mibi
2668 1558 2893 1630 prodest
2942 1559 3089 1615 diem
3118 1560 3262 1616 scire
3289 1558 3475 1639 iudicii
3495 1558 3521 1612 τ

208 1662 351 1720 teut,
382 1663 654 1723 propterea
678 1657 828 1710 unxit
850 1664 901 1709 te
927 1655 1070 1709 Deus
1091 1696 1106 1723 ,
1136 1654 1281 1711 Deus
1307 1665 1427 1711 tuus
1453 1654 1627 1726 (Psal.
1654 1670 1779 1712 xuv
1797 1694 1815 1723 ,
1920 1652 2059 1719 Quid
2089 1652 2245 1707 mihi!
2264 1653 2486 1723 prodest
2520 1661 2794 1709 tantorum
2822 1655 3047 1709 conscio
3075 1660 3445 1724 peccatorum.
3471 1650 3524 1708 si

211 1747 251 1799 7
285 1755 338 1802 et
367 1744 445 1818 8).
472 1746 583 1803 Sed
633 1762 771 1802 unus
798 1747 980 1818 Deus,
1010 1747 1067 1803 in
1095 1763 1206 1819 quo
1250 1758 1307 1804 et
1337 1748 1461 1804 novi
1508 1757 1563 1804 et
1614 1747 1821 1805 veteris
1922 1745 2189 1801 Dominus
2207 1746 2412 1811 veniat,
2443 1746 2547 1801 nisi
2575 1746 2764 1801 veniat
2811 1746 2866 1802 in
2913 1761 3094 1803 meum
3147 1746 3411 1811 animum,
3438 1759 3527 1801 re-

210 1836 557 1894 Testamenti
603 1838 848 1897 doctrina
898 1840 1219 1897 concordat.
1260 1839 1393 1896 Nam
1441 1850 1496 1897 et
1544 1841 1599 1896 in
1645 1842 1819 1899 .veteri
1850 1901 1893 1907 _
1925 1840 2125 1895 destin
2156 1856 2333 1896 meam
2362 1849 2627 1907 mentem,
2657 1840 2765 1895 nisi
2804 1841 2953 1896 vivat
2978 1841 3031 1895 in
3059 1854 3148 1896 me
3168 1838 3443 1902 Christus.
3470 1838 3529 1895 iu

211 1931 573 1991 Testamento
616 1936 881 2005 scriptum
918 1945 1005 1991 est
1036 1954 1048 1989 :
1081 1936 1281 2009 Diliges
1326 1935 1609 1991 Dominum
1653 1935 1822 1990 Deum
1850 1901 1903 1965 Β
1928 1948 2015 1990 me
2040 1932 2294 1989 Christus
2321 1901 2782 2005 loquatur'tEt-go
2805 1933 2938 1989 mihi
2966 1931 3219 1995 Christus
3241 1931 3409 1991 debet
3429 1901 3525 1988 vev

211 2033 369 2081 ειιιιιιι
395 2042 416 2081 :
442 2035 513 2090 et,
544 2025 823 2082 Dominum
850 2026 1014 2083 Deum
1042 2038 1189 2083 tuum
1219 2027 1485 2094 adorabis,
1518 2038 1565 2083 et
1594 2028 1695 2099 ipsi
1723 2026 1827 2081 soli

209 2117 411 2173 servies
438 2117 625 2186 (Deut.
654 2132 746 2185 π,
776 2118 815 2172 5
842 2130 891 2174 et
936 2118 1049 2191 i3).
1094 2118 1306 2193 1505
1344 2119 1404 2174 in
1444 2133 1630 2175 novo:
1675 2116 1825 2174 Unus

214 2210 397 2279 Deus,
425 2224 478 2269 et
505 2213 659 2268 Pater
687 2215 916 2269 omnium
945 2213 1166 2285 (Ephes.
1200 2230 1253 2269 tv
1274 2255 1289 2281 ,
1314 2212 1393 2287 ϐ).
1426 2212 1520 2270 Sic
1564 2222 1619 2268 et
1664 2213 1825 2267 Pater

213 2304 605 2373 Dominus,et
648 2305 816 2361 Filius
866 2292 1167 2363 Dominus:
1202 2306 1300 2364 sed
1347 2322 1488 2363 unus
1536 2306 1820 2363 Dominus.

214 2399 468 2469 Denique
497 2400 756 2463 scriptum
785 2409 904 2455 est:
938 2400 1117 2456 Nolite
1142 2398 1598 2456 duobus/dominis
1632 2401 1826 2455 seruire

211 2474 440 2563 (Matth.
471 2506 543 2556 vt,
571 2490 699 2564 24);
740 2492 846 2547 hoc
874 2493 927 2547 in
954 2508 1097 2548 novo
1126 2510 1141 2549 :
1182 2494 1235 2548 in
1277 2494 1448 2549 veteri
1475 2502 1655 2548 autem
1685 2492 1823 2547 scri-

212 2594 373 2655 ptum
406 2593 491 2640 est
518 2602 534 2640 τ
561 2584 719 2652 Audi,
746 2584 933 2651 Israel,
963 2587 1216 2642 Dominus
1247 2587 1386 2641 Deus
1414 2598 1547 2653 tuus,
1574 2585 1827 2643 Dominus

211 2696 360 2734 unus
389 2689 462 2735 est
505 2679 787 2753 (Deut.vr,
816 2677 896 2752 1).
931 2680 1082 2739 Unde
1127 2681 1449 2737 mirabiliter
1496 2682 1823 2751 Apostolus,

212 2786 292 2827 ne
318 2771 459 2827 duos
492 2774 629 2829 Deos
658 2773 897 2843 diceret,
923 2785 1015 2828 aut
1041 2774 1177 2829 duos
1209 2774 1471 2829 Dominus
1497 2776 1824 2838 nominaret,

209 2872 317 2921 aut
360 2865 649 2937 derogaret
676 2869 763 2925 vel
792 2868 937 2923 Filio
961 2912 974 2934 ,
1005 2869 1091 2923 vel
1151 2868 1299 2924 Patri
1332 2885 1344 2922 :
1404 2867 1578 2934 Unus,
1614 2867 1785 2937 inquit
1813 2910 1829 2935 ,

212 2957 374 3016 Deus
403 2957 589 3028 Pater,
620 2978 685 3017 ea:
724 2978 824 3033 quo
869 2962 1042 3017 omnia
1070 2979 1089 3017 :
1118 2971 1165 3017 et
1194 2978 1328 3017 unus
1360 2959 1616 3017 Dominus
1643 2959 1830 3026 Iesus,

212 3069 316 3126 per
341 3069 491 3125 quem
538 3055 714 3109 omnia
747 3053 788 3116 (Ι
817 3051 940 3110 Cor.
967 3069 1064 3110 vni
1087 3099 1100 3121 ,
1133 3055 1213 3123 6).
1236 3054 1370 3112 Nam
1423 3055 1513 3124 qui
1569 3054 1710 3109 Deus
1733 3097 1747 3121 ,
1776 3062 1834 3110 et

214 3145 487 3201 Dominus
522 3162 537 3200 :
567 3155 622 3202 et
657 3147 746 3218 qui
778 3146 1065 3209 Dominus,
1088 3146 1255 3203 Deus.
1293 3146 1540 3217 Denique
1567 3146 1831 3215 scriptum

1925 2026 2067 2092 nire,
2096 2026 2230 2082 mihi
2259 2026 2419 2083 debet
2465 2026 2732 2082 adventus
2759 2026 2880 2097 ejus
2930 2024 3072 2081 ﬁeri.
3102 2024 3189 2081 Fit
3208 2035 3398 2080 auem
3427 2022 3531 2080 Do-

1925 2117 2061 2175 mini
2086 2118 2356 2175 secundus
2375 2119 2639 2175 adventus
2663 2119 2718 2174 in
2744 2117 3052 2176 deiectione
3080 2116 3290 2181 mundi.
3310 2114 3535 2187 quando

1925 2226 2216 2283 possumus
2238 2212 2424 2269 dicem
2452 2228 2469 2266 :
2500 2211 2637 2267 Hild
2653 2220 2830 2267 autem
2868 2211 3101 2268 madas
3127 2210 3410 2281 cruciﬁxus
3430 2218 3531 2279 est,

1926 2318 1977 2364 et
2002 2323 2094 2380 ego
2118 2307 2314 2362 mundo
2340 2305 2545 2377 (Galat.
2578 2323 2656 2373 vt,
2686 2304 2803 2379 14).

2001 2401 2056 2457 8.
2087 2400 2197 2456 Sed
2218 2400 2366 2455 hunc
2387 2401 2563 2455 virum
2594 2399 2722 2456 talis
2770 2399 2961 2457 nutidi
2988 2399 3236 2457 deiectus
3260 2400 3307 2455 si
3356 2398 3412 2455 ia
3432 2414 3538 2461 suo

1926 2495 2237 2567 perioribus
2269 2494 2490 2568 1506
2536 2494 2737 2549 domus
2791 2492 3057 2558 inveniat,
3084 2500 3144 2548 ut
3184 2492 3537 2549 conversatio

1928 2587 2092 2658 hujus
2122 2589 2175 2644 in
2207 2588 2363 2645 cretis
2391 2588 2464 2643 sit
2493 2603 2507 2653 ;
2540 2596 2669 2643 tunc
2706 2587 3022 2644 destruetur
3048 2584 3315 2656 emplum
3339 2599 3538 2656 corpo-

1928 2681 2042 2737 rale
2088 2689 2251 2752 atque
2299 2679 2538 2748 visibile,
2597 2678 2708 2734 Lex
2738 2678 3066 2749 corporalis,
3103 2676 3306 2748 pascha
3335 2690 3538 2747 serpa-

1928 2772 2067 2835 rale.
2093 2783 2144 2828 et
2171 2772 2373 2843 pascha
2401 2772 2639 2841 visibile,
2666 2787 2854 2844 aeyma
2910 2772 3237 2844 corporalia,
3256 2780 3317 2827 et
3346 2786 3543 2845 azyma

1930 2864 2189 2933 visibilis,
2220 2865 2395 2920 audeo
2449 2863 2656 2933 dicere,
2688 2863 2941 2920 Christus
2984 2864 3327 2935 temporalis,
3350 2873 3414 2921 ut
3441 2865 3544 2922 fuit

1932 2958 2118 3024 Paulo,
2177 2967 2467 3028 antequam
2513 2956 2765 3014 crederet
2795 2973 2810 3024 ;
2844 2957 2966 3028 quia
2995 2958 3050 3014 in
3076 2973 3146 3016 eo
3184 2960 3275 3015 cui
3304 2959 3542 3018 mundus

1931 3052 2138 3122 deﬁcit,
2164 3053 2417 3109 Christus
2472 3060 2712 3108 internus
2760 3062 2865 3108 est.
2902 3051 3040 3108 iiuic
3084 3054 3368 3124 spirituale
3396 3063 3537 3110 tem-

1933 3147 2104 3218 plum,
2130 3147 2217 3203 lex
2248 3147 2568 3217 spiritualis,
2611 3147 2810 3217 pascha
2841 3147 3005 3204 etiam
3046 3149 3370 3218 spirituale;
3401 3165 3540 3221 quo-

213 3248 307 3295 est
342 3257 358 3293 :
390 3238 586 3296 Scitote
614 3241 736 3312 quia
764 3237 1021 3327 Dominus
1046 3240 1159 3312 ipse
1181 3247 1257 3295 est
1286 3238 1425 3297 Deus
1455 3247 1630 3294 noster
1650 3236 1826 3309 (Psal.
1853 3282 1901 3347 c
1934 3242 2078 3297 niam
2106 3241 2279 3299 semel
2309 3241 2558 3299 Christus
2584 3241 2871 3299 occiditur.
2921 3241 3020 3298 Hic
3048 3243 3304 3314 epulatur
3345 3258 3540 3316 azyma

214 3346 372 3401 ιρις,
402 3335 485 3409 5).

294 3431 351 3487 5.
378 3429 571 3485 Omnia
603 3444 732 3502 ergo
756 3432 877 3501 qua:
916 3428 1080 3485 Pater
1130 3428 1318 3495 habet,
1343 3435 1399 3483 et
1426 3425 1598 3481 Filius
1638 3423 1825 3479 habet.

216 3526 371 3583 Deus
400 3524 561 3581 Pater
588 3526 884 3582 secundum
924 3524 1293 3597 generationis
1338 3522 1609 3578 rationem
1641 3538 1654 3574 :
1681 3520 1829 3576 Deus

219 3618 400 3675 Filius
429 3616 728 3675 secundum
758 3618 1011 3690 imaginis
1048 3618 1337 3673 unitatem.
1364 3625 1390 3653 τι
1426 3614 1688 3670 Dominus
1732 3610 1829 3667 Fi-

222 3709 359 3779 lius,
388 3710 511 3782 quia
558 3710 737 3766 omnia
767 3709 869 3765 sibi
901 3724 1022 3765 cum
1076 3718 1343 3778 potestate
1389 3717 1596 3778 posset,
1619 3706 1832 3762 ratione

224 3802 505 3876 subjecit;
549 3803 811 3861 Dominus
862 3804 1041 3871 Pater,
1076 3805 1198 3874 quia
1245 3803 1401 3859 radix
1432 3813 1516 3859 est
1560 3802 1705 3857 Filii.
1740 3801 1833 3859 Sic

224 3900 386 3957 nobis
438 3899 608 3956 Pater
635 3900 689 3953 in
716 3898 857 3956 Filio
896 3913 1256 3970 personarum
1287 3896 1607 3952 definitione
1637 3894 1833 3949 distin-

223 3991 434 4063 guitur,
464 3992 752 4057 potestatis
784 3991 991 4045 unitate
1017 3990 1379 4044 connectitur.
1398 3988 1585 4055 itaque
1613 3988 1752 4043 alter
1778 3973 1853 4041 in.

227 4082 430 4148 altero,
461 4086 681 4136 etunus
720 4081 774 4135 in
807 4081 1090 4136 alterutro.
1138 4078 1277 4134 Nam
1325 4086 1379 4134 et
1432 4078 1612 4133 Patris
1663 4078 1833 4149 gloria

229 4181 339 4240 est,
369 4172 414 4228 si
465 4186 574 4228 non
620 4172 971 4243 degeneravit
997 4173 1053 4227 in
1087 4169 1273 4236 Filio;
1308 4179 1361 4226 et
1388 4168 1515 4225 Filii
1566 4170 1760 4241 gratia,
1789 4169 1835 4224 si

233 4268 400 4323 Pater
446 4266 664 4324 videtur
710 4268 763 4322 in
796 4266 957 4322 Filio.
1000 4266 1143 4338 Ergo
1192 4281 1296 4320 non
1351 4266 1609 4336 degener,
1633 4266 1686 4319 in
1728 4279 1837 4335 quo

234 4361 463 4417 unitatis
490 4375 701 4418 summa
742 4361 1036 4432 maiestas;
1069 4375 1177 4417 non
1204 4361 1437 4429 alienus,
1466 4362 1520 4416 in
1550 4375 1654 4431 quo
1704 4374 1835 4433 pro-

236 4455 442 4527 prietas
460 4455 852 4527 generationis,
901 4457 1186 4526 expressio
1215 4455 1459 4511 veritatis
1480 4464 1584 4511 est.
1751 4456 1761 4464 '

313 4550 469 4622 (Cap.
497 4546 638 4606 XXI.
678 4548 837 4606 Vers.
868 4548 951 4621 6.)
985 4546 1109 4606 Non
1153 4551 1471 4621 relinquetur
1497 4550 1633 4623 lapis
1678 4564 1836 4624 super

238 4641 469 4713 lapidem
484 4643 571 4714 qui
597 4659 700 4698 non
727 4643 1046 4699 destruatur.

1932 3351 2041 3392 non
2072 3349 2139 3392 ex
2170 3334 2326 3406 fruge
2356 3344 2592 3402 terrens,
2616 3334 2722 3395 sed
2752 3351 2820 3393 ex
2846 3333 3001 3405 fruge
3027 3335 3269 3406 iustitiae.
3303 3335 3393 3392 Fit
3411 3352 3545 3410 ergo

1932 3428 2058 3485 huic
2086 3428 2378 3502 pret-sentis
2432 3428 2737 3498 sapientize,
2780 3430 3073 3500 prmsentia
3123 3428 3342 3486 virtutis
3376 3440 3542 3503 atque

1930 3521 2174 3592 iustitia},
2209 3521 2501 3591 praesentia
2530 3521 2927 3591 redemptionis
2952 3537 2970 3588 ;
2998 3520 3255 3579 Christus
3275 3523 3421 3580 enim
3452 3540 3541 3582 se-

1934 3615 2037 3670 mel
2069 3614 2289 3686 quidem
2336 3628 2436 3686 pro
2470 3614 2709 3683 peccatis
2739 3614 2924 3685 populi
2953 3624 3200 3670 morttius
3230 3625 3314 3672 est
3348 3616 3391 3690 (Ι
3414 3617 3535 3673 Pet.

1932 3725 2013 3776 ιιι,
2040 3706 2155 3778 18),
2184 3709 2279 3764 sed
2305 3706 2547 3777 quotidie
2574 3716 2797 3777 peccata
2839 3709 3028 3779 populi
3058 3708 3461 3781 redempturus.

2006 3799 2186 3873 (Vers.
2209 3798 2292 3871 9.)
2315 3798 2447 3855 Cum
2491 3808 2660 3853 autem
2692 3799 2966 3855 audieritis
2991 3802 3174 3873 prwlia
3203 3812 3252 3858 et
3275 3804 3542 3877 opiniones

1938 3895 2261 3965 prleliorum.

2010 3988 2064 4043 9.
2098 3985 2471 4055 Interrogatus
2500 3983 2765 4038 Dominus
2805 3983 3022 4052 quando
3070 3985 3257 4055 templi
3280 3996 3427 4042 esset
3459 3987 3542 4043 lu-

1939 4090 2056 4135 tura
2080 4079 2399 4145 destructio,
2432 4086 2486 4134 et
2505 4076 2650 4149 quod
2688 4078 2899 4147 signum
2926 4089 3071 4133 esset
3099 4078 3364 4134 adventus
3396 4080 3541 4152 eius,

1937 4174 2005 4229 de
2035 4174 2201 4243 signis
2222 4170 2405 4236 docet,
2430 4170 2501 4227 de
2534 4179 2784 4241 tempore
2812 4184 2921 4225 non
2972 4179 3125 4240 putat
3148 4169 3537 4229 intimandum.

1939 4267 2047 4324 Sed
2062 4267 2346 4322 Matutinus
2365 4266 2848 4336 interrogationem
2866 4265 3084 4320 tertiam
3097 4264 3303 4321 addidit
3319 4266 3537 4340 (Matth.

1939 4374 2089 4425 xxxv,
2120 4359 2199 4432 5),
2234 4367 2293 4413 ut
2336 4365 2394 4414 et
2443 4356 2630 4427 templi
2684 4364 2933 4425 tempora
2979 4357 3317 4427 destruendi,
3345 4372 3399 4416 et
3430 4363 3546 4434 sig:

1940 4466 2068 4509 num
2097 4451 2384 4517 adventus,
2418 4460 2475 4506 et
2510 4448 2911 4506 consummatio
2965 4451 3150 4506 saeculi
3201 4466 3231 4506 a
3262 4450 3546 4524 discipulis

1938 4555 2315 4620 quereretur:
2346 4545 2523 4602 Imcas
2566 4544 2700 4600 satis
2748 4544 2961 4614 putavit
2985 4544 3053 4601 de
3074 4549 3545 4607 consummatione

1940 4646 2130 4701 saeculi
2155 4644 2451 4717 cognitum,
2478 4644 2521 4699 si
2561 4642 2630 4699 de
2659 4641 2899 4698 adventu
2930 4641 3146 4698 Domini
3175 4641 3467 4700 diceretur.

301 4731 364 4788 υ.
398 4731 738 4804 Sequebatur
786 4736 855 4792 de
880 4733 1045 4791 vidua
1097 4735 1248 4792 locus
1286 4735 1464 4810 (Vera.
1501 4738 1523 4791 1
1583 4747 1632 4792 et
1678 4737 1834 4810 seq.),
1864 4750 1918 4814 ι)
2015 4739 2103 4795 10.
2131 4737 2440 4793 Verborum
2466 4743 2648 4792 autem
2695 4737 2997 4794 coalestium
3024 4735 3156 4791 rutili
3182 4736 3353 4808 magis
3377 4745 3544 4808 quam

241 4839 404 4897 quam
428 4829 681 4897 quoniam
726 4830 837 4900 jam
867 4831 919 4884 in
974 4829 1115 4886 libro
1164 4846 1322 4900 quem
1354 4831 1421 4887 de
1450 4829 1642 4887 Viduis
1669 4832 1841 4901 scrip-

244 4922 413 4976 simus
436 4923 853 4992 przedicavimus
881 4923 1019 4999 (Lib.
1051 4925 1114 4980 de
1140 4924 1317 4998 Vid.),
1361 4942 1502 4981 nunc
1530 4936 1842 4998 sequestra-

244 5024 381 5070 mus.
408 5011 438 5053 ι)
462 5012 666 5071 Verum
698 5028 878 5071 autem
907 5018 1110 5072 dictum
1143 5027 1226 5073 est
1267 5018 1419 5088 juxta
1473 5019 1746 5089 proposita
1774 5020 1841 5077 dc

247 5106 446 5175 templo
496 5107 637 5177 quod
693 5105 949 5163 Salomon
986 5108 1250 5176 condidit,
1285 5111 1448 5182 idque
1494 5111 1684 5182 judicii
1716 5125 1840 5168 esse

318 5224 343 5254 ει
385 5213 642 5273 Dominus
667 5257 785 5293 Β...
835 5218 1091 5293 subjecit,
1146 5220 1345 5277 desunt
1388 5222 1439 5275 in
1496 5222 1720 5293 Amerb.
1775 5221 1835 5279 In

247 5286 372 5343 Era.
398 5296 576 5344 autem
606 5332 619 5353 ,
652 5289 784 5347 Gill.
817 5299 872 5345 et
902 5286 1032 5345 mss.
1065 5293 1266 5348 nostris
1296 5292 1371 5348 ita
1424 5292 1695 5349 habentur
1717 5337 1730 5357 ,
1784 5304 1843 5350 ut

242 5374 306 5415 ea
333 5361 675 5433 exhibemus.
708 5363 811 5433 nisi
839 5362 983 5432 quod
1016 5365 1067 5417 in
1102 5364 1226 5419 Era.
1256 5365 1581 5433 reﬁciuntur
1607 5374 1728 5433 post
1748 5382 1844 5421 vo—

245 5444 335 5487 ces
394 5428 545 5489 rudia:
582 5444 662 5487 est
709 5428 871 5486 Filii.
918 5434 989 5488 At
1024 5435 1079 5489 in
1132 5428 1477 5493 Romfedit.
1529 5428 1843 5492 ultimorum

245 5501 536 5561 verborum
568 5508 703 5567 facta
736 5517 815 5559 est
846 5503 934 5557 illa
972 5506 1221 5573 mutatio,
1252 5548 1289 5562 ..
1316 5546 1330 5564 .
1352 5547 1365 5560 .

249 5585 412 5648 potest
456 5573 633 5648 Pater
647 5617 662 5641 ,
729 5573 971 5648 subjecit.

318 5638 345 5683 ι)
388 5648 544 5719 lium.
574 5638 704 5719 edit.
730 5638 874 5713 sola,
918 5645 1106 5719 Verum
1132 5647 1252 5719 licet
1269 5649 1432 5715 justo
1480 5651 1755 5719 proposita
1793 5650 1858 5706 de

1405 5509 1584 5563 onmia
1611 5508 1710 5564 sibi
1732 5524 1849 5578 quia

1946 4845 2047 4885 nos
2068 4837 2238 4884 teSIes
2276 4842 2481 4893 sumus,
2508 4843 2644 4898 quos
2690 4828 2875 4883 mundi
2904 4827 3030 4883 linis
3074 4827 3304 4888 invenit.
3331 4828 3542 4898 Quanta

1946 4924 2091 4979 enim
2136 4920 2342 4992 praelia,
2391 4930 2445 4975 et
2474 4934 2609 4990 quas
2654 4922 2939 4991 opiniones
2983 4921 3294 4993 accepimus
3334 4923 3549 4992 pradic-

1948 5031 2068 5071 rum
2102 5016 2117 5069 !
2166 5012 2379 5069 Chunni
2413 5013 2464 5067 in
2494 5012 2720 5081 Alanos,
2754 5013 2911 5071 Alani
2960 5016 3013 5071 in
3044 5016 3278 5083 Gothos,
3307 5015 3472 5073 Gothi
3494 5018 3550 5074 in

1945 5108 2246 5182 'l‘ayialosc
2278 5116 2334 5164 et
2388 5107 2666 5165 Sarmatas
2715 5108 3148 5168 insurrexerunt.
3190 5111 3302 5169 Nos
3338 5126 3554 5186 quoque

1947 5222 2043 5280 lib.
2079 5237 2223 5298 xm.
2257 5219 2365 5298 sed
2386 5220 2532 5298 alius
2564 5221 2634 5298 de
2664 5223 2764 5298 hac
2787 5237 2947 5295 gente
2974 5235 3136 5298 atque
3159 5230 3279 5287 aliis
3311 5228 3399 5285 hic
3430 5247 3548 5289 me-

1948 5295 2175 5371 moratis
2221 5293 2325 5346 erit
2385 5293 2645 5371 loquendi
2685 5293 2855 5371 locus.
2912 5298 2980 5352 At
3011 5293 3141 5355 vero
3186 5303 3547 5371 pestilentiam

1947 5367 2100 5443 illam
2146 5379 2269 5443 qua:
2302 5366 2604 5443 nonsoltun
2631 5366 2914 5435 boiuines,
2953 5371 3048 5427 sed
3075 5366 3268 5442 pecora
3300 5374 3410 5443 ipsa
3442 5382 3549 5428 tam

1954 5435 2715 5512 tiiisere_devastaliat.__signo
2744 5443 2922 5497 crucis
2973 5435 3229 5500 facillime
3262 5435 3550 5512 depulsam

1955 5509 2128 5565 fuisse
2156 5506 2719 5582 Hermanuuslibitt,
2753 5527 2869 5582 cap.
2906 5514 2992 5577 l2,
3029 5515 3165 5571 Vitae
3192 5516 3249 5571 S.
3278 5506 3550 5570 Ambrosii

1956 5583 2209 5658 observat
2228 5592 2298 5633 ex
2320 5578 2589 5658 Duronio:
2604 5578 3029 5658 finitur—autem
3063 5602 3288 5658 ntagnus
3307 5586 3557 5658 cardina-

1958 5653 2026 5707 lis
2072 5652 2276 5718 Ecloga
2317 5650 2441 5727 Ser.
2473 5650 2771 5727 Endelechi
2800 5656 3081 5712 christiani
3108 5650 3301 5727 poetic,
3350 5656 3441 5712 ubi
3472 5657 3559 5713 in-

249 5718 444 5793 templo
479 5717 617 5793 quod
644 5718 1229 5793 -Salemon_aondidit,
1278 5717 1653 5793 intelligatur;
1704 5722 1862 5793 idqtte
1952 5736 2044 5781 ter
2065 5717 2265 5780 caetera
2290 5723 2373 5778 sic
2398 5720 2668 5781 habetur:

251 5791 474 5861 primum
500 5790 564 5842 ab
592 5788 968 5861 hostejudicit',
996 5801 1105 5851 etc.

326 5870 348 5899 α
384 5859 643 5937 Plerique
660 5859 821 5937 mss"
851 5861 1129 5933 Tatfalos;
1156 5862 1370 5937 melius
1396 5862 1491 5937 alii
1511 5865 1857 5937 atqueredit"

257 5928 509 6002 Tayfalas
533 5928 649 5998 {ita
680 5931 825 5988 enim
853 5928 1071 6005 semper
1112 5934 1307 6005 legitur
1336 5928 1859 6017 apudAmmiauttui

2142 5941 2147 5945 θ
2178 5864 2499 5936 uentos”...
2523 5843 2636 5940 Dic,
2662 5878 2780 5939 age,
2806 5865 2995 5979 Τίιέγθ,

2274 5927 2395 5979 Ουιε
2419 5934 2471 5977 te
2492 5927 2738 5979 subripuit
2760 5928 2879 5978 cladi
2919 5942 2976 5979 us

2274 5927 2395 5989 Quis
2419 5934 2471 5977 te
2492 5927 2738 5989 subripuit
2760 5927 3076 5983 Cladibus’his
3092 5927 3247 5989 Deus;

2279 5972 2348 6040 ῡῐ
2356 5972 2611 6054 ﬁcturae
2615 5972 3261 6057 ua'aa"q3s"poi."u;&‘£tt
