4040 6522
564 400 706 461 18οῚ

1902 384 2145 445 SANCTl
2177 386 2503 449 AMBRUSH

3743 392 3874 454 £808

557 520 616 572 in
641 516 855 588 lIZyrieo
882 513 1097 570 exsules
1128 512 1313 581 patriae
1337 508 1634 565 Gothorum
1660 503 1853 562 exsilia
1881 502 2149 568 fecerunt,
2182 510 2229 570 Α
2258 506 2390 561 nihil
2410 506 2617 562 habens
2640 508 2973 579 superﬂuum
2996 508 3139 581 quod
3166 508 3371 564 cadere
3391 508 3599 576 possit,
3630 506 3725 584 vel
3752 508 3869 565 nihil

554 616 611 663 ct
641 606 883 661 nondum
914 612 998 660 est
1031 603 1172 656 ﬁnis.
1209 604 1337 667 Qun
1382 598 1623 652 omnium
1670 596 1865 662 fames,
1910 593 2028 649 lues
2062 609 2156 664 pa-

558 702 701 757 riter
732 702 890 755 boum
937 709 1095 766 atque
1153 693 1455 755 hominum,
1484 687 1776 759 eaeterique
1824 685 2073 757 pecoris;
2104 695 2160 741 ut

550 796 718 853 etiam
748 793 838 863 qui
873 790 1069 846 bellum
1128 802 1235 842 non
1265 785 1607 854 pertulimus,
1654 781 1946 839 debellatis
1975 790 2157 836 tamen

555 902 660 943 nos
689 899 848 956 pares
874 880 1060 937 fecerit
1118 877 1465 957 pestilentia!
1497 878 1638 948 Ergo
1669 875 1794 945 quia
1850 875 1901 929 in
1958 888 2157 929 occasu

545 980 731 1036 saeculi
747 992 957 1042 sumus,
978 970 1554 1043 praeceduntquaedam
1572 969 1925 1039 aegritudines
1948 966 2154 1022 mundi.

546 1071 839 1145 IEgritudo
862 1068 1048 1124 muudi
1070 1075 1157 1123 est
1187 1068 1379 1133 fames,
1413 1063 1680 1135 mgritudo
1707 1062 1896 1119 mundi
1923 1069 2008 1118 est
2026 1076 2155 1133 pes-

548 1161 1066 1235 tilentia,:cgritudo
1097 1160 1286 1216 mundi
1316 1168 1403 1217 est
1426 1158 1757 1230 persecutio.

611 1262 700 1318 11.
730 1260 1063 1315 Suntautem
1086 1263 1143 1312 et
1168 1255 1269 1309 alia
1301 1254 1442 1310 bella
1471 1269 1593 1324 qua:
1614 1253 1699 1307 vir
1726 1251 1960 1307 sustinet
1983 1249 2156 1305 chris-

536 1354 738 1415 tianus,
773 1350 1117 1406 diversarum
1165 1360 1385 1417 quoque
1418 1344 1605 1414 praelia
1626 1342 2009 1414 cupiditatum,
2040 1352 2154 1396 stu-

534 1446 860 1514 diorumque
890 1440 1203 1503 conﬂictus,
1238 1437 1519 1507 multoque
1541 1437 1824 1505 graviores
1865 1430 2155 1489 domestici

535 1539 747 1605 hostes,
780 1552 941 1608 quam
968 1533 1243 1589 extranei.
1276 1530 1428 1586 Nunc
1453 1530 1682 1585 avaritia
1709 1528 1977 1593 stimulat,
2010 1538 2155 1581 nunc

531 1632 785 1691 accendit
834 1629 1023 1696 libido,
1052 1644 1197 1683 nunc
1242 1636 1420 1681 metus
1472 1632 1662 1689 terret,
1698 1637 1842 1678 nunc
1874 1618 2153 1676 iracundia

533 1732 797 1801 exagitat,
822 1742 965 1783 nunc
993 1723 1217 1779 ambitio
1273 1728 1477 1783 movet,
1519 1734 1663 1774 nunc
1706 1727 1917 1773 terrere
1941 1720 2155 1769 tentant

533 1825 804 1897 spiritalia
829 1818 1244 1891 nequitiaque:
1272 1825 1398 1870 sunt
1425 1814 1479 1871 in
1511 1811 1823 1870 caelestibus
1843 1808 2151 1879 (Ephes.vr,

2262 599 2331 655 de
2354 601 2734 667 superioribus
2759 603 3055 659 virtutibus
3080 605 3405 668 amissurus,
3424 604 3650 674 integer
3672 604 3873 659 sobrie-

2262 700 2396 759 tate,
2414 691 2571 749 fortis
2597 694 2649 749 in
2674 710 2825 764 pace,
2853 698 2945 768 qui
2970 711 3162 753 sensus
3183 711 3377 753 omnes
3394 710 3573 767 usque
3599 696 3659 750 in
3694 694 3872 763 ﬁnem,

2260 793 2317 838 ct
2347 782 2512 839 verba
2534 785 2829 841 custodiat.

2335 877 2765 934 14.Prtedicetur
2778 880 3162 952 Evangelium,
3177 890 3233 937 ut
3257 882 3518 938 sacculum
3533 882 3869 939 destruatur.

2260 973 2415 1029 Sicut
2438 975 2583 1029 enim
2608 976 2890 1044 pra-cessit
2919 976 2972 1031 in
3005 976 3195 1033 orbem
3223 984 3386 1034 terrae
3414 976 3715 1048 Evangelii
3746 994 3875 1047 prm-

2257 1064 2459 1122 dicatio
2481 1065 2703 1135 (Matth.
2729 1084 2878 1135 xxiv,
2906 1067 3017 1141 11),
3048 1071 3135 1125 cui
3167 1070 3278 1140 jam
3305 1080 3362 1126 et
3391 1070 3562 1127 Gothi
3598 1080 3658 1127 et
3691 1074 3876 1129 Arme-

2258 1158 2335 1214 nii
2363 1157 2735 1227 crediderunt,
2767 1169 2821 1217 et
2850 1160 2973 1217 ideo
3003 1162 3188 1217 mundi
3212 1162 3374 1218 ﬁnem
3394 1163 3655 1219 videmus
3680 1180 3697 1217 :
3726 1164 3800 1218 ita
3828 1175 3874 1220 et

2258 1266 2291 1308 a
2336 1252 2457 1308 viro
2502 1253 2773 1324 spirituali
2832 1256 3186 1327 Evangelium
3238 1258 3604 1329 praedicatur,
3660 1258 3873 1328 quando

2258 1360 2451 1402 omnes
2481 1346 2770 1417 sapientia:
2802 1363 3124 1421 progressus
3146 1349 3174 1389 ιι
3200 1359 3256 1405 et
3291 1366 3489 1407 omnes
3519 1352 3765 1408 virtutes
3788 1368 3873 1408 ex-

2257 1440 2544 1509 sequitur,
2614 1439 2869 1509 psallenti
2925 1452 3110 1498 mente
3160 1451 3216 1497 et
3262 1442 3485 1514 spiritu,
3514 1443 3871 1499 novissimam

2254 1532 2543 1589 destruens
2573 1543 2807 1589 mortem
2834 1551 2851 1599 ς
2875 1545 3002 1591 tunc
3050 1536 3194 1590 enim
3226 1535 3374 1604 ﬁnis,
3422 1552 3553 1593 cum
3585 1536 3872 1593 tradiderit

2256 1622 2311 1678 in
2340 1639 2408 1680 eo
2436 1624 2688 1681 Christus
2738 1642 2964 1697 regnum
2997 1627 3111 1683 Deo
3154 1636 3211 1683 et
3238 1627 3411 1694 Patri,
3436 1628 3723 1700 fueritque
3778 1631 3870 1687 iste

2255 1718 2531 1788 subjectus
2557 1720 2603 1772 ei
2637 1720 2725 1790 qui
2759 1719 2860 1775 sibi
2890 1721 3128 1789 subjecit
3160 1723 3365 1790 omnia,
3396 1731 3458 1778 ut
3482 1722 3556 1778 sit
3584 1724 3740 1779 Deus
3758 1739 3867 1780 om-

2256 1810 2368 1876 nia,
2410 1811 2463 1864 in
2520 1810 2774 1865 omnibus
2824 1811 2870 1881 (1
2900 1810 3021 1866 Cor.
3052 1827 3143 1879 xv,
3174 1812 3292 1883 35).
3351 1814 3422 1870 Et
3480 1814 3868 1885 praedicabitur

536 1920 653 1989 12).
688 1917 876 1987 Itaque
894 1913 1055 1983 quasi
1084 1910 1410 1983 quibusdam
1439 1916 1666 1978 urgetur
1693 1905 1921 1977 praeliis,
1954 1912 2009 1958 et
2030 1900 2147 1972 qui-
2177 1905 2225 1965 B
2254 1901 2608 1973 Evangelium
2665 1918 2763 1973 per
2830 1919 3025 1962 omnes
3077 1906 3327 1962 civitates
3359 1950 3374 1975 ,
3444 1906 3504 1962 id
3556 1916 3648 1964 est
3675 1949 3694 1973 ,
3743 1908 3865 1963 ciri-

524 2010 966 2067 busdam-terrae
1016 2004 1256 2061 motibus
1308 2001 1550 2073 quatitur
1594 1998 1816 2056 mobilis
1844 1995 2012 2050 animi
2038 2006 2140 2049 nu-

529 2105 699 2161 tantis
725 2101 977 2157 aﬁ‘ectus.

601 2196 691 2251 i2.
723 2193 828 2251 Sed
860 2191 1053 2247 fortior
1105 2189 1279 2244 dicit:
1322 2186 1384 2242 Si
1428 2186 1711 2240 consistant
1762 2184 2035 2237 adversum
2064 2196 2142 2234 me

525 2298 720 2354 castra,
768 2302 872 2340 non
901 2282 1094 2338 timebit
1125 2296 1211 2334 cor
1242 2294 1413 2334 meum
1442 2277 1527 2344 ;si
1578 2284 1821 2347 exsurgat
1867 2275 2142 2327 adversum

525 2397 608 2437 me
636 2378 898 2452 prtelium,
929 2374 984 2428 in
1011 2373 1105 2426 hoc
1134 2388 1226 2445 ego
1253 2370 1473 2441 sperabo
1505 2366 1622 2440 (Ps.
1652 2382 1800 2432 xxvi,
1831 2363 1911 2437 5).
1939 2365 2057 2419 Stat
2085 2363 2140 2417 in

524 2474 643 2529 acie
667 2470 849 2527 ferens
894 2466 1038 2521 hosti
1087 2464 1307 2519 obvium
1362 2470 1572 2531 pectus,
1604 2458 1767 2515 etiam
1811 2457 2005 2526 siquis
2035 2454 2143 2510 Go-

522 2567 626 2622 lias
651 2571 904 2632 exsurgat
937 2556 1148 2631 1507
1181 2555 1407 2609 immitis
1430 2562 1590 2623 atque
1619 2550 1918 2622 praecelsus
1938 2548 1981 2619 (Ι
2006 2546 2138 2618 Reg.

525 2676 662 2724 xvu,
694 2657 752 2727 4)
780 2673 795 2722 ;
824 2654 1143 2709 timentibus
1175 2660 1354 2704 tamen
1403 2647 1639 2713 caeteris,
1679 2653 1942 2715 exsurget
1965 2640 2142 2696 humi-

524 2754 595 2809 lis
624 2751 779 2822 quasi
809 2745 1003 2811 David,
1029 2742 1175 2813 regis
1202 2741 1464 2812 abjiciens
1488 2752 1637 2794 arma
1672 2738 1893 2800 terreni,
1920 2747 2143 2789 sumens

521 2844 651 2901 ﬁdei
685 2842 790 2898 tela
846 2832 1072 2902 leviora,
1105 2842 1160 2889 et
1192 2842 1217 2870 α
1250 2832 1451 2893 triplici
1484 2839 1671 2902 sparto
1715 2828 1957 2899 jaculnm
1993 2840 2141 2896 pura:

523 2932 884 2994 confessionis
907 2931 1247 2998 intorquens,
1283 2923 1651 2993 persecutoris
1682 2921 1931 2976 vulnerat
1959 2918 2109 2988 impu
2127 2946 2141 2958 -

527 3030 795 3093 dentiam,
810 3032 1157 3093 contemptor
1174 3018 1466 3083 minarum,
1487 3016 1769 3087 negligens
1782 3022 2139 3086 potestatum,

526 3124 693 3179 etiam
719 3120 948 3173 idoneus
981 3117 1035 3169 in
1066 3128 1173 3183 quo
1202 3112 1452 3166 Christus
1475 3109 1753 3179 loquatur.
1779 3106 1926 3163 Alibi
1954 3104 2142 3161 Chris-

527 3227 636 3281 tus,
668 3210 798 3266 alibi
829 3210 1012 3272 Pater,
1041 3205 1175 3259 alibi
1216 3204 1453 3273 Spiritus
1499 3201 1743 3270 loquitur
1795 3197 1993 3253 Patris.
2019 3196 2139 3252 Non

2244 2006 2384 2053 tates
2409 1995 2615 2052 Judznte
2646 2015 2661 2053 :
2696 1994 2871 2051 Notus
2896 1999 3044 2053 enim
3071 2001 3127 2053 in
3154 1998 3347 2055 Judwa
3378 1999 3523 2056 Deus
3546 2001 3673 2072 (Ps.
3708 2018 3861 2069 Lxxv,

2248 2089 2323 2159 1).
2366 2089 2521 2145 Tune
2549 2091 2695 2146 enim
2723 2092 2977 2147 civitates
3023 2091 3365 2149 adiﬁcantur
3386 2093 3625 2164 Judaeae,
3649 2096 3859 2168 quando

2242 2184 2506 2240 virtutum
2576 2186 2931 2241 fundamenta
2990 2196 3284 2257 ponuntur.
3414 2188 3421 2191 ⁷

2315 2277 2500 2351 (Vers.
2530 2277 2648 2352 ΞΟ.)
2680 2278 2810 2343 Cum
2858 2279 3093 2335 videritis
3138 2281 3457 2336 circumdari
3514 2282 3583 2337 ab
3640 2284 3858 2338 exerens

2245 2371 2582 2427 Hierusalem
2593 2414 2604 2427 .

2274 2516 2281 2521 .
2322 2444 2407 2499 15.
2442 2444 2582 2500 Vere
2637 2445 2976 2503 Hierusalem
3024 2449 3094 2504 ab
3138 2448 3390 2505 exercitu
3422 2449 3658 2506 obsessa
3684 2460 3857 2518 est,et

2243 2546 2556 2609 expugnata
2586 2555 2614 2591 a
2644 2539 2893 2600 Romano
2934 2542 3093 2597 duce.
3125 2541 3281 2599 Unde
3334 2542 3509 2599 Judaei
3532 2552 3855 2615 putaverunt

2245 2639 2375 2684 tunc
2429 2630 2624 2686 factum
2676 2633 3141 2690 abominationem
3190 2634 3577 2704 desolationis,
3630 2651 3701 2693 eo
3727 2637 3853 2708 quod

2242 2734 2407 2793 caput
2441 2726 2590 2793 porci
2619 2725 2673 2780 in
2704 2728 2969 2798 templum
3016 2728 3256 2798 jecerint
3303 2728 3606 2786 illudentes
3638 2729 3853 2787 Romani

2242 2814 2485 2871 Judaicae
2532 2818 2694 2873 ritum
2742 2819 3128 2875 observantiae.
3188 2819 3344 2889 Quod
3391 2835 3497 2890 ego
3541 2835 3653 2878 nec
3680 2820 3851 2878 furens

2240 2910 2497 2967 dixerim.
2529 2912 2881 2971 Abominatio
2908 2917 3053 2971 enim
3096 2916 3478 2981 desolationis,
3508 2918 3851 2975 exsecrabile

2244 3005 2509 3061 adventus
2536 3007 2869 3063 Antichristi
2892 3018 2975 3064 est
3002 3027 3016 3072 ;
3059 3026 3127 3065 eo
3154 3011 3299 3079 quod
3332 3011 3629 3081 sacrilegis
3660 3011 3850 3068 infaus-

2247 3098 2317 3151 tis
2338 3098 2610 3155 mentium
2665 3100 2928 3156 interiora
2989 3103 3205 3175 1508
3248 3104 3634 3159 contaminet:
3669 3104 3851 3161 sedens

2239 3188 2395 3258 juxta
2421 3190 2703 3246 historiam
2736 3193 2788 3247 in
2824 3196 3047 3264 templo,
3083 3204 3141 3250 ιιι
3164 3196 3267 3250 sibi
3289 3195 3491 3252 divina:
3514 3196 3850 3254 vindicetso-

530 3302 847 3361 ἀίδεοιιάεωι
873 3300 998 3365 ista,
1030 3296 1127 3352 sed
1171 3303 1496 3365 congruunt.
1522 3291 1679 3360 Quod
1712 3306 1853 3345 unus
1879 3288 2142 3359 loquitur,
2169 3299 2215 3361 ρ
2248 3283 2382 3339 lium
2412 3284 2719 3351 potestatis.
2771 3286 2933 3341 Juxta
2988 3288 3501 3358 interpretationem
3542 3298 3731 3345 autem
3756 3288 3848 3360 spi-

532 3406 650 3451 trcs
681 3393 976 3461 loquuntur
1011 3387 1175 3457 ;quia
1206 3400 1306 3440 vox
1361 3400 1469 3439 una
1516 3393 1602 3439 est
1652 3381 1960 3438 Trinitatis.
2015 3380 2154 3437 Huic

531 3485 748 3548 victori,
777 3484 870 3553 qui
900 3496 999 3542 suo
1029 3478 1240 3535 Goliam
1279 3477 1461 3547 gladio
1494 3475 1808 3545 peremerit,
1846 3473 1973 3528 dum
2008 3487 2155 3527 mor—

534 3589 644 3635 tem
691 3591 788 3646 pro
817 3573 1037 3629 Christo
1088 3571 1313 3640 excipit,
1345 3568 1544 3637 iugatis
1597 3566 1931 3637 Allophylis,
1962 3580 2154 3621 occur-

535 3682 666 3730 rnut
690 3667 1021 3741 juvenculte,
1048 3664 1158 3718 illa:
1210 3662 1419 3718 scilicet
1448 3663 1592 3716 sicut
1619 3660 1839 3731 aquilae,
1866 3660 2112 3715 dicentes
2136 3678 2150 3714 ς

534 3764 806 3823 Percussit
855 3760 989 3817 Saul
1042 3760 1097 3813 in
1144 3756 1399 3821 millibus,
1443 3756 1611 3810 David
1639 3756 1695 3809 in
1724 3755 1898 3809 decem
1928 3754 2155 3809 millibus

537 3864 581 3932 tl
638 3861 765 3931 lleg.
816 3871 965 3919 xvut,
991 3856 1070 3924 7).
1107 3852 1264 3921 Quod
1294 3850 1493 3906 indicio
1546 3858 1652 3916 est,
1708 3848 1943 3905 victores
1970 3847 2158 3904 saeculi

538 3953 877 4029 principibus
920 3948 1202 4005 anteferri.
1239 3944 1485 4014 Denique
1535 3944 1763 3998 mortuis
1805 3942 2047 4015 regibus,
2100 3941 2154 3996 in

540 4057 868 4124 perpetuum
894 4052 1167 4115 martyres
1195 4054 1420 4111 regnum
1466 4036 1711 4093 ccelestis
1732 4036 1920 4107 gratiae
1945 4035 2156 4090 honore

539 4140 873 4203 succedunt;
905 4144 960 4191 et
989 4135 1065 4189 illi
1092 4134 1225 4187 fiunt
1250 4131 1548 4201 supplices,
1578 4129 1633 4184 hi
1663 4128 1901 4199 patroni.

620 4236 710 4291 l3.
762 4232 858 4287 Est
896 4238 950 4284 et
1006 4228 1143 4281 alius
1199 4223 1371 4280 Goliae
1412 4222 1626 4293 gladius
1676 4220 1719 4293 (l
1763 4220 1895 4295 Reg.
1924 4235 2040 4284 xxi,
2073 4219 2154 4288 9),

544 4327 690 4384 aliud
736 4315 949 4380 diaboli
992 4319 1156 4373 telum
1185 4357 1200 4381 ,
1245 4330 1428 4370 sermo
1476 4312 1687 4369 scilicet
1750 4312 2156 4378 haereticorum,

546 4438 707 4495 quem
743 4419 823 4472 vir
848 4415 1081 4486 psallere
1102 4412 1287 4466 sciens
1315 4408 1536 4478 arripit,
1565 4418 1624 4461 ut
1644 4406 2019 4462 adversarium
2048 4407 2160 4460 vin-

553 4529 664 4581 eat,
715 4510 943 4567 audiens
990 4507 1079 4561 hic
1123 4504 1290 4571 bella,
1327 4518 1436 4558 non
1489 4501 1722 4571 patiens,
1783 4515 1885 4556 nec
1931 4499 2160 4570 alicujus

555 4618 735 4667 vento
766 4603 1029 4659 doctrinae
1077 4597 1297 4653 mobilis
1359 4594 1632 4664 inquietus
1664 4591 1882 4665 (Ephes.
1916 4609 1987 4657 tv,
2042 4591 2158 4664 M),

2257 3376 2471 3432 ritalem
2498 3378 2724 3448 pulchre
2749 3379 3029 3436 inducitur
3047 3391 3217 3451 stare,
3241 3396 3309 3437 eo
3327 3382 3475 3453 quod
3497 3384 3556 3441 in
3582 3382 3848 3440 aﬁ'ectihes

2254 3472 2590 3541 singulorum
2625 3474 2917 3543 vestigium
2949 3476 3189 3545 perﬁdia:
3224 3491 3338 3533 sua:
3362 3476 3702 3535 conﬁrmare
3719 3478 3848 3535 desi-

2256 3564 2434 3632 deret,
2463 3581 2528 3620 ex
2558 3566 2857 3636 Scripturis
2878 3567 3163 3636 disputans
3190 3583 3315 3625 esse
3336 3585 3397 3625 se
3417 3569 3722 3628 Christum.

2331 3660 2420 3715 16.
2444 3658 2597 3715 Tunc
2643 3661 3134 3732 approprinquabit
3178 3662 3447 3718 desolatio
3474 3703 3490 3730 ,
3546 3665 3800 3735 quoniam
3821 3678 3844 3716 ι

2253 3770 2384 3810 vera
2416 3755 2681 3825 religione
2710 3756 2957 3827 plerique
2982 3756 3119 3828 lapsi
3143 3772 3332 3813 errore
3359 3757 3693 3839 desciscent.
3717 3758 3845 3815 Tunc

2257 3849 2362 3905 erit
2406 3848 2616 3904 Domini
2672 3850 2809 3916 dies,
2843 3850 2990 3919 quod
3044 3851 3210 3908 etiam
3259 3853 3560 3922 Apostolus
3588 3854 3843 3911 evidenter

2256 3945 2511 4011 exposuit
2534 3942 2722 3997 dicens
2754 3942 2821 4013 (ll
2865 3942 3045 3998 Thess.
3077 3960 3112 3999 ll
3137 3954 3188 3999 et
3231 3943 3389 4017 seq.),
3417 3960 3527 4003 non
3566 3946 3841 4003 timendum

2258 4048 2381 4089 esse
2407 4034 2567 4090 nobis
2590 4035 2743 4104 quasi
2771 4035 2939 4091 instet
2962 4036 3081 4092 dies
3115 4037 3329 4093 Domini
3353 4055 3369 4104 ;
3391 4054 3461 4094 ne
3498 4039 3626 4111 quis
3650 4056 3748 4097 nos
3774 4054 3842 4096 se-

2257 4127 2424 4184 ducat
2472 4130 2585 4185 ullo
2634 4130 2839 4186 modo:
2898 4132 3157 4201 quoniam
3209 4132 3315 4189 nisi
3358 4136 3577 4191 venerit
3603 4136 3844 4193 discessio

2260 4220 2516 4289 prinmm,
2547 4231 2605 4278 et
2630 4222 2902 4278 revelatus
2927 4224 3088 4279 fuerit
3108 4225 3270 4281 homo
3302 4228 3536 4296 peccati.
3565 4228 3713 4285 ﬁlius
3741 4243 3843 4300 per-

2259 4312 2481 4370 ditionis
2507 4357 2523 4383 ,
2552 4316 2642 4386 qtti
2671 4316 2993 4373 adversatur
3017 4359 3033 4385 ,
3064 4326 3121 4373 et
3166 4318 3451 4375 extollitur
3492 4335 3661 4392 supra
3704 4336 3843 4378 omne

2260 4406 2403 4476 quod
2435 4407 2634 4463 dicitur
2664 4408 2829 4475 Deus,
2856 4419 2951 4465 aut
2994 4410 3141 4482 quod
3168 4411 3407 4479 colitur;
3452 4413 3527 4469 ita
3556 4422 3620 4469 ut
3646 4415 3700 4469 in
3729 4425 3842 4471 tem-

2261 4502 2352 4572 plo
2374 4502 2471 4557 Dei
2498 4502 2706 4569 sedeat,
2732 4504 3031 4561 ostendens
3051 4520 3113 4561 se
3140 4513 3415 4576 tamquam
3441 4507 3515 4563 sit
3547 4506 3715 4564 Deus.

2340 4593 2423 4648 17.
2459 4593 2602 4666 Ergo
2620 4594 2837 4651 sedebit
2866 4596 2919 4651 in
2944 4597 3149 4665 templo
3170 4638 3186 4664 ,
3218 4605 3274 4653 et
3294 4598 3349 4653 in
3372 4599 3578 4670 templo
3603 4599 3840 4657 interiore

556 4703 810 4762 nesciens
836 4700 1031 4753 famem
1079 4693 1230 4749 verbi
1255 4691 1435 4764 (Amos
1468 4704 1586 4753 vui,
1642 4686 1757 4758 11),
1782 4696 1836 4742 et
1864 4687 2159 4757 Scriptura:
2186 4704 2236 4765 ι)
2262 4688 2602 4755 Iudaeorum,
2632 4688 2722 4760 qui
2747 4690 3025 4746 Christum
3058 4693 3363 4762 negabunt:
3413 4693 3467 4748 in
3499 4695 3709 4766 templo
3750 4710 3841 4751 non

496 4804 501 4809 ’
555 4798 793 4857 etelestis
816 4792 1063 4847 ubertate
1094 4787 1342 4851 satiatus,
1367 4784 1458 4854 qui
1489 4780 1645 4837 vanis
1667 4779 1984 4836 hmreticum
2009 4781 2156 4834 voci-

558 4895 659 4949 bus
710 4893 1088 4957 personantem
1138 4879 1411 4934 lacessere
1461 4891 1567 4932 non
1618 4872 1955 4930 reformidet.-
2005 4873 2157 4929 Tunc

556 4985 753 5055 quiest
780 4977 1048 5039 inﬁrmus,
1075 4978 1354 5040 exspectet
1390 4985 1404 5033 ;
1440 4984 1507 5023 ne
1540 4965 1915 5036 praeiudicium
1944 4965 2158 5021 caeteris

555 5077 1032 5140 faciatcongressu
1076 5063 1293 5134 impari.
1330 5060 1521 5115 Veniat
1549 5059 1744 5124 David,
1795 5059 1883 5114 cui
1910 5058 2159 5115 Christus

556 5187 618 5225 os
649 5167 855 5238 aperiat
893 5161 957 5216 ad
986 5156 1286 5228 eloqucnda
1312 5153 1567 5226 mysteria
1604 5166 1618 5208 '.
1660 5152 1954 5209 veniatille
1998 5152 2160 5206 Naza-

558 5279 697 5319 rteus
739 5256 935 5329 (Judic.
986 5269 1095 5319 xvi,
1140 5250 1252 5320 t7),
1283 5247 1436 5318 cujus
1468 5245 1695 5317 capillus
1722 5262 1830 5300 non
1857 5245 2037 5310 cadat,
2071 5246 2158 5302 vel

1055 5366 1273 5423 Vicinos,
1313 5364 1403 5414 tibi
1429 5362 1560 5412 nulla
1580 5364 1663 5411 sit.

676 5438 903 5490 Times.
936 5432 1140 5494 Signum
1164 5426 1291 5491 quod
1320 5425 1583 5489 perhibent
1608 5438 1722 5475 esse
1744 5426 1903 5475 erucis
1926 5424 2038 5485 Dei,

838 5560 943 5611 Hoc
965 5559 1160 5619 signum
1184 5552 1359 5619 mediis
1383 5551 1623 5600 frontibus
1644 5550 1877 5619 additum,

853 5612 1148 5674 Cunctirum
1170 5617 1411 5678 pecudum
1435 5620 1575 5663 certa
1596 5612 1728 5664 salus
1750 5612 1857 5663 fuit.

551 5733 819 5789 Caeterum
866 5741 986 5797 quae
1017 5720 1338 5798 Ambrosius
1378 5716 1446 5798 de
1476 5717 1874 5798 dissensionum
1922 5716 2029 5798 line
2077 5724 2158 5798 at-

544 5823 648 5875 que
691 5789 1197 5875 attittm'relaxando
1243 5789 1541 5875 superiore
1573 5790 1711 5875 librti
1756 5789 2139 5875 memorabat,

541 5860 601 5928 c'a
633 5893 736 5931 non
777 5874 1008 5928 obsvure
1043 5862 1279 5935 probant
1327 5861 1481 5918 illttm
1509 5861 1578 5918 de
1610 5860 1775 5918 rebus
1796 5860 1908 5930 jam
1945 5868 2143 5932 priete-

544 5950 663 6005 ritis
681 5946 768 6002 hic
795 5944 1086 6002 disserere.

2260 4782 2582 4849 inviolabili,
2612 4784 2707 4840 sed
2728 4784 3057 4855 corruptelae
3078 4787 3317 4842 obnoxio
3344 4829 3359 4855 ,
3388 4787 3536 4859 quod
3556 4800 3651 4844 aut
3702 4788 3842 4861 perﬁ-

2259 4875 2364 4930 dia:
2392 4875 2629 4930 involvat
2670 4878 2822 4931 ruina
2851 4919 2866 4943 ,
2897 4886 2991 4932 aut
3022 4877 3318 4935 iracundia:
3356 4880 3440 4935 vis
3470 4879 3736 4947 subruat,
3766 4890 3842 4938 aut

2259 4966 2614 5037 cupiditatum
2649 4968 2788 5039 ignis
2832 4978 3045 5024 exurat.
3085 4970 3149 5024 Et
3194 4970 3332 5028 bene
3360 4979 3489 5027 tunc
3517 4974 3702 5030 veniet
3742 4974 3842 5030 dies

2263 5057 2498 5124 Domini,
2528 5070 2583 5113 et
2613 5060 3005 5115 breviabuntur
3032 5061 3147 5117 dies
3179 5071 3400 5133 propter
3426 5064 3838 5139 electos(Hattb.

2263 5167 2410 5214 xxrv,
2440 5151 2533 5222 ea)
2565 5168 2581 5201 2
2621 5148 2876 5223 quoniam
2906 5153 3050 5209 sicut
3103 5153 3309 5224 primus
3342 5154 3609 5212 adventus
3649 5157 3841 5213 Domini

2266 5252 2485 5314 propter
2517 5244 2826 5300 redimenda
2871 5256 3089 5315 peccata
3115 5288 3131 5314 ,
3174 5246 3249 5302 ita
3290 5255 3347 5303 et
3398 5249 3673 5306 secundus
3728 5266 3840 5322 pro-

2342 5369 2365 5395 “
2396 5361 2742 5430 Allegoricms
2761 5361 3044 5418 Trinitatis
3063 5362 3338 5420 confessio
3353 5363 3698 5422 describitur.
3726 5368 3841 5423 Por-

2267 5446 2329 5508 ro
2353 5447 2513 5487 voces
2541 5431 2671 5508 illic,
2700 5433 2898 5503 triplici
2921 5449 3098 5506 sparto
3133 5436 3374 5508 jaculum
3398 5437 3717 5508 intorquens,
3745 5454 3837 5495 non

2268 5502 2478 5557 hastam
2529 5502 2813 5576 designant
2842 5502 3211 5570 amentatam,
3260 5506 3358 5562 sed
3400 5502 3638 5576 lapidem
3690 5502 3835 5565 funda

2266 5589 2590 5652 excussnm;
2624 5574 2884 5652 quidquid
2928 5578 3072 5631 enim
3096 5577 3328 5647 jaeimus
3353 5620 3369 5645 ,
3420 5574 3529 5633 non
3563 5581 3835 5652 improprie

2259 5644 2501 5723 jaculum
2534 5647 2908 5723 nominamus;
2942 5644 3177 5717 spartum
3202 5664 3330 5723 vero
3360 5644 3581 5723 ponitur
3605 5644 3701 5723 pro
3736 5644 3834 5723 ipsa

2265 5716 2428 5797 funda
2458 5730 2577 5797 reo
2599 5717 2741 5787 quod
2774 5717 2938 5772 funda
2970 5716 3203 5797 texatur
3242 5736 3273 5774 e
3303 5716 3579 5790 funiculis,
3605 5716 3833 5797 'quos'ex

2252 5787 2350 5861 illo
2392 5786 2587 5861 frtitice
2617 5786 2831 5844 veteres
2858 5792 3313 5861 contorquebant.

2321 5857 2350 5896 ὶι
2394 5859 2559 5913 Edit..
2591 5869 2640 5914 et
2678 5876 2851 5917 omnes
2883 5857 3085 5931 formas
3109 5863 3314 5917 virtutis
3339 5879 3360 5929 ;
3397 5879 3558 5939 mss.,
3591 5874 3641 5922 et
3675 5881 3827 5921 omnes

2250 5929 2481 5984 virtutes.
