4040 6490
231 441 427 501 1809
802 489 808 495 .
1247 441 1612 499 EXPOSITIO
1652 441 1910 501 EVANG.
1953 443 2103 500 SEC.
2146 442 2301 501 LUC.
2348 441 2472 499 LIB.
2545 443 2608 498 x.
3439 443 3581 500 1810

233 568 403 629 pter
429 570 454 601 ι
488 560 833 635 reprimenda
864 559 1084 628 delicta,
1117 574 1185 617 ne
1213 560 1397 631 plures
1419 559 1660 630 perﬁdiae
1689 572 1876 615 errore
1902 560 1959 620 Α
1981 574 2088 630 que
2121 560 2382 615 Dominus
2410 569 2495 616 est
2524 559 2737 615 loculus
2757 603 2771 627 ,
2805 570 2857 614 et
2888 559 3011 616 ideo
3044 574 3144 617 nec
3174 559 3246 615 illi
3276 574 3461 616 errare
3490 572 3586 628 po.

234 652 557 712 labantur.
1988 664 2229 709 tuerunt.
2261 655 2281 677 '
2310 654 2410 723 Qui
2448 656 2609 726 igitur
2638 656 2906 726 quadrare
2936 656 3137 727 poterit
3174 655 3443 711 discordia
3494 654 3581 709 lit-

340 747 598 803 i8.Tunc
619 745 1128 819 pseudoprophetm,
1151 754 1279 800 tunc
1306 746 1493 800 fames.
1512 744 1717 815 Repete
1745 742 1877 798 mihi
1990 747 2264 800 terarum?
3202 732 3223 752 ⁸

234 836 414 896 Elia:
439 840 1040 912 tempora,etinvenies
1058 848 1182 894 tunc
1206 838 1499 910 prophetas
1518 836 1874 904 confusionis,
2054 834 2146 892 25.
2188 836 2293 892 Sed
2326 839 2449 908 quia
2481 838 2550 893 ibi
2584 838 2781 894 bellum
2810 850 2893 895 est
2917 882 2931 907 ,
2961 848 3351 896 convertamur
3374 837 3441 892 ad
3472 836 3584 907 spi-

234 941 406 990 tunc
428 933 669 1001 Iezabel,
692 946 819 990 tunc
842 933 1205 998 lamem,tunc
1231 932 1533 987 ariditatem
1559 940 1736 985 terrm.
1761 928 1874 997 Qua
1981 928 2145 981 ritum
2180 928 2366 997 pacis;
2402 931 2507 984 Pax
2551 931 2695 985 enim
2735 933 2871 987 dixit
2900 950 2913 987 :
2947 932 3139 987 Mulier
3166 948 3279 985 cum
3322 932 3580 1003 parturit,

231 1027 520 1083 ratione?
564 1027 703 1094 Quia
748 1027 1101 1081 abundaverat
1132 1026 1369 1096 iniquitas
1395 1068 1409 1091 ,
1442 1025 1715 1095 refrixerat
1753 1023 1876 1077 cha—
1980 1022 2244 1076 tristitiam
2276 1023 2459 1088 habet,
2489 1026 2611 1094 quia
2634 1027 2766 1079 venit
2794 1026 2925 1081 hora
2950 1030 3063 1100 ejus
3088 1042 3106 1081 :
3134 1044 3251 1080 cum
3292 1040 3460 1079 autem
3490 1040 3580 1095 pe—

232 1115 404 1174 ritas
456 1118 641 1192 (Matt.
678 1136 806 1176 xxiv
832 1163 846 1187 ,
881 1120 992 1190 12).
1030 1118 1272 1191 Denique
1318 1118 1492 1188 justus
1531 1117 1582 1171 in
1612 1117 1833 1173 deserto
1859 1158 1874 1183 ,
1981 1115 2208 1183 pererit,
2228 1114 2392 1187 jam'
2428 1133 2529 1171 non
2564 1120 2794 1172 meminit
2823 1121 3067 1175 tristitiw.
3115 1120 3335 1175 Habetis
3383 1119 3577 1173 iterum

229 1210 498 1285 iniquus
538 1214 593 1269 in
624 1230 793 1285 regno
820 1224 925 1270 est.
1979 1206 2123 1277 quod
2153 1207 2427 1276 subjecit:
2462 1207 2530 1262 Et
2566 1225 2655 1263 vos
2684 1212 2836 1265 modo
2871 1212 3075 1281 quidem
3113 1212 3373 1266 tristitiam
3415 1210 3579 1264 habe-

322 1306 361 1360 1
383 1304 439 1360 9.
471 1306 569 1362 Est
592 1306 732 1362 alius
760 1305 1130 1363 Antichristus
1161 1313 1353 1361 auctor
1380 1303 1539 1375 hujus
1563 1346 1579 1372 ,
1626 1304 1875 1360 diabolus
1978 1300 2075 1366 tis,
2114 1300 2301 1354 iterum
2330 1310 2502 1355 autent
2532 1304 2709 1357 videbo
2738 1321 2856 1371 vos,
2886 1316 2932 1358 et
2970 1308 3209 1376 gaudebit
3237 1323 3325 1360 cor
3356 1316 3580 1360 vestrum

233 1398 507 1468 scilicet,
530 1402 623 1472 qui
653 1417 828 1458 meam
854 1402 1213 1467 Hierusalem,
1246 1415 1419 1455 meam
1445 1400 1703 1463 animam,
1726 1407 1853 1453 certi

1979 1389 2175 1460 (Joan.
2208 1408 2326 1458 xvr,
2366 1393 2431 1447 21
2473 1404 2520 1447 et
2564 1394 2710 1465 Q2);
2746 1405 2801 1449 ut
2847 1398 3163 1453 ostenderet
3212 1398 3579 1468 perfectorum

246 1494 514 1549 animam
539 1493 636 1551 Dei
660 1537 677 1565 ,
719 1495 954 1551 animam
980 1494 1261 1565 paciﬁcam
1287 1493 1542 1549 obsidere
1572 1493 1795 1547 nitatur
1843 1489 1871 1530 δ

245 1601 393 1643 sua:
421 1587 925 1659 legionisexercitu.
954 1587 1077 1643 Non
1104 1596 1182 1641 est
1208 1587 1353 1642 enim
1387 1584 1685 1641 colluctatio
1728 1584 1873 1638 nobis

246 1680 521 1735 adversus
549 1696 754 1736 carnem
774 1691 822 1737 et
848 1682 1151 1754 sanguinem
1172 1698 1190 1735 :
1219 1680 1308 1735 sed
1328 1681 1573 1735 adversus
1600 1679 1872 1750 principa-

248 1782 356 1826 tus
386 1782 434 1827 et
455 1782 754 1843 potestates,
785 1774 1037 1829 adversus
1064 1775 1243 1828 mundi
1271 1775 1428 1845 hujus
1457 1787 1707 1839 rectores,
1731 1783 1871 1827 tene-

245 1866 485 1921 brarum
530 1868 717 1925 harum
746 1868 972 1938 (Ephes.
1010 1885 1095 1936 vt,
1128 1868 1240 1940 19).
1290 1868 1444 1924 Tunc
1484 1877 1570 1924 est
1606 1868 1872 1926 discessio

1977 1501 2097 1541 esse
2126 1487 2295 1542 laetari
2318 1530 2332 1552 ,
2360 1499 2555 1543 nutare
2582 1489 2920 1545 inﬁrmorum
2941 1533 2955 1557 ,
2986 1493 3139 1562 quasi
3166 1493 3343 1546 adhuc
3374 1494 3579 1548 incerta

1978 1580 2357 1635 metuentium.
2388 1581 2497 1636 Sed
2537 1590 2594 1638 et
2624 1582 2711 1638 hic
2750 1582 2803 1637 in
2836 1585 3208 1653 superioribus
3237 1584 3370 1639 dixit
3396 1600 3409 1636 :
3439 1580 3583 1636 Ede-

1976 1670 2099 1725 bant
2125 1682 2171 1726 et
2200 1672 2474 1727 bibebant:
2515 1674 2769 1729 nubebant
2788 1718 2802 1741 ,
2832 1686 2880 1729 et
2908 1693 3095 1731 uxores
3132 1676 3381 1729 ducebant
3411 1674 3575 1747 (Luc.

1977 1777 2087 1815 xvn
2114 1804 2128 1827 ,
2158 1763 2254 1832 27)
2280 1805 2294 1830 ,
2330 1764 2559 1833 ligantes
2588 1766 2799 1821 scilicet
2819 1781 2878 1821 se
2907 1767 2959 1821 in
2984 1766 3122 1823 hanc
3152 1767 3317 1820 vitam
3339 1808 3353 1833 ,
3384 1775 3437 1821 et
3470 1766 3582 1820 sol-

1975 1854 2348 1911 licitudinibus
2376 1857 2728 1913 saecularibus
2753 1858 3073 1913 vincientes.
3106 1857 3200 1911 Ha:
3238 1864 3366 1911 sunt
3394 1857 3579 1927 itaque

241 1974 395 2015 cum
434 1962 613 2017 anima
644 1977 675 2017 a
719 1978 780 2019 se
830 1964 945 2034 ipsa
973 1964 1227 2020 desciscit
1253 1981 1264 2017 ;
1292 1972 1347 2019 et
1378 1977 1565 2019 rursus
1596 1979 1715 2018 cum
1765 1963 1853 2018 Do

1974 1956 2320 2018 pra-gnantes
2368 1949 2565 2018 quibus
2608 1966 2687 2003 vm
2726 1950 2963 2015 dicitur,
3006 1965 3126 2021 quat
3175 1950 3419 2005 arvinam
3463 1963 3603 2011 sure,

245 2052 478 2109 minum
505 2055 738 2127 cogitat,
768 2056 950 2112 tremit
979 2067 1141 2126 atque
1169 2056 1434 2112 turbatur.
1488 2068 1508 2093 ο
1551 2055 1704 2111 Tunc
1744 2070 1868 2111 cum

244 2146 532 2205 interiora
573 2150 942 2207 Antichristus
974 2160 1120 2207 tenet
1156 2170 1169 2205 :
1204 2152 1379 2207 donec
1410 2151 1477 2206 de
1508 2151 1687 2206 medio
1736 2151 1828 2205 ﬁat
1850 2193 1866 2218 ,

242 2238 529 2311 injustitia
558 2242 815 2310 exsultat,
842 2243 1099 2314 iniquitas
1133 2254 1342 2315 regnat.
1374 2243 1527 2299 Tunc
1558 2243 1693 2299 lides
1723 2259 1865 2312 rara,

244 2340 320 2388 ut
378 2333 495 2404 ipse
532 2336 687 2404 quasi
734 2335 1061 2393 addubitans
1117 2337 1670 2392 Dominus'dixerit:
1726 2336 1869 2393 Tunc

242 2426 475 2480 veniens
500 2427 644 2496 ﬁlius
669 2429 915 2495 hominis,
960 2430 1209 2500 numquid
1238 2426 1263 2466 ἀ
1288 2430 1507 2484 inueniet
1526 2429 1682 2499 ﬁdem
1712 2446 1868 2500 super

245 2531 462 2577 terram
488 2521 641 2594 (Luc.
672 2540 822 2590 xvttt,
852 2526 933 2595 8),
962 2526 1048 2579 vel
1070 2524 1124 2579 itt
1157 2537 1343 2580 nostra
1375 2525 1561 2595 utique
1585 2535 1754 2592 terra,
1779 2524 1865 2581 vel

244 2613 310 2667 in
370 2614 508 2669 orbe
548 2615 851 2671 terrarum?
895 2616 986 2671 Sic
1015 2624 1071 2671 et
1124 2616 1293 2672 alibi:
1336 2616 1592 2671 Dominus
1641 2618 1866 2689 respexit

245 2718 423 2772 super
454 2704 592 2775 filios
635 2707 925 2772 hominum,
953 2709 996 2762 si
1043 2718 1117 2762 est
1146 2708 1439 2779 intelligens
1467 2722 1557 2763 aut
1600 2711 1865 2779 requirens

248 2794 439 2852 Deum
461 2797 634 2869 (Psal.
662 2815 775 2869 snt,
806 2801 865 2871 2)
891 2800 1040 2857 :Non
1059 2802 1180 2871 quia
1203 2801 1413 2857 dubitet
1434 2802 1595 2867 Deus,
1621 2803 1716 2858 sed
1737 2803 1863 2873 quia

248 2892 335 2947 ita
371 2908 496 2949 rara
523 2896 630 2950 erit
658 2895 710 2950 in
742 2896 1052 2952 hominibus
1079 2896 1233 2963 ﬁdes,
1250 2907 1306 2951 ttt
1328 2896 1623 2952 secundum
1646 2898 1862 2967 opinio.

247 3000 390 3042 nem
420 2985 700 3045 hominum
731 2990 1012 3046 videretur
1042 3006 1165 3046 esse
1188 2990 1565 3046 dubitandum.

328 3083 429 3142 20.
466 3085 610 3157 Ergo
638 3086 853 3157 quando
900 3088 953 3142 in
1002 3087 1183 3143 medio
1213 3088 1402 3157 templi
1454 3096 1538 3143 est
1567 3086 1814 3141 diabolus
1843 3128 1859 3153 ,

244 3176 534 3234 desolatio
576 3178 1002 3236 abominationis
1055 3190 1176 3246 est,
1227 3181 1527 3236 secundum
1583 3180 1859 3235 Danielem

245 3268 587 3341 prophetam
616 3269 782 3343 (Dan.
808 3271 989 3343 tx,‘27)
1018 3287 1175 3328 :cum
1193 3285 1373 3327 autem
1396 3272 1686 3342 unicuique
1708 3271 1860 3325 labo-

1974 2042 2153 2096 Carnis
2201 2042 2532 2110 extendant,
2562 2052 2617 2099 et
2651 2043 2845 2113 quibus
2886 2044 3197 2098 intimorum
3237 2057 3458 2114 gressus
3497 2040 3577 2110 pi-

1971 2145 2186 2205 grescat
2230 2136 2533 2192 animorum
2560 2178 2575 2205 ,
2609 2138 2781 2193 ell‘ette
2811 2138 3068 2191 virtutum
3098 2179 3112 2203 ,
3147 2139 3376 2208 letmque
3417 2137 3578 2191 vitio-

1971 2246 2112 2286 rum.

2041 2323 2134 2379 24.
2173 2322 2279 2381 Sed
2313 2342 2413 2382 nec
2442 2326 2547 2382 illm
2573 2336 2917 2398 pra-gnantes
2959 2324 3433 2381 condemnationis
3471 2338 3573 2379 ex-

1971 2428 2149 2475 sortes
2172 2431 2335 2487 sunt,
2371 2437 2492 2492 quae
2517 2422 2568 2475 in
2602 2422 2866 2476 bonorum
2895 2432 3113 2475 actuum
3142 2420 3420 2475 molimine
3442 2432 3570 2473 con-

1969 2512 2202 2579 stitutae,
2234 2514 2466 2569 necdum
2495 2514 2707 2585 aliquos
2735 2515 2970 2583 suscepti
3002 2514 3187 2583 Operis
3214 2514 3415 2567 dedere
3446 2527 3570 2582 pro-

1968 2617 2180 2658 cessus.
2204 2602 2343 2660 Sunt
2364 2604 2510 2660 enim
2538 2616 2591 2660 et
2617 2622 2737 2676 qua:
2767 2606 2835 2661 de
2869 2606 2960 2660 Dei
2994 2607 3187 2659 timore
3213 2606 3565 2674 concipiunt,

1969 2711 2090 2763 qua:
2117 2696 2339 2752 dicunt:
2372 2698 2449 2752 De
2478 2699 2659 2753 timore
2689 2708 2777 2753 tuo
2822 2703 3149 2768 concepimus
3193 2709 3239 2753 et
3285 2699 3566 2767 parturivi-

1968 2803 2081 2843 mus
2127 2786 2304 2858 (Esai.
2330 2806 2487 2857 xxvi,
2522 2791 2634 2861 18).
2664 2790 2771 2847 Sed
2804 2807 2909 2846 non
2942 2806 3130 2847 omnes
3158 2791 3374 2861 pariunt
3396 2832 3411 2853 ,
3462 2807 3568 2845 non

1968 2897 2161 2936 omnes
2193 2882 2453 2952 perfecti,
2486 2899 2592 2938 non
2623 2899 2814 2939 omnes
2843 2893 3069 2955 possunt
3096 2883 3281 2939 dicere
3308 2901 3320 2937 :
3353 2882 3571 2953 Peperi-

1968 2989 2081 3027 mus
2110 2974 2345 3043 spiritum
2368 2977 2552 3030 salutis
2580 2978 2633 3030 in
2661 2986 2795 3031 terra
2816 2993 2835 3031 :
2860 2993 2964 3031 non
2988 2992 3178 3032 omnes
3208 2977 3389 3031 Mariae
3410 3019 3424 3041 ,
3446 2992 3568 3047 qua:

1967 3067 2035 3122 de
2063 3068 2266 3137 Spiritu
2297 3078 2486 3124 sancto
2518 3070 2792 3125 Christum
2825 3071 3170 3140 concipiant,
3202 3070 3437 3126 Verbum
3472 3086 3567 3141 pa-

1966 3161 2133 3214 riant.
2162 3160 2305 3215 Sunt
2330 3162 2473 3217 enim
2502 3177 2623 3233 quae
2646 3162 2952 3216 abortivum
2978 3162 3270 3217 excludant
3298 3162 3528 3217 Verbum
3550 3204 3563 3225 ,

1965 3263 2254 3324 antequam
2290 3255 2503 3325 pariant
2534 3274 2544 3309 :
2580 3268 2706 3309 sunt
2734 3271 2853 3326 qua:
2883 3254 2937 3309 in
2978 3267 3137 3312 utero
3165 3254 3439 3311 Christum
3474 3254 3567 3310 Ita-

242 3363 402 3417 rauti
448 3360 652 3419 Christi
710 3366 999 3435 praesentia
1045 3364 1306 3436 spiritalis
1354 3364 1616 3427 illuserit,
1650 3364 1853 3419 tollitur

1969 3345 2160 3411 beant,
2188 3345 2284 3400 sed
2330 3362 2453 3401 eum
2488 3347 2727 3402 nondum
2767 3350 3135 3404 formaverunt
3160 3392 3173 3414 ,
3208 3350 3403 3419 quibus
3432 3348 3567 3403 dici-

242 3455 477 3527 iniquus
497 3457 738 3523 emedio,
756 3459 1012 3529 etincipit
1038 3458 1487 3531 rcgnarejustitia
1503 3472 1853 3529 qumomnem

241 3547 496 3603 ﬁdelium
525 3552 796 3607 mentibus
818 3562 1046 3609 evacuat
1077 3554 1461 3623 principatum.

317 3639 418 3695 21.
462 3640 560 3697 Est
600 3644 759 3700 etiam
806 3646 997 3700 tertius
1047 3644 1455 3711 Antichristus,
1509 3654 1599 3699 aut
1646 3643 1848 3712 Arius,

247 3731 474 3805 1509
496 3742 591 3789 aut
616 3734 886 3792 Sabellius
911 3755 925 3802 ;
961 3738 1128 3792 immo
1152 3754 1342 3793 omnes
1371 3747 1500 3792 sunt
1530 3738 1849 3793 Antichristi

238 3823 341 3895 qui
365 3840 533 3895 prava
556 3842 657 3883 nos
678 3829 1128 3899 interpretatione
1151 3831 1436 3885 seducunt.
1492 3830 1559 3884 Et
1589 3831 1712 3885 ideo
1760 3833 1851 3901 qui

244 3914 374 3986 legit
398 3917 656 3989 intelligat
678 3918 1152 3994 (Matth.xxrv,15)
1181 3938 1193 3974 :
1219 3924 1309 3991 qui
1336 3921 1608 3989 intelligit,
1634 3938 1741 3976 non
1764 3937 1850 3977 sc-

241 4006 510 4077 ducatur,
539 4020 596 4065 ut
624 4012 811 4067 credat
838 4010 970 4067 falsa
1004 4027 1101 4083 pro
1126 4013 1291 4079 veris,
1341 4028 1491 4067 more
1528 4015 1716 4084 utique
1746 4014 1846 4069 Ju-

242 4102 517 4170 daeorum,
568 4106 659 4174 qui
711 4121 902 4161 verum
946 4104 1219 4160 Christum
1273 4115 1648 4174 negaverunt;
1704 4108 1848 4164 unde

1966 3449 2090 3494 tur:
2125 3437 2311 3495 Filioli
2339 3443 2437 3495 mei
2462 3482 2477 3509 ,
2510 3459 2634 3513 quos
2661 3444 2845 3496 iterum
2885 3443 3151 3515 parturio,
3185 3444 3346 3497 donec
3376 3444 3565 3513 fornae.

1960 3542 2046 3587 tur
2070 3530 2306 3588 Christus
2337 3536 2391 3588 in
2420 3534 2557 3589 vobis
2599 3534 2795 3607 (Galat.
2826 3552 2909 3601 tv,
2945 3536 3057 3607 19).
3092 3536 3237 3606 Ergo
3265 3536 3357 3606 qui
3386 3535 3563 3590 adhuc

1958 3627 2013 3681 in
2062 3636 2218 3683 utero
2248 3638 2411 3693 sunt,
2454 3632 2830 3699 parturiuntur
2868 3628 3023 3701 quasi
3068 3628 3412 3699 imperfecti:
3450 3629 3559 3697 jam

1958 3720 2033 3775 illi
2082 3721 2464 3791 perfectiores,
2497 3724 2692 3793 quibus
2723 3724 2924 3779 dicitur
2956 3740 2971 3777 :
3004 3722 3114 3794 Ego
3147 3738 3236 3777 vos
3266 3738 3357 3794 per
3388 3721 3563 3777 Evan-

1954 3814 2151 3885 gelium
2182 3816 2340 3885 genui
2370 3815 2412 3887 (Ι
2446 3813 2567 3869 Cor.
2596 3831 2677 3880 tv,
2712 3814 2824 3879 15).

2026 3905 2121 3962 25.
2162 3907 2317 3961 Multi
2348 3916 2529 3976 patres
2564 3923 2659 3977 per
2701 3908 3092 3977 Evangelium,
3124 3918 3176 3963 et
3219 3907 3403 3962 multa:
3443 3922 3559 3963 ma-

1956 4008 2071 4055 tres
2100 4017 2215 4069 qtne
2247 4000 2527 4055 Christum
2558 4001 2795 4071 pariunt.
2829 4001 2961 4069 Quis
2987 4002 3118 4055 mibi
3160 4001 3323 4071 igitur
3352 4000 3555 4055 Christi

1955 4102 2224 4147 monstret
2271 4092 2565 4162 parentes?
2605 4092 2723 4162 Ipse
2770 4092 3127 4155 monstravit,
3162 4092 3392 4147 dicens:
3427 4092 3557 4159 Qua:

245 4209 595 4267 consequens
615 4197 717 4253 erit
746 4208 802 4253 ut
820 4198 1048 4255 credant
1077 4214 1264 4253 verum
1296 4214 1418 4254 csse
1445 4201 1533 4271 qui
1562 4200 1727 4255 falsus
1740 4211 1843 4255 est:

1969 4186 2084 4239 mihi
2115 4197 2188 4241 est
2215 4195 2415 4251 mater,
2448 4196 2540 4240 aut
2568 4187 2655 4256 qui
2682 4187 3004 4255 fratres
3039 4188 3140 4252 Qui
3168 4187 3347 4256 fecerit
3376 4189 3559 4241 uolun-

244 4286 327 4341 sic
355 4297 410 4343 et
435 4288 651 4358 Ariani,
681 4292 824 4362 quod
853 4304 1049 4365 negant
1070 4292 1288 4349 Christo
1308 4336 1324 4360 ,
1373 4295 1711 4349 Antichristo
1735 4311 1844 4351 non

1969 4288 2106 4332 ‘atem
2139 4276 2316 4333 Patris
2342 4280 2443 4331 mei
2468 4279 2556 4349 qui
2585 4279 2639 4331 in
2664 4278 2804 4332 catis
2833 4286 2946 4345 est,
2980 4279 3091 4346 ipse
3116 4279 3243 4331 mihi
3286 4289 3333 4332 et
3359 4283 3552 4349 frater,

245 4380 542 4450 negabunt.
1949 4380 1999 4426 et
2024 4388 2200 4439 soror,
2234 4381 2281 4425 et
2308 4383 2470 4425 mater
2499 4380 2572 4425 est
2611 4369 2829 4441 (Matth.
2863 4386 2936 4425 xu
2960 4413 2973 4431 ,
3002 4370 3074 4426 48
3102 4382 3147 4425 et
3173 4372 3289 4442 5'0).
3322 4371 3429 4427 Fac
3461 4388 3555 4427 vo-

324 4473 505 4546 (Vers.
529 4475 646 4549 25.)
688 4476 777 4533 Vn:
804 4478 912 4533 illis
946 4494 1061 4550 qua:
1084 4479 1137 4533 in
1179 4489 1322 4535 utero
1361 4480 1583 4547 habent,
1611 4492 1658 4537 et
1688 4480 1843 4535 ubera

1972 4474 2212 4520 untatem
2250 4463 2427 4519 Patris
2451 4505 2467 4531 ,
2498 4472 2558 4518 ut
2594 4461 2794 4517 Christi
2843 4470 3018 4517 mater
3060 4463 3155 4516 sis.
3191 4463 3372 4518 Multa:
3416 4478 3551 4518 con-

242 4567 370 4622 dant
396 4569 449 4623 in
471 4569 573 4625 illi;
598 4570 812 4626 diebus!
1946 4565 2212 4627 ceperunt
2236 4554 2511 4611 Christum
2537 4597 2550 4621 ,
2582 4565 2638 4610 et
2670 4570 2776 4608 non
2807 4565 3131 4624 genuerunt.
3170 4555 3312 4625 Ergo
3339 4555 3553 4628 1510

312 4661 405 4716 22.
447 4662 589 4734 Ergo
639 4665 927 4735 conceptio
966 4666 1261 4721 criminosa
1300 4666 1427 4722 est?
1475 4667 1633 4737 Atqui
1680 4665 1839 4722 liberi
1863 4734 1897 4737 _
1945 4671 2068 4726 (illa3
2100 4656 2243 4725 Paril
2280 4652 2549 4724 Ῑυειίίίθηι
2575 4693 2590 4718 ν
2617 4651 2893 4706 Christum
2925 4654 3100 4720 Parii:
3131 4667 3251 4721 quin
3281 4653 3423 4722 Pal“
3462 4668 3549 4706 ⁸³·

240 4755 461 4824 praemia
506 4734 824 4826 nuptiarum,
845 4767 991 4813 sunt.
1026 4757 1094 4813 Et
1134 4759 1407 4828 quomodo
1436 4734 1625 4815 Suram
1658 4760 1839 4815 Domi—

1969 4748 2204 4802 tientiam
2232 4788 2247 4812 ,
2292 4743 2570 4800 Christum
2622 4744 2803 4814 parit:
2847 4759 2965 4813 qum
3010 4743 3243 4813 parturit
3283 4742 3544 4811 verbum,

244 4860 345 4901 nus
383 4846 703 4916 benedixit,
736 4859 794 4905 et
833 4851 1081 4921 peperit?
1110 4850 1394 4919 Quomodo
1425 4855 1578 4906 Anna
1619 4852 1834 4917 oravit,
1941 4839 2216 4895 Christum
2260 4836 2511 4906 βθηιπίε·

242 4949 298 4992 et
339 4940 564 5009 genuit?
591 4940 875 5009 Quomodo
902 4944 1103 4999 Rachel
1134 4944 1271 4999 lilios
1314 4943 1599 4999 benedicta
1643 4958 1833 4999 susce-
2014 4932 2105 4986 26-
2150 4931 2246 4986 Est
2288 4934 2453 4985 (“iam
2485 4945 2605 5001 αυω
2637 4930 2923 5000 Ρθτιυτίνίί
2964 4929 3284 4999 “lingulam
3307 4971 3322 4997 ν
3353 4939 3408 4987 ει
3450 4946 3545 5001 Pe-

247 5029 359 5099 pit?
384 5031 655 5103 Numquid
700 5044 1023 5091 erraverunt
1064 5039 1379 5106 prophetae.
1419 5036 1675 5107 quoniam
1722 5036 1831 5091 Do-

1969 5024 2081 5080 terit
2125 5022 2486 5092 iniquitatem.
2520 5022 2642 5078 Istis
2668 5038 2748 5076 vae
2780 5022 3181 5093 praegnantibus
3203 5064 3219 5089 ,
3257 5039 3375 5094 qua:
3421 5037 3543 5078 cor-

243 5115 417 5172 minus
465 5133 650 5181 errare
693 5134 802 5176 non
846 5122 1063 5192 potuit?
1107 5121 1213 5179 Sed
1262 5124 1317 5177 in
1362 5120 1645 5193 prophetis
1689 5135 1829 5192 quo-
1940 5132 2073 5188 pore
2130 5129 2362 5186 graves,
2411 5115 2478 5170 ad
2527 5114 2869 5170 evadendum
2927 5116 3227 5185 periculum
3278 5115 3544 5187 pigriores

2007 5247 2035 5288 ά
2077 5249 2205 5307 Mss.
2241 5249 2513 5317 nonnulli,
2546 5252 2767 5307 inveniet
2794 5268 2975 5325 pacem
2992 5268 3144 5323 super
3164 5262 3373 5308 terram.

2013 5354 2037 5381 ε
2068 5341 2217 5397 Edit.
2242 5341 2371 5396 Era.
2396 5352 2453 5397 et
2496 5342 2624 5399 Gill.
2652 5343 2706 5399 in
2738 5344 2981 5414 margine
3007 5360 3069 5398 ac
3099 5344 3258 5399 nom.
3303 5346 3354 5399 in
3389 5355 3537 5403 textu

1934 5428 2230 5489 cum_mss.
2269 5414 2575 5489 uonnulli_s,
2612 5414 2753 5489 Quid
2780 5415 3386 5489 crgo?_Errare_p_oterit
3425 5421 3534 5472 dis-

1936 5486 2119 5540 cordia
2146 5485 2479 5540 litterarum?
2502 5486 2718 5541 Eaedem
2756 5485 2886 5541 edit.
2918 5486 3043 5541 Era.
3068 5495 3122 5541 et
3147 5485 3273 5541 Gill.
3306 5489 3355 5540 in
3390 5496 3538 5545 textu

1936 5574 2059 5613 cum
2092 5556 2316 5628 Amerb.
2355 5556 2694 5628 maximaque
2733 5566 2887 5627 parte
2917 5573 3048 5611 mss.
3078 5557 3219 5624 Quid
3253 5553 3406 5627 (mss.
3436 5561 3539 5614 ali-

1934 5639 2100 5699 quot,
2132 5625 2279 5700 quis)
2320 5628 2578 5697 quadrare
2610 5625 2810 5700 poterit
2845 5628 3161 5683 discordiam
3204 5625 3535 5685 litterarum?

1934 5699 2251 5770 Elegantius
2282 5713 2414 5755 vero
2457 5699 2630 5756 Corb.’
2668 5709 2724 5756 et
2768 5702 2858 5756 alii
2890 5701 3105 5771 quidam
3130 5740 3143 5764 ,
3176 5712 3313 5768 quos
3360 5704 3532 5757 secuti

1930 5786 2139 5828 sumus.

2008 5841 2027 5881 ί
2066 5842 2206 5898 Edit.
2238 5851 2292 5895 et
2323 5842 2480 5911 pauci
2524 5856 2689 5910 mss.,
2732 5859 2835 5897 non
2872 5840 3101 5911 meminit
3145 5853 3416 5909 pressura.
3458 5839 3529 5897 Et

1934 5915 2184 5977 subiecit;
2214 5912 2305 5968 alii
2324 5909 2534 5981 magno
2564 5927 2835 5970 consensu
2866 5922 2923 5967 ut
2954 5926 3054 5967 nos
3085 5909 3138 5967 in
3170 5914 3337 5966 textu.

314 5260 350 5328 ﬁ
377 5250 522 5328 Edit.
563 5250 868 5328 Amerb._et_
895 5252 1053 5309 Rom.
1086 5269 1207 5311 cum
1238 5256 1435 5328 paucis
1459 5271 1591 5311 mss.
1624 5265 1833 5328 propter

240 5323 540 5377 redimenda
565 5323 778 5380 delicta.
802 5324 976 5380 Minus
1005 5323 1307 5382 commode.

310 5394 337 5433 ι)
383 5396 506 5449 Mss.
542 5392 655 5449 fere
684 5396 945 5471 adhuuum
971 5438 985 5461 ,
1032 5399 1305 5471 suwilegis
1342 5400 1591 5453 exercitu.
1632 5397 1830 5471 Melius

246 5473 417 5542 tamen
459 5476 668 5542 cuncta:
698 5466 830 5542 edit.
858 5508 873 5531 ,
900 5484 1008 5522 sua:
1045 5466 1283 5542 legionis
1331 5471 1581 5525 exercitu.
1630 5470 1830 5526 Facilis

243 5539 436 5608 quippe
455 5537 779 5607 scriptorum
796 5539 979 5609 lapsus
993 5537 1152 5593 trium
1168 5540 1565 5596 elementorum
1582 5543 1841 5605 omissio.,

314 5618 333 5647 ο
374 5608 497 5664 Vet.
530 5610 662 5664 edit.
685 5625 748 5665 ac
771 5608 927 5678 pauci
953 5623 1110 5675 mss.,
1126 5609 1274 5664 Tunc
1295 5628 1411 5667 cum
1433 5612 1831 5669 isteAntichris-

244 5689 322 5754 tus
344 5689 473 5754 tenet
498 5696 523 5754 εΔ
556 5680 717 5754 donec
757 5684 820 5734 de
846 5680 1013 5754 medio
1059 5682 1181 5754 ﬁat,
1204 5684 1412 5754 justitia
1442 5685 1640 5738 exulat.
1668 5685 1823 5742 Hom.

241 5748 381 5821 Tum:
407 5750 751 5806 Antichristus
775 5762 948 5807 tenet:
979 5748 1103 5828 dum
1131 5748 1351 5828 juiti‘tia
1384 5754 1584 5828 exulat.
1617 5757 1829 5828 lteliqui

246 5838 385 5902 mss._
416 5837 611 5902 magno
638 5835 910 5902 consensu
942 5822 1225 5902 nobiscum
1256 5822 1453 5902 faciunt
1479 5842 1494 5889 ;
1528 5825 1631 5902 nisi
1682 5822 1826 5898 quod

246 5905 339 5962 pro
368 5891 639 5961 interiora,
675 5894 726 5949 in
751 5894 1073 5964 quibusdam
1101 5904 1307 5951 tantum
1338 5897 1599 5965 legiturin
1622 5891 1823 5960 tefnon

248 5960 408 6033 prtio
446 5972 627 6018 sensu.

289 5972 408 6019 τανυ
446 5972 627 6018 sensu.
