4148 6362
559 394 691 449 tati
1868 390 2114 451 SANC‘l'i
2153 404 2169 451 Α

2269 394 2479 453 BROSll
3726 404 3852 461 1819.

552 516 681 563 sunt
704 509 719 563 l
752 507 875 564 istis
903 523 984 564 vta
1002 551 1017 576 ,
1041 509 1234 578 quibus
1260 507 1423 563 futuri
1448 515 1653 575 partus,
1676 521 1785 578 quo
1810 521 2008 578 corpus
2033 521 2154 562 om-
2179 509 2234 570 Α
2260 514 2345 562 tus
2397 508 2451 561 in
2500 506 2894 578 plenitudinem
2929 509 3187 579 perfecta:
3225 511 3402 568 :ctatis
3442 512 3759 572 adoleverat
3795 514 3851 599 (Ι

556 616 627 657 ne
653 602 959 683 concutitur
978 643 992 666 ,
1018 609 1045 639 ι
1071 602 1229 656 dolor
1259 601 1536 672 ingeritur.
1564 600 1657 657 llis
1688 599 1854 656 futuri
1891 601 2045 671 signa
2071 600 2160 670 ju-

554 694 681 751 dicii
716 695 866 751 initia
896 702 1025 751 sunt
1049 694 1298 751 dolorum
1329 693 1544 766 (Matth.
1572 710 1725 760 xx1v,
1758 696 1833 767 8).

626 786 720 843 21.
766 786 961 842 Docuit
986 788 1148 842 etiam
1182 786 1395 857 Moyses
1423 800 1544 843 esse
1571 796 1939 858 pragnantem
1958 831 1971 855 ,
1996 802 2157 859 quam

553 879 599 934 si
626 878 737 934 duo
773 877 1211 934 conculcaveth
1250 878 1554 949 litigantes,
1587 877 1891 933 abortivum
1936 879 2047 933 cito
2078 878 2160 932 iu-

552 973 697 1028 eidat
722 971 921 1044 (Exod.
954 987 1075 1037 x111,
1103 968 1218 1043 ἓξ).
1249 972 1320 1027 Et
1344 970 1469 1027 ideo
1499 970 1640 1026 bona
1673 970 1869 1026 femina
1902 971 2048 1027 litem
2074 968 2159 1026 fu-

555 1066 701 1137 giat,
735 1079 922 1136 pacem
954 1074 1251 1135 sequatur;
1284 1073 1343 1118 ut
1378 1072 1590 1133 partum
1632 1064 1801 1134 possit
1829 1062 2112 1118 absolvere
2140 1078 2155 1116 :

548 1172 653 1214 nec
675 1172 867 1213 novem
901 1158 1166 1213 mensium
1195 1165 1413 1227 tempus
1442 1164 1760 1226 exspectet,
1787 1155 1939 1210 verbi
1973 1162 2158 1225 partus

550 1262 661 1305 non
693 1250 748 1303 in
778 1258 1024 1318 tempore
1042 1288 1058 1315 ,
1087 1248 1185 1305 sed
1206 1247 1503 1317 diligentias
1527 1245 1861 1318 plenitudine
1888 1252 1994 1301 est.
2019 1247 2161 1301 C011—

551 1354 854 1401 summatus
896 1352 1073 1399 autem
1117 1342 1173 1397 in
1218 1342 1365 1397 brevi
1414 1340 1589 1411 justus
1633 1340 1871 1411 explevit
1916 1351 2156 1410 tempora

550 1439 725 1494 multa
756 1434 914 1508 (Sep.
942 1450 1024 1502 1v,
1051 1434 1166 1506 15).
1193 1433 1265 1489 At
1285 1442 1474 1488 contra
1495 1434 1604 1489 cito
1632 1435 1810 1489 anima
1840 1433 2157 1505 imperfecta

552 1532 829 1596 calcatur,
856 1537 912 1584 et
941 1529 1165 1584 verbum
1193 1527 1339 1599 quod
1368 1527 1655 1598 concepit,
1683 1528 1905 1582 amittit.
1939 1527 2046 1583 Sed
2074 1540 2157 1583 vae

554 1623 635 1677 illi
666 1621 760 1693 qui
787 1619 1239 1677 scandaliaavorit
1274 1634 1441 1674 unum
1463 1618 1534 1674 de
1561 1618 1769 1690 pusillis
1813 1618 1934 1674 istis
1958 1618 2153 1690 (Marc.

553 1733 609 1775 ιι
636 1760 650 1785 ,
683 1716 821 1790 ΜΗ
852 1714 946 1772 Va:
975 1715 1050 1771 illi
1095 1717 1183 1787 qui
1227 1723 1597 1786 prmgnantem
1645 1713 1979 1768 calcaverit!
2021 1712 2156 1768 Nam

552 1810 599 1867 si
628 1810 861 1865 informe
887 1807 1066 1864 adhuc
1095 1807 1287 1879 pignus
1316 1806 1613 1862 excluserit
1631 1848 1645 1873 ,
1680 1804 1925 1876 pecunia
1945 1805 2156 1877 jactura

2234 597 2636 693 -Cor.111,p2).
2686 599 2895 673 1511
2927 603 3066 673 Ergo
3096 618 3201 656 non
3233 605 3365 660 satis
3402 613 3494 661 est
3535 620 3667 662 cura
3699 621 3852 693 gene-

2263 692 2451 758 randi,
2484 691 2586 747 nisi
2615 704 2869 763 suppetat
2891 692 3129 751 cﬂicacia
3158 697 3453 754 nutriendi.

2330 785 2427 841 '52.
2470 784 2657 856 Itaque
2702 797 2757 843 et
2787 788 2881 843 tibi
2935 799 3207 860 tamquam
3258 791 3445 848 Maria:
3490 793 3715 850 verbum
3764 793 3852 852 Dei

2262 888 2514 943 crescat,
2559 880 2821 950 sapientia
2853 893 2907 937 et
2954 892 3114 939 aetate
3142 884 3406 955 proficiat.
3448 885 3612 954 Quod
3650 886 3721 942 ita
3759 886 3851 957 tit,

2261 971 2309 1026 si
2338 974 2520 1027 omnia
2559 972 2702 1029 dicta
2740 974 2962 1042 iustitiae
3002 975 3054 1031 in
3093 977 3259 1033 corde
3295 978 3613 1047 custodias,
3655 995 3751 1036 nec
3775 995 3853 1036 se—

2264 1064 2501 1119 nectutis
2532 1074 2743 1137 tempus
2773 1077 3100 1138 exspectes:
3131 1068 3229 1125 sed
3276 1070 3328 1127 in
3361 1072 3537 1141 prima
3568 1052 3728 1129 teme
3768 1071 3850 1129 de.

2264 1158 2519 1229 Sponsata
2560 1159 2653 1214 alii
2694 1165 2812 1216 viro
2844 1162 2991 1232 justo
3029 1164 3349 1233 sapientiam
3391 1166 3513 1221 sine
3556 1167 3853 1235 corruptela

2263 1251 2509 1321 corporis
2540 1253 2616 1307 tui
2656 1253 2767 1308 cito
2792 1255 3090 1325 concipias,
3122 1254 3230 1311 cito
3257 1258 3460 1328 parias,
3492 1257 3604 1313 cito
3632 1259 3850 1315 nutrias.

2264 1342 2402 1399 Vide
2453 1343 2584 1398 mihi
2641 1345 2869 1401 Paulum
2920 1346 3184 1405 hesterno
3243 1357 3709 1420 persequentem,
3768 1350 3854 1406 lio-

2263 1434 2353 1490 die
2378 1436 2691 1493 credentem
2714 1478 2728 1505 ,
2756 1437 2849 1494 die
2887 1441 3125 1496 crastina
3155 1442 3548 1513 praedicantem
3591 1441 3738 1513 (Act.
3768 1457 3851 1513 1x,

2261 1527 2326 1582 at
2347 1525 2391 1599 ).

2331 1621 2423 1678 35.
2469 1620 2626 1677 Orate
2670 1638 2734 1678 uo
2778 1623 2875 1694 ﬁat
2903 1624 3030 1697 fuga
3057 1635 3228 1683 uestra
3270 1626 3456 1701 hyeme
3476 1671 3493 1697 ,
3536 1631 3616 1687 vel
3660 1631 3854 1688 sabbato

2264 1713 2481 1787 (Matth.
2506 1731 2651 1784 xx1v,
2675 1715 2795 1789 20).
2817 1718 2954 1774 Cum
2979 1719 3167 1789 ju'dicii
3192 1719 3282 1776 die
3307 1732 3573 1779 venturus
3593 1724 3662 1779 sit
3688 1724 3855 1780 Domi-

2264 1824 2403 1877 nus,
2434 1819 2577 1866 ante,
2592 1824 2755 1881 quem
2786 1810 2927 1880 ignis
2969 1812 3217 1880 ardebit;
3255 1813 3395 1885 ignis
3443 1822 3628 1872 autem
3652 1815 3733 1872 vis
3773 1824 3855 1871 aut

555 1914 677 1963 est:
710 1905 756 1961 si
785 1920 914 1962 vero
948 1904 1238 1959 formatum
1259 1943 1275 1970 ,
1308 1901 1501 1958 reddet
1526 1901 1762 1955 animam
1808 1914 1908 1970 pro
1934 1900 2113 1955 anima
2138 1941 2155 1968 ,
2188 1917 2237 1979 Β
2265 1920 2483 1977 semper
2512 1908 2702 1963 eadem
2722 1949 2737 1973 ,
2768 1917 2861 1964 aut
2903 1910 3067 1965 citius
3091 1910 3285 1967 adurat
3328 1922 3525 1970 aestate
3552 1930 3567 1968 :
3596 1915 3854 1985 quomodo

555 1999 775 2055 oculum
815 2012 913 2070 pro
938 1997 1131 2063 oculo,
1162 1996 1379 2051 dentem
1427 2008 1530 2065 pro
1574 1993 1740 2049 dente
1764 2033 1779 2059 ,
1808 2008 2029 2048 manum
2061 2007 2161 2063 pro

555 2107 746 2149 manu.

627 2185 719 2240 28.
762 2182 871 2240 Sed
911 2196 1008 2237 cur
1047 2180 1270 2237 oculum
1309 2186 1402 2235 aut
1440 2193 1694 2244 manum,
1724 2192 1846 2233 cum
1886 2176 2163 2233 abortivus

556 2285 613 2334 et
636 2290 853 2331 manum
883 2273 1108 2342 habeat,
1134 2284 1190 2328 et
1213 2271 1431 2327 oculum
1456 2270 1682 2337 habeat,
1707 2268 1800 2340 qui
1823 2268 1932 2340 jam
1962 2269 2164 2324 forma-

557 2379 644 2424 tus
664 2380 926 2424 excussus
952 2366 1075 2422 est?
1105 2364 1260 2422 Unde
1285 2373 1512 2435 apparet
1541 2377 1639 2435 pro
1664 2378 1732 2419 eo
1755 2363 1919 2418 modo
1942 2378 2048 2435 quo
2067 2379 2176 2430 ηο-⁸

556 2462 707 2528 cuit,
739 2473 1179 2529 unumquemque
1209 2456 1601 2513 damnandum.
1634 2456 1690 2513 Si
1729 2459 1875 2512 enim
1906 2457 2165 2511 catechu-

488 2538 491 2543 ’
555 2566 774 2609 menum
797 2552 919 2622 quis
946 2552 1030 2607 vel
1058 2549 1344 2606 hmreiicus
1366 2551 1451 2605 vel
1479 2549 1861 2606 schismaticas
1890 2556 2164 2620 tamquam

559 2648 629 2703 de
654 2655 810 2703 utero
834 2646 920 2702 vel
948 2646 1146 2701 animm
1175 2644 1259 2699 vel
1291 2644 1548 2700 Ecclesiae
1588 2640 1937 2716 parturientis
1965 2659 2163 2701 excus-

558 2741 722 2808 serit,
754 2740 924 2797 levius
951 2741 1170 2811 punitur
1197 2756 1209 2792 :
1235 2740 1280 2794 si
1304 2738 1517 2795 ﬁdelem
1536 2782 1551 2806 ,
1582 2741 1819 2811 gravius.
1844 2738 1912 2795 Et
1933 2740 2055 2794 ideo
2075 2752 2166 2795 ea-

559 2836 795 2892 vendam
817 2849 886 2891 ne
910 2849 1034 2890 cum
1063 2833 1260 2889 talibus
1301 2832 1562 2902 litigando
1605 2831 1903 2915 Eeclesiam
1943 2831 2164 2898 calces;

558 2932 756 2987 stultas
785 2928 929 2986 enim
964 2943 1169 3000 pugnas
1197 2970 1212 2996 ,
1258 2937 1312 2983 et
1354 2926 1471 2983 sine
1510 2927 1798 2999 disciplina
1836 2929 2168 2998 quaestiones

559 3025 741 3083 devita
767 3068 783 3103 ,
815 3026 995 3081 sciens
1021 3024 1146 3095 quia
1186 3029 1450 3094 generant
1492 3022 1614 3077 lites
1640 3063 1655 3088 ,
1693 3022 1890 3093 quibus
1921 3020 2164 3077 Ecclesia

558 3126 710 3191 quasi
742 3123 1052 3193 parturiens
1079 3120 1245 3176 totius
1274 3121 1520 3188 corporis
1560 3119 1973 3173 conculcatiune
2002 3131 2166 3172 vexe-

557 3229 648 3274 tur
674 3217 741 3289 (ll
766 3217 899 3272 Tim.
928 3233 1001 3283 11,
1036 3214 1152 3288 16).

2264 1998 2530 2053 orandum
2558 1996 2692 2054 dicit
2720 2013 2790 2055 ne
2818 1998 2939 2072 l‘uga
2971 2011 3157 2057 nostra
3197 2001 3394 2076 hyeme
3423 2003 3557 2072 ﬁat;
3586 2004 3690 2062 nisi
3728 2004 3854 2062 forte

2266 2090 2391 2160 quia
2422 2093 2469 2145 is
2497 2092 2590 2161 qui
2617 2092 2671 2146 in
2715 2102 2931 2149 montes
2960 2093 3129 2165 fugit,
3165 2094 3335 2166 frigus
3358 2106 3418 2152 et
3441 2098 3672 2168 glaciem
3698 2141 3713 2166 ,
3741 2113 3855 2169 pro-

2265 2185 2432 2241 cellas
2453 2193 2508 2240 et
2528 2184 2847 2256 grandinem
2867 2186 3190 2245 delictorum
3216 2198 3242 2229 α
3266 2189 3464 2247 timere
3483 2190 3678 2257 debet,
3702 2198 3753 2247 et
3774 2206 3855 2261 op-

2267 2283 2386 2331 tare
2422 2278 2626 2333 aestivae
2672 2268 2808 2333 lucis
2854 2280 3243 2345 serenitatem,
3279 2295 3348 2336 ne
3374 2281 3589 2338 lubrico
3624 2280 3853 2365 corporis

2269 2371 2495 2443 vestigia
2526 2373 2740 2429 infirma
2772 2373 3057 2430 labantur?

2340 2462 2432 2520 54.
2472 2463 2631 2521 Unde
2658 2473 2717 2522 et
2743 2465 2837 2522 illa
2864 2468 2974 2536 jam
3015 2481 3208 2524 secure
3235 2476 3501 2541 processu
3524 2512 3539 2536 ,
3563 2468 3673 2540 iam
3699 2466 3853 2523 ﬁrmis

2269 2560 2543 2617 radicibus
2568 2560 2692 2615 nixa
2723 2560 2968 2631 laetatur,
2993 2562 3181 2623 dicens
3205 2581 3219 2618 :
3257 2562 3456 2635 "geras
3485 2564 3612 2619 abiit
3632 2606 3647 2631 ,
3674 2572 3853 2631 tempus

2268 2660 2478 2713 secandi
2506 2659 2709 2714 advenit
2739 2658 2914 2731 (Cum.
2940 2674 3010 2726 11,
3036 2661 3097 2718 Η
3134 2670 3182 2715 et
3210 2661 3299 2734 12)
3327 2679 3343 2728 ;
3376 2663 3578 2735 hyeme
3604 2663 3741 2718 enim
3777 2672 3853 2715 ar-

2271 2754 2431 2809 bores
2458 2763 2650 2809 ventus
2678 2769 2780 2810 suo
2820 2754 3029 2811 honore
3053 2756 3358 2827 despoliat,
3392 2765 3450 2813 et
3488 2758 3744 2827 asperitas
3769 2754 3850 2810 iri-

2269 2850 2419 2921 goris
2450 2858 2667 2904 teneras
2704 2848 2927 2905 frondes
2966 2851 3020 2904 in
3056 2850 3291 2921 speciem
3332 2852 3531 2906 mortis
3573 2849 3850 2906 interﬁcit:

2270 2957 2400 2999 vere
2422 2952 2602 2997 autem
2631 2950 2922 3012 resurgunt
2948 2943 3161 2999 semina
3182 2986 3197 3009 ,
3222 2952 3277 3000 et
3307 2950 3586 3016 tamquam
3611 2954 3742 2999 nova
3766 2954 3853 2996 ωε-

2272 3048 2356 3093 tas
2402 3046 2612 3093 naturas
2651 3037 2939 3092 viridantis
2985 3036 3264 3094 adolescit.
3298 3036 3453 3094 Vere
3502 3035 3700 3094 Pascha
3742 3042 3850 3099 est,

2271 3133 2491 3204 quando
2519 3142 2769 3187 servatus
2796 3146 2915 3187 sum
2942 3150 2956 3186 :
2986 3138 3174 3188 astate
3199 3141 3281 3188 est
3318 3132 3675 3198 Pentecoste,
3701 3136 3854 3200 quan-

2272 3229 2342 3284 do
2375 3227 2795 3284 resurrectionis
2838 3227 3066 3298 gloriam
3113 3225 3459 3284 celebramus
3499 3224 3567 3301 ad
3598 3225 3759 3279 instar
3785 3219 3853 3274 iit-

631 3310 723 3367 29.
768 3309 912 3380 Ergo
932 3310 1040 3366 cito
1066 3308 1218 3377 reple
1239 3316 1483 3363 ventrem
1509 3314 1660 3362 tuum
1678 3346 1692 3371 ,
1721 3313 1780 3360 nt
1803 3305 1962 3381 citius
1995 3305 2168 3376 possis
2196 3317 2241 3382 (ς
2275 3322 2402 3377 um,

466 3389 471 3395 ’
551 3415 776 3477 partum
809 3402 994 3458 edere.
1029 3400 1168 3457 Audi
1194 3400 1469 3472 quomodo
1502 3400 1716 3477 rcpleas
1739 3440 1754 3464 ,
1784 3406 1836 3454 et
1864 3398 2062 3470 quibus
2083 3414 2168 3455 re-

564 3496 712 3569 plens
738 3514 750 3549 :
779 3492 1097 3571 Ex‘frnctu,
1120 3493 1323 3563 ittquit.
1349 3492 1453 3546 oris
1479 3492 1561 3545 sui
1581 3493 1658 3546 vir
1685 3490 1916 3564 impleti!
1945 3503 2168 3546 uentrem

563 3606 718 3646 suum
755 3604 774 3644 :
814 3581 1065 3662 fructibus
1102 3594 1277 3640 autem
1325 3585 1580 3640 labiorum
1627 3601 1842 3640 suorum
1893 3586 2170 3640 satiabitur

566 3680 945 3751 (Prav..xv111,
974 3677 1092 3748 20).

638 3775 729 3831 50.
771 3774 847 3829 De
874 3771 1241 3827 nutrientibus
1279 3783 1496 3842 quoque
1524 3768 1709 3825 docuit
1739 3783 1827 3825 me
1850 3768 1986 3824 illud
2016 3767 2172 3825 Salu-

566 3867 744 3925 monis
792 3865 1023 3922 sublime
1048 3864 1347 3936 judicium,
1374 3873 1428 3919 et
1473 3864 1565 3918 illa
1610 3864 1838 3918 duarum
1888 3864 2170 3920 contentio

565 3938 927 4023 feminarum,
978 3940 1120 4027 quod
1171 3956 1384 4011 etiamsi
1425 3954 1540 4026 jam
1588 3964 1777 4025 partus
1826 3953 2015 4012 dolore
2061 3956 2173 4011 sint

566 4052 830 4109 absolutae
854 4093 870 4118 ,
915 4032 1091 4129 adhuc
1124 4057 1304 4103 tamen
1330 4047 1358 4086 ι)
1402 4047 1851 4104 conﬁdendorum
1885 4047 2169 4119 pignorum

568 4154 717 4202 metu
749 4151 981 4209 nutent;
1015 4141 1142 4214 quia
1173 4156 1268 4212 per
1296 4141 1665 4196 temulentiam
1706 4142 1997 4197 nutrientis
2027 4154 2175 4195 som-

571 4253 675 4296 nus
729 4240 997 4317 obrepat,
1060 4234 1340 4306 parvulum
1411 4242 1589 4290 mater
1640 4236 1949 4305 opprimat,
2011 4243 2175 4305 neget

572 4347 755 4399 suum,
797 4336 1009 4411 qumrat
1042 4329 1320 4385 alienum:
1353 4327 1449 4385 sed
1478 4337 1533 4383 et
1564 4328 1655 4383 illa
1695 4344 1818 4401 quae
1850 4327 2021 4383 lilium
2062 4340 2171 4384 non

570 4421 835 4505 peremit,
865 4421 1205 4494 periclitatur
1228 4434 1357 4488 suo;
1387 4419 1511 4492 quia
1539 4418 1727 4490 judicii
1756 4419 1929 4475 haeret
1968 4420 2174 4483 incerto

570 4514 666 4591 (ιιι
692 4514 823 4588 ηας.
857 4529 945 4581 ιιι,
970 4512 1087 4586 25).

644 4609 737 4665 31.
778 4605 922 4681 rgo
946 4614 1002 4664 et
1034 4621 1133 4663 nos
1157 4647 1174 4675 ,
1204 4620 1274 4663 ne
1313 4604 1468 4677 quasi
1506 4603 1951 4676 imperfectorum
1977 4618 2175 4677 paren-

573 4714 658 4761 tes
698 4696 923 4775 operum
965 4711 1058 4757 aut
1100 4700 1289 4773 judicii
1332 4698 1489 4765 dies,
1525 4708 1619 4754 aut
1662 4699 1853 4755 mortis
1895 4700 2173 4769 inveniat,
2200 4696 2289 4770 D‘

576 4797 832 4870 parvulos
878 4804 1093 4852 nostros
1124 4792 1403 4869 ablactare
1446 4806 1820 4863 properemus.
1861 4792 2178 4850 Ablactatus

578 4891 728 4947 Isaac
754 4903 860 4945 non
894 4879 994 4943 fuit
1019 4898 1216 4942 somno
1256 4887 1443 4940 matris
1473 4885 1775 4952 obnoxius;
1808 4898 1863 4942 et
1893 4886 2014 4941 ldeo
2044 4901 2177 4956 epu-

577 4983 688 5039 lum
721 4996 973 5052 magnum
1004 4978 1247 5035 exhibuit
1279 4977 1551 5033 Abraham
1575 5021 1591 5047 ,
1625 4978 1843 5049 quando
1885 4978 2176 5034 ablactavlt

573 5074 744 5131 ﬁlium
768 5054 923 5146 (Gen.
958 5087 1049 5126 x111
1069 5113 1084 5137 ,
1115 5068 1197 5143 8).
1221 5069 1537 5124 Ablactatus
1566 5068 1735 5123 David
1764 5068 2173 5125 retributionem

574 5172 772 5233 animae
792 5183 906 5233 sua:
934 5174 1118 5237 sperat
1144 5162 1316 5237 (Paul.
1341 5178 1483 5231 cxx:
1508 5205 1525 5229 ,
1550 5160 1642 5235 2);
1671 5176 1777 5221 non
1807 5162 1954 5229 enim
1986 5173 2042 5225 ut
2070 5161 2176 5222 Co-

573 5263 808 5329 rinthius
854 5261 913 5327 in
941 5258 1245 5330 primordio.
1285 5255 1452 5328 licet.
1497 5270 1638 5321 escae
1683 5255 1860 5321 adhuc
1906 5255 2174 5321 invalidus

572 5353 823 5421 fortiori,
854 5354 995 5429 lacte
1023 5356 1275 5420 putatus:
1306 5347 1407 5404 sed
1429 5347 1545 5417 jam
1588 5362 1728 5437 pane
1764 5348 1945 5403 solido
1987 5349 2175 5405 ﬁrma.

641 5505 670 5545 ι
697 5492 922 5549 (iunctae
962 5486 1074 5553 odit
1099 5482 1429 5559 etiplorique
1456 5500 1587 5553 mss.
1623 5484 1774 5559 dolor
1812 5486 2024 5559 integer.
2055 5484 2167 5545 Alii

575 5581 704 5622 mss.
736 5563 931 5634 partim
965 5559 1118 5614 datas
1156 5556 1485 5634 ingreditur
1518 5557 1713 5634 partita
1737 5598 1752 5621 ,
1787 5556 1939 5634 doles
1980 5559 2173 5627 inperia

573 5649 678 5693 tur.
711 5629 775 5691 Et
805 5636 908 5688 huc
935 5635 1182 5689 ultimum
1218 5629 1545 5698 elegantius.
1589 5629 1789 5685 lterum
1837 5630 1932 5685 ubi
1975 5643 2169 5687 omnes

574 5710 703 5765 edit.
724 5750 737 5772 ,
763 5704 1047 5760 abortivum
1070 5700 1170 5772 cito
1198 5700 1449 5755 inducant
1473 5741 1488 5767 ,
1524 5714 1653 5755 mss.
1684 5708 1871 5753 contra
1906 5714 2072 5768 prope
2088 5700 2174 5772 ad

577 5770 744 5836 ωηιιὶ
786 5778 986 5837 habent
1011 5815 1024 5837 ,
1073 5771 1360 5829 abortivum
1403 5774 1503 5827 cito
1547 5772 1741 5825 incidat
1768 5809 1783 5836 ,
1824 5770 2168 5842 subintellige

574 5866 762 5918 corpus
781 5888 794 5909 .
831 5846 918 5903 vel
950 5848 1129 5914 potius
1158 5843 1381 5915 pignus.
1409 5858 1537 5915 quas
1563 5856 1664 5905 vos
1697 5844 1831 5899 intra
1859 5858 1967 5899 non
1994 5843 2169 5903 semel

575 5920 884 5977 adhibetur.

2340 3431 2430 3488 55.
2472 3428 2746 3487 Orandnm
2779 3430 2942 3486 etiam
2983 3446 3052 3488 ne
3100 3430 3329 3487 sabbato
3359 3442 3454 3513 te,
3495 3433 3598 3487 hoc
3636 3439 3755 3501 est,
3794 3423 3851 3479 ab

2268 3526 2525 3597 operibus
2578 3527 2842 3587 otiantem
2893 3527 3120 3582 veniens
3167 3522 3435 3589 Dominus
3484 3520 3845 3605 deprehendat.

2271 3617 2342 3689 Et
2371 3619 2495 3675 ideo
2527 3618 2679 3690 juxta
2710 3617 2912 3699 Legem
2956 3634 3183 3690 cperare
3226 3618 3372 3677 diem
3419 3619 3481 3695 in
3510 3619 3629 3691 die,
3657 3627 3711 3681 et
3748 3622 3850 3674 esto

2270 3711 2464 3783 Spiritu
2507 3690 2879 3783 ferventi,ret
2924 3711 3109 3769 labore
3152 3690 3439 3793 pervigili.
3472 3690 3594 3768 'Nec
3639 3707 3864 3762 otiosum

2274 3804 2407 3860 illud
2428 3846 2444 3873 ,
2470 3805 2593 3876 quia
2622 3804 2883 3881 scriptum
2911 3812 2994 3861 est
3019 3822 3031 3858 :
3062 3802 3289 3871 Sabbato
3318 3803 3615 3876 huittt'lialtis
3644 3798 3848 3863 animum

2273 3909 2413 3953 tuam
2470 3897 2631 3973 (Leu.
2663 3896 3071 3973 1111):ctq11ia
3111 3899 3456 3973 septuaginta
3502 3894 3655 3966 annis
3695 3902 3847 3967 popu-

2273 3990 2356 4045 lus
2385 3990 2438 4045 in
2486 3990 2796 4059 captivitate
2824 3987 3078 4056 duravit,
3112 3974 3243 4047 tunc
3282 3988 3481 4049 violata
3520 3985 3736 4061 religio,
3762 3977 3849 4033 ob-

2276 4083 2402 4138 trita
2448 4083 2711 4149 libertas,
2768 4080 3025 4154 pudicitia
3071 4080 3376 4143 vulnerata.
3421 4081 3567 4153 Ergo
3613 4086 3732 4132 tunc
3766 4066 3849 4139 tibi

2273 4174 2647 4246 emigrandum
2678 4188 2745 4229 ex
2781 4172 2886 4228 hac
2932 4176 3041 4228 vita
3066 4215 3081 4241 ,
3129 4174 3346 4243 quando
3393 4175 3619 4229 virtutes
3654 4166 3848 4237 vigenti

2277 4268 2405 4326 vitia
2435 4270 2650 4339 captiva
2690 4276 2855 4326 sunt:
2900 4281 3007 4323 non
3036 4268 3493 4340 quandocaptiva
3534 4271 3617 4321 est
3652 4257 3848 4318 anima.

2275 4364 2429 4436 vigor
2455 4372 2509 4418 et
2537 4362 2706 4417 virtus
2733 4369 2888 4418 vacat
2923 4361 3170 4433 corporis
3189 4403 3205 4430 ,
3244 4371 3300 4418 et
3341 4370 3565 4435 peccata
3592 4351 3851 4411 domin-10'

2278 4466 2386 4513 tur.

2361 4571 2551 4649 (Vers.
2590 4571 2716 4646 25.)
2741 4570 2812 4629 Et
2839 4582 2986 4630 erunt
3021 4573 3171 4646 signa
3196 4573 3253 4631 in
3280 4574 3390 4639 sale
3427 4582 3477 4639 et
3507 4571 3629 4627 (una
3665 4569 3710 4633 et
3742 4552 3850 4617 stel-

2282 4667 2368 4723 lis.
3126 4678 3127 4683 η
3694 4694 3695 4697 η

2353 4781 2445 4839 36.
2487 4783 2555 4838 Et
2602 4783 2905 4854 prophetiae
2948 4798 3077 4849 vera
3121 4784 3292 4845 series
3317 4824 3333 4851 ,
3372 4793 3429 4841 et
3464 4782 3668 4849 integra
3707 4774 3851 4824 cum

2284 4875 2561 4949 mysterii,
2590 4876 2735 4948 quod
2759 4885 2815 4934 et
2853 4878 3051 4949 captivi
3089 4877 3263 4935 Judaei
3289 4877 3529 4940 secundo
3554 4874 3606 4929 in
3646 4859 3852 4932 Βωδγιο-

2282 4971 2427 5026 niam
2450 5010 2464 5035 ,
2491 4970 2882 5043 Assyriamque
2906 4972 3174 5039 ducentur
3197 5014 3213 5040 ,
3241 4974 3440 5044 captivi
3479 4972 3531 5025 in
3572 4972 3683 5021 tcto
3707 4954 3851 5013 erunt

2279 5065 2440 5131 orbo,
2468 5067 2593 5137 quia
2619 5076 2953 5135 negaverunt
2972 5067 3251 5125 Christum
3274 5085 3289 5125 :
3312 5077 3371 5122 et
3397 5060 3724 5123 Hierusalem
3746 5057 3851 5119 ιιιιτυ

2276 5157 2518 5223 vitiatur.
2559 5158 2629 5217 ab
2672 5157 2855 5221 hostili
2900 5161 3141 5227 exercitu
3185 5160 3521 5231 ealcahitur,
3557 5140 3850 5211 cadentibus

2276 5252 2483 5309 Iudaeis
2514 5255 2567 5308 in
2602 5269 2697 5309 ore
2727 5251 2896 5325 gladii
2919 5272 2935 5307 ε.
2963 5262 3018 5315 et
3056 5253 3246 5313 Judma
3271 5258 3453 5313 omnis
3491 5267 3524 5307 ιι
3563 5233 3849 5302 nationth

2277 5346 2571 5417 creditoris
2607 5346 2927 5416 subjicietur
2952 5345 3007 5401 in
3035 5361 3132 5402 ore
3159 5340 3325 5435 gladii
3356 5339 3639 5437 spiritalis,
3666 5328 3748 5403 qui
3776 5327 3849 5377 esi

2344 5482 2374 5523 ιι
2407 5483 2764 5556 Pluresmss.
2803 5492 2963 5556 atque
2993 5500 3187 5542 omnes
3221 5485 3354 5541 odit.
3385 5476 3624 5548 exceptis
3660 5466 3843 5556 adtigi:

2280 5538 2457 5612 Paris.
2486 5554 2811 5636 praeterunt,
2839 5538 3333 5624 answers;
3353 5538 3644 5636 pignorum.
3677 5538 3843 5594 Ροιίον

2280 5636 2459 5684 tamen
2492 5627 2596 5681 alia
2626 5627 2805 5682 lectio.

2350 5674 2835 5753 ἔῖἆῖῐαίἰῖέιῖιιι
2865 5700 3138 5770 plerisque
3165 5704 3323 5765 mss.,
3352 5696 3651 5770 tenerem
3678 5674 3838 5770 (‘f‘f‘g

2273 5770 2366 5824 ⁸εά
2411 5782 2628 5840 opta";
2673 5769 2833 5826 Rom.
2865 5754 3430 5840 “cautissimam
3473 5762 3651 5820 debet.
3677 5754 3840 5821 eHP'

2279 5852 2408 5897 W6.
