4040 6488
169 382 343 441 1813

1153 378 1518 440 ΕΧΡΟΒῙΤΙῸ
1558 381 1814 441 EVANG.
1857 379 2007 443 SEC.
2048 385 2206 444 LUC.
2248 386 2380 445 LIB.
2421 385 2545 443 X."

3312 344 3501 461 sisit

170 511 384 554 sermo
426 495 510 553 bis
549 501 774 552 acutus:
803 503 860 551 et
897 494 1028 550 ﬁent
1067 494 1220 566 signa
1258 493 1476 551 diversa
1509 497 1561 551 in
1591 495 1710 553 sole
1747 504 1804 554 et
1829 499 1884 562 Α
1906 500 2080 555 veteri
2110 499 2500 557 Testamento:
2534 495 2602 556 In
2626 503 2889 569 columna,
2918 502 3116 578 inquit,
3150 504 3298 560 nubis
3322 505 3502 578 taque.

176 592 332 648 luna
356 603 412 648 et
455 594 648 648 stellis.

269 686 366 741 57‘.
408 685 541 753 (μω
585 686 737 756 signa
787 684 1086 740 secundum
1135 683 1447 740 Matthzum
1498 681 1802 740 evidentius

185 781 580 850 exprimuntur
604 796 618 833 :
647 778 820 845 Tunc,
855 780 1061 850 inquit,
1088 779 1169 833 sol
1195 779 1582 845 obscurabitur,
1612 787 1656 831 et
1680 779 1806 832 luna

188 889 307 927 non
338 871 490 925 dabit
511 872 683 926 lumen
712 888 860 926 suum
881 914 896 938 ,
921 880 970 926 et
999 872 1164 926 stellis
1187 873 1374 926 cadent
1400 869 1614 942 (Matth.
1641 885 1767 925 xxxv
1786 909 1803 937 ,

189 965 272 1022 29
288 966 330 1036 ).
365 965 622 1020 Plurimis
665 965 813 1022 enim
855 981 884 1019 a
918 965 1176 1035 religione
1219 963 1596 1019 deﬁcientibus
1618 1006 1632 1029 ,
1661 963 1805 1018 clara

191 1060 346 1116 ﬁdes
377 1061 758 1116 obscurabitur
788 1061 930 1115 nube
967 1059 1243 1131 perﬁdiae;
1277 1059 1399 1127 quia
1445 1057 1578 1113 mihi
1603 1059 1685 1113 Sol
1717 1059 1808 1113 ille

191 1153 452 1210 celestis
481 1168 599 1210 mea
629 1153 736 1210 ﬁde
760 1154 846 1208 vel
878 1153 1171 1218 minuitur,
1200 1153 1284 1208 vel
1327 1161 1575 1222 augetur.
1605 1151 1808 1219 Quem-

194 1245 504 1302 admodum
527 1245 572 1300 si
603 1246 822 1316 plurimi
850 1245 1032 1300 radios
1061 1245 1315 1299 mundani
1345 1245 1476 1298 solis
1504 1243 1767 1312 aSpiciant
1793 1285 1807 1309 ,

198 1354 310 1410 pro
336 1338 759 1409 captu-videntis
788 1349 878 1393 aut
907 1337 1159 1408 pallidior
1185 1339 1264 1392 sol
1294 1337 1538 1403 videtur,
1571 1345 1664 1391 aut
1702 1336 1812 1392 cla-

201 1434 373 1488 rior:
411 1433 482 1486 ita
529 1445 633 1502 pro
667 1432 956 1486 devotione
999 1430 1272 1486 credentis
1315 1429 1610 1498 unicuique
1654 1429 1815 1499 spiri-

207 1527 323 1583 tale
353 1529 533 1583 lumen
577 1525 894 1581 infunditur.
930 1526 998 1579 Et
1035 1523 1488 1595 quemadmodum
1522 1523 1814 1578 menstruis

209 1617 470 1676 cursibus
515 1621 636 1674 luna
669 1619 756 1674 vel
785 1628 942 1675 terra:
987 1619 1239 1688 oppositu
1281 1631 1406 1671 cum
1455 1615 1618 1670 fuerit
1661 1631 1694 1671 e
1722 1630 1815 1670 re-

207 1713 378 1785 gione
403 1713 536 1768 solis
557 1754 573 1777 ,
612 1710 889 1774 vanescit;
921 1710 1000 1765 sie
1043 1720 1098 1764 et
1146 1720 1332 1764 sancta
1367 1708 1609 1764 Ecclesia
1637 1750 1652 1774 ,
1695 1724 1820 1763 cum

209 1805 408 1861 lumini
435 1805 644 1862 cmlesti
677 1805 802 1859 vitia
829 1803 1012 1860 carnis
1042 1803 1349 1868 obsistunt,
1380 1801 1622 1873 fulgores
1647 1801 1818 1857 divini

1909 592 2057 646 batur
2083 593 2151 645 ad
2174 609 2259 647 eos
2290 592 2464 663 (Psal.
2493 598 2680 660 xcvm,
2714 592 2792 667 7).
2822 594 2923 651 Per
2947 593 3168 668 Moysen
3196 597 3383 668 utique
3433 598 3514 651 lo-.

1905 684 2194 755 quebatur,
2220 701 2316 758 per
2338 685 2523 742 Jesum
2548 686 2718 755 Nave,
2758 690 2851 760 qui
2891 690 3061 746 solem
3092 692 3280 746 statuit
3327 691 3518 766 (Josue.

1907 793 1966 843 ι,
1999 775 2129 848 l2);
2184 788 2241 833 ut
2284 779 2545 850 plenioris
2587 781 2806 837 luminis
2857 784 3134 855 acciperet
3181 784 3507 844 claritatem.

1909 868 2056 939 Ergo
2091 871 2304 942 Moyses
2341 880 2396 942 et
2441 871 2604 927 Jesus
2644 874 2814 929 nubes
2846 885 2991 929 sunt.
3024 875 3222 946 Aspice
3250 878 3374 948 quia
3409 877 3510 931 viri

1910 961 2085 1016 saneti
2119 963 2291 1017 nubes
2333 972 2482 1028 sunt,
2517 964 2607 1034 qui
2654 965 2794 1020 sicut
2834 967 3007 1021 nubes
3039 968 3245 1035 volant,
3269 977 3324 1023 et
3355 968 3509 1038 quasi

1910 1053 2179 1109 columbae
2202 1071 2324 1110 cum
2359 1056 2546 1126 pullis.
2584 1057 2760 1128 Super
2789 1074 2876 1114 me
2905 1060 3074 1115 nubes
3123 1071 3250 1114 sunt
3296 1061 3508 1126 Esaias,

1914 1149 2188 1212 Ezechiel,
2220 1149 2310 1217 qui
2337 1150 2466 1204 mihi
2491 1165 2587 1220 per
2607 1150 2900 1207 Cherubim
2926 1163 2981 1210 et
3004 1153 3290 1224 Seraphim
3314 1155 3516 1209 sancti—

1913 1251 2080 1298 tatem
2137 1241 2336 1297 diviute
2391 1243 2678 1298 Trinitatis
2734 1245 3024 1301 ostendunt
3071 1247 3240 1322 (Esai.
3295 1265 3389 1318 1.x,
3435 1248 3512 1320 8).

1914 1334 2100 1391 Nubes
2131 1347 2258 1390 sunt
2280 1351 2472 1392 omnes
2502 1337 2783 1407 propheta:
2815 1358 2827 1393 :
2876 1341 2928 1394 in
2961 1340 3045 1395 his
3090 1342 3324 1399 nubibus
3369 1345 3515 1398 venit

1915 1427 2184 1483 Christus.
2220 1429 2378 1483 Venit
2409 1430 2460 1483 in
2499 1430 2643 1484 nube
2670 1430 2720 1484 in
2747 1429 2988 1486 Canticis
3032 1437 3367 1490 canticorum
3389 1476 3402 1497 ,
3433 1450 3522 1490 sc-

1917 1538 2046 1578 rena
2076 1523 2242 1590 nube,
2271 1533 2324 1580 et
2349 1524 2544 1594 Sponsi
2576 1523 2854 1594 refulgens
2874 1526 3055 1581 laetitia
3088 1527 3262 1600 (Cant.
3288 1545 3370 1596 lli,
3404 1528 3519 1598 11).

1917 1616 2083 1672 Venit
2126 1626 2182 1671 et
2222 1619 2274 1671 in
2301 1616 2442 1673 nube
2494 1617 2593 1672 levi
2649 1619 2963 1674 incarnatus
2995 1635 3062 1676 ex
3098 1620 3354 1691 Virgine;
3389 1622 3521 1676 vidit

1920 1712 2064 1766 enim
2093 1712 2354 1782 propheta
2388 1713 2524 1767 sicut
2556 1711 2754 1767 nubem
2781 1713 2971 1768 venire
3001 1714 3069 1768 ab
3097 1713 3325 1772 Oriente
3345 1713 3519 1788 (Esai.

1921 1820 2038 1866 xix,
2069 1801 2144 1874 1).
2188 1805 2254 1859 Ει
2297 1805 2433 1859 bene
2457 1805 2632 1861 levem
2659 1805 2854 1860 nubem
2887 1805 3060 1870 dixit,
3093 1822 3257 1879 quam
3306 1817 3529 1876 terrena

208 1900 438 1955 luminis
463 1900 532 1954 de
559 1897 763 1954 Christi
793 1899 959 1954 radiis
991 1897 1202 1970 1512
1222 1913 1328 1952 non
1359 1906 1537 1966 potest
1567 1897 1820 1952 mutuari.
1850 1894 1898 1955 B
1932 1897 2057 1953 vitia
2088 1911 2196 1952 non
2227 1906 2538 1966 gravarent.
2565 1897 2702 1954 Vide
2733 1899 2957 1967 nubem,
3001 1899 3054 1955 in
3087 1916 3249 1970 quam
3290 1900 3526 1972 Spiritus

204 1992 350 2046 Nam
383 1992 440 2046 in
467 1991 942 2062 persecutionibus
982 1994 1153 2046 lucem
1186 1990 1283 2045 Dei
1319 1991 1468 2046 solus
1499 1991 1820 2061 plerumque

208 2100 375 2141 amor
402 2086 528 2140 vitae
556 2085 718 2155 hujus
748 2085 1007 2140 excludit.

287 2181 381 2237 58.
427 2180 606 2237 Stetit:
629 2181 850 2244 cadent,
884 2179 965 2234 illi
998 2179 1184 2250 utique
1209 2176 1630 2234 resurrectionis
1651 2176 1821 2247 gloria

204 2274 327 2346 jam
353 2275 650 2339 micantes,
682 2272 757 2326 illi
781 2272 882 2328 viri
909 2272 1049 2327 sicut
1078 2269 1361 2326 luminaria
1390 2269 1446 2346 in
1476 2269 1680 2326 saeculo
1704 2283 1824 2324 ver-

210 2368 348 2424 bum
393 2367 519 2421 vitae
553 2366 897 2421 continentes
921 2407 937 2431 ,
978 2365 1054 2420 illi
1096 2365 1194 2419 viri
1235 2365 1306 2419 de
1350 2364 1546 2434 quibus
1585 2363 1824 2418 Abrahae

213 2461 425 2516 dictum
455 2470 575 2523 est,
607 2459 735 2529 quia
757 2458 898 2513 sicut
919 2458 1117 2514 coelum
1148 2455 1320 2526 fulget
1341 2465 1398 2513 et
1426 2457 1600 2511 stella:
1619 2498 1634 2521 ,
1667 2457 1746 2510 sic
1771 2463 1828 2511 et

217 2568 411 2610 semen
433 2554 553 2622 ejus
584 2550 741 2625 (Gen.
771 2566 898 2618 snt,
938 2550 1049 2621 16).
1075 2549 1499 2618 Excidentergo
1513 2547 1826 2603 hominibus

219 2646 592 2719 patriarchae,
644 2645 898 2700 excident
951 2643 1273 2714 prophetae,
1329 2643 1374 2696 si
1433 2641 1827 2711 persecutionis

220 2741 498 2796 acerbitas
525 2739 910 2794 convalescat:
943 2753 1064 2807 qua:
1092 2743 1305 2806 oportet
1337 2734 1454 2789 ﬁeri
1474 2774 1490 2800 ,
1524 2733 1700 2789 donec
1728 2733 1830 2787 Ec-

226 2834 416 2891 clesiae
445 2833 499 2886 in
539 2831 792 2887 omnibus
820 2830 1080 2885 virtutum
1107 2870 1123 2895 ,
1176 2829 1230 2883 in
1275 2828 1502 2897 singulis
1549 2825 1830 2896 plenitudo

229 2925 580 2990 cumuletur;
611 2925 691 2979 sic
720 2923 865 2979 enim
889 2923 1190 2993 probantur
1221 2922 1349 2975 boni
1375 2962 1391 2987 ,
1420 2920 1498 2974 sic
1527 2918 1834 2988 produntur

231 3021 454 3078 inﬁrmi.
483 3019 628 3089 Ergo
656 3020 792 3074 varii
818 3019 1126 3073 animorum
1152 3026 1320 3072 cestus
1342 3017 1412 3069 ita
1431 3028 1624 3085 graves
1643 3019 1829 3079 erunt,

233 3123 297 3169 ut
322 3113 649 3168 delictorum
674 3110 1022 3165 multitudine
1053 3109 1194 3164 male
1242 3107 1503 3172 consciis,
1535 3106 1694 3160 futuri
1744 3105 1832 3187 ju-

234 3205 576 3272 diciimetu,
603 3204 744 3259 sacri
775 3204 829 3258 in
857 3202 1016 3257 nobis
1060 3217 1149 3256 ros
1203 3201 1366 3256 fontis
1411 3208 1672 3264 arescat;
1713 3204 1836 3254 aret

237 3300 382 3356 enim
413 3297 660 3368 perﬁdia,
690 3296 824 3351 ﬁdes
855 3305 1022 3350 rorat.

314 3391 494 3464 (Vers.
509 3392 602 3456 26,
618 3388 736 3460 27.)
757 3388 894 3443 Nam
909 3391 1180 3443 uirtutesin
1194 3387 1320 3442 coelo
1344 3385 1794 3440 commovebuntur
1814 3399 1836 3439 :

243 3495 292 3542 et
311 3469 431 3540 tunc
450 3485 700 3540 videbunt
725 3481 773 3535 F
776 3485 924 3539 ilium
946 3484 1171 3538 hominis
1194 3483 1476 3536 venientem
1505 3483 1561 3534 in
1591 3481 1833 3536 nubibus.

314 3581 406 3637 39.
448 3581 706 3636 Fortasse
729 3577 1187 3650 quemadmodum
1233 3576 1443 3632 Domini
1491 3582 1840 3645 eISpectatur

247 3676 551 3740 adventus;
584 3684 643 3729 ut
673 3675 790 3743 ejus
818 3671 1104 3740 praesentia
1139 3671 1194 3726 in
1227 3680 1340 3724 toto
1372 3671 1468 3724 liat
1488 3669 1570 3723 vel
1605 3669 1838 3722 hominis

248 3770 379 3825 orbe
415 3770 500 3824 vel
531 3767 739 3834 mundi,
769 3782 889 3836 qua:
913 3765 970 3844 ﬁt
1000 3765 1187 3837 utique
1213 3765 1268 3819 in
1299 3763 1690 3833 singulis,cum
1719 3773 1839 3814 om-

252 3867 409 3923 nibus
435 3864 718 3920 aﬁectibus
750 3866 1057 3933 receperint
1081 3860 1356 3916 Christum
1387 3875 1399 3912 :
1433 3858 1514 3912 sic
1537 3859 1701 3910 etiam
1737 3855 1846 3908 vir-

255 3973 396 4017 tutes
441 3961 702 4016 caelorum
731 3959 970 4012 adventu
1019 3955 1223 4010 domini
1254 3950 1516 4005 Salutaris
1559 3964 1622 4002 ac
1670 3947 1845 4001 reditu

259 4053 572 4127 (Psal.xm,
602 4050 696 4122 10)
716 4092 736 4130 ,ἰ
780 4059 864 4105 est
891 4047 1032 4103 enim
1079 4045 1345 4099 virtutum
1385 4041 1667 4105 Dominus,
1714 4054 1848 4110 aug-

259 4158 498 4202 mentum
519 4144 711 4214 gratiae
731 4148 1135 4209 consequantur
1158 4148 1384 4189 necesse
1405 4143 1510 4198 est,
1539 4141 1593 4186 et
1616 4130 1855 4201 plenitu-

262 4237 386 4293 dine
406 4236 706 4291 divinitatis
727 4233 949 4302 propius
971 4244 1036 4284 se
1055 4227 1373 4283 inluudente
1401 4236 1744 4281 moveantur.

1923 2001 2146 2046 sanctus
2169 1992 2507 2060 supervenit,
2555 2002 2610 2047 et
2650 1995 2821 2048 virtus
2862 1993 3129 2048 Altissimi
3179 1993 3533 2054 obumbravit

1929 2081 2081 2154 (Luc.
2113 2099 2152 2149 1,
2188 2084 2305 2157 55).

1995 2175 2086 2233 45.
2128 2175 2262 2232 Cum
2319 2193 2450 2250 ergo
2511 2179 2828 2251 apparuerit
2883 2176 3134 2236 Christus
3185 2181 3236 2234 in
3289 2178 3528 2236 nubibus

1927 2268 2143 2341 (Matth.
2172 2286 2319 2336 xxiv,
2344 2267 2460 2342 50),
2486 2271 2698 2348 15ι3
2728 2272 3020 2327 concident
3042 2288 3100 2326 se
3123 2271 3321 2328 Tribus
3344 2282 3527 2340 terrm;

1927 2372 2013 2419 est
2037 2365 2179 2419 enim
2227 2364 2442 2438 quidam
2475 2368 2608 2419 ordo
2640 2365 2953 2431 criminum,
2983 2373 3037 2419 et
3063 2366 3238 2421 series
3275 2375 3527 2444 peccato-

1931 2473 2072 2521 rum,
2103 2473 2222 2526 qua:
2249 2454 2452 2511 Christi
2478 2456 2772 2510 dirimatur
2797 2457 3059 2516 adventu.

2004 2548 2181 2620 (Vers.
2214 2549 2308 2613 ‘29,
2340 2548 2456 2618 ὅθ.)
2497 2546 2678 2602 Videte
2703 2547 2982 2617 ﬁculneam
3009 2557 3057 2602 et
3092 2563 3267 2604 omnes
3291 2549 3542 2620 arbores,

1933 2659 2051 2696 cum
2094 2643 2388 2713 producunt
2412 2644 2528 2714 jam
2576 2657 2640 2695 ea:
2667 2657 2721 2695 se
2749 2639 2976 2711 fructum
3000 2684 3015 2708 ,
3048 2642 3190 2696 scitis
3220 2643 3347 2713 quia,
3374 2660 3538 2714 prope

1933 2745 2020 2800 est.
2035 2745 2206 2788 testas.

2004 2827 2096 2881 44.
2138 2825 2364 2880 Diverso
2407 2823 2625 2896 quidem
2674 2825 2870 2894 modo,
2899 2827 2953 2892 in
2987 2843 3152 2884 unum
3183 2834 3361 2884 tamen
3408 2842 3537 2882 con-

1932 2935 2154 2976 currere
2184 2919 2395 2975 videtur
2425 2920 2892 2991 Evangelistarum
2925 2922 3224 2988 sententia;
3258 2919 3541 2992 Matthaeus

1935 3017 2080 3071 enim
2115 3016 2180 3070 de
2230 3015 2344 3069 sola
2371 3015 2510 3070 dixit
2535 3015 2804 3081 ﬁculnea,
2837 3031 2956 3071 cum
2995 3030 3178 3070 ramus
3224 3014 3343 3090 ejus
3386 3024 3543 3070 tener

1935 3107 2101 3162 fuerit.
2135 3105 2350 3179 (Matth.
2383 3121 2534 3173 xxxv,
2564 3105 2657 3180 5‘2)
2691 3127 2703 3163 :
2735 3107 2823 3161 hic
2849 3107 2917 3163 de
2949 3107 3233 3163 arboribus
3265 3106 3539 3162 omnibus.

1938 3200 2134 3256 Verum
2162 3201 2274 3255 sive
2303 3214 2426 3255 cum
2476 3199 2683 3255 fructus
2734 3205 2789 3255 ln
2823 3201 3074 3256 omnibus
3120 3200 3341 3258 virescit
3378 3201 3542 3256 arbo-

1863 3294 1908 3356 C
1941 3295 2111 3362 ribus,
2127 3303 2179 3350 et
2207 3295 2432 3350 ﬁculnea
2460 3294 2687 3350 fecunda
2711 3294 2822 3366 jam
2853 3295 3033 3359 floret,
3055 3303 3112 3349 ut
3151 3295 3330 3349 omnis
3358 3293 3542 3365 lingua

1939 3389 2262 3445 conﬁteatur
2291 3388 2424 3453 Deo,
2454 3389 2751 3444 conﬁtente
2779 3389 2939 3443 etiam
2969 3387 3174 3458 populo
3197 3384 3544 3462 Iudaeorum;

1941 3498 2163 3553 sperare
2209 3482 2421 3537 Domini
2469 3482 2734 3538 debemus
2774 3483 3094 3544 adventum,
3124 3497 3231 3553 quo
3272 3491 3548 3550 tamquam

1943 3574 2280 3645 temporibus
2302 3576 2506 3631 aestivis
2543 3577 2958 3632 resurrectionis
2991 3577 3194 3630 fructus
3225 3581 3498 3629 metentur
3532 3590 3547 3627 :

1945 3671 2061 3726 sive
2103 3685 2224 3725 cum
2275 3671 2446 3725 levem
2496 3669 2855 3740 fragilemque
2891 3669 3211 3736 iactantiam
3242 3666 3408 3722 homo
3440 3667 3547 3721 ini-

1948 3764 2170 3834 quitatis
2222 3775 2497 3835 tamquam
2531 3763 2659 3818 folia
2689 3762 2993 3835 Synagogae
3026 3777 3238 3828 ramus,
3271 3761 3549 3835 induerit,

1948 3858 2219 3927 conjicere
2265 3857 2529 3910 debemus
2573 3856 3014 3925 apprOpiuquare
3057 3854 3367 3924 judicium:
3422 3867 3546 3906 nam

1951 3963 2304 4004 remunerare
2349 3946 2510 4002 ﬁdem
2568 3947 2865 4012 Dominus,
2895 3955 2949 4001 et
2998 3945 3346 4015 delinquendi
3390 3945 3558 4004 linem.

1955 4040 2151 4096 afferre
2181 4039 2420 4094 festinat.

2031 4133 2124 4187 45.
2169 4131 2450 4200 Duplicem
2483 4130 2645 4199 igitur
2676 4127 2845 4183 habet
2874 4127 3102 4198 ﬁguram
3144 4126 3260 4182 hzcc
3289 4125 3518 4182 ﬁculnea
3540 4167 3564 4190 μ

1958 4226 2046 4282 vel
2077 4241 2198 4280 cum
2228 4225 2361 4279 dura
2393 4224 2717 4289 mitescunt,
2746 4221 2830 4275 vel
2858 4238 2980 4276 cum
3010 4231 3232 4292 peccata
3261 4221 3560 4276 luxuriant.

333 4329 424 4386 40.
452 4329 591 4386 Sunt
610 4329 772 4382 etiam
797 4326 1022 4379 virtutes
1042 4324 1308 4404 caelorum
1326 4335 1448 4391 quae
1468 4329 1723 4376 enarrant
1742 4318 1860 4389 glo—
1961 4321 2095 4377 Nam
2131 4336 2224 4390 per
2247 4319 2404 4373 ﬁdem
2445 4317 2780 4373 credentium
2834 4332 2952 4385 qum
2997 4315 3222 4371 arebant
3270 4324 3396 4369 ante
3416 4358 3433 4382 ,
3464 4313 3565 4380 ﬂo-

270 4422 400 4479 riam
427 4422 520 4476 Dei
564 4419 735 4491 (Psal.
754 4416 922 4474 XVIII
941 4460 955 4482 ,
972 4416 999 4471 i
1018 4418 1034 4486 )
1055 4458 1070 4485 ,
1091 4430 1213 4486 qum
1229 4413 1472 4484 pleniore
1498 4411 1858 4468 Christiinfu-

1964 4416 2160 4472 rebunt
2190 4430 2203 4466 :
2237 4421 2290 4466 et
2321 4415 2422 4483 per‘
2441 4412 2669 4483 gratiam
2710 4410 3035 4465 delictorum
3084 4419 3400 4479 peceatores
3450 4407 3572 4479 glo-

271 4507 1862 4581 siunemeveautur,virtutesspiritales,quaevidentChris—
1965 4509 2292 4565 riabuntur:
2329 4507 2401 4561 ibi
2432 4507 2641 4561 fructus
2690 4514 2773 4560 est
2805 4504 2966 4573 ﬁdei,
3002 4503 3088 4559 hic
3136 4493 3380 4574 perﬁdia;
3409 4501 3571 4560 lasci‘

272 4611 609 4668 tum.Docuit
641 4623 740 4663 nos
769 4605 936 4663 David
966 4603 1421 4675 quemadmodum
1440 4603 1521 4658 har
1540 4613 1862 4659 moveantur
1967 4605 2072 4658 via.
2126 4601 2384 4657 Fructum
2429 4600 2559 4654 mihi
2606 4598 2852 4656 ﬁculnea:
2922 4598 3180 4672 agricola:
3250 4597 3564 4672 Evangelici

271 4706 512 4761 virtutes.
549 4703 776 4758 dicens:
809 4699 1048 4754 Accedite
1095 4698 1164 4751 ad
1207 4714 1344 4763 eum,
1391 4707 1440 4751 ct
1481 4697 1853 4752 illuminamini
1893 4701 1941 4760 ῐ)
1971 4695 2126 4770 (Luc.
2160 4711 2294 4760 xm,
2324 4691 2380 4765 9)
2407 4692 2615 4748 cultura
2652 4691 2948 4761 promittit,
2982 4689 3272 4759 desperare
3321 4706 3428 4744 non
3475 4689 3575 4744 de-

277 4792 1865 4873 (Psal.xxxut,6).DocuitetiamPaulus(IlCor.m,16)que
1970 4794 2196 4856 bemus,
2226 4792 2269 4844 si
2321 4788 2466 4843 foliis
2516 4787 2762 4844 ficulnea:
2817 4795 3131 4858 peccatores
3179 4800 3240 4842 se
3290 4793 3569 4856 tamquam

281 4886 1868 4958 madmodumChristumvideas;cum.enimconversusfue-
1974 4883 2181 4937 fraudis
2233 4891 2382 4938 veste
2411 4890 2694 4944 texerunt,
2745 4889 2802 4933 ut
2841 4878 3236 4934 conscientiam
3284 4878 3581 4932 vetarent:

281 4992 350 5046 ris
365 4991 433 5046 ad
450 4989 765 5052 Dominum,
789 4985 1030 5040 aufertur
1049 4987 1316 5049 velamen,
1335 4991 1388 5037 et
1403 4982 1554 5035 vides
1567 4980 1870 5035 Christum.
1974 4989 2104 5046 ergo
2135 4961 2264 5028 folia
2291 4983 2544 5042 suspecta
2574 4974 2695 5026 sine
2726 4970 2924 5026 fructu.
2949 4970 3109 5026 Tales
3133 4980 3312 5032 vestes
3342 4966 3581 5040 paradisi

349 5083 440 5138 4i.
482 5080 647 5134 Vides
686 5079 836 5131 illum
883 5077 938 5131 in
984 5077 1237 5131 nubibus.
1289 5075 1404 5129 Non
1451 5073 1699 5144 equidem
1746 5081 1875 5140 puto
1980 5070 2198 5126 exsules
2228 5069 2426 5122 habent
2451 5067 2603 5139 (Gen.
2633 5067 2819 5142 ωσι).

285 5174 424 5248 quod
487 5173 540 5234 iu
599 5171 838 5241 caligine.
904 5169 1197 5234 tenebrosa
1261 5177 1312 5220 et
1363 5169 1594 5232 horrore
1659 5163 1885 5234 pluviali
2051 5163 2210 5235 (Cap.
2239 5160 2481 5218 XXll.-—
2514 5161 2663 5216 V‘ers.
2698 5157 2816 5231 l0.)
2858 5157 2992 5213 Ecce
3034 5155 3412 5214 introeuntibus
3443 5154 3586 5210 vobis

286 5269 534 5327 Christus
553 5263 844 5326 adveniat;
870 5262 1042 5324 nubes
1062 5260 1206 5315 enim
1229 5257 1449 5326 quando
1468 5257 1746 5320 vitientur,
1769 5271 1880 5310 οω-
1986 5259 2038 5310 in
2087 5256 2338 5309 civitatem
2361 5294 2374 5318 ,
2409 5262 2640 5306 occurret
2707 5252 2851 5306 vobis
2877 5250 3030 5304 homo
3087 5251 3392 5311 amphoram
3435 5254 3588 5316 aqua

290 5363 397 5418 lum
430 5361 616 5430 utique
640 5355 892 5426 caliganti
926 5355 1154 5406 horrore
1180 5351 1492 5406 subtexunt.
1519 5347 1589 5402 Et
1609 5345 1880 5417 quomodo
1989 5358 2220 5419 portans.
2976 5405 2978 5408 ν

304 5472 351 5509 ιιι
384 5453 498 5508 sole
530 5429 710 5521 posuit
733 5446 1140 5504 tabernaculum
1158 5459 1311 5498 suum
1332 5441 1510 5514 (Psol.
1545 5455 1698 5512 xvm,
1721 5438 1801 5510 6),
1845 5439 1890 5500 si
2064 5438 2153 5494 46.
2197 5439 2400 5492 Bonum
2430 5447 2513 5493 est
2539 5437 2885 5493 considerare
2917 5436 3008 5492 ubi
3053 5434 3312 5492 Dominus
3342 5441 3368 5470 α
3391 5429 3593 5501 pascha

306 5547 550 5618 pluvialis
598 5542 704 5607 erit
731 5541 849 5614 ejus
873 5538 1176 5598 adventus?
1995 5533 2176 5592 faciat.
2211 5531 2525 5590 Secundum
2547 5531 2856 5585 Mattbmum
2888 5530 3055 5588 habes
3086 5546 3101 5583 z
3133 5526 3215 5581 Ite
3239 5527 3295 5579 in
3336 5525 3596 5578 civitatem

376 5639 463 5693 ιε.
504 5637 609 5692 Sed
637 5645 767 5691 sunt
791 5634 959 5689 nubes
1005 5648 1162 5703 quae,
1193 5630 1316 5701 quia
1367 5630 1446 5684 sic
1493 5635 1738 5698 oportet,
1780 5640 1893 5682 οω-
2002 5627 2078 5681 ad:
2098 5627 2371 5697 quemdam
2398 5625 2613 5696 (Matth.
2650 5641 2794 5690 xxvi,
2830 5625 2918 5693 18)
2974 5621 3212 5677 Primum
3256 5619 3593 5686 majestatcm

310 5732 459 5788 leStis
487 5731 751 5786 obtexunt
780 5727 1019 5799 mysterii
1042 5726 1345 5780 clarilatem
1380 5742 1392 5777 :
1429 5734 1553 5778 sunt
1581 5722 1749 5776 nubes
1777 5736 1898 5792 qua:
2001 5724 2299 5792 divinitatis
2326 5724 2574 5778 advorte.
2612 5719 2754 5778 Cum
2780 5719 3065 5788 discipulis
3094 5718 3329 5785 loquitur
3350 5754 3363 5777 ,
3408 5719 3462 5765 et
3490 5710 3606 5776 jam

316 5805 439 5888 rure
462 5821 939 5896 gratiaxswitalis
967 5821 1306 5880 humescant.
1351 5816 1555 5885 Aspice
1599 5815 1801 5870 nubem
1847 5815 1900 5878 iu
2006 5818 2154 5874 novit
2201 5816 2332 5886 quid
2376 5815 2508 5871 alibi
2553 5816 2624 5867 sit
2670 5815 2928 5868 futurum.
2963 5809 3167 5866 Deinde
3221 5805 3593 5873 dignationem

380 5949 405 5978 “
462 5917 589 5997 Mss.
622 5937 886 6003 nonnulli,
908 5934 976 5990 ad
1005 5938 1197 6005 pascha
1219 5932 1380 6006 (unus
1399 5931 1455 5984 in
1480 5924 1695 5999 pascha)
1715 5926 1898 5982 veniat.
