4040 6562
492 335 628 393 18H

1783 330 2025 387 saxum
2066 304 2391 388 Auanosn

3689 327 3836 383 ιιιιιι

483 451 603 523 ejus
652 454 905 516 intuere;
939 450 1067 523 quia
1100 466 1207 507 non
1240 464 1469 521 persona
1511 449 1698 504 divitis
1726 457 1815 503 aut
1846 446 2088 518 potentis
2116 450 2170 510 Α
2194 454 2507 518 proventus.
2558 445 2810 501 Omnium
2856 445 3248 501 elementorum
3293 443 3618 500 substantia
3646 484 3665 509 ,
3719 458 3837 499 cm-

486 545 710 616 eligitur
745 563 759 601 :
791 544 887 601 sed
939 559 1148 616 pauper
1193 543 1453 609 ambitur,
1486 552 1541 598 et
1568 532 1857 612 angustum
1902 541 2091 610 hoSpi-

488 639 625 695 tium
668 639 922 711 pauperis
965 639 1159 709 amplis
1199 638 1461 693 nobilium
1513 636 1721 692 aedibus
1766 635 2087 690 antefertur.

488 733 603 801 Ite,
637 735 845 805 inquit,
879 734 947 787 ad
988 733 1290 804 quemdam.
1325 731 1571 797 Sciebas,
1603 732 1860 797 Domine,
1890 744 2090 785 nomen

491 827 612 897 ejus
632 869 647 894 ,
672 835 699 864 ⁸
743 826 895 895 cujus
923 825 1136 879 sciebas
1184 824 1569 889 ministerium,
1602 822 1815 878 sciebas
1845 820 2093 875 ministe-

486 921 628 975 rium
678 918 834 989 cujus
886 918 1095 973 scivbas
1151 932 1441 972 occursum
1478 934 1492 972 :
1524 916 1619 971 sed
1668 916 1791 970 ideo
1840 914 1958 969 sine
1997 929 2093 969 no-

492 1011 635 1066 mine
681 1011 1028 1080 designatur,
1067 1018 1125 1064 nt
1177 1010 1430 1080 ignobilis
1478 1010 1797 1064 :cstimetur.
1833 1007 1973 1062 Nihil
2007 1008 2093 1062 hic

488 1102 885 1172 compositum,
944 1102 1035 1158 ubi
1105 1117 1213 1157 non
1277 1102 1602 1172 exprimitur
1672 1116 1935 1168 persona,
1992 1100 2093 1155 sed

487 1209 670 1250 causa.
723 1194 1034 1250 Secundum
1079 1196 1317 1251 Marcum
1367 1207 1587 1263 autem,
1640 1195 1904 1266 Lageuam
1947 1210 2094 1265 aqua:

487 1297 700 1357 portans
728 1285 925 1359 (Marc.
951 1304 1062 1354 xtv,
1096 1289 1210 1358 15).
1244 1288 1340 1343 ilic
1364 1303 1494 1359 ergo
1516 1288 1778 1357 apostolis
1805 1287 2093 1342 mandatur

485 1381 819 1452 sequendus.

554 1476 647 1531 47.
695 1475 876 1546 (Vers.
907 1476 1005 1537 ii.
1061 1474 1177 1544 12.)
1220 1476 1280 1530 Et
1335 1474 1614 1544 quomodo
1663 1472 2094 1545 paterfamilias?

486 1564 557 1623 Ut
606 1582 873 1636 agnoscas
900 1568 1205 1622 sanctitatis
1231 1566 1606 1623 definitionem
1636 1582 1791 1632 esse,
1822 1582 1929 1621 non
1959 1581 2093 1621 cen-

486 1678 603 1725 sus.
632 1661 921 1730 Quomodo
946 1661 973 1699 δ
1000 1666 1053 1716 in
1086 1661 1461 1733 superioribus
1494 1661 1700 1718 habens
1727 1670 1954 1716 stratum
1990 1675 2097 1715 ma-

485 1755 693 1827 gnum?
722 1754 794 1811 Ut
824 1770 1075 1826 magnum
1117 1756 1368 1810 meritum
1401 1756 1521 1825 ejus
1567 1754 1851 1820 advertas,
1884 1755 1936 1808 in
1983 1768 2094 1824 quo

485 1847 752 1903 Dominus
800 1862 923 1903 cum
972 1846 1254 1918 discipulis
1306 1849 1621 1903 sublimium
1668 1849 1925 1901 virtutum
1973 1847 2093 1915 ejus
2123 1848 2169 1907 Β
2199 1848 2336 1916 Dei,
2371 1860 2596 1920 propter
2641 1864 2956 1920 expressam
2990 1850 3042 1904 in
3086 1865 3145 1905 se
3177 1858 3417 1920 paternae
3464 1847 3819 1905 claritudinis

484 1943 850 1998 delectatione
898 1942 1287 2014 requiesceret.
1322 1942 1540 1997 Utinam
1593 1957 1724 2013 ergo
1777 1940 1910 1996 mihi
1956 1954 2091 1995 con-

488 2034 664 2105 tingat
713 2034 1030 2103 amphoram
1078 2050 1235 2104 aquzc
1285 2043 1538 2102 portare,
1569 2036 1851 2104 contingat
1882 2029 2096 2104 1514

487 2128 739 2199 lagenam
786 2143 942 2198 aquae
986 2136 1234 2197 portare,
1269 2142 1430 2197 quam
1466 2133 1644 2195 portat
1674 2124 2091 2194 paterfamilias,

486 2219 699 2276 habens
744 2218 797 2275 in
826 2217 1199 2289 superioribus
1245 2226 1476 2272 stratum
1520 2230 1793 2287 magnum.
1828 2214 1971 2283 Quid
2013 2223 2098 2269 est

490 2313 638 2367 cnim
666 2313 933 2381 amphora
954 2351 968 2375 ,
1002 2310 1105 2365 nisi
1132 2320 1153 2347 ε
1198 2323 1451 2365 mensura
1478 2306 1801 2378 perfectior?
1832 2306 1949 2361 Non
1982 2322 2096 2361 me-

488 2407 707 2462 diocres
736 2406 830 2477 qui
876 2419 1185 2461 mensuram
1235 2403 1455 2459 habent.
1501 2402 1743 2472 Denique
1788 2400 2093 2455 Dominus:

492 2498 552 2554 Μ
561 2516 824 2566 ensuram,
858 2498 1052 2569 inquit,
1098 2497 1286 2552 bonam
1316 2507 1621 2552 commotam
1650 2538 1665 2562 ,
1694 2497 2099 2568 superﬂuentem

493 2592 686 2647 dabunt
715 2592 855 2647 vobis
886 2590 1039 2665 (Luc.
1076 2607 1159 2659 vr,
1183 2588 1306 2661 '58).

565 2687 657 2741 48.
699 2685 834 2741 Nam
864 2686 933 2741 de
960 2700 1096 2755 aqua
1127 2685 1259 2756 quid
1289 2686 1513 2755 loquar?
1536 2685 1711 2755 Super
1737 2698 1933 2755 aquam
1974 2691 2100 2737 ante

490 2780 641 2852 ipsos
674 2780 859 2835 mundi
889 2779 1099 2835 natales
1126 2787 1369 2845 sanctus,
1406 2788 1461 2832 ut
1492 2779 1720 2849 legitur,
1757 2777 1993 2845 Spiritus
2020 2774 2101 2830 fe-

490 2873 713 2928 rebatur
740 2870 893 2945 (Gen.
927 2889 977 2938 ι,
1003 2872 1085 2943 2).
1119 2870 1167 2927 0
1194 2887 1334 2940 aqua
1354 2913 1369 2934 ,
1397 2887 1518 2942 qua:
1548 2874 1784 2925 humano
1814 2882 2098 2938 aspersum

489 2968 792 3038 sanguine,
841 2974 903 3021 ut
954 2966 1302 3036 praesentium
1350 2966 1691 3020 lavacrornm
1738 2964 1909 3035 figura
1959 2979 2097 3033 [πίει

490 3058 748 3124 cederet,
779 3058 967 3112 orbem
1012 3066 1283 3113 terrarum
1318 3058 1495 3113 lavisti
1523 3060 1535 3111 !
1566 3058 1610 3114 Ο
1655 3072 1830 3127 aqua,
1858 3072 1980 3127 qua:
2015 3070 2102 3109 sa-

490 3162 832 3207 cramentum
865 3152 1069 3207 Christi
1099 3168 1220 3207 esse
1251 3153 1535 3219 meruisti,
1565 3168 1686 3223 quae
1721 3152 1870 3206 lavas
1896 3149 2097 3217 omnia,

2170 1536 2173 1537 ν
2196 1473 2369 1542 posuit
2396 1470 2523 1527 mihi
2553 1472 2712 1527 Pater
2738 1489 2881 1527 meus
2909 1488 3148 1543 regnum.

2193 540 2299 593 lum
2322 579 2337 606 ,
2367 553 2484 604 aer,
2514 552 2683 604 mare,
2714 546 2771 593 et
2802 545 2947 592 terra
2985 546 3036 591 te
3067 535 3323 591 reddunt.
3357 534 3439 591 Te
3479 534 3833 606 prophetico

2192 645 2449 703 percussa
2482 639 2650 697 tactu,
2677 639 2738 684 ut
2772 630 3070 685 sitientium
3117 629 3326 700 rigares
3348 628 3525 701 corda
3575 630 3835 701 populo-

2194 740 2338 791 rum,
2372 726 2579 779 vomuit
2621 736 2775 796 petra
2820 724 3018 794 (Exod.
3056 740 3192 791 xvn,
3226 722 3284 795 6)
3315 742 3327 778 :
3364 733 3441 791 te,
3474 738 3611 779 cum
3647 721 3728 777 de
3756 724 3836 777 ia-

2194 827 2309 874 tere
2359 818 2658 875 Salvatoris
2703 833 3055 888 crumperes,
3101 831 3457 887 percussores
3508 816 3829 882 viderunt,

2192 926 2248 969 et
2289 913 2639 969 crediderunt
2671 911 2856 985 (loan.
2890 928 3013 979 XIX,
3042 914 3136 979 54)
3168 930 3182 967 :
3211 922 3267 989 et
3314 912 3440 967 ideo
3492 926 3830 982 regenera-

2195 1008 2357 1060 tionis
2404 1015 2601 1061 nostrae
2647 1007 2713 1061 de
2745 1007 2916 1061 tribus
2946 1020 3049 1059 una
3097 1020 3157 1060 es
3184 988 3449 1069 testibus;
3509 1014 3636 1059 tres
3670 1005 3828 1059 enim
3934 988 3945 1049 κέ

2194 1108 2363 1155 testes
2388 1110 2537 1166 sunt,
2567 1114 2725 1171 aqua,
2758 1099 3000 1171 sanguis,
3036 1108 3092 1154 et
3115 1098 3341 1168 spiritus
3369 1098 3418 1170 (l
3446 1098 3621 1154 Joan.
3658 1114 3722 1164 γ,
3744 1098 3825 1167 8).

2195 1194 2345 1262 Aqua
2375 1193 2443 1248 ad
2473 1194 2751 1248 lavacrum
2773 1234 2789 1258 ,
2816 1194 3039 1263 sanguis
3079 1191 3146 1247 ad
3174 1191 3409 1262 pretium
3430 1232 3445 1259 ,
3476 1190 3730 1261 spiritus
3758 1191 3825 1244 ad

2195 1290 2671 1344 resurrectionem.
3936 1310 3941 1355 ξ

2265 1378 2447 1453 (Vers.
2479 1379 2597 1449 29.)
2625 1379 2695 1434 Ει
2726 1397 2821 1452 ego
2849 1381 3057 1452 quidem
3081 1380 3303 1451 dispono
3331 1378 3497 1446 vobis,
3526 1378 3677 1432 sicut
3709 1376 3822 1429 dis-

2266 1566 2357 1621 49.
2400 1566 2644 1636 Regnum
2696 1565 2794 1621 Dei
2844 1581 2950 1619 non
3002 1573 3088 1620 est
3136 1563 3205 1620 de
3250 1563 3355 1620 hoc
3402 1562 3640 1618 mundo.
3703 1558 3819 1614 Non

2195 1674 2326 1730 ergo
2352 1658 2673 1729 mqualitatis
2715 1656 2922 1714 homini
2952 1658 3017 1713 ad
3047 1658 3214 1713 Deum
3234 1698 3250 1723 ,
3283 1657 3380 1713 sed
3427 1653 3818 1712 similitudinis

2196 1758 2473 1813 aemulatio
2498 1766 2609 1824 est;
2641 1758 2792 1813 solus
2836 1759 2983 1813 enim
3012 1756 3259 1813 Christus
3285 1766 3374 1813 est
3418 1757 3585 1827 plena
3631 1756 3819 1825 imago

2199 1942 2460 1997 unitatem
2498 1961 2511 1997 :
2541 1941 2721 2012 justus
2746 1953 2927 1998 autem
2959 1944 3121 1999 homo
3147 1943 3213 1997 ad
3245 1943 3541 2013 imaginem
3576 1940 3687 1996 Dei
3714 1951 3813 2005 est,

2198 2036 2243 2090 si
2275 2046 2495 2105 propter
2542 2036 2859 2092 imitandam
2910 2038 3109 2093 divinae
3132 2036 3573 2093 conversationis
3619 2034 3813 2088 simili-

2200 2128 2440 2184 tudinem
2491 2129 2752 2185 mundum
2799 2129 2942 2183 hunc
2975 2128 3065 2183 Dei
3112 2127 3423 2197 cognitione
3453 2134 3808 2186 contemnat.

2201 2221 2620 2299 voluptatesque
2661 2230 2906 2276 terrenas
2960 2219 3108 2275 verbi
3156 2219 3251 2274 Dei
3299 2220 3669 2289 perceptione
3716 2216 3809 2270 de-

2199 2316 2415 2386 spiciat,
2444 2330 2555 2387 quo
2575 2314 2772 2370 alimur
2803 2317 2859 2370 in
2890 2315 3085 2378 vitam;
3117 2314 3260 2371 unde
3288 2322 3342 2369 et
3370 2326 3581 2382 corpus
3608 2308 3805 2365 Christi

2201 2407 2414 2464 edimus
2439 2407 2543 2478 (De
2564 2423 2768 2477 conseq.
2791 2407 2914 2461 dist.
2945 2405 3003 2473 2,
3028 2422 3147 2475 cap.
3176 2404 3203 2459 1
3211 2423 3243 2459 n
3264 2404 3472 2475 quibus,
3499 2402 3529 2474 ᾗ
3557 2401 3803 2472 Corpus},

2203 2509 2261 2556 ut
2290 2501 2413 2556 vitae
2443 2508 2665 2556 πίει-ηπ
2695 2501 2967 2570 possimus
2991 2512 3114 2554 esse
3165 2496 3476 2568 participes.
3504 2494 3630 2550 Non
3668 2495 3803 2549 enim

2203 2596 2376 2649 victus
2401 2604 2456 2649 et
2487 2602 2648 2664 potus
2678 2592 2836 2648 nobis
2867 2593 3074 2662 praemii
3108 2591 3228 2647 loco
3258 2589 3561 2661 spondetur
3609 2597 3669 2644 et
3714 2588 3801 2641 ho-

2203 2688 2355 2741 noris
2380 2726 2395 2753 ,
2428 2686 2524 2741 sed
2568 2685 2992 2741 communicatio
3031 2684 3221 2755 gratia:
3263 2683 3506 2739 caelestis
3549 2690 3612 2738 et
3640 2680 3799 2735 vitae:

2204 2794 2383 2849 neque
2431 2778 2720 2834 duodecim
2770 2778 2951 2833 throni
2991 2785 3264 2846 tamquam
3294 2776 3474 2846 aliqua
3506 2772 3802 2843 corporalis

2202 2882 2330 2927 sunt
2358 2871 2696 2941 receptacula
2723 2869 2987 2926 sessionis
3012 2867 3196 2939 (Vers.
3229 2867 3354 2940 '50);
3388 2866 3485 2922 sed
3517 2866 3646 2935 quia
3672 2864 3800 2919 sicut

2202 2964 2499 3020 secundum
2557 2964 2796 3019 divinam
2842 2961 3251 3017 similitudinem
3300 2959 3513 3031 judicat
3554 2957 3797 3013 Christus

2202 3062 2511 3130 cognitione
2558 3058 2805 3133 cordium
2832 3100 2848 3125 ,
2896 3074 3003 3112 non
3035 3056 3461 3128 interrogatione
3504 3051 3795 3113 factorum,

2211 3154 2423 3226 1515
2475 3152 2733 3207 virtutem
2779 3166 3134 3207 remunerans
3158 3190 3173 3215 ,
3201 3150 3653 3219 impietatemque
3679 3159 3795 3199 cou-

494 3259 598 3301 nee
627 3245 857 3300 lavaris!
892 3244 973 3300 Tu
999 3246 1194 3313 incipis
1239 3245 1413 3316 prima
1435 3286 1449 3311 ,
1485 3255 1539 3299 tu
1570 3245 1811 3314 comples
1857 3242 2095 3313 perfecta
2128 3248 2173 3312 ρ
2203 3245 2469 3300 demuans
2502 3261 2515 3298 :
2546 3245 2618 3299 ita
2660 3254 2716 3299 et
2741 3244 2974 3314 apostoli
3021 3244 3074 3297 in
3099 3241 3366 3313 judicium
3416 3238 3667 3310 spiritale
3696 3236 3795 3293 for-

497 3341 779 3412 mysteria.
815 3342 857 3394 A
905 3350 956 3395 te
1002 3341 1358 3409 principium,
1392 3341 1444 3394 in
1494 3349 1546 3394 te
1585 3339 1711 3395 finis
1747 3358 1760 3394 :
1793 3339 1876 3394 vel
1925 3338 2103 3408 potius

497 3443 555 3487 tu
610 3432 742 3488 facis
789 3442 847 3487 ut
894 3433 1055 3487 finem
1108 3434 1435 3488 nesciamus.
1488 3433 1591 3487 Per
1642 3442 1695 3487 te
1740 3432 1879 3486 fetor
1907 3430 2103 3486 tabida:

500 3525 684 3579 carnis
712 3524 998 3592 aboletur,
1030 3534 1085 3580 et
1112 3525 1399 3594 pereuntia
1430 3525 1536 3579 situ
1584 3524 1792 3579 viscera
1822 3523 1847 3561 ἀ
1878 3538 2102 3593 asperso

500 3618 635 3683 sale,
669 3619 720 3672 in
752 3619 977 3674 multam
1009 3628 1301 3673 servantur
1327 3627 1565 3673 aetatem.
1601 3617 1702 3673 Per
1734 3628 1785 3672 te
1821 3617 2103 3672 arentibus

498 3719 634 3783 aestu
664 3711 991 3781 corporibus
1031 3711 1205 3766 dulcis
1250 3711 1315 3765 ad
1347 3713 1612 3782 gratiam,
1642 3710 1897 3765 salutaris
1924 3710 1988 3764 ad
2024 3710 2103 3764 vi-

499 3806 642 3871 tam,
684 3808 865 3861 suavis
927 3807 993 3861 ad
1045 3806 1379 3876 voluptatem
1442 3818 1601 3877 potus
1647 3807 1968 3863 infunditur.
2020 3807 2101 3861 Tu

497 3911 695 3952 nomen
747 3897 1025 3968 prophetis
1074 3909 1129 3954 et
1172 3900 1471 3967 apostolis,
1502 3910 1557 3953 tn
1606 3914 1801 3955 nomen
1831 3900 2101 3955 Salvatori

494 3988 695 4044 dedisti
728 4007 740 4043 :
777 3990 857 4044 illi
891 3991 1062 4045 nubes
1084 3990 1209 4047 cteli
1238 3990 1409 4063 (Esai.
1444 4008 1533 4059 ιι,
1557 3990 1673 4063 8),ε
1698 3992 1777 4047 illi
1805 3994 1883 4047 sal
1917 3992 2102 4047 mundi

500 4080 719 4151 (Matth.
751 4100 817 4150 v,
856 4084 967 4156 i5),
1015 4084 1120 4138 iste
1161 4083 1283 4140 fons
1328 4085 1452 4140 vita:
1499 4094 1580 4140 est
1629 4084 1811 4157 (Joan.
1846 4101 1950 4150 vn,
1981 4084 2099 4155 58).

502 4173 636 4243 Quae
685 4176 957 4231 montibus
998 4192 1183 4247 pressa
1232 4188 1337 4230 non
1370 4177 1642 4232 clauderis
1666 4219 1681 4243 ,
1715 4192 1836 4247 quae
1865 4178 2105 4247 scopulis

498 4265 643 4321 illisa
676 4283 779 4322 non
814 4266 1101 4337 frangeris,
1135 4284 1255 4338 quas
1293 4270 1453 4323 terris
1499 4269 1675 4323 infusa
1730 4285 1836 4323 non
1866 4269 2056 4325 deficis
2087 4288 2101 4326 :

497 4359 596 4414 sed
642 4358 849 4414 intimis
895 4360 1196 4416 scaturiens
1245 4362 1435 4426 venis,
1466 4371 1561 4416 aut
1604 4362 1852 4433 spiritum
1898 4364 2103 4420 inclusa

494 4449 714 4506 vitalem
747 4451 979 4518 inhalas,
1010 4461 1103 4507 aut
1127 4467 1351 4507 succum
1380 4450 1555 4507 infusa
1587 4453 1818 4508 fertilem
1856 4464 2103 4524 praestas,

508 4539 527 4577 τ
552 4551 645 4597 aut
670 4543 844 4612 rigatu
867 4544 1149 4615 superfusa
1183 4545 1248 4599 ad
1301 4545 1647 4600 commodum
1679 4547 2062 4605 subministras
2088 4566 2102 4613 ;

2207 3346 2421 3392 mantnr
2466 3338 2907 3392 remuneratione
2952 3334 3111 3402 fidei,
3139 3343 3195 3391 et
3236 3331 3617 3389 exsecratione
3647 3329 3792 3401 perli-

2205 3432 2311 3488 diae
2336 3475 2351 3498 ,
2384 3432 2581 3487 virtute
2609 3446 2856 3487 errorem
2899 3429 3317 3501 redarguentcs,
3348 3425 3654 3496 sacrilegos
3680 3423 3791 3479 odio

2208 3534 2618 3596 persequentes.

2277 3618 2366 3672 50.
2406 3614 2802 3672 Convertamur
2848 3616 3043 3688 igitur,
3073 3623 3130 3671 et
3176 3626 3465 3670 caveamus
3493 3627 3563 3668 ne
3597 3612 3651 3667 in
3677 3626 3787 3684 per-

2206 3710 2469 3765 ditionem
2505 3710 2683 3781 aliqua
2735 3709 2877 3765 inter
2908 3724 3010 3764 nos
3037 3708 3105 3764 de
3133 3706 3453 3778 praelatione
3485 3706 3657 3776 possit
3680 3718 3787 3760 esse

2202 3800 2516 3865 contentio;
2548 3801 2595 3856 si
2636 3802 2781 3857 enim
2825 3800 3230 3857 contendebant
3259 3798 3523 3869 apostoli,
3556 3812 3663 3853 non
3700 3813 3785 3852 ex-

2204 3895 2474 3950 cusntioni
2522 3894 2866 3961 obtenditur,
2918 3894 3012 3949 sed
3066 3892 3307 3949 cautioni
3355 3892 3693 3962 proponitur.
3736 3891 3783 3945 Si

2207 3985 2400 4041 Petrus
2447 3985 2739 4057 aliquando
2784 3985 3156 4054 convertitur,
3188 3985 3277 4056 qui
3320 3984 3390 4039 ad
3421 3984 3649 4054 primam
3693 3983 3783 4038 Do-

2207 4080 2337 4135 tnini
2368 4088 2588 4136 secutus
2628 4089 2711 4136 est
2740 4095 2927 4136 vocem
2956 4080 3173 4152 (Matth.
3204 4095 3255 4134 tv
3275 4121 3289 4144 ,
3316 4078 3442 4149 20),
3471 4080 3592 4150 quis
3625 4088 3784 4150 potest

2204 4174 2391 4229 dicere
2413 4174 2524 4228 cito
2572 4188 2632 4229 se
2662 4187 2784 4244 esse
2823 4172 3194 4229 conversum?
3234 4172 3377 4230 Cave
3422 4188 3552 4244 ergo
3594 4172 3779 4243 jactan-

2206 4269 2336 4324 tiam
2356 4309 2371 4333 ,
2419 4282 2551 4324 cave
2578 4269 2871 4334 saeculum;
2901 4268 2992 4324 ille
3017 4268 3163 4324 enim
3209 4266 3540 4323 confirmare
3582 4266 3779 4338 jubetur

2204 4362 2404 4418 fratres
2452 4376 2583 4418 suos
2624 4363 2717 4433 qui
2744 4362 2879 4418 dixit
2914 4379 2927 4417 :
2965 4361 3152 4417 Omnia
3200 4361 3525 4428 dimisimus,
3551 4369 3599 4416 et
3644 4362 3777 4414 σείειιὲ

2205 4473 2381 4511 sumus
2411 4467 2458 4511 te
2478 4456 2632 4532 (Luc.
2660 4474 2815 4527 xvnt,
2846 4457 2965 4530 28).

2280 4552 2369 4608 5|.
2415 4553 2618 4609 Deinde
2646 4553 3015 4610 contuendum
3033 4563 3127 4611 .est
3153 4555 3280 4625 quia
3308 4564 3335 4602 κ
3363 4569 3472 4611 non
3502 4555 3675 4610 omnis
3696 4552 3775 4609 bo-

500 4648 572 4690 ne
598 4636 814 4693 siccatis
841 4639 1117 4693 exinanita
1149 4636 1405 4694 vitalibus
1424 4681 1438 4706 ,
1470 4638 1743 4695 solemnes
1772 4651 1932 4712 neget
1963 4651 2105 4697 terra
2133 4636 2187 4697 D
2212 4646 2568 4702 noriﬁcentite
2614 4646 2795 4704 studio
2842 4647 3119 4704 humilitas
3148 4647 3438 4715 definitur;
3469 4657 3621 4719 potes
3652 4649 3773 4704 enim

576 4814 601 4887 ξι
639 4802 714 4858 ita
738 4802 1396 4890 .decem'mss..melioris
1438 4802 1790 4890 not_ae_.‘Alii,
1829 4815 1884 4861 et
1929 4805 2089 4874 edit.,

502 4877 650 4946 cujus
675 4874 867 4929 sciebas
890 4876 1250 4943 ministerium,
1283 4879 1435 4949 cujus
1462 4877 1657 4931 sciebas
1686 4893 1974 4932 occursum.

580 4947 607 4985 δ
645 4945 827 5001 Innuit
858 4946 1175 5001 Ambrosius
1201 4957 1437 5002 veterem
1483 4949 1938 5005 consuetudinem
1983 4964 2096 5006 cm-

502 5016 668 5073 nandi
716 5017 767 5071 in
808 5015 1003 5072 mdium
1050 5026 1200 5085 parte
1242 5018 1541 5087 superiori;
1588 5019 1728 5074 unde
1756 5022 2092 5077 eteuacuium

503 5088 688 5161 Marco
708 5102 818 5153 xw,
841 5088 925 5161 15,
945 5088 1143 5161 dicitur
1157 5092 1376 5161 ἁνὼγεον
1398 5107 1409 5142 :
1429 5106 1532 5160 qua
1555 5090 1623 5161 de
1653 5105 1711 5146 re
1732 5092 1956 5145 consule
1978 5091 2095 5147 Cri-

503 5159 846 5235 ticossocros
868 5159 923 5213 in
950 5174 1073 5214 eum
1093 5159 1295 5235 locum,
1321 5175 1549 5217 necnon
1579 5160 1889 5217 Struchium
1917 5165 2091 5235 Antiq.

502 5232 700 5285 conviv.
730 5229 819 5284 lib.
855 5246 914 5295 ll,
940 5246 1060 5301 cap.
1091 5231 1181 5285 is.

577 5311 600 5339 ε
641 5302 843 5374 Omnes
870 5302 1259 5372 prOpemodum
1293 5318 1449 5371 mss.,
1496 5319 1735 5359 mensura
1785 5303 2056 5374 perfectior
2080 5348 2095 5371 ,

499 5389 605 5427 non
645 5373 958 5427 mediocrem
1007 5389 1299 5428 mensuram
1348 5377 1576 5430 habens?
1628 5373 1883 5432 Potiores'
1918 5388 2097 5435 tamen

506 5444 612 5513 hoc
641 5445 762 5499 loco
791 5444 1044 5498 videntur
1064 5444 1195 5500 edit.
1458 5510 1459 5513 η

576 5511 603 5551 ἀ
629 5516 817 5591 Ouum
837 5529 905 5571 ex
936 5515 1037 5591 h_oc
1067 5518 1205 5591 loco,
1240 5524 1351 5591 tum
1380 5532 1445 5591 ex
1467 5515 1738 5589 Origenis,
1768 5520 2095 5591 Augustini,

504 5586 822 5663 et_alioru_m
855 5585 1178 5663 testimoniis
1206 5585 1589 5663 antiquitatem
1612 5592 1747 5663 ritus
1775 5585 1919 5663 illius
1945 5634 1961 5656 ,
1990 5585 2098 5663 quo

506 5658 587 5711 sal
612 5658 1017 5712 catechumenis
1041 5659 1092 5713 in
1117 5674 1177 5713 os
1210 5658 1483 5725 inseritur,
1506 5662 1744 5716 ostendit
1769 5661 1885 5719 Jos.
1936 5658 2094 5720 Vice-

505 5740 693 5802 come_s
719 5729 784 5802 de
802 5729 973 5799 Antiq.
1003 5728 1160 5802 Bapt.
1184 5730 1273 5785 rit.
1300 5746 1361 5783 ac
1381 5746 1587 5787 aerem.
1620 5732 1716 5787 lib.
1744 5747 1806 5800 ιι,
1852 5748 1973 5802 cap.
1999 5735 2094 5791 42.

583 5750 693 5784 mea
719 5750 782 5782 ae
802 5750 973 5799 anttq.
1003 5750 1160 5802 Dttpt.
1184 5750 1273 5785 ττι.
1300 5750 1361 5783 ac
1381 5750 1587 5787 cwrem.
1620 5750 1716 5787 ιιι).
1744 5750 1806 5800 Il,
1852 5750 1912 5789 ca
1959 5775 1973 5790 .
1999 5750 2094 5791 4'1.

583 5810 605 5834 σε
648 5799 896 5869 Plerique
933 5812 1089 5867 mss.,
1136 5802 1226 5856 ille
1265 5802 1344 5856 sat
1394 5803 1657 5874 (nonnulli
1714 5804 1801 5859 ille
1832 5750 2097 5877 ΔδιιῘῖιαιωη)

2203 4807 2387 4880 mundi
2414 4823 2431 4862 :
2460 4817 2515 4861 ιιι
2537 4810 2649 4880 fons
2678 4808 2887 4880 vithes,
2911 4823 3045 4876 quur,
3074 4816 3183 4864 etc.

2280 4878 2298 4917 τ
2342 4879 2467 4952 Mss.
2495 4878 2602 4934 nun
2654 4879 2831 4952 pauci,
2861 4888 2918 4935 et
2945 4888 3061 4952 ant.
3080 4879 3239 4947 edit.,
3262 4891 3351 4934 aut
3376 4880 3602 4950 rigatum
3621 4898 3770 4952 super-

2203 4950 2420 5023 fusaad
2449 4950 2772 5023 cornutodum
2790 4951 3166 5017 subministras,
3183 4968 3244 5006 ne
3254 4952 3460 5005 siccatis
3484 4950 3766 5019 mminata,

2203 5021 2307 5079 etc.
2331 5021 2476 5092 Edit.
2498 5022 2655 5077 Rom.
2688 5021 2813 5075 hinc
2835 5031 3041 5077 tantum
3061 5025 3319 5090 espunsit
3336 5025 3763 5092 praepositionem,

2203 5108 2363 5164 quam
2394 5091 2536 5149 forte
2563 5093 2761 5148 melius
2785 5108 2908 5149 cum
2945 5092 3215 5163 adjectivo
3263 5091 3673 5164 coniunxisset,
3720 5107 3766 5151 ut

2200 5173 2348 5220 esset
2372 5164 2786 5228 adcommodum,
2840 5180 2937 5233 pro
2965 5165 3350 5220 accommodum
3368 5206 3382 5228 ,
3411 5174 3470 5220 ut
3493 5183 3632 5223 nunc
3657 5169 3764 5224 scri-

2206 5235 2405 5291 bimus.
2439 5235 2567 5292 Mss.
2602 5250 2739 5291 vero
2790 5235 2976 5306 plures
3008 5252 3071 5291 ac
3120 5238 3363 5307 potiores
3391 5236 3662 5293 nobiscum
3705 5239 3765 5293 fa-

2206 5309 2375 5363 ciunt.
2403 5306 2479 5364 Ita
2504 5323 2665 5378 porro
2696 5307 2873 5380 locum
2898 5306 3261 5380 interpretare
3286 5307 3421 5380 acrsi
3452 5308 3668 5380 legeres.
3696 5320 3766 5365 aut

2205 5380 2375 5449 rigatu
2415 5380 2691 5449 superfusa
2722 5378 2789 5431 ad
2833 5379 3105 5434 utilitatem
3129 5379 3261 5435 illud
3288 5378 3671 5450 subministras,
3716 5398 3764 5437 ne

2206 5452 2440 5506 videlicet
2460 5493 2475 5515 ,
2516 5460 2624 5505 etc.

2236 5526 2247 5531 ”
2284 5532 2308 5569 8
2347 5522 2549 5577 Omnes
2592 5520 2726 5593 edit.
2747 5562 2762 5588 ,
2794 5537 2898 5575 non
2926 5524 3094 5577 omnis
3134 5523 3543 5593 honoriﬁcentia:
3571 5525 3761 5582 studium

2207 5594 2516 5649 humilitatis
2562 5592 2771 5659 (Rom.,
2805 5593 3096 5665 humilitas)
3123 5592 3386 5663 delinitur.
3430 5595 3626 5661 Scripti
3661 5597 3759 5652 cod.

2203 5680 2401 5735 magno
2432 5679 2660 5723 numero
2682 5708 2697 5732 ,
2730 5673 2789 5718 ut
2818 5680 2917 5720 nos
2940 5667 2994 5720 in
3024 5675 3192 5724 textu.
3236 5666 3365 5721 Post
3410 5682 3572 5724 voces
3615 5679 3758 5724 autem

2202 5752 2306 5791 non
2334 5736 2502 5790 omnis
2554 5736 2979 5808 honoriﬁcentia,
3009 5736 3514 5808 subintelligendum
3544 5751 3642 5807 est,
3666 5741 3760 5795 aliis

2206 5808 2535 5871 exhibenda;
2559 5807 3012 5876 quemadmodum
3035 5805 3314 5880 sequentia
3330 5808 3548 5880 planum
3572 5805 3753 5868 faciunt;
