4040 6496
177 404 373 464 1817

1229 404 1594 464 EXPOSITIO
1632 406 1887 466 EVANG.
1930 409 2078 468 SEC.
2122 412 2272 470 LUC.
2316 411 2443 469 LIB.
2487 413 2556 470 Χ.

3382 415 3524 474 1818

173 517 441 578 deferre
481 520 640 577 alicui
671 529 892 593 propter
921 520 1103 576 Saeculi
1138 522 1390 592 gratiam,
1425 520 1678 592 potentiae
1703 537 1820 577 me-
1848 525 1902 584 A
1927 540 2086 596 quam
2116 527 2382 599 suscepta:
2429 527 2496 583 ad
2527 505 2742 602 tempus.
2787 527 3116 586 inﬁrmitatis
3156 529 3448 594 inclinant,
3481 540 3538 588 et

173 621 335 670 tum
357 659 371 684 ,
402 616 753 685 utilitatisque
793 615 1118 670 contnitum.
1146 615 1259 670 Tua
1297 614 1584 671 aediﬁcatio
1622 613 1822 686 quaeri-

173 712 300 763 tur
321 749 343 774 ,
373 725 480 764 non
501 708 728 764 alterius
756 706 932 762 honor
958 726 972 763 :
1005 718 1060 764 et
1091 707 1216 764 ideo
1239 724 1346 764 una
1373 708 1534 764 datur
1564 706 1817 763 omnibus

174 797 394 856 forma
423 802 741 868 sementim,
774 810 833 856 ut
859 817 967 856 non
995 801 1063 857 de
1092 801 1406 873 przelatione
1428 801 1691 872 iactantia
1721 800 1816 868 sit,

167 891 303 947 sed
343 892 410 949 de
439 892 744 950 humilitate
770 896 1084 956 contentio;
1113 909 1287 965 eoque
1319 909 1379 949 se
1408 893 1666 948 Dominus
1694 909 1819 964 pro-

172 985 366 1053 ponit
389 986 734 1043 imitaudum.
760 987 1065 1058 Egebamus
1086 987 1346 1051 omnium,
1373 987 1486 1057 ipse
1509 987 1812 1053 nullorum;

165 1086 242 1130 et
287 1086 482 1134 tamen
514 1080 745 1150 praebuit
773 1095 835 1134 se
864 1079 1184 1135 humilitatis
1210 1090 1518 1147 auctorem,
1553 1094 1676 1134 cum
1707 1080 1820 1134 dis-

168 1153 408 1239 cipulis
438 1171 791 1228 ministraret.
823 1170 979 1239 Quod
1007 1171 1193 1243 utique
1219 1186 1326 1226 non
1359 1169 1588 1226 faciebat
1628 1171 1816 1227 studio

85 1301 88 1303 λ
168 1263 493 1330 utilitatis,
527 1264 624 1320 sed
655 1266 1050 1321 exercitatione
1077 1265 1318 1321 virtutis.

264 1354 374 1410 52.
423 1354 606 1427 (Vers.
639 1356 758 1428 51.)
788 1356 982 1412 Petrus
1026 1366 1204 1414 autem
1255 1357 1362 1414 etsi
1407 1356 1605 1428 spiritu
1635 1372 1817 1428 prom-

173 1457 342 1519 ptus
365 1492 380 1516 ,
404 1451 653 1521 corporis
682 1460 860 1507 tamen
887 1450 1064 1508 adhuc
1096 1451 1341 1508 inﬁrmus
1367 1451 1564 1508 aﬂ'ectu
1604 1451 1818 1507 denun-

176 1542 378 1598 tiatur
405 1543 690 1599 Domiuum
737 1553 1064 1614 negaturus;
1100 1560 1276 1615 neque
1302 1545 1448 1599 enim
1479 1554 1687 1615 poterat
1732 1545 1816 1601 di-

175 1636 354 1690 vina:
377 1637 736 1707 constantiam
770 1636 1090 1692 intentionis
1118 1652 1354 1708 :equare.
1386 1638 1573 1693 Passio
1599 1638 1813 1693 Domini

177 1731 438 1786 aemulos
468 1731 660 1799 habet,
690 1745 845 1801 pares
876 1746 980 1786 non
1013 1731 1194 1786 habet.
1227 1732 1304 1787 lta
1333 1747 1443 1788 non
1473 1731 1814 1802 reprehendo

175 1822 355 1892 quod
407 1823 658 1893 negavit,
709 1823 870 1878 laudo
910 1823 1053 1894 quod
1103 1823 1270 1880 ﬁevit.
1314 1824 1472 1880 Aliud
1522 1840 1814 1880 commune

1922 619 2184 673 naturalis
2209 635 2429 676 sensum
2461 621 2689 693 cupiunt
2717 622 3042 694 detorquere
3083 625 3390 680 sententiae.
3418 623 3534 694 Ego
3615 632 3624 640 ‘

1920 718 2100 764 autem
2132 725 2240 767 non
2288 713 2466 768 solum
2501 714 2872 771 excusandum
2906 731 3012 772 non
3041 725 3209 788 puto,
3241 716 3337 772 sed
3366 716 3530 772 etiam

1920 816 2186 873 nusquam
2217 807 2389 875 magis
2431 808 2688 877 pietatem
2726 809 2844 879 ejus
2878 808 3324 881 maiestatemque
3359 809 3532 864 demi-

1918 909 2042 961 ror;
2075 897 2257 952 minus
2283 900 2428 954 enim
2457 902 2766 956 contulerat
2794 901 2962 968 mihi;
2992 902 3093 957 nisi
3126 917 3306 957 meum
3337 915 3528 958 susse-

1920 987 2089 1058 pisset
2119 988 2397 1046 aﬁ’ectum.
2434 991 2575 1063 Ergo
2607 1009 2704 1063 pro
2735 1009 2821 1049 me
2850 992 3045 1060 doluit,
3074 993 3166 1065 qui
3196 1008 3291 1064 pro
3315 1008 3374 1047 se
3393 991 3528 1048 nihil

1920 1079 2106 1136 habuit
2157 1081 2298 1151 quod
2346 1082 2559 1140 doleret
2609 1102 2622 1138 :
2669 1095 2727 1141 et
2774 1095 3113 1156 sequestrata
3165 1085 3529 1141 delectatione

1917 1171 2220 1227 divinitatis
2261 1184 2510 1241 aeternae,
2537 1175 2698 1231 taedio
2729 1192 2864 1233 mea:
2896 1176 3227 1234 inﬁrmitatis
3265 1176 3523 1234 afficitur.

1917 1263 2164 1334 Suscepit
2191 1264 2336 1320 enim
2367 1266 2637 1322 tristitiam
2682 1283 2858 1323 meam
2884 1310 2900 1336 ,
2931 1279 2990 1324 ιιι
3019 1268 3154 1324 mibi
3187 1284 3342 1324 suam
3375 1268 3524 1325 laeti-

1920 1358 2048 1412 tiam
2076 1358 2402 1430 largiretur:
2443 1367 2501 1416 et
2529 1360 2772 1432 vestigiis
2804 1363 3004 1417 nostris
3034 1361 3321 1418 descendit
3353 1378 3524 1435 usque

1916 1448 1984 1504 ad
2015 1451 2206 1507 mortis
2239 1466 2539 1507 aerumnam
2565 1493 2580 1516 ,
2609 1462 2665 1507 nt
2693 1467 2794 1508 nos
2819 1454 2935 1509 suis
2965 1455 3210 1526 vestigiis
3235 1465 3525 1512 revocaret

1916 1541 1984 1597 ad
2011 1542 2198 1598 vitam.
2232 1543 2586 1601 Conﬁdenter
2611 1561 2742 1618 ergo
2801 1547 3074 1604 tristitiam
3104 1549 3326 1604 nomino
3349 1589 3364 1612 .
3395 1551 3522 1620 quia

1919 1649 2137 1706 crucem
2168 1636 2446 1708 prtedico;
2482 1653 2657 1710 neque
2685 1638 2828 1694 enim
2861 1641 3099 1712 speciem
3134 1640 3523 1698 incarnationis

1917 1733 2182 1803 suscepit,
2217 1735 2310 1788 sed
2341 1735 2645 1791 veritatem.
2669 1735 2868 1791 Debuit
2895 1751 3025 1806 ergo
3055 1746 3111 1791 et
3137 1736 3380 1792 dolorem
3399 1750 3520 1800 sus-

1917 1826 2120 1897 cipere,
2153 1834 2212 1882 ut
2240 1828 2486 1885 vinceret
2520 1830 2815 1897 tristitiam,
2846 1845 2952 1886 non
2983 1830 3317 1887 excluderet.
3337 1829 3525 1901 Neque

175 1913 538 1970 conditionis
575 1924 688 1983 est,
724 1916 872 1971 aliud
914 1917 1152 1986 speciale
1180 1917 1413 1973 virtutis.
1447 1918 1511 1972 Et
1557 1917 1679 1972 ideo
1724 1918 1808 1973 in-
1838 1921 1888 1982 B
1915 1919 2060 1973 enim
2090 1919 2290 1976 habent
2317 1920 2651 1978 fortitudinis
2683 1922 2898 1979 laudem
2923 1964 2940 1991 ,
2966 1921 3058 1994 qui
3081 1933 3359 1994 stuporem
3399 1937 3520 1978 ma-

171 2008 436 2063 struitur
455 2007 521 2064 ad
547 2009 865 2072 cavendum,
894 2025 1000 2064 non
1029 2011 1244 2081 cogitur
1274 2009 1341 2064 ad
1371 2007 1699 2080 negandum.

255 2099 458 2171 (Vers.
487 2100 607 2172 36.)
638 2101 743 2168 Qui
769 2119 903 2157 nunc
933 2103 1108 2170 habet,
1143 2105 1337 2174 inquit,
1366 2103 1634 2157 sacculum
1662 2102 1811 2157 tollat

169 2191 440 2248 similiter
464 2205 510 2249 et
536 2209 715 2267 peram
746 2211 765 2249 :
792 2205 839 2249 et
873 2196 962 2267 qui
989 2212 1090 2250 non
1138 2193 1318 2263 habet,
1351 2195 1536 2251 vendat
1583 2196 1807 2250 tunicam

165 2301 373 2355 suam,
405 2295 455 2340 et
480 2296 614 2341 emat
645 2287 743 2342 sibi
770 2287 1032 2360 gladium.
1729 2293 1740 2302 ’

252 2378 362 2434 55.
405 2377 450 2436 Ο
478 2379 726 2447 Domine,
755 2395 853 2435 cur
882 2395 1066 2436 emere
1095 2395 1182 2436 me
1209 2381 1369 2451 jubcs
1395 2381 1632 2452 gladium
1658 2423 1672 2447 ,
1715 2384 1805 2452 qui

165 2469 362 2526 ferire
389 2484 475 2526 me
502 2471 801 2541 prohibes?
827 2471 938 2528 Cur
965 2473 1169 2530 habere
1200 2476 1448 2544 praecipis
1470 2516 1484 2542 ,
1511 2492 1669 2545 quem
1708 2492 1803 2532 ve-

166 2570 265 2617 tas
317 2563 544 2634 promi?
587 2563 700 2620 Nisi
750 2564 889 2620 forte
933 2575 991 2620 ut
1040 2567 1112 2620 sit
1156 2575 1343 2636 parata
1383 2567 1666 2637 defensio,
1696 2586 1802 2626 non

166 2653 331 2710 ultio
387 2656 728 2721 necessaria;
762 2666 817 2712 et
860 2657 1048 2712 videar
1097 2659 1340 2727 potuisse
1388 2660 1678 2726 vindicari,
1709 2663 1803 2717 sed

167 2745 462 2802 noluisse.
492 2745 607 2803 Lex
639 2756 820 2803 tamen
847 2747 1077 2802 referire
1105 2765 1211 2802 non
1242 2759 1383 2804 vetat
1408 2791 1421 2815 ,
1454 2761 1510 2806 et
1540 2752 1661 2807 ideo
1689 2752 1803 2806 for-

168 2846 345 2893 tasse
374 2835 538 2894 Petro
569 2839 706 2894 duos
753 2839 964 2910 gladios
1009 2838 1257 2895 oll'erenti
1294 2858 1305 2894 :
1341 2842 1487 2896 Satis
1517 2853 1593 2896 est
1618 2842 1798 2912 (Vera.

169 2928 310 3000 38),
347 2927 519 2996 dicis,
552 2931 706 3000 quasi
748 2931 963 2986 licuerit
993 2946 1162 3002 usque
1207 2933 1274 2986 ad
1324 2934 1713 3005 Evangelium;
1746 2946 1801 2991 ut

167 3023 255 3080 sit
300 3025 362 3078 in
392 3023 534 3096 Lege
575 3025 851 3095 aequitatis
880 3026 1147 3096 eruditio,
1183 3028 1234 3082 in
1271 3027 1559 3099 Evangelio
1590 3029 1800 3086 bonita-

169 3117 254 3172 tis
284 3116 578 3188 perfectio.

248 3209 355 3265 δι.
390 3208 575 3281 (Vers.
601 3211 716 3280 37.)
745 3210 928 3266 Multis
971 3210 1074 3267 hoc
1119 3211 1360 3283 iniquum
1407 3213 1656 3270 videtur:
1702 3215 1796 3271 sed

1912 2012 1995 2081 gis
2033 2012 2318 2068 vulnerum
2363 2014 2764 2086 tulerintquam
2791 2015 3074 2071 dolorem:
3120 2015 3292 2070 Homo
3313 2017 3448 2070 enim
3463 2017 3536 2078 in

1912 2106 2093 2178 plaga,
2115 2115 2161 2160 et
2183 2107 2369 2173 sciens,
2396 2107 2590 2178 inquit,
2618 2112 2758 2179 ferre
2781 2109 3103 2178 inﬁrmitates
3124 2107 3292 2179 (Esai.
3319 2106 3518 2178 Lttt,5).

1984 2202 2076 2256 57.
2101 2200 2212 2257 Nos
2238 2203 2352 2256 vult
2380 2202 2598 2259 erudire
2619 2244 2635 2270 ,
2665 2213 2725 2260 ut
2764 2205 2890 2275 quia
2921 2204 2972 2259 iu
3003 2202 3206 2274 .loseph
3246 2203 3520 2259 didicera-

1911 2311 2033 2352 mus
2063 2311 2338 2354 carcerem
2368 2313 2475 2354 non
2506 2300 2697 2354 timere
2719 2341 2734 2366 ,
2779 2297 3010 2354 mortem
3036 2298 3255 2354 vincere
3278 2297 3521 2353 discere-

1911 2409 2030 2449 mus
2062 2395 2112 2450 in
2155 2394 2410 2451 Christo:
2445 2407 2500 2452 et
2534 2397 2678 2468 quod
2729 2407 2814 2452 est
2841 2398 3077 2468 amplius
3101 2439 3116 2463 ,
3151 2396 3513 2468 quemadmo-

1908 2485 2036 2541 dum
2071 2485 2268 2542 futura:
2286 2490 2480 2544 mortis
2493 2490 2812 2545 mmstitiatn
2828 2491 3194 2546 vinceremus.
3221 2491 3511 2558 Quomodo

1909 2581 2054 2635 enim
2082 2589 2136 2635 te
2159 2581 2499 2638 imitaremur
2525 2624 2540 2648 ,
2573 2583 2799 2638 Domine
2823 2582 2952 2638 Jesu
2978 2625 2993 2647 ,
3025 2583 3126 2638 nisi
3155 2597 3514 2653 sequeremur

1909 2682 1968 2728 ut
1997 2673 2294 2738 hominem,
2333 2675 2433 2729 nisi
2465 2684 2738 2730 mortuum
2766 2675 3118 2732 crederemus
3142 2717 3158 2741 ,
3190 2675 3292 2731 nisi
3324 2675 3516 2731 vulne-

1906 2779 1964 2819 ra
1997 2765 2368 2821 vidissemus?
2411 2765 2875 2834 Quemadmodum
2912 2766 3166 2837 discipuli
3216 2766 3506 2824 crederent

1906 2855 2072 2913 fuisse
2103 2861 2455 2926 moriturum,
2488 2859 2589 2914 nisi
2615 2858 2870 2913 morituri
2903 2858 3182 2914 tristitiam
3209 2857 3510 2927 comperis-

1904 2951 2073 3005 sent?
2116 2950 2225 3007 Sed
2256 2951 2434 3006 adhuc
2459 2951 2759 3019 dormiunt,
2791 2960 2845 3007 et
2873 2951 3126 3008 nesciunt
3154 2952 3343 3008 dolere
3363 2994 3378 3018 ,
3413 2967 3512 3022 pro

1903 3045 2099 3115 quibus
2141 3042 2391 3101 Christus
2420 3045 2678 3110 dolebat;
2725 3046 2796 3100 ita
2851 3047 2996 3101 enim
3047 3045 3312 3117 legimus:
3369 3044 3505 3113 Quia

1903 3148 2113 3209 peccata
2150 3149 2328 3194 nostra
2381 3148 2573 3210 portat,
2603 3148 2650 3193 et
2703 3155 2798 3210 pro
2846 3138 2992 3193 nobis
3032 3138 3172 3193 dolet
3226 3137 3392 3210 (Ibid.
3421 3137 3503 3207 4).

1903 3231 2067 3287 Doles
2113 3246 2244 3302 ergo
2270 3273 2285 3298 ,
2337 3232 2564 3287 Domine
2587 3273 2603 3298 ,
2661 3248 2766 3287 non
2802 3243 2892 3286 tua
2914 3275 2928 3296 ,
2961 3231 3056 3287 sed
3092 3246 3207 3286 mea
3237 3229 3460 3284 vulnera
3489 3249 3501 3285 :

169 3319 294 3360 non
335 3305 555 3376 iniquus
585 3305 868 3375 Dominus,
896 3309 987 3378 qui
1015 3323 1137 3363 cum
1159 3324 1220 3366 se
1244 3322 1425 3380 posset
1454 3312 1660 3378 ulcisci,
1687 3329 1798 3368 ηιθ-
1824 3314 1870 3378 C
1903 3337 2009 3378 non
2039 3331 2186 3378 tuam
2220 3333 2473 3390 mortem,
2502 3323 2595 3378 sed
2617 3333 2858 3378 nostram
2895 3322 3268 3378 infirmitatem
3294 3338 3307 3374 :
3331 3333 3381 3376 et
3407 3336 3507 3376 nos

168 3398 282 3454 luit
309 3399 605 3455 immolari.
639 3401 736 3456 Est
762 3402 906 3456 enim
938 3403 1148 3473 gladius
1174 3405 1437 3475 apiritalis
1462 3447 1476 3471 ,
1513 3419 1568 3461 ut
1597 3408 1798 3464 vendas

168 3491 578 3564 patrimonium
599 3535 615 3561 ,
644 3509 797 3550 emas
824 3496 1070 3563 verbum,
1104 3513 1212 3571 quo
1241 3498 1382 3553 nuda
1409 3501 1604 3554 mentis
1635 3515 1798 3571 pene-

171 3587 352 3641 tralia
399 3588 727 3643 vestiuntur.
786 3588 884 3644 Est
932 3591 1092 3644 etiam
1140 3593 1352 3663 gladius
1399 3595 1702 3664 passionis,
1737 3605 1796 3651 ut

171 3693 359 3736 exuas
403 3694 640 3750 corpus,
673 3689 729 3736 et
759 3680 1050 3737 immolata:
1107 3683 1290 3740 carnis
1332 3688 1542 3742 exuviis
1584 3698 1797 3744 ematur

173 3772 281 3828 tibi
312 3773 456 3828 sacri
479 3788 678 3828 corona
711 3775 957 3846 martyrii
989 3794 1003 3830 :
1035 3777 1180 3848 quod
1229 3795 1293 3832 ex
1321 3779 1794 3836 benedictionibus

181 3863 495 3921 Dominicis
522 3866 779 3938 colligere
805 3878 961 3938 potes
981 3910 994 3932 ,
1024 3869 1114 3940 qui
1145 3884 1410 3925 summam
1434 3873 1676 3927 omnium
1699 3889 1791 3929 co-

177 3973 404 4028 ronam,
428 3959 476 4015 si
508 3961 629 4030 quis
656 3962 1091 4030 persecutionem
1144 3965 1374 4033 patiatur
1402 3981 1501 4036 pro
1542 3965 1749 4035 justitia
1771 4008 1786 4030 ,

178 4052 524 4124 praedicavit.
556 4053 797 4124 Denique
829 4064 887 4111 ut
929 4056 1073 4111 scias
1119 4056 1246 4127 quia
1271 4058 1340 4112 de
1369 4059 1621 4128 passione
1647 4059 1795 4114 locu-

181 4153 278 4201 tus
314 4153 429 4213 est,
476 4160 543 4200 ne
577 4146 824 4201 turbaret
870 4146 1264 4218 discipulorum
1301 4149 1514 4220 1516
1543 4149 1751 4205 animos
1775 4191 1790 4218 ,

181 4234 257 4291 de
285 4249 348 4290 se
366 4235 675 4306 exemplum
711 4237 959 4307 protulit,
984 4237 1171 4293 dicens
1200 4255 1218 4292 :
1249 4239 1506 4304 Quoniam
1532 4239 1629 4294 hoc
1657 4241 1795 4312 quod

182 4328 443 4396 scriptum
471 4339 580 4395 est,
611 4339 812 4399 oportet
843 4330 1054 4400 impleri
1082 4330 1136 4385 in
1167 4347 1276 4399 me,
1305 4331 1444 4402 quod
1468 4340 1515 4386 et
1543 4348 1658 4386 cum
1707 4333 1792 4386 in-

209 4419 346 4475 ustis
375 4419 652 4493 deputatus
682 4432 776 4478 est.

259 4513 352 4569 55.
394 4514 573 4570 Movet
623 4525 802 4572 tamen
846 4517 1024 4573 adhuc
1055 4518 1199 4589 quod
1245 4520 1386 4576 duos
1425 4520 1634 4589 gladios
1675 4521 1790 4576 dis-

183 4606 352 4677 cipuli
399 4607 786 4680 protulerunt;
838 4627 906 4668 ne
955 4614 1095 4667 forte
1140 4628 1304 4668 unum
1351 4614 1512 4681 novi,
1558 4613 1788 4670 alterum

185 4703 393 4759 veteris
437 4703 771 4760 Testamenti
798 4747 813 4773 ,
853 4705 1053 4778 quibus
1081 4706 1342 4763 adversus
1367 4706 1567 4763 diaboli
1611 4723 1789 4762 arma-
1813 4702 1867 4762 D

185 4813 312 4854 mur
331 4799 590 4855 insidias?
607 4800 849 4870 Denique
868 4801 1003 4858 dicit
1027 4803 1285 4858 Dominus
1313 4819 1326 4855 :
1353 4802 1498 4874 Satis
1517 4812 1612 4871 est,
1629 4805 1780 4874 quasi

190 4890 325 4946 nihil
365 4891 502 4948 desit
527 4893 614 4961 ei,
642 4909 802 4964 quem
848 4898 1134 4968 utriusque
1162 4897 1494 4954 Testamenti
1534 4899 1782 4957 doctrina

191 4985 468 5040 munierit.

262 5077 440 5148 (Vers.
468 5078 575 5147 42,
607 5080 725 5152 4⁸5.)
763 5079 954 5149 Pater,
981 5083 1027 5138 si
1070 5084 1316 5155 possibile
1351 5094 1458 5155 est,
1491 5086 1714 5157 transfer
1758 5104 1791 5142 a

189 5185 272 5224 me
299 5171 511 5226 calicem
539 5172 714 5227 istum.

262 5261 350 5317 56.
395 5262 616 5327 litarent
640 5263 886 5336 plerique
915 5264 1018 5321 hoc
1044 5266 1185 5335 loco,
1211 5277 1236 5305 ει
1260 5270 1350 5340 qui
1381 5270 1655 5326 tristitiam
1687 5272 1788 5328 Sa-

192 5351 378 5410 lutaris
425 5353 494 5408 ad
538 5364 916 5426 argumentum
965 5359 1164 5414 inclitae
1208 5363 1388 5431 potius
1427 5377 1456 5417 a
1485 5363 1789 5437 principio,

271 5481 296 5552 ς
337 5472 644 5552 llis_ve_r_bis
673 5476 1436 5552 castigantur_4pollinaristaa
1458 5523 1474 5546 ,
1502 5481 1594 5552 qui
1649 5492 1790 5542 teste

196 5541 500 5618 Epiphanio
526 5547 669 5603 Hmr.
703 5541 979 5613 77,'num.
1007 5541 1119 5612 53',-
1157 5541 1532 5618 pervicaciten
1555 5541 1784 5611 conten?

194 5614 396 5692 dobant
448 5619 621 5692 etiam_
653 5619 973 5692 divinitatem
1020 5614 1214 5692 Christi
1268 5639 1472 5692 passam
1502 5639 1652 5680 esse:
1695 5627 1791 5683 a'ut

199 5684 335 5763 forte
356 5689 654 5763 ,_ut.:_titB.
686 5690 788 5763 Ib.
825 5691 876 5763 in
905 5689 1236 5763 Mattlneum,
1268 5684 1298 5744 a
1326 5694 1523 5763 quibus
1552 5697 1791 5753 afﬁrma-

199 5755 353 5812 batur
383 5759 435 5812 in
459 5755 679 5815 Christo
709 5761 934 5816 Verbum
952 5777 1060 5816 esse
1081 5762 1193 5825 loco
1218 5755 1509 5819 animm...
1535 5777 1590 5821 ut
1617 5771 1789 5825 omnia

223 5843 310 5900 iure
327 5829 398 5882 ad
429 5831 681 5906 defectum
706 5834 984 5906 pertinent,
1008 5833 1078 5906 a_d
1112 5832 1698 5906 Verbumﬂrefmentur.
1723 5840 1790 5898 Et

239 5912 301 5954 oc
328 5907 436 5965 tota
463 5903 608 5958 serie
637 5901 900 5959 orationis
923 5901 1294 5962 conﬁrmatur.
1328 5901 1519 5963 Falsus
1545 5916 1629 5967 est
1659 5925 1786 5983 ergo

1901 3415 2289 3472 aestimavimus
2334 3424 2388 3471 te
2429 3431 2554 3472 esse
2585 3416 2639 3471 in
2679 3415 2960 3470 doloribus
2983 3456 2996 3476 .
3027 3430 3150 3469 cum
3179 3423 3234 3468 tu
3265 3430 3370 3468 non
3405 3429 3505 3484 pro

1902 3517 1955 3565 te
1977 3551 1991 3576 ,
2019 3510 2115 3565 sed
2146 3525 2242 3580 pro
2273 3525 2360 3566 me
2391 3509 2642 3575 doleres;
2696 3509 3002 3565 inﬁrmatus
3049 3508 3194 3564 enim
3248 3524 3308 3564 es
3329 3549 3344 3576 ,
3401 3508 3502 3564 sed

1899 3611 2122 3673 propter
2165 3612 2386 3675 peccata
2444 3614 2626 3659 nostra
2687 3601 2960 3676 (Ibid.5)
3003 3620 3016 3659 :
3075 3617 3182 3658 non
3233 3601 3359 3674 quia
3413 3603 3502 3657 illa

1899 3695 1993 3750 tibi
2026 3694 2312 3751 inﬁrmitas
2332 3705 2452 3752 erat
2480 3712 2547 3751 ex
2591 3697 2752 3752 Patre
2777 3706 3053 3766 assumpta
3081 3737 3096 3757 ,
3143 3695 3238 3750 sed
3269 3709 3367 3765 pro
3415 3709 3502 3749 me

1897 3797 2186 3858 suscepta;
2215 3790 2341 3860 quia
2371 3788 2500 3844 mihi
2534 3789 2786 3859 proderat
2817 3798 2874 3843 ut
2899 3788 3139 3844 eruditio
3189 3788 3336 3858 pacis
3367 3801 3496 3841 nos-
3539 3777 3542 3780 ’

1899 3891 1996 3937 trs:
2026 3890 2170 3937 esset
2191 3882 2241 3936 in
2276 3893 2344 3952 te,
2379 3892 2434 3938 et
2466 3883 2638 3938 livore
2665 3896 2756 3937 tuo
2779 3883 3002 3937 vulnera
3037 3894 3222 3936 nostra
3247 3894 3493 3936 sanares.

1969 3971 2059 4029 58.
2093 3973 2202 4029 Sed
2229 3975 2357 4045 quid
2391 3976 2588 4030 mirum
2635 3975 2679 4030 si
2722 3991 2820 4046 pro
2860 3974 3110 4031 omnibus
3150 3974 3363 4037 doluit,
3407 3972 3499 4043 qui

1899 4077 1996 4133 pro
2026 4080 2135 4120 uno
2154 4064 2300 4121 ﬁevit
2316 4064 2340 4118 ?
2359 4065 2425 4120 Et
2455 4066 2582 4136 quid
2607 4071 2803 4122 rutrum
2824 4067 2868 4121 si
2894 4067 3189 4122 moriturus
3209 4079 3304 4134 pro
3325 4066 3501 4120 omni-

1895 4155 2000 4212 bus
2024 4157 2250 4222 taedeat,
2276 4157 2368 4228 qui
2396 4157 2660 4214 Lazarum
2703 4160 3153 4214 ressuscitaturus
3197 4156 3502 4228 illacrymat

1901 4251 2080 4325 (Joan.
2119 4269 2198 4320 χι,
2223 4253 2351 4326 55)?
2380 4253 2486 4310 Sed
2512 4263 2567 4310 et
2597 4253 2668 4308 ibi
2699 4254 2798 4325 pia:
2828 4256 3034 4310 sororis
3057 4251 3316 4334 laprymis
3353 4265 3503 4306 com-

1896 4355 2184 4414 movetur;
2217 4348 2341 4414 quia
2369 4356 2604 4403 mentem
2638 4349 2926 4402 humanam
2968 4348 3258 4418 tangebant
3283 4364 3297 4401 :
3327 4353 3383 4400 et
3413 4343 3499 4398 hic

1893 4442 2004 4498 alto
2016 4452 2273 4512 operatur
2285 4442 2566 4508 aﬁ'ectu;nt
2577 4443 2702 4514 quia
2722 4442 2772 4496 in
2789 4457 2955 4497 carne
2968 4457 3060 4496 sua
3079 4448 3297 4510 peccata
3314 4447 3496 4494 nostra

1894 4535 2234 4608 perimebat,
2261 4551 2555 4593 maerorem
2579 4534 3015 4608 quoque1517
3047 4534 3244 4588 anima:
3267 4540 3493 4598 nostrae,

1892 4644 2006 4687 suae
2027 4631 2223 4686 animm
2251 4645 2454 4687 mceror
2498 4631 2764 4686 aboleret.
2804 4631 2871 4684 Et
2903 4630 3134 4684 fortasse
3165 4628 3287 4685 ideo
3326 4626 3498 4684 tristis

1891 4733 1998 4788 est,
2031 4722 2156 4792 quia
2187 4732 2309 4794 post
2337 4723 2468 4779 Adae
2519 4723 2727 4795 lapsum
2757 4723 2850 4778 tali
2885 4723 3115 4778 transitu
3166 4720 3322 4777 nobis
3372 4729 3496 4777 erat

1857 4876 1859 4878 ,
1894 4832 1960 4873 ex
1993 4815 2096 4872 hoc
2120 4817 2322 4872 smculo
2354 4816 2746 4881 recedendum,
2780 4827 2840 4872 ut
2863 4817 3002 4871 mori
3049 4825 3196 4872 esset
3228 4829 3490 4871 necesse:

1892 4907 2037 4962 Deus
2056 4909 2192 4963 enim
2211 4919 2426 4963 mortem
2447 4924 2550 4962 non
2570 4909 2693 4978 fecit
2717 4950 2733 4975 ,
2765 4925 2855 4964 nec
2891 4910 3099 4964 (artatur
3139 4909 3194 4962 in
3247 4907 3495 4978 perditio-

1893 5016 1960 5056 ne
1984 5001 2215 5055 vivorum
2267 4999 2427 5071 (Sap.
2459 5016 2495 5068 t,
2534 5001 2657 5073 l5);
2710 5011 2765 5059 et
2793 5002 2918 5059 ideo
2956 5000 3160 5058 fastidit
3206 5001 3348 5073 quod
3374 5001 3492 5072 ipse

1895 5113 2003 5152 non
2035 5096 2183 5154 fecit.

1964 5188 2054 5246 59.
2098 5189 2344 5262 Denique
2386 5191 2505 5246 ait:
2539 5189 2793 5264 Transfer
2840 5208 2872 5246 a
2917 5206 2999 5246 me
3036 5190 3252 5245 calicem
3296 5189 3451 5243 istum
3476 5228 3492 5255 ,

1893 5284 2048 5354 quasi
2080 5283 2244 5341 homo
2279 5293 2512 5341 mortem
2559 5299 2852 5352 recusans,
2900 5285 3055 5356 quasi
3089 5285 3229 5338 Deus
3270 5291 3496 5337 senten-

1895 5376 2025 5432 tiam
2049 5390 2201 5432 suam
2225 5391 2484 5445 servans;
2513 5388 2728 5449 Oportet
2759 5379 2902 5435 enim
2934 5376 3072 5434 mori
3117 5390 3217 5432 nos
3267 5374 3494 5440 szecnlo,

1893 5491 2324 5568 Maldonatus__si
2349 5496 2415 5568 ad
2443 5567 2451 5568 ί
2475 5495 2686 5553 huncce
2715 5497 2894 5552 locum
2948 5494 3229 5568 respexit,
3263 5495 3492 5568 cumJin

1891 5576 2028 5638 cap.
2056 5580 2187 5638 xxvi
2219 5565 2456 5638 Matthaei
2483 5568 2702 5638 scripsit
2722 5568 2993 5638 Ambrosii
3020 5564 3340 5638 auctoritate
3361 5564 3488 5638 olim

1891 5636 2166 5709 exstitisse
2197 5637 2288 5708 qui
2311 5649 2556 5709 negarent
2595 5636 2767 5692 ueram
2794 5639 2848 5693 in
2872 5637 3078 5692 Christo
3127 5636 3307 5709 fuisse
3331 5636 3494 5709 tristi-

1894 5705 2262 5781 tiant._Veru_in
2287 5705 2508 5781 quidem
2539 5719 2624 5766 est
2651 5711 2788 5765 infra
2821 5709 3044 5781 reperiri
3087 5705 3344 5763 nonnulla
3373 5706 3492 5776 qui-

1893 5774 1997 5834 bus
2023 5774 2606 5852 Manichtei'Christun‘t
2639 5797 2766 5836 vere
2795 5774 3011 5852 pas'snm
3056 5793 3180 5852 esse
3232 5774 3493 5849 negantes

1895 5851 2350 5922 peratringantur,
2383 5852 2479 5909 sed
2514 5851 2617 5907 hoc
2647 5851 2843 5915 obiter.
2877 5866 2940 5906 ac
2965 5851 3065 5908 levi
3089 5863 3273 5905 manu.
