  <div class='ocr_page' id='page_1' title='image "/cluster/home/n/w/nwhite01/storage/ocr_20150623/15/hvd.32044015471311/323.png"; bbox 0 0 4148 6362; ppageno 0'>
   <div class='ocr_carea' id='block_1_1' title="bbox 548 350 687 416">
    <p class='ocr_par' dir='ltr' id='par_1_1' title="bbox 548 350 687 416">
     <span class='ocr_line' id='line_1_1' title="bbox 548 350 687 416; baseline -0.022 0"><span class='ocrx_word' id='word_1_1' title='bbox 548 350 687 416; x_wconf 65' lang='grc'><strong>1819</strong></span> 
     </span>
    </p>
   </div>
   <div class='ocr_carea' id='block_1_2' title="bbox 1902 310 2511 420">
    <p class='ocr_par' dir='ltr' id='par_1_2' title="bbox 1902 310 2511 420">
     <span class='ocr_line' id='line_1_2' title="bbox 1902 310 2511 420; baseline 0.007 -5"><span class='ocrx_word' id='word_1_2' title='bbox 1902 352 2151 416; x_wconf 74' lang='lat' dir='ltr'><strong>SANCTI</strong></span> <span class='ocrx_word' id='word_1_3' title='bbox 2182 310 2511 420; x_wconf 60' lang='lat' dir='ltr'><strong>ahenosn</strong></span> 
     </span>
    </p>
   </div>
   <div class='ocr_carea' id='block_1_3' title="bbox 3698 370 3837 425">
    <p class='ocr_par' dir='ltr' id='par_1_3' title="bbox 3698 370 3837 425">
     <span class='ocr_line' id='line_1_3' title="bbox 3698 370 3837 425; baseline 0.007 -1"><span class='ocrx_word' id='word_1_4' title='bbox 3698 370 3837 425; x_wconf 73' lang='grc' dir='ltr'><strong>18ἒο</strong></span> 
     </span>
    </p>
   </div>
   <div class='ocr_carea' id='block_1_4' title="bbox 549 448 3839 559">
    <p class='ocr_par' dir='ltr' id='par_1_4' title="bbox 549 448 3839 559">
     <span class='ocr_line' id='line_1_4' title="bbox 549 448 3839 559; baseline 0.004 -30"><span class='ocrx_word' id='word_1_5' title='bbox 549 484 575 515; x_wconf 76' lang='grc' dir='ltr'><strong>ι</strong></span> <span class='ocrx_word' id='word_1_6' title='bbox 606 485 662 532; x_wconf 87' lang='lat' dir='ltr'><strong>ut</strong></span> <span class='ocrx_word' id='word_1_7' title='bbox 703 488 1050 545; x_wconf 85' lang='lat' dir='ltr'><strong>resnrgamns</strong></span> <span class='ocrx_word' id='word_1_8' title='bbox 1081 448 1227 541; x_wconf 84' lang='lat' dir='ltr'><strong>Deo;</strong></span> <span class='ocrx_word' id='word_1_9' title='bbox 1261 483 1319 530; x_wconf 88' lang='lat' dir='ltr'><strong>ut</strong></span> <span class='ocrx_word' id='word_1_10' title='bbox 1357 473 1512 545; x_wconf 61' lang='lat' dir='ltr'><strong>just:</strong></span> <span class='ocrx_word' id='word_1_11' title='bbox 1532 472 1777 530; x_wconf 67' lang='lat' dir='ltr'><strong>divinam</strong></span> <span class='ocrx_word' id='word_1_12' title='bbox 1814 474 2141 531; x_wconf 78' lang='lat' dir='ltr'><strong>sententiam</strong></span> <span class='ocrx_word' id='word_1_13' title='bbox 2172 466 2227 535; x_wconf 69' lang='grc' dir='ltr'><strong>Α</strong></span> <span class='ocrx_word' id='word_1_14' title='bbox 2251 479 2486 547; x_wconf 84' lang='lat' dir='ltr'><strong>suscepi,</strong></span> <span class='ocrx_word' id='word_1_15' title='bbox 2516 477 2749 549; x_wconf 78' lang='lat' dir='ltr'><strong>ingrate.</strong></span> <span class='ocrx_word' id='word_1_16' title='bbox 2777 480 2961 552; x_wconf 69' lang='lat' dir='ltr'><strong>‘quod</strong></span> <span class='ocrx_word' id='word_1_17' title='bbox 2995 480 3182 538; x_wconf 88' lang='lat' dir='ltr'><strong>tradis.</strong></span> <span class='ocrx_word' id='word_1_18' title='bbox 3221 480 3301 537; x_wconf 85' lang='lat' dir='ltr'><strong>En</strong></span> <span class='ocrx_word' id='word_1_19' title='bbox 3336 481 3672 559; x_wconf 67' lang='lat' dir='ltr'><strong>hypocrisin.</strong></span> <span class='ocrx_word' id='word_1_20' title='bbox 3697 483 3839 559; x_wconf 78' lang='lat' dir='ltr'><strong>Ergo</strong></span> 
     </span>
    </p>
   </div>
   <div class='ocr_carea' id='block_1_5' title="bbox 547 567 2147 637">
    <p class='ocr_par' dir='ltr' id='par_1_5' title="bbox 547 567 2147 637">
     <span class='ocr_line' id='line_1_5' title="bbox 547 567 2147 637; baseline -0.001 -13"><span class='ocrx_word' id='word_1_21' title='bbox 547 568 633 625; x_wconf 70' lang='lat' dir='ltr'><strong>le:</strong></span> <span class='ocrx_word' id='word_1_22' title='bbox 671 567 1115 637; x_wconf 81' lang='lat' dir='ltr'><strong>maledictionis,;</strong></span> <span class='ocrx_word' id='word_1_23' title='bbox 1141 568 1381 625; x_wconf 83' lang='lat' dir='ltr'><strong>resoluto</strong></span> <span class='ocrx_word' id='word_1_24' title='bbox 1423 568 1669 622; x_wconf 78' lang='lat' dir='ltr'><strong>interrae</strong></span> <span class='ocrx_word' id='word_1_25' title='bbox 1696 569 1885 622; x_wconf 82' lang='lat' dir='ltr'><strong>limum</strong></span> <span class='ocrx_word' id='word_1_26' title='bbox 1934 576 2147 623; x_wconf 81' lang='lat' dir='ltr'><strong>naturae</strong></span> 
     </span>
    </p>
   </div>
   <div class='ocr_carea' id='block_1_6' title="bbox 553 658 2055 733">
    <p class='ocr_par' dir='ltr' id='par_1_6' title="bbox 553 658 2055 733">
     <span class='ocr_line' id='line_1_6' title="bbox 553 658 2055 733; baseline -0.001 -16"><span class='ocrx_word' id='word_1_27' title='bbox 553 659 665 717; x_wconf 82' lang='lat' dir='ltr'><strong>line</strong></span> <span class='ocrx_word' id='word_1_28' title='bbox 687 704 704 726; x_wconf 91' lang='lat'><strong>,</strong></span> <span class='ocrx_word' id='word_1_29' title='bbox 729 661 980 716; x_wconf 77' lang='lat' dir='ltr'><strong>solvatur</strong></span> <span class='ocrx_word' id='word_1_30' title='bbox 1007 658 1159 733; x_wconf 79' lang='lat' dir='ltr'><strong>(Gen.</strong></span> <span class='ocrx_word' id='word_1_31' title='bbox 1194 674 1253 714; x_wconf 83' lang='grc' dir='ltr'><strong>ιιι</strong></span> <span class='ocrx_word' id='word_1_32' title='bbox 1275 701 1289 724; x_wconf 86' lang='grc'><strong>,</strong></span> <span class='ocrx_word' id='word_1_33' title='bbox 1326 660 1440 728; x_wconf 84' lang='lat' dir='ltr'><strong>l9).</strong></span> <span class='ocrx_word' id='word_1_34' title='bbox 1479 658 1637 729; x_wconf 82' lang='lat' dir='ltr'><strong>Quod</strong></span> <span class='ocrx_word' id='word_1_35' title='bbox 1667 666 1852 715; x_wconf 87' lang='lat' dir='ltr'><strong>autem</strong></span> <span class='ocrx_word' id='word_1_36' title='bbox 1881 660 1957 715; x_wconf 78' lang='lat' dir='ltr'><strong>ait</strong></span> <span class='ocrx_word' id='word_1_37' title='bbox 1986 670 2007 714; x_wconf 72' lang='grc' dir='ltr'><em>τ</em></span> <span class='ocrx_word' id='word_1_38' title='bbox 2052 730 2055 731; x_wconf 17' lang='grc' dir='ltr'><em>ν</em></span> 
     </span>
    </p>
   </div>
   <div class='ocr_carea' id='block_1_7' title="bbox 622 748 1926 825">
    <p class='ocr_par' dir='ltr' id='par_1_7' title="bbox 622 748 1926 825">
     <span class='ocr_line' id='line_1_7' title="bbox 622 748 1926 825; baseline -0.001 -17"><span class='ocrx_word' id='word_1_39' title='bbox 622 751 647 825; x_wconf 88' lang='lat'><strong>(</strong></span> <span class='ocrx_word' id='word_1_40' title='bbox 661 751 815 808; x_wconf 80' lang='lat' dir='ltr'><strong>Vers.</strong></span> <span class='ocrx_word' id='word_1_41' title='bbox 848 748 968 825; x_wconf 71' lang='lat'><strong>42.)</strong></span> <span class='ocrx_word' id='word_1_42' title='bbox 999 751 1123 807; x_wconf 76' lang='lat' dir='ltr'><strong>Non</strong></span> <span class='ocrx_word' id='word_1_43' title='bbox 1147 766 1262 805; x_wconf 86' lang='lat' dir='ltr'><strong>mea</strong></span> <span class='ocrx_word' id='word_1_44' title='bbox 1285 755 1544 820; x_wconf 80' lang='lat' dir='ltr'><strong>uoluntas,</strong></span> <span class='ocrx_word' id='word_1_45' title='bbox 1573 754 1662 808; x_wconf 81' lang='lat' dir='ltr'><strong>sed</strong></span> <span class='ocrx_word' id='word_1_46' title='bbox 1690 764 1779 807; x_wconf 73' lang='lat' dir='ltr'><strong>tua</strong></span> <span class='ocrx_word' id='word_1_47' title='bbox 1810 753 1926 823; x_wconf 71' lang='lat' dir='ltr'><strong>ﬁat.</strong></span> 
     </span>
    </p>
   </div>
   <div class='ocr_carea' id='block_1_8' title="bbox 618 844 2191 914">
    <p class='ocr_par' dir='ltr' id='par_1_8' title="bbox 618 844 2191 914">
     <span class='ocr_line' id='line_1_8' title="bbox 618 844 2191 914; baseline -0.002 -12"><span class='ocrx_word' id='word_1_48' title='bbox 618 845 706 902; x_wconf 81' lang='lat'><strong>66.</strong></span> <span class='ocrx_word' id='word_1_49' title='bbox 750 845 913 901; x_wconf 87' lang='lat' dir='ltr'><strong>Suam</strong></span> <span class='ocrx_word' id='word_1_50' title='bbox 944 844 1014 899; x_wconf 86' lang='lat' dir='ltr'><strong>ad</strong></span> <span class='ocrx_word' id='word_1_51' title='bbox 1042 844 1320 901; x_wconf 75' lang='lat' dir='ltr'><strong>hominem</strong></span> <span class='ocrx_word' id='word_1_52' title='bbox 1346 845 1535 900; x_wconf 87' lang='lat' dir='ltr'><strong>retulit</strong></span> <span class='ocrx_word' id='word_1_53' title='bbox 1566 860 1581 900; x_wconf 84' lang='lat'><strong>:</strong></span> <span class='ocrx_word' id='word_1_54' title='bbox 1608 846 1811 914; x_wconf 79' lang='lat' dir='ltr'><strong>Patris,</strong></span> <span class='ocrx_word' id='word_1_55' title='bbox 1841 845 1909 902; x_wconf 89' lang='lat' dir='ltr'><strong>ad</strong></span> <span class='ocrx_word' id='word_1_56' title='bbox 1939 844 2140 901; x_wconf 81' lang='lat' dir='ltr'><strong>diviul-</strong></span> <span class='ocrx_word' id='word_1_57' title='bbox 2176 890 2191 899; x_wconf 83' lang='lat'><strong>.</strong></span> 
     </span>
    </p>
   </div>
   <div class='ocr_carea' id='block_1_9' title="bbox 550 939 2149 1012">
    <p class='ocr_par' dir='ltr' id='par_1_9' title="bbox 550 939 2149 1012">
     <span class='ocr_line' id='line_1_9' title="bbox 550 939 2149 1012; baseline -0.002 -14"><span class='ocrx_word' id='word_1_58' title='bbox 550 950 745 1008; x_wconf 88' lang='lat' dir='ltr'><strong>tatem;</strong></span> <span class='ocrx_word' id='word_1_59' title='bbox 775 940 1027 996; x_wconf 78' lang='lat' dir='ltr'><strong>voluntas</strong></span> <span class='ocrx_word' id='word_1_60' title='bbox 1060 939 1208 996; x_wconf 88' lang='lat' dir='ltr'><strong>enim</strong></span> <span class='ocrx_word' id='word_1_61' title='bbox 1240 940 1477 997; x_wconf 78' lang='lat' dir='ltr'><strong>hominis</strong></span> <span class='ocrx_word' id='word_1_62' title='bbox 1509 941 1831 1012; x_wconf 79' lang='lat' dir='ltr'><strong>temporalis</strong></span> <span class='ocrx_word' id='word_1_63' title='bbox 1853 983 1869 1009; x_wconf 92' lang='lat'><strong>,</strong></span> <span class='ocrx_word' id='word_1_64' title='bbox 1893 942 2149 997; x_wconf 81' lang='lat' dir='ltr'><strong>voluntas</strong></span> 
     </span>
    </p>
   </div>
   <div class='ocr_carea' id='block_1_10' title="bbox 548 1032 2145 1102">
    <p class='ocr_par' dir='ltr' id='par_1_10' title="bbox 548 1032 2145 1102">
     <span class='ocr_line' id='line_1_10' title="bbox 548 1032 2145 1102; baseline -0.001 -11"><span class='ocrx_word' id='word_1_65' title='bbox 548 1035 849 1093; x_wconf 74' lang='lat' dir='ltr'><strong>divinitatis</strong></span> <span class='ocrx_word' id='word_1_66' title='bbox 871 1044 1094 1091; x_wconf 70' lang='lat' dir='ltr'><strong>mterna.</strong></span> <span class='ocrx_word' id='word_1_67' title='bbox 1125 1033 1243 1090; x_wconf 80' lang='lat' dir='ltr'><strong>Non</strong></span> <span class='ocrx_word' id='word_1_68' title='bbox 1275 1036 1384 1091; x_wconf 84' lang='lat' dir='ltr'><strong>alia</strong></span> <span class='ocrx_word' id='word_1_69' title='bbox 1405 1036 1657 1090; x_wconf 75' lang='lat' dir='ltr'><strong>voluntas</strong></span> <span class='ocrx_word' id='word_1_70' title='bbox 1678 1034 1886 1102; x_wconf 82' lang='lat' dir='ltr'><strong>Patris,</strong></span> <span class='ocrx_word' id='word_1_71' title='bbox 1917 1034 2022 1089; x_wconf 85' lang='lat' dir='ltr'><strong>alia</strong></span> <span class='ocrx_word' id='word_1_72' title='bbox 2051 1032 2145 1089; x_wconf 81' lang='lat' dir='ltr'><strong>Fi-</strong></span> 
     </span>
    </p>
   </div>
   <div class='ocr_carea' id='block_1_11' title="bbox 550 1124 2145 1194">
    <p class='ocr_par' dir='ltr' id='par_1_11' title="bbox 550 1124 2145 1194">
     <span class='ocr_line' id='line_1_11' title="bbox 550 1124 2145 1194; baseline -0.002 -11"><span class='ocrx_word' id='word_1_73' title='bbox 550 1128 637 1194; x_wconf 80' lang='lat' dir='ltr'><strong>lii‘;</strong></span> <span class='ocrx_word' id='word_1_74' title='bbox 669 1144 771 1182; x_wconf 89' lang='lat' dir='ltr'><strong>una</strong></span> <span class='ocrx_word' id='word_1_75' title='bbox 804 1126 949 1183; x_wconf 88' lang='lat' dir='ltr'><strong>enim</strong></span> <span class='ocrx_word' id='word_1_76' title='bbox 981 1127 1266 1192; x_wconf 82' lang='lat' dir='ltr'><strong>voluntas,</strong></span> <span class='ocrx_word' id='word_1_77' title='bbox 1294 1126 1387 1182; x_wconf 87' lang='lat' dir='ltr'><strong>ubi</strong></span> <span class='ocrx_word' id='word_1_78' title='bbox 1414 1140 1520 1182; x_wconf 89' lang='lat' dir='ltr'><strong>una</strong></span> <span class='ocrx_word' id='word_1_79' title='bbox 1561 1124 1838 1183; x_wconf 78' lang='lat' dir='ltr'><strong>divinitas.</strong></span> <span class='ocrx_word' id='word_1_80' title='bbox 1870 1126 2031 1182; x_wconf 82' lang='lat' dir='ltr'><strong>Disce</strong></span> <span class='ocrx_word' id='word_1_81' title='bbox 2061 1135 2145 1181; x_wconf 88' lang='lat' dir='ltr'><strong>ta-</strong></span> 
     </span>
    </p>
   </div>
   <div class='ocr_carea' id='block_1_12' title="bbox 549 1218 2149 1295">
    <p class='ocr_par' dir='ltr' id='par_1_12' title="bbox 549 1218 2149 1295">
     <span class='ocr_line' id='line_1_12' title="bbox 549 1218 2149 1295; baseline -0.003 -16"><span class='ocrx_word' id='word_1_82' title='bbox 549 1236 671 1279; x_wconf 89' lang='lat' dir='ltr'><strong>men</strong></span> <span class='ocrx_word' id='word_1_83' title='bbox 700 1222 814 1278; x_wconf 91' lang='lat' dir='ltr'><strong>Deo</strong></span> <span class='ocrx_word' id='word_1_84' title='bbox 844 1235 967 1278; x_wconf 87' lang='lat' dir='ltr'><strong>esse</strong></span> <span class='ocrx_word' id='word_1_85' title='bbox 994 1221 1306 1295; x_wconf 84' lang='lat' dir='ltr'><strong>subjectus;</strong></span> <span class='ocrx_word' id='word_1_86' title='bbox 1352 1231 1412 1275; x_wconf 90' lang='lat' dir='ltr'><strong>ut</strong></span> <span class='ocrx_word' id='word_1_87' title='bbox 1451 1234 1558 1275; x_wconf 88' lang='lat' dir='ltr'><strong>non</strong></span> <span class='ocrx_word' id='word_1_88' title='bbox 1599 1221 1747 1290; x_wconf 86' lang='lat' dir='ltr'><strong>quod</strong></span> <span class='ocrx_word' id='word_1_89' title='bbox 1775 1220 1892 1291; x_wconf 88' lang='lat' dir='ltr'><strong>ipse</strong></span> <span class='ocrx_word' id='word_1_90' title='bbox 1920 1218 2004 1275; x_wconf 80' lang='lat' dir='ltr'><strong>vis</strong></span> <span class='ocrx_word' id='word_1_91' title='bbox 2050 1218 2149 1276; x_wconf 86' lang='lat' dir='ltr'><strong>eli-</strong></span> 
     </span>
    </p>
   </div>
   <div class='ocr_carea' id='block_1_13' title="bbox 546 1312 1915 1403">
    <p class='ocr_par' dir='ltr' id='par_1_13' title="bbox 546 1312 1915 1403">
     <span class='ocr_line' id='line_1_13' title="bbox 546 1312 1915 1403; baseline 0.001 -33"><span class='ocrx_word' id='word_1_92' title='bbox 546 1331 645 1403; x_wconf 78' lang='lat' dir='ltr'><strong>gas</strong></span> <span class='ocrx_word' id='word_1_93' title='bbox 665 1359 680 1383; x_wconf 90' lang='lat'><strong>,</strong></span> <span class='ocrx_word' id='word_1_94' title='bbox 709 1315 807 1372; x_wconf 90' lang='lat' dir='ltr'><strong>sed</strong></span> <span class='ocrx_word' id='word_1_95' title='bbox 836 1312 981 1388; x_wconf 87' lang='lat' dir='ltr'><strong>quod</strong></span> <span class='ocrx_word' id='word_1_96' title='bbox 1010 1316 1124 1372; x_wconf 92' lang='lat' dir='ltr'><strong>Deo</strong></span> <span class='ocrx_word' id='word_1_97' title='bbox 1154 1315 1296 1371; x_wconf 85' lang='lat' dir='ltr'><strong>scias</strong></span> <span class='ocrx_word' id='word_1_98' title='bbox 1327 1329 1450 1370; x_wconf 85' lang='lat' dir='ltr'><strong>esse</strong></span> <span class='ocrx_word' id='word_1_99' title='bbox 1482 1314 1829 1385; x_wconf 87' lang='lat' dir='ltr'><strong>placiturum.</strong></span> <span class='ocrx_word' id='word_1_100' title='bbox 1912 1316 1915 1319; x_wconf 84' lang='grc'><em>’</em></span> 
     </span>
    </p>
   </div>
   <div class='ocr_carea' id='block_1_14' title="bbox 617 1408 2147 1487">
    <p class='ocr_par' dir='ltr' id='par_1_14' title="bbox 617 1408 2147 1487">
     <span class='ocr_line' id='line_1_14' title="bbox 617 1408 2147 1487; baseline -0.001 -21"><span class='ocrx_word' id='word_1_101' title='bbox 617 1408 707 1466; x_wconf 77' lang='grc' dir='ltr'>σι.</span> <span class='ocrx_word' id='word_1_102' title='bbox 753 1409 961 1465; x_wconf 81' lang='lat' dir='ltr'><strong>Deinde</strong></span> <span class='ocrx_word' id='word_1_103' title='bbox 988 1408 1282 1466; x_wconf 83' lang='lat' dir='ltr'><strong>verborum</strong></span> <span class='ocrx_word' id='word_1_104' title='bbox 1315 1409 1558 1480; x_wconf 87' lang='lat' dir='ltr'><strong>ipsorum</strong></span> <span class='ocrx_word' id='word_1_105' title='bbox 1592 1408 1982 1487; x_wconf 77' lang='lat' dir='ltr'><strong>proprietatem</strong></span> <span class='ocrx_word' id='word_1_106' title='bbox 2014 1422 2147 1465; x_wconf 60' lang='lat' dir='ltr'><strong>con.</strong></span> 
     </span>
    </p>
   </div>
   <div class='ocr_carea' id='block_1_15' title="bbox 545 1498 2143 1575">
    <p class='ocr_par' dir='ltr' id='par_1_15' title="bbox 545 1498 2143 1575">
     <span class='ocr_line' id='line_1_15' title="bbox 545 1498 2143 1575; baseline -0.001 -16"><span class='ocrx_word' id='word_1_107' title='bbox 545 1502 853 1560; x_wconf 82' lang='lat' dir='ltr'><strong>sideremus</strong></span> <span class='ocrx_word' id='word_1_108' title='bbox 893 1500 1124 1559; x_wconf 74' lang='lat' dir='ltr'><strong>:Tristis</strong></span> <span class='ocrx_word' id='word_1_109' title='bbox 1159 1512 1271 1570; x_wconf 87' lang='lat' dir='ltr'><strong>est,</strong></span> <span class='ocrx_word' id='word_1_110' title='bbox 1305 1502 1515 1573; x_wconf 83' lang='lat' dir='ltr'><strong>inquit,</strong></span> <span class='ocrx_word' id='word_1_111' title='bbox 1551 1502 1731 1558; x_wconf 84' lang='lat' dir='ltr'><strong>anima</strong></span> <span class='ocrx_word' id='word_1_112' title='bbox 1766 1517 1887 1558; x_wconf 87' lang='lat' dir='ltr'><strong>mea</strong></span> <span class='ocrx_word' id='word_1_113' title='bbox 1914 1498 2143 1575; x_wconf 70' lang='lat' dir='ltr'><strong>(Matth.</strong></span> 
     </span>
    </p>
   </div>
   <div class='ocr_carea' id='block_1_16' title="bbox 2251 570 3837 651">
    <p class='ocr_par' dir='ltr' id='par_1_16' title="bbox 2251 570 3837 651">
     <span class='ocr_line' id='line_1_16' title="bbox 2251 570 3837 651; baseline 0.011 -32"><span class='ocrx_word' id='word_1_114' title='bbox 2251 586 2349 639; x_wconf 77' lang='lat' dir='ltr'><strong>per</strong></span> <span class='ocrx_word' id='word_1_115' title='bbox 2404 570 2887 642; x_wconf 75' lang='lat' dir='ltr'><strong>interrogationem</strong></span> <span class='ocrx_word' id='word_1_116' title='bbox 2946 574 3411 645; x_wconf 87' lang='lat' dir='ltr'><strong>pronuntiandum</strong></span> <span class='ocrx_word' id='word_1_117' title='bbox 3462 587 3636 649; x_wconf 91' lang='lat' dir='ltr'><strong>puto,</strong></span> <span class='ocrx_word' id='word_1_118' title='bbox 3683 582 3837 651; x_wconf 86' lang='lat' dir='ltr'><strong>quasi</strong></span> 
     </span>
    </p>
   </div>
   <div class='ocr_carea' id='block_1_17' title="bbox 2247 663 3845 739">
    <p class='ocr_par' dir='ltr' id='par_1_17' title="bbox 2247 663 3845 739">
     <span class='ocr_line' id='line_1_17' title="bbox 2247 663 3845 739; baseline 0.006 -20"><span class='ocrx_word' id='word_1_119' title='bbox 2247 664 2481 722; x_wconf 84' lang='lat' dir='ltr'><strong>amantis</strong></span> <span class='ocrx_word' id='word_1_120' title='bbox 2507 663 2705 721; x_wconf 78' lang='lat' dir='ltr'><strong>aﬂ&#39;ectu</strong></span> <span class='ocrx_word' id='word_1_121' title='bbox 2741 664 2999 738; x_wconf 81' lang='lat' dir='ltr'><strong>corripiat</strong></span> <span class='ocrx_word' id='word_1_122' title='bbox 3030 667 3366 739; x_wconf 81' lang='lat' dir='ltr'><strong>proditorem</strong></span> <span class='ocrx_word' id='word_1_123' title='bbox 3407 686 3421 726; x_wconf 92' lang='lat'><strong>:</strong></span> <span class='ocrx_word' id='word_1_124' title='bbox 3451 668 3595 725; x_wconf 67' lang='lat' dir='ltr'><strong>Iuda</strong></span> <span class='ocrx_word' id='word_1_125' title='bbox 3615 714 3629 736; x_wconf 89' lang='lat'><strong>,</strong></span> <span class='ocrx_word' id='word_1_126' title='bbox 3664 672 3845 728; x_wconf 83' lang='lat' dir='ltr'><strong>osculo</strong></span> 
     </span>
    </p>
   </div>
   <div class='ocr_carea' id='block_1_18' title="bbox 2246 754 3847 837">
    <p class='ocr_par' dir='ltr' id='par_1_18' title="bbox 2246 754 3847 837">
     <span class='ocr_line' id='line_1_18' title="bbox 2246 754 3847 837; baseline 0.007 -26"><span class='ocrx_word' id='word_1_127' title='bbox 2246 754 2446 812; x_wconf 82' lang='lat' dir='ltr'><strong>Filium</strong></span> <span class='ocrx_word' id='word_1_128' title='bbox 2472 758 2696 814; x_wconf 78' lang='lat' dir='ltr'><strong>hominis</strong></span> <span class='ocrx_word' id='word_1_129' title='bbox 2724 761 2929 817; x_wconf 80' lang='lat' dir='ltr'><strong>tradis?</strong></span> <span class='ocrx_word' id='word_1_130' title='bbox 2957 761 3068 817; x_wconf 87' lang='lat' dir='ltr'><strong>Hoc</strong></span> <span class='ocrx_word' id='word_1_131' title='bbox 3097 773 3212 828; x_wconf 91' lang='lat' dir='ltr'><strong>est,</strong></span> <span class='ocrx_word' id='word_1_132' title='bbox 3238 765 3440 819; x_wconf 87' lang='lat' dir='ltr'><strong>amoris</strong></span> <span class='ocrx_word' id='word_1_133' title='bbox 3472 766 3700 837; x_wconf 88' lang='lat' dir='ltr'><strong>pignore</strong></span> <span class='ocrx_word' id='word_1_134' title='bbox 3724 766 3847 822; x_wconf 89' lang='lat' dir='ltr'><strong>vul-</strong></span> 
     </span>
    </p>
   </div>
   <div class='ocr_carea' id='block_1_19' title="bbox 2248 850 3841 929">
    <p class='ocr_par' dir='ltr' id='par_1_19' title="bbox 2248 850 3841 929">
     <span class='ocr_line' id='line_1_19' title="bbox 2248 850 3841 929; baseline 0.008 -24"><span class='ocrx_word' id='word_1_135' title='bbox 2248 865 2351 906; x_wconf 90' lang='lat' dir='ltr'><strong>nus</strong></span> <span class='ocrx_word' id='word_1_136' title='bbox 2380 850 2612 923; x_wconf 85' lang='lat' dir='ltr'><strong>iuliigis,</strong></span> <span class='ocrx_word' id='word_1_137' title='bbox 2662 858 2718 908; x_wconf 91' lang='lat' dir='ltr'><strong>et</strong></span> <span class='ocrx_word' id='word_1_138' title='bbox 2756 855 3245 926; x_wconf 76' lang='lat' dir='ltr'><strong>charitatisplﬁcio</strong></span> <span class='ocrx_word' id='word_1_139' title='bbox 3275 856 3593 929; x_wconf 85' lang='lat' dir='ltr'><strong>sanguinem</strong></span> <span class='ocrx_word' id='word_1_140' title='bbox 3623 858 3805 917; x_wconf 78' lang='lat' dir='ltr'><strong>fundis</strong></span> <span class='ocrx_word' id='word_1_141' title='bbox 3825 904 3841 928; x_wconf 92' lang='lat'><strong>,</strong></span> 
     </span>
    </p>
   </div>
   <div class='ocr_carea' id='block_1_20' title="bbox 2245 943 3846 1021">
    <p class='ocr_par' dir='ltr' id='par_1_20' title="bbox 2245 943 3846 1021">
     <span class='ocr_line' id='line_1_20' title="bbox 2245 943 3846 1021; baseline 0.006 -21"><span class='ocrx_word' id='word_1_142' title='bbox 2245 950 2301 1000; x_wconf 83' lang='lat' dir='ltr'><strong>et</strong></span> <span class='ocrx_word' id='word_1_143' title='bbox 2330 943 2692 1002; x_wconf 79' lang='lat' dir='ltr'><strong>instrumento</strong></span> <span class='ocrx_word' id='word_1_144' title='bbox 2720 948 2868 1017; x_wconf 81' lang='lat' dir='ltr'><strong>pacis</strong></span> <span class='ocrx_word' id='word_1_145' title='bbox 2898 957 3125 1004; x_wconf 89' lang='lat' dir='ltr'><strong>mortem</strong></span> <span class='ocrx_word' id='word_1_146' title='bbox 3156 947 3402 1021; x_wconf 75' lang='lat' dir='ltr'><strong>irrogas?</strong></span> <span class='ocrx_word' id='word_1_147' title='bbox 3426 950 3626 1007; x_wconf 83' lang='lat' dir='ltr'><strong>Servus</strong></span> <span class='ocrx_word' id='word_1_148' title='bbox 3667 952 3846 1009; x_wconf 83' lang='lat' dir='ltr'><strong>domi-</strong></span> 
     </span>
    </p>
   </div>
   <div class='ocr_carea' id='block_1_21' title="bbox 2248 1037 3845 1119">
    <p class='ocr_par' dir='ltr' id='par_1_21' title="bbox 2248 1037 3845 1119">
     <span class='ocr_line' id='line_1_21' title="bbox 2248 1037 3845 1119; baseline 0.007 -28"><span class='ocrx_word' id='word_1_149' title='bbox 2248 1050 2411 1100; x_wconf 88' lang='lat' dir='ltr'><strong>num,</strong></span> <span class='ocrx_word' id='word_1_150' title='bbox 2442 1037 2740 1110; x_wconf 80' lang='lat' dir='ltr'><strong>discipulus</strong></span> <span class='ocrx_word' id='word_1_151' title='bbox 2787 1041 2971 1111; x_wconf 87' lang='lat' dir='ltr'><strong>prodis</strong></span> <span class='ocrx_word' id='word_1_152' title='bbox 3012 1042 3363 1119; x_wconf 85' lang='lat' dir='ltr'><strong>magistrum,</strong></span> <span class='ocrx_word' id='word_1_153' title='bbox 3408 1047 3618 1103; x_wconf 83' lang='lat' dir='ltr'><strong>electus</strong></span> <span class='ocrx_word' id='word_1_154' title='bbox 3654 1055 3845 1104; x_wconf 84' lang='lat' dir='ltr'><strong>aucto-</strong></span> 
     </span>
    </p>
   </div>
   <div class='ocr_carea' id='block_1_22' title="bbox 2247 1129 3844 1209">
    <p class='ocr_par' dir='ltr' id='par_1_22' title="bbox 2247 1129 3844 1209">
     <span class='ocr_line' id='line_1_22' title="bbox 2247 1129 3844 1209; baseline 0.004 -22"><span class='ocrx_word' id='word_1_155' title='bbox 2247 1129 2400 1187; x_wconf 76' lang='lat' dir='ltr'><strong>rem?</strong></span> <span class='ocrx_word' id='word_1_156' title='bbox 2425 1130 2535 1187; x_wconf 89' lang='lat' dir='ltr'><strong>Hoc</strong></span> <span class='ocrx_word' id='word_1_157' title='bbox 2551 1139 2634 1187; x_wconf 90' lang='lat' dir='ltr'><strong>est</strong></span> <span class='ocrx_word' id='word_1_158' title='bbox 2661 1130 2795 1188; x_wconf 88' lang='lat' dir='ltr'><strong>illud</strong></span> <span class='ocrx_word' id='word_1_159' title='bbox 2825 1148 2840 1188; x_wconf 90' lang='lat'><strong>:</strong></span> <span class='ocrx_word' id='word_1_160' title='bbox 2875 1130 3098 1190; x_wconf 78' lang='lat' dir='ltr'><strong>Utih‘ora</strong></span> <span class='ocrx_word' id='word_1_161' title='bbox 3111 1138 3325 1192; x_wconf 79' lang='lat' dir='ltr'><strong>vulnera</strong></span> <span class='ocrx_word' id='word_1_162' title='bbox 3360 1138 3535 1203; x_wconf 84' lang='lat' dir='ltr'><strong>amici,</strong></span> <span class='ocrx_word' id='word_1_163' title='bbox 3566 1153 3717 1209; x_wconf 77' lang='lat' dir='ltr'><strong>quam</strong></span> <span class='ocrx_word' id='word_1_164' title='bbox 3745 1154 3844 1194; x_wconf 81' lang='lat' dir='ltr'><strong>vo-</strong></span> 
     </span>
    </p>
   </div>
   <div class='ocr_carea' id='block_1_23' title="bbox 2247 1224 3847 1302">
    <p class='ocr_par' dir='ltr' id='par_1_23' title="bbox 2247 1224 3847 1302">
     <span class='ocr_line' id='line_1_23' title="bbox 2247 1224 3847 1302; baseline 0.007 -22"><span class='ocrx_word' id='word_1_165' title='bbox 2247 1224 2474 1280; x_wconf 88' lang='lat' dir='ltr'><strong>luntaria</strong></span> <span class='ocrx_word' id='word_1_166' title='bbox 2521 1227 2696 1281; x_wconf 88' lang='lat' dir='ltr'><strong>oscula</strong></span> <span class='ocrx_word' id='word_1_167' title='bbox 2743 1226 2941 1282; x_wconf 80' lang='lat' dir='ltr'><strong>inimici</strong></span> <span class='ocrx_word' id='word_1_168' title='bbox 2970 1224 2993 1301; x_wconf 87' lang='lat'><strong>(</strong></span> <span class='ocrx_word' id='word_1_169' title='bbox 3015 1226 3173 1284; x_wconf 79' lang='lat' dir='ltr'><strong>Prov.</strong></span> <span class='ocrx_word' id='word_1_170' title='bbox 3220 1246 3399 1298; x_wconf 79' lang='lat' dir='ltr'><strong>xxvrr,</strong></span> <span class='ocrx_word' id='word_1_171' title='bbox 3436 1231 3532 1302; x_wconf 86' lang='lat'><strong>6).</strong></span> <span class='ocrx_word' id='word_1_172' title='bbox 3566 1232 3847 1290; x_wconf 82' lang='lat' dir='ltr'><strong>Proditori</strong></span> 
     </span>
    </p>
   </div>
   <div class='ocr_carea' id='block_1_24' title="bbox 2247 1311 3844 1395">
    <p class='ocr_par' dir='ltr' id='par_1_24' title="bbox 2247 1311 3844 1395">
     <span class='ocr_line' id='line_1_24' title="bbox 2247 1311 3844 1395; baseline 0.004 -21"><span class='ocrx_word' id='word_1_173' title='bbox 2247 1318 2389 1375; x_wconf 87' lang='lat' dir='ltr'><strong>hoc:</strong></span> <span class='ocrx_word' id='word_1_174' title='bbox 2423 1316 2649 1395; x_wconf 76' lang='lat' dir='ltr'><strong>paciﬁca</strong></span> <span class='ocrx_word' id='word_1_175' title='bbox 2695 1332 2827 1375; x_wconf 83' lang='lat' dir='ltr'><strong>vero</strong></span> <span class='ocrx_word' id='word_1_176' title='bbox 2875 1320 3007 1392; x_wconf 83' lang='lat' dir='ltr'><strong>quid</strong></span> <span class='ocrx_word' id='word_1_177' title='bbox 3055 1320 3295 1378; x_wconf 72' lang='lat' dir='ltr'><strong>dicitur?</strong></span> <span class='ocrx_word' id='word_1_178' title='bbox 3325 1322 3600 1381; x_wconf 83' lang='lat' dir='ltr'><strong>Osculetur</strong></span> <span class='ocrx_word' id='word_1_179' title='bbox 3642 1340 3731 1381; x_wconf 75' lang='lat' dir='ltr'><strong>me</strong></span> <span class='ocrx_word' id='word_1_180' title='bbox 3775 1311 3844 1381; x_wconf 86' lang='lat' dir='ltr'><strong>ab</strong></span> 
     </span>
    </p>
   </div>
   <div class='ocr_carea' id='block_1_25' title="bbox 2249 1413 3083 1489">
    <p class='ocr_par' dir='ltr' id='par_1_25' title="bbox 2249 1413 3083 1489">
     <span class='ocr_line' id='line_1_25' title="bbox 2249 1413 3083 1489; baseline 0.005 -21"><span class='ocrx_word' id='word_1_181' title='bbox 2249 1413 2437 1469; x_wconf 77' lang='lat' dir='ltr'><strong>osculis</strong></span> <span class='ocrx_word' id='word_1_182' title='bbox 2465 1414 2570 1469; x_wconf 82' lang='lat' dir='ltr'><strong>oris</strong></span> <span class='ocrx_word' id='word_1_183' title='bbox 2596 1416 2677 1469; x_wconf 81' lang='lat' dir='ltr'><strong>sui</strong></span> <span class='ocrx_word' id='word_1_184' title='bbox 2705 1413 2885 1487; x_wconf 87' lang='lat' dir='ltr'><strong>(Cant.</strong></span> <span class='ocrx_word' id='word_1_185' title='bbox 2917 1431 2969 1483; x_wconf 84' lang='grc' dir='ltr'>ι,</span> <span class='ocrx_word' id='word_1_186' title='bbox 3007 1416 3083 1489; x_wconf 76' lang='grc'><strong>1).</strong></span> 
     </span>
    </p>
   </div>
   <div class='ocr_carea' id='block_1_26' title="bbox 2319 1507 3843 1586">
    <p class='ocr_par' dir='ltr' id='par_1_26' title="bbox 2319 1507 3843 1586">
     <span class='ocr_line' id='line_1_26' title="bbox 2319 1507 3843 1586; baseline 0.005 -22"><span class='ocrx_word' id='word_1_187' title='bbox 2319 1508 2409 1564; x_wconf 86' lang='lat'><strong>64.</strong></span> <span class='ocrx_word' id='word_1_188' title='bbox 2451 1507 2521 1563; x_wconf 85' lang='lat' dir='ltr'><strong>Et</strong></span> <span class='ocrx_word' id='word_1_189' title='bbox 2541 1510 2803 1566; x_wconf 83' lang='lat' dir='ltr'><strong>osculatus</strong></span> <span class='ocrx_word' id='word_1_190' title='bbox 2850 1521 2955 1577; x_wconf 82' lang='lat' dir='ltr'><strong>est,</strong></span> <span class='ocrx_word' id='word_1_191' title='bbox 3006 1511 3213 1583; x_wconf 84' lang='lat' dir='ltr'><strong>inquit,</strong></span> <span class='ocrx_word' id='word_1_192' title='bbox 3254 1529 3373 1568; x_wconf 86' lang='lat' dir='ltr'><strong>eum</strong></span> <span class='ocrx_word' id='word_1_193' title='bbox 3416 1512 3645 1586; x_wconf 78' lang='lat' dir='ltr'><strong>(Matth.</strong></span> <span class='ocrx_word' id='word_1_194' title='bbox 3676 1530 3843 1586; x_wconf 79' lang='lat' dir='ltr'><strong>xxvi,</strong></span> 
     </span>
    </p>
   </div>
   <div class='ocr_carea' id='block_1_27' title="bbox 547 1594 3847 1681">
    <p class='ocr_par' dir='ltr' id='par_1_27' title="bbox 547 1594 3847 1681">
     <span class='ocr_line' id='line_1_27' title="bbox 547 1594 3847 1681; baseline 0.002 -28"><span class='ocrx_word' id='word_1_195' title='bbox 547 1612 713 1664; x_wconf 74' lang='lat' dir='ltr'><strong>xxvt,</strong></span> <span class='ocrx_word' id='word_1_196' title='bbox 745 1596 861 1669; x_wconf 79' lang='lat'><strong>58).</strong></span> <span class='ocrx_word' id='word_1_197' title='bbox 916 1596 979 1653; x_wconf 82' lang='lat' dir='ltr'><strong>Et</strong></span> <span class='ocrx_word' id='word_1_198' title='bbox 1018 1595 1148 1653; x_wconf 84' lang='lat' dir='ltr'><strong>alibi</strong></span> <span class='ocrx_word' id='word_1_199' title='bbox 1181 1614 1197 1652; x_wconf 89' lang='lat'>:</span> <span class='ocrx_word' id='word_1_200' title='bbox 1244 1594 1405 1652; x_wconf 87' lang='lat' dir='ltr'><strong>Nunc</strong></span> <span class='ocrx_word' id='word_1_201' title='bbox 1444 1597 1621 1652; x_wconf 79' lang='lat' dir='ltr'><strong>anima</strong></span> <span class='ocrx_word' id='word_1_202' title='bbox 1671 1614 1785 1653; x_wconf 88' lang='lat' dir='ltr'><strong>mea</strong></span> <span class='ocrx_word' id='word_1_203' title='bbox 1825 1597 2034 1653; x_wconf 85' lang='lat' dir='ltr'><strong>turbata</strong></span> <span class='ocrx_word' id='word_1_204' title='bbox 2073 1594 2152 1653; x_wconf 77' lang='lat' dir='ltr'><strong>est</strong></span> <span class='ocrx_word' id='word_1_205' title='bbox 2246 1600 2365 1674; x_wconf 83' lang='lat'><strong>49).</strong></span> <span class='ocrx_word' id='word_1_206' title='bbox 2397 1600 2514 1658; x_wconf 81' lang='lat' dir='ltr'><strong>Non</strong></span> <span class='ocrx_word' id='word_1_207' title='bbox 2544 1617 2653 1675; x_wconf 91' lang='lat' dir='ltr'><strong>quo</strong></span> <span class='ocrx_word' id='word_1_208' title='bbox 2673 1603 2933 1659; x_wconf 89' lang='lat' dir='ltr'><strong>simulare</strong></span> <span class='ocrx_word' id='word_1_209' title='bbox 2957 1618 3056 1660; x_wconf 88' lang='lat' dir='ltr'><strong>nos</strong></span> <span class='ocrx_word' id='word_1_210' title='bbox 3077 1603 3289 1672; x_wconf 84' lang='lat' dir='ltr'><strong>doceat,</strong></span> <span class='ocrx_word' id='word_1_211' title='bbox 3315 1605 3409 1661; x_wconf 89' lang='lat' dir='ltr'><strong>sed</strong></span> <span class='ocrx_word' id='word_1_212' title='bbox 3434 1615 3493 1662; x_wconf 91' lang='lat' dir='ltr'><strong>ut</strong></span> <span class='ocrx_word' id='word_1_213' title='bbox 3516 1622 3691 1678; x_wconf 86' lang='lat' dir='ltr'><strong>neque</strong></span> <span class='ocrx_word' id='word_1_214' title='bbox 3716 1623 3847 1681; x_wconf 84' lang='lat' dir='ltr'><strong>pro-</strong></span> 
     </span>
    </p>
   </div>
   <div class='ocr_carea' id='block_1_28' title="bbox 546 1689 3847 1775">
    <p class='ocr_par' dir='ltr' id='par_1_28' title="bbox 546 1689 3847 1775">
     <span class='ocr_line' id='line_1_28' title="bbox 546 1689 3847 1775; baseline 0.003 -28"><span class='ocrx_word' id='word_1_215' title='bbox 546 1692 694 1749; x_wconf 85' lang='lat' dir='ltr'><strong>valde</strong></span> <span class='ocrx_word' id='word_1_216' title='bbox 718 1689 889 1766; x_wconf 84' lang='lat' dir='ltr'><strong>(Psal.</strong></span> <span class='ocrx_word' id='word_1_217' title='bbox 916 1708 990 1761; x_wconf 87' lang='lat' dir='ltr'><strong>Vl,</strong></span> <span class='ocrx_word' id='word_1_218' title='bbox 1010 1691 1090 1765; x_wconf 87' lang='lat'><strong>4).</strong></span> <span class='ocrx_word' id='word_1_219' title='bbox 1123 1690 1241 1748; x_wconf 82' lang='lat' dir='ltr'><strong>Non</strong></span> <span class='ocrx_word' id='word_1_220' title='bbox 1258 1707 1391 1764; x_wconf 84' lang='lat' dir='ltr'><strong>ergo</strong></span> <span class='ocrx_word' id='word_1_221' title='bbox 1419 1694 1744 1763; x_wconf 81' lang='lat' dir='ltr'><strong>suscipiens,</strong></span> <span class='ocrx_word' id='word_1_222' title='bbox 1773 1694 1869 1750; x_wconf 90' lang='lat' dir='ltr'><strong>sed</strong></span> <span class='ocrx_word' id='word_1_223' title='bbox 1893 1703 2146 1764; x_wconf 84' lang='lat' dir='ltr'><strong>suscepta</strong></span> <span class='ocrx_word' id='word_1_224' title='bbox 2248 1694 2515 1752; x_wconf 89' lang='lat' dir='ltr'><strong>ditionem</strong></span> <span class='ocrx_word' id='word_1_225' title='bbox 2544 1697 2788 1769; x_wconf 79' lang='lat' dir='ltr'><strong>refugere</strong></span> <span class='ocrx_word' id='word_1_226' title='bbox 2816 1698 3093 1753; x_wconf 84' lang='lat' dir='ltr'><strong>videretur</strong></span> <span class='ocrx_word' id='word_1_227' title='bbox 3116 1740 3130 1766; x_wconf 91' lang='lat'><strong>,</strong></span> <span class='ocrx_word' id='word_1_228' title='bbox 3158 1709 3211 1755; x_wconf 92' lang='lat' dir='ltr'><strong>et</strong></span> <span class='ocrx_word' id='word_1_229' title='bbox 3235 1697 3356 1775; x_wconf 88' lang='lat' dir='ltr'><strong>plus</strong></span> <span class='ocrx_word' id='word_1_230' title='bbox 3387 1698 3630 1757; x_wconf 62' lang='lat' dir='ltr'><strong>afﬁceret</strong></span> <span class='ocrx_word' id='word_1_231' title='bbox 3660 1700 3847 1773; x_wconf 84' lang='lat' dir='ltr'><strong>prodi—</strong></span> 
     </span>
    </p>
   </div>
   <div class='ocr_carea' id='block_1_29' title="bbox 467 1782 3850 1866">
    <p class='ocr_par' dir='ltr' id='par_1_29' title="bbox 467 1782 3850 1866">
     <span class='ocr_line' id='line_1_29' title="bbox 467 1782 3850 1866; baseline 0.003 -26"><span class='ocrx_word' id='word_1_232' title='bbox 467 1810 471 1815; x_wconf 85' lang='lat'><strong><em>-</em></strong></span> <span class='ocrx_word' id='word_1_233' title='bbox 548 1782 827 1853; x_wconf 84' lang='lat' dir='ltr'><strong>turbatur;</strong></span> <span class='ocrx_word' id='word_1_234' title='bbox 862 1784 1041 1839; x_wconf 87' lang='lat' dir='ltr'><strong>anima</strong></span> <span class='ocrx_word' id='word_1_235' title='bbox 1069 1785 1210 1840; x_wconf 90' lang='lat' dir='ltr'><strong>enim</strong></span> <span class='ocrx_word' id='word_1_236' title='bbox 1230 1785 1463 1841; x_wconf 78' lang='lat' dir='ltr'><strong>obnoxia</strong></span> <span class='ocrx_word' id='word_1_237' title='bbox 1491 1786 1860 1856; x_wconf 89' lang='lat' dir='ltr'><strong>passionibus,</strong></span> <span class='ocrx_word' id='word_1_238' title='bbox 1885 1782 2149 1842; x_wconf 82' lang='lat' dir='ltr'><strong>divinitas</strong></span> <span class='ocrx_word' id='word_1_239' title='bbox 2172 1858 2225 1866; x_wconf 80' lang='lat'>__</span> <span class='ocrx_word' id='word_1_240' title='bbox 2251 1803 2424 1848; x_wconf 85' lang='lat' dir='ltr'><strong>torem</strong></span> <span class='ocrx_word' id='word_1_241' title='bbox 2449 1835 2463 1860; x_wconf 94' lang='lat'><strong>,</strong></span> <span class='ocrx_word' id='word_1_242' title='bbox 2502 1794 2586 1849; x_wconf 91' lang='lat' dir='ltr'><strong>cni</strong></span> <span class='ocrx_word' id='word_1_243' title='bbox 2614 1794 2817 1849; x_wconf 89' lang='lat' dir='ltr'><strong>amoris</strong></span> <span class='ocrx_word' id='word_1_244' title='bbox 2848 1793 3022 1850; x_wconf 85' lang='lat' dir='ltr'><strong>ofﬁcia</strong></span> <span class='ocrx_word' id='word_1_245' title='bbox 3055 1810 3162 1849; x_wconf 92' lang='lat' dir='ltr'><strong>non</strong></span> <span class='ocrx_word' id='word_1_246' title='bbox 3192 1806 3443 1866; x_wconf 85' lang='lat' dir='ltr'><strong>negaret;</strong></span> <span class='ocrx_word' id='word_1_247' title='bbox 3476 1794 3736 1866; x_wconf 86' lang='lat' dir='ltr'><strong>scriptum</strong></span> <span class='ocrx_word' id='word_1_248' title='bbox 3761 1804 3850 1852; x_wconf 82' lang='lat' dir='ltr'><strong>est</strong></span> 
     </span>
    </p>
   </div>
   <div class='ocr_carea' id='block_1_30' title="bbox 546 1858 3845 1971">
    <p class='ocr_par' dir='ltr' id='par_1_30' title="bbox 546 1858 3845 1971">
     <span class='ocr_line' id='line_1_30' title="bbox 546 1858 3845 1971; baseline 0.004 -37"><span class='ocrx_word' id='word_1_249' title='bbox 546 1877 736 1934; x_wconf 88' lang='lat' dir='ltr'><strong>libera.</strong></span> <span class='ocrx_word' id='word_1_250' title='bbox 769 1876 1011 1971; x_wconf 78' lang='lat' dir='ltr'><strong>Denique</strong></span> <span class='ocrx_word' id='word_1_251' title='bbox 1031 1921 1045 1945; x_wconf 90' lang='lat'><strong>,</strong></span> <span class='ocrx_word' id='word_1_252' title='bbox 1078 1876 1310 1971; x_wconf 74' lang='lat' dir='ltr'><strong>Spiritus</strong></span> <span class='ocrx_word' id='word_1_253' title='bbox 1338 1891 1644 1955; x_wconf 62' lang='lat' dir='ltr'><strong>promptus,</strong></span> <span class='ocrx_word' id='word_1_254' title='bbox 1680 1897 1801 1937; x_wconf 89' lang='lat' dir='ltr'><strong>caro</strong></span> <span class='ocrx_word' id='word_1_255' title='bbox 1841 1893 2015 1938; x_wconf 90' lang='lat' dir='ltr'><strong>autem</strong></span> <span class='ocrx_word' id='word_1_256' title='bbox 2055 1883 2141 1938; x_wconf 88' lang='lat' dir='ltr'><strong>in-</strong></span> <span class='ocrx_word' id='word_1_257' title='bbox 2172 1858 2228 1923; x_wconf 63' lang='grc' dir='ltr'><strong>Β</strong></span> <span class='ocrx_word' id='word_1_258' title='bbox 2249 1890 2393 1944; x_wconf 89' lang='lat' dir='ltr'><strong>enim</strong></span> <span class='ocrx_word' id='word_1_259' title='bbox 2492 1887 2619 1947; x_wconf 83' lang='lat' dir='ltr'><strong>Cum</strong></span> <span class='ocrx_word' id='word_1_260' title='bbox 2646 1888 2939 1955; x_wconf 68' lang='lat' dir='ltr'><strong>odientibus</strong></span> <span class='ocrx_word' id='word_1_261' title='bbox 2984 1907 3161 1971; x_wconf 81' lang='lat' dir='ltr'><strong>pacem</strong></span> <span class='ocrx_word' id='word_1_262' title='bbox 3192 1858 3333 1946; x_wconf 67' lang='lat' dir='ltr'><strong>erant</strong></span> <span class='ocrx_word' id='word_1_263' title='bbox 3379 1858 3630 1964; x_wconf 76' lang='lat' dir='ltr'><strong>paci/ictis</strong></span> <span class='ocrx_word' id='word_1_264' title='bbox 3660 1890 3845 1967; x_wconf 69' lang='lat' dir='ltr'><strong>(Prol.</strong></span> 
     </span>
    </p>
   </div>
   <div class='ocr_carea' id='block_1_31' title="bbox 525 1970 2518 2056">
    <p class='ocr_par' dir='ltr' id='par_1_31' title="bbox 525 1970 2518 2056">
     <span class='ocr_line' id='line_1_31' title="bbox 525 1970 2518 2056; baseline 0.006 -30"><span class='ocrx_word' id='word_1_265' title='bbox 525 1972 700 2044; x_wconf 54' lang='lat' dir='ltr'><strong>ﬁrma</strong></span> <span class='ocrx_word' id='word_1_266' title='bbox 728 1970 943 2044; x_wconf 77' lang='lat' dir='ltr'><strong>(Matth.</strong></span> <span class='ocrx_word' id='word_1_267' title='bbox 978 1985 1133 2041; x_wconf 73' lang='lat' dir='ltr'><strong>xxvi,</strong></span> <span class='ocrx_word' id='word_1_268' title='bbox 1163 1970 1275 2045; x_wconf 78' lang='lat' dir='ltr'><strong>4i).</strong></span> <span class='ocrx_word' id='word_1_269' title='bbox 1305 1972 1504 2030; x_wconf 80' lang='lat' dir='ltr'><strong>Tristis</strong></span> <span class='ocrx_word' id='word_1_270' title='bbox 1531 1978 1712 2030; x_wconf 88' lang='lat' dir='ltr'><strong>autem</strong></span> <span class='ocrx_word' id='word_1_271' title='bbox 1744 1982 1831 2032; x_wconf 88' lang='lat' dir='ltr'><strong>est</strong></span> <span class='ocrx_word' id='word_1_272' title='bbox 1861 1991 1970 2031; x_wconf 91' lang='lat' dir='ltr'><strong>non</strong></span> <span class='ocrx_word' id='word_1_273' title='bbox 1999 1977 2140 2046; x_wconf 90' lang='lat' dir='ltr'><strong>ipse,</strong></span> <span class='ocrx_word' id='word_1_274' title='bbox 2248 1997 2395 2047; x_wconf 64' lang='grc' dir='ltr'><strong>(επις,</strong></span> <span class='ocrx_word' id='word_1_275' title='bbox 2433 1980 2518 2056; x_wconf 89' lang='grc'><strong>7).</strong></span> 
     </span>
    </p>
   </div>
   <div class='ocr_carea' id='block_1_32' title="bbox 549 2066 3853 2149">
    <p class='ocr_par' dir='ltr' id='par_1_32' title="bbox 549 2066 3853 2149">
     <span class='ocr_line' id='line_1_32' title="bbox 549 2066 3853 2149; baseline 0.002 -24"><span class='ocrx_word' id='word_1_276' title='bbox 549 2070 647 2125; x_wconf 83' lang='lat' dir='ltr'><strong>sed</strong></span> <span class='ocrx_word' id='word_1_277' title='bbox 667 2070 864 2126; x_wconf 86' lang='lat' dir='ltr'><strong>anima.</strong></span> <span class='ocrx_word' id='word_1_278' title='bbox 903 2066 1016 2124; x_wconf 80' lang='lat' dir='ltr'><strong>Non</strong></span> <span class='ocrx_word' id='word_1_279' title='bbox 1048 2079 1130 2125; x_wconf 89' lang='lat' dir='ltr'><strong>est</strong></span> <span class='ocrx_word' id='word_1_280' title='bbox 1156 2067 1325 2125; x_wconf 84' lang='lat' dir='ltr'><strong>tristis</strong></span> <span class='ocrx_word' id='word_1_281' title='bbox 1354 2070 1645 2140; x_wconf 85' lang='lat' dir='ltr'><strong>sapientia,</strong></span> <span class='ocrx_word' id='word_1_282' title='bbox 1678 2082 1785 2125; x_wconf 87' lang='lat' dir='ltr'><strong>non</strong></span> <span class='ocrx_word' id='word_1_283' title='bbox 1810 2069 1992 2126; x_wconf 88' lang='lat' dir='ltr'><strong>divina</strong></span> <span class='ocrx_word' id='word_1_284' title='bbox 2016 2069 2147 2125; x_wconf 83' lang='lat' dir='ltr'><strong>sub-</strong></span> <span class='ocrx_word' id='word_1_285' title='bbox 2322 2076 2411 2137; x_wconf 71' lang='lat'><strong>6.5.</strong></span> <span class='ocrx_word' id='word_1_286' title='bbox 2457 2075 2523 2131; x_wconf 87' lang='lat' dir='ltr'><strong>Et</strong></span> <span class='ocrx_word' id='word_1_287' title='bbox 2545 2075 2697 2149; x_wconf 84' lang='lat' dir='ltr'><strong>signo</strong></span> <span class='ocrx_word' id='word_1_288' title='bbox 2720 2075 2869 2143; x_wconf 78' lang='lat' dir='ltr'><strong>dato,</strong></span> <span class='ocrx_word' id='word_1_289' title='bbox 2900 2075 3107 2149; x_wconf 85' lang='lat' dir='ltr'><strong>inquit,</strong></span> <span class='ocrx_word' id='word_1_290' title='bbox 3136 2077 3204 2131; x_wconf 89' lang='lat' dir='ltr'><strong>ab</strong></span> <span class='ocrx_word' id='word_1_291' title='bbox 3237 2076 3302 2131; x_wconf 89' lang='lat' dir='ltr'><strong>iis</strong></span> <span class='ocrx_word' id='word_1_292' title='bbox 3329 2075 3423 2148; x_wconf 85' lang='lat' dir='ltr'><strong>qui</strong></span> <span class='ocrx_word' id='word_1_293' title='bbox 3452 2091 3575 2132; x_wconf 89' lang='lat' dir='ltr'><strong>cum</strong></span> <span class='ocrx_word' id='word_1_294' title='bbox 3615 2075 3853 2133; x_wconf 84' lang='lat' dir='ltr'><strong>fustibus</strong></span> 
     </span>
    </p>
   </div>
   <div class='ocr_carea' id='block_1_33' title="bbox 548 2159 3853 2241">
    <p class='ocr_par' dir='ltr' id='par_1_33' title="bbox 548 2159 3853 2241">
     <span class='ocr_line' id='line_1_33' title="bbox 548 2159 3853 2241; baseline 0.002 -24"><span class='ocrx_word' id='word_1_295' title='bbox 548 2162 782 2227; x_wconf 87' lang='lat' dir='ltr'><strong>stantia,</strong></span> <span class='ocrx_word' id='word_1_296' title='bbox 820 2159 977 2225; x_wconf 50' lang='grc' dir='ltr'><strong>ἱκεεά</strong></span> <span class='ocrx_word' id='word_1_297' title='bbox 1006 2162 1209 2217; x_wconf 87' lang='lat' dir='ltr'><strong>anima.</strong></span> <span class='ocrx_word' id='word_1_298' title='bbox 1239 2160 1493 2233; x_wconf 81' lang='lat' dir='ltr'><strong>Suscepit</strong></span> <span class='ocrx_word' id='word_1_299' title='bbox 1539 2176 1740 2234; x_wconf 87' lang='lat' dir='ltr'><strong>corpus</strong></span> <span class='ocrx_word' id='word_1_300' title='bbox 1773 2176 1955 2219; x_wconf 89' lang='lat' dir='ltr'><strong>meum</strong></span> <span class='ocrx_word' id='word_1_301' title='bbox 1988 2176 2004 2223; x_wconf 88' lang='lat'>:</span> <span class='ocrx_word' id='word_1_302' title='bbox 2038 2177 2145 2218; x_wconf 92' lang='lat' dir='ltr'><strong>non</strong></span> <span class='ocrx_word' id='word_1_303' title='bbox 2249 2178 2516 2224; x_wconf 89' lang='lat' dir='ltr'><strong>venerant</strong></span> <span class='ocrx_word' id='word_1_304' title='bbox 2538 2211 2553 2233; x_wconf 91' lang='lat'><strong>,</strong></span> <span class='ocrx_word' id='word_1_305' title='bbox 2595 2167 3079 2241; x_wconf 83' lang='lat' dir='ltr'><strong>comprehenditur</strong></span> <span class='ocrx_word' id='word_1_306' title='bbox 3123 2167 3339 2239; x_wconf 72' lang='lat' dir='ltr'><strong>(Matth.</strong></span> <span class='ocrx_word' id='word_1_307' title='bbox 3374 2183 3532 2234; x_wconf 67' lang='grc' dir='ltr'>χχιιι,</span> <span class='ocrx_word' id='word_1_308' title='bbox 3579 2169 3676 2237; x_wconf 83' lang='grc'><strong>50)</strong></span> <span class='ocrx_word' id='word_1_309' title='bbox 3706 2189 3718 2223; x_wconf 87' lang='grc'>;</span> <span class='ocrx_word' id='word_1_310' title='bbox 3751 2169 3853 2225; x_wconf 84' lang='lat' dir='ltr'><strong>sed</strong></span> 
     </span>
    </p>
   </div>
   <div class='ocr_carea' id='block_1_34' title="bbox 552 2254 3850 2334">
    <p class='ocr_par' dir='ltr' id='par_1_34' title="bbox 552 2254 3850 2334">
     <span class='ocr_line' id='line_1_34' title="bbox 552 2254 3850 2334; baseline 0.002 -23"><span class='ocrx_word' id='word_1_311' title='bbox 552 2272 637 2312; x_wconf 91' lang='lat' dir='ltr'><strong>me</strong></span> <span class='ocrx_word' id='word_1_312' title='bbox 668 2256 886 2323; x_wconf 81' lang='lat' dir='ltr'><strong>fefellit,</strong></span> <span class='ocrx_word' id='word_1_313' title='bbox 920 2266 978 2313; x_wconf 92' lang='lat' dir='ltr'><strong>ut</strong></span> <span class='ocrx_word' id='word_1_314' title='bbox 1005 2258 1155 2313; x_wconf 88' lang='lat' dir='ltr'><strong>aliud</strong></span> <span class='ocrx_word' id='word_1_315' title='bbox 1199 2269 1377 2323; x_wconf 88' lang='lat' dir='ltr'><strong>esset,</strong></span> <span class='ocrx_word' id='word_1_316' title='bbox 1421 2256 1569 2315; x_wconf 89' lang='lat' dir='ltr'><strong>aliud</strong></span> <span class='ocrx_word' id='word_1_317' title='bbox 1618 2258 1917 2315; x_wconf 89' lang='lat' dir='ltr'><strong>videretur.</strong></span> <span class='ocrx_word' id='word_1_318' title='bbox 1951 2254 2149 2314; x_wconf 78' lang='lat' dir='ltr'><strong>Tristis</strong></span> <span class='ocrx_word' id='word_1_319' title='bbox 2252 2262 2539 2318; x_wconf 90' lang='lat' dir='ltr'><strong>Dominum</strong></span> <span class='ocrx_word' id='word_1_320' title='bbox 2585 2263 2828 2319; x_wconf 90' lang='lat' dir='ltr'><strong>omnium</strong></span> <span class='ocrx_word' id='word_1_321' title='bbox 2859 2262 3137 2334; x_wconf 86' lang='lat' dir='ltr'><strong>mysteria,</strong></span> <span class='ocrx_word' id='word_1_322' title='bbox 3183 2275 3291 2316; x_wconf 88' lang='lat' dir='ltr'><strong>non</strong></span> <span class='ocrx_word' id='word_1_323' title='bbox 3334 2277 3485 2316; x_wconf 88' lang='lat' dir='ltr'><strong>arma</strong></span> <span class='ocrx_word' id='word_1_324' title='bbox 3535 2268 3850 2318; x_wconf 89' lang='lat' dir='ltr'><strong>tenuerunt.</strong></span> 
     </span>
    </p>
   </div>
   <div class='ocr_carea' id='block_1_35' title="bbox 463 2335 3846 2428">
    <p class='ocr_par' dir='ltr' id='par_1_35' title="bbox 463 2335 3846 2428">
     <span class='ocr_line' id='line_1_35' title="bbox 463 2335 3846 2428; baseline 0.002 -26"><span class='ocrx_word' id='word_1_325' title='bbox 463 2384 471 2391; x_wconf 67' lang='grc' dir='ltr'><em>ς</em></span> <span class='ocrx_word' id='word_1_326' title='bbox 554 2347 860 2414; x_wconf 85' lang='lat' dir='ltr'><strong>videbatur,</strong></span> <span class='ocrx_word' id='word_1_327' title='bbox 892 2359 948 2405; x_wconf 91' lang='lat' dir='ltr'><strong>et</strong></span> <span class='ocrx_word' id='word_1_328' title='bbox 974 2335 1147 2405; x_wconf 83' lang='lat' dir='ltr'><strong>tristis</strong></span> <span class='ocrx_word' id='word_1_329' title='bbox 1176 2358 1326 2418; x_wconf 86' lang='lat' dir='ltr'><strong>erat,</strong></span> <span class='ocrx_word' id='word_1_330' title='bbox 1359 2364 1469 2406; x_wconf 91' lang='lat' dir='ltr'><strong>non</strong></span> <span class='ocrx_word' id='word_1_331' title='bbox 1500 2364 1602 2422; x_wconf 84' lang='lat' dir='ltr'><strong>pro</strong></span> <span class='ocrx_word' id='word_1_332' title='bbox 1630 2366 1724 2406; x_wconf 92' lang='lat' dir='ltr'><strong>sua</strong></span> <span class='ocrx_word' id='word_1_333' title='bbox 1751 2351 2021 2421; x_wconf 86' lang='lat' dir='ltr'><strong>passione,</strong></span> <span class='ocrx_word' id='word_1_334' title='bbox 2050 2349 2150 2407; x_wconf 85' lang='lat' dir='ltr'><strong>sed</strong></span> <span class='ocrx_word' id='word_1_335' title='bbox 2255 2355 2496 2426; x_wconf 90' lang='lat' dir='ltr'><strong>Denique</strong></span> <span class='ocrx_word' id='word_1_336' title='bbox 2520 2354 2733 2411; x_wconf 89' lang='lat' dir='ltr'><strong>locutus</strong></span> <span class='ocrx_word' id='word_1_337' title='bbox 2762 2366 2867 2423; x_wconf 82' lang='lat' dir='ltr'><strong>eSt,</strong></span> <span class='ocrx_word' id='word_1_338' title='bbox 2901 2364 2957 2413; x_wconf 90' lang='lat' dir='ltr'><strong>et</strong></span> <span class='ocrx_word' id='word_1_339' title='bbox 2984 2355 3301 2413; x_wconf 85' lang='lat' dir='ltr'><strong>ceciderunt</strong></span> <span class='ocrx_word' id='word_1_340' title='bbox 3331 2362 3629 2410; x_wconf 88' lang='lat' dir='ltr'><strong>retrorsum</strong></span> <span class='ocrx_word' id='word_1_341' title='bbox 3660 2353 3846 2428; x_wconf 73' lang='lat' dir='ltr'><strong>(Joan.</strong></span> 
     </span>
    </p>
   </div>
   <div class='ocr_carea' id='block_1_36' title="bbox 552 2440 3853 2527">
    <p class='ocr_par' dir='ltr' id='par_1_36' title="bbox 552 2440 3853 2527">
     <span class='ocr_line' id='line_1_36' title="bbox 552 2440 3853 2527; baseline 0.002 -29"><span class='ocrx_word' id='word_1_342' title='bbox 552 2458 651 2513; x_wconf 89' lang='lat' dir='ltr'><strong>pro</strong></span> <span class='ocrx_word' id='word_1_343' title='bbox 678 2450 862 2498; x_wconf 86' lang='lat' dir='ltr'><strong>nostra</strong></span> <span class='ocrx_word' id='word_1_344' title='bbox 884 2440 1244 2513; x_wconf 86' lang='lat' dir='ltr'><strong>dispersione.</strong></span> <span class='ocrx_word' id='word_1_345' title='bbox 1274 2444 1516 2517; x_wconf 88' lang='lat' dir='ltr'><strong>Denique</strong></span> <span class='ocrx_word' id='word_1_346' title='bbox 1540 2445 1617 2501; x_wconf 87' lang='lat' dir='ltr'><strong>ait</strong></span> <span class='ocrx_word' id='word_1_347' title='bbox 1643 2461 1659 2503; x_wconf 84' lang='lat'><strong>:</strong></span> <span class='ocrx_word' id='word_1_348' title='bbox 1692 2444 1994 2501; x_wconf 83' lang='lat' dir='ltr'><strong>Percutiam</strong></span> <span class='ocrx_word' id='word_1_349' title='bbox 2024 2462 2147 2517; x_wconf 67' lang='grc' dir='ltr'><strong>ναε-</strong></span> <span class='ocrx_word' id='word_1_350' title='bbox 2250 2462 2418 2527; x_wconf 44' lang='grc' dir='ltr'>κνιιι..</span> <span class='ocrx_word' id='word_1_351' title='bbox 2450 2447 2527 2517; x_wconf 89' lang='lat'><strong>6).</strong></span> <span class='ocrx_word' id='word_1_352' title='bbox 2562 2448 2681 2524; x_wconf 88' lang='lat' dir='ltr'><strong>Quo</strong></span> <span class='ocrx_word' id='word_1_353' title='bbox 2728 2448 2861 2502; x_wconf 90' lang='lat' dir='ltr'><strong>mihi</strong></span> <span class='ocrx_word' id='word_1_354' title='bbox 2906 2448 3151 2520; x_wconf 89' lang='lat' dir='ltr'><strong>legiones</strong></span> <span class='ocrx_word' id='word_1_355' title='bbox 3196 2448 3511 2520; x_wconf 81' lang='lat' dir='ltr'><strong>angelorum</strong></span> <span class='ocrx_word' id='word_1_356' title='bbox 3535 2491 3551 2519; x_wconf 82' lang='lat'><strong>,</strong></span> <span class='ocrx_word' id='word_1_357' title='bbox 3601 2464 3709 2527; x_wconf 86' lang='lat' dir='ltr'><strong>quo</strong></span> <span class='ocrx_word' id='word_1_358' title='bbox 3738 2461 3853 2504; x_wconf 74' lang='lat' dir='ltr'><strong>coe-</strong></span> 
     </span>
    </p>
   </div>
   <div class='ocr_carea' id='block_1_37' title="bbox 552 2526 3853 2613">
    <p class='ocr_par' dir='ltr' id='par_1_37' title="bbox 552 2526 3853 2613">
     <span class='ocr_line' id='line_1_37' title="bbox 552 2526 3853 2613; baseline 0.001 -22"><span class='ocrx_word' id='word_1_359' title='bbox 552 2544 741 2602; x_wconf 86' lang='lat' dir='ltr'><strong>torem,</strong></span> <span class='ocrx_word' id='word_1_360' title='bbox 774 2544 823 2591; x_wconf 87' lang='lat' dir='ltr'><strong>et</strong></span> <span class='ocrx_word' id='word_1_361' title='bbox 863 2536 1222 2607; x_wconf 78' lang='lat' dir='ltr'><strong>dispergentur</strong></span> <span class='ocrx_word' id='word_1_362' title='bbox 1247 2553 1365 2594; x_wconf 80' lang='lat' dir='ltr'><strong>oves</strong></span> <span class='ocrx_word' id='word_1_363' title='bbox 1394 2541 1563 2613; x_wconf 85' lang='lat' dir='ltr'><strong>gregis</strong></span> <span class='ocrx_word' id='word_1_364' title='bbox 1594 2538 1810 2610; x_wconf 73' lang='lat' dir='ltr'><strong>(Matth.</strong></span> <span class='ocrx_word' id='word_1_365' title='bbox 1844 2554 2000 2608; x_wconf 77' lang='lat' dir='ltr'><strong>xxvi,</strong></span> <span class='ocrx_word' id='word_1_366' title='bbox 2030 2539 2146 2613; x_wconf 69' lang='grc' dir='ltr'><strong>Μ).</strong></span> <span class='ocrx_word' id='word_1_367' title='bbox 2253 2526 2411 2597; x_wconf 78' lang='lat' dir='ltr'><strong>l‘estis</strong></span> <span class='ocrx_word' id='word_1_368' title='bbox 2433 2541 2747 2598; x_wconf 71' lang='lat' dir='ltr'><strong>exercitus?</strong></span> <span class='ocrx_word' id='word_1_369' title='bbox 2767 2540 2882 2598; x_wconf 71' lang='lat' dir='ltr'><strong>Vox</strong></span> <span class='ocrx_word' id='word_1_370' title='bbox 2914 2542 3124 2598; x_wconf 91' lang='lat' dir='ltr'><strong>Domini</strong></span> <span class='ocrx_word' id='word_1_371' title='bbox 3164 2542 3283 2597; x_wconf 86' lang='lat' dir='ltr'><strong>sola</strong></span> <span class='ocrx_word' id='word_1_372' title='bbox 3312 2543 3430 2608; x_wconf 90' lang='lat' dir='ltr'><strong>plus</strong></span> <span class='ocrx_word' id='word_1_373' title='bbox 3476 2526 3663 2597; x_wconf 85' lang='lat' dir='ltr'><strong>terret.</strong></span> <span class='ocrx_word' id='word_1_374' title='bbox 3702 2537 3853 2597; x_wconf 78' lang='lat' dir='ltr'><strong>lianc</strong></span> 
     </span>
    </p>
   </div>
   <div class='ocr_carea' id='block_1_38' title="bbox 554 2628 3849 2719">
    <p class='ocr_par' dir='ltr' id='par_1_38' title="bbox 554 2628 3849 2719">
     <span class='ocr_line' id='line_1_38' title="bbox 554 2628 3849 2719; baseline 0.001 -34"><span class='ocrx_word' id='word_1_375' title='bbox 554 2628 747 2686; x_wconf 79' lang='lat' dir='ltr'><strong>Tristis</strong></span> <span class='ocrx_word' id='word_1_376' title='bbox 773 2639 911 2707; x_wconf 75' lang='lat' dir='ltr'><strong>erat,</strong></span> <span class='ocrx_word' id='word_1_377' title='bbox 936 2632 1059 2702; x_wconf 89' lang='lat' dir='ltr'><strong>quia</strong></span> <span class='ocrx_word' id='word_1_378' title='bbox 1093 2646 1191 2687; x_wconf 90' lang='lat' dir='ltr'><strong>nos</strong></span> <span class='ocrx_word' id='word_1_379' title='bbox 1215 2632 1471 2701; x_wconf 90' lang='lat' dir='ltr'><strong>parvulos</strong></span> <span class='ocrx_word' id='word_1_380' title='bbox 1492 2634 1852 2705; x_wconf 83' lang='lat' dir='ltr'><strong>relinquebat.</strong></span> <span class='ocrx_word' id='word_1_381' title='bbox 1875 2632 2148 2688; x_wconf 64' lang='lat' dir='ltr'><strong>Caeterum</strong></span> <span class='ocrx_word' id='word_1_382' title='bbox 2253 2635 2347 2692; x_wconf 93' lang='lat' dir='ltr'><strong>ille</strong></span> <span class='ocrx_word' id='word_1_383' title='bbox 2375 2636 2442 2691; x_wconf 89' lang='lat' dir='ltr'><strong>ad</strong></span> <span class='ocrx_word' id='word_1_384' title='bbox 2470 2635 2957 2693; x_wconf 89' lang='lat' dir='ltr'><strong>demonstrandum</strong></span> <span class='ocrx_word' id='word_1_385' title='bbox 2980 2638 3178 2699; x_wconf 66' lang='lat' dir='ltr'><strong>divinae</strong></span> <span class='ocrx_word' id='word_1_386' title='bbox 3205 2636 3510 2707; x_wconf 90' lang='lat' dir='ltr'><strong>majestatis</strong></span> <span class='ocrx_word' id='word_1_387' title='bbox 3550 2635 3811 2705; x_wconf 74' lang='lat' dir='ltr'><strong>indicium</strong></span> <span class='ocrx_word' id='word_1_388' title='bbox 3828 2677 3849 2719; x_wconf 73' lang='lat'><strong>,</strong></span> 
     </span>
    </p>
   </div>
   <div class='ocr_carea' id='block_1_39' title="bbox 554 2729 3846 2806">
    <p class='ocr_par' dir='ltr' id='par_1_39' title="bbox 554 2729 3846 2806">
     <span class='ocr_line' id='line_1_39' title="bbox 554 2729 3846 2806; baseline 0.002 -25"><span class='ocrx_word' id='word_1_389' title='bbox 554 2740 712 2799; x_wconf 81' lang='lat' dir='ltr'><strong>quam</strong></span> <span class='ocrx_word' id='word_1_390' title='bbox 743 2736 1058 2784; x_wconf 88' lang='lat' dir='ltr'><strong>constanter</strong></span> <span class='ocrx_word' id='word_1_391' title='bbox 1084 2742 1145 2786; x_wconf 88' lang='lat' dir='ltr'><strong>se</strong></span> <span class='ocrx_word' id='word_1_392' title='bbox 1176 2731 1335 2785; x_wconf 90' lang='lat' dir='ltr'><strong>morti</strong></span> <span class='ocrx_word' id='word_1_393' title='bbox 1360 2729 1654 2797; x_wconf 89' lang='lat' dir='ltr'><strong>obtulerit,</strong></span> <span class='ocrx_word' id='word_1_394' title='bbox 1683 2741 1706 2770; x_wconf 81' lang='grc' dir='ltr'><strong>ο</strong></span> <span class='ocrx_word' id='word_1_395' title='bbox 1740 2729 2022 2802; x_wconf 89' lang='lat' dir='ltr'><strong>Scriptura</strong></span> <span class='ocrx_word' id='word_1_396' title='bbox 2053 2729 2151 2786; x_wconf 87' lang='lat' dir='ltr'><strong>de-</strong></span> <span class='ocrx_word' id='word_1_397' title='bbox 2251 2732 2342 2802; x_wconf 91' lang='lat' dir='ltr'><strong>qui</strong></span> <span class='ocrx_word' id='word_1_398' title='bbox 2381 2732 2433 2793; x_wconf 88' lang='lat' dir='ltr'><strong>in</strong></span> <span class='ocrx_word' id='word_1_399' title='bbox 2467 2743 2690 2806; x_wconf 79' lang='lat' dir='ltr'><strong>pectore</strong></span> <span class='ocrx_word' id='word_1_400' title='bbox 2732 2731 2935 2789; x_wconf 84' lang='lat' dir='ltr'><strong>Christi</strong></span> <span class='ocrx_word' id='word_1_401' title='bbox 2986 2732 3336 2795; x_wconf 77' lang='lat' dir='ltr'><strong>recumbebat</strong></span> <span class='ocrx_word' id='word_1_402' title='bbox 3357 2775 3370 2798; x_wconf 87' lang='lat'><strong>,</strong></span> <span class='ocrx_word' id='word_1_403' title='bbox 3422 2732 3591 2805; x_wconf 84' lang='lat' dir='ltr'><strong>eligit.</strong></span> <span class='ocrx_word' id='word_1_404' title='bbox 3631 2732 3846 2795; x_wconf 68' lang='lat' dir='ltr'><strong>Veienti</strong></span> 
     </span>
    </p>
   </div>
   <div class='ocr_carea' id='block_1_40' title="bbox 555 2820 3855 2899">
    <p class='ocr_par' dir='ltr' id='par_1_40' title="bbox 555 2820 3855 2899">
     <span class='ocr_line' id='line_1_40' title="bbox 555 2820 3855 2899; baseline 0.002 -23"><span class='ocrx_word' id='word_1_405' title='bbox 555 2820 727 2876; x_wconf 84' lang='lat' dir='ltr'><strong>clarat</strong></span> <span class='ocrx_word' id='word_1_406' title='bbox 764 2820 945 2897; x_wconf 82' lang='lat' dir='ltr'><strong>(Joan.</strong></span> <span class='ocrx_word' id='word_1_407' title='bbox 996 2839 1147 2889; x_wconf 76' lang='lat' dir='ltr'><strong>xvnr,</strong></span> <span class='ocrx_word' id='word_1_408' title='bbox 1180 2822 1269 2899; x_wconf 76' lang='lat'><strong>4);</strong></span> <span class='ocrx_word' id='word_1_409' title='bbox 1299 2823 1738 2896; x_wconf 78' lang='lat' dir='ltr'><strong>quandoquidem</strong></span> <span class='ocrx_word' id='word_1_410' title='bbox 1779 2823 2153 2897; x_wconf 84' lang='lat' dir='ltr'><strong>quaerentibus</strong></span> <span class='ocrx_word' id='word_1_411' title='bbox 2252 2840 2382 2898; x_wconf 87' lang='lat' dir='ltr'><strong>ergo</strong></span> <span class='ocrx_word' id='word_1_412' title='bbox 2411 2824 2579 2896; x_wconf 83' lang='lat' dir='ltr'><strong>injicit</strong></span> <span class='ocrx_word' id='word_1_413' title='bbox 2602 2841 2793 2882; x_wconf 87' lang='lat' dir='ltr'><strong>manus</strong></span> <span class='ocrx_word' id='word_1_414' title='bbox 2821 2824 2998 2891; x_wconf 88' lang='lat' dir='ltr'><strong>turba,</strong></span> <span class='ocrx_word' id='word_1_415' title='bbox 3029 2836 3318 2882; x_wconf 88' lang='lat' dir='ltr'><strong>nectuntur</strong></span> <span class='ocrx_word' id='word_1_416' title='bbox 3340 2827 3573 2882; x_wconf 88' lang='lat' dir='ltr'><strong>vincula.</strong></span> <span class='ocrx_word' id='word_1_417' title='bbox 3598 2825 3642 2882; x_wconf 89' lang='grc'><strong>0</strong></span> <span class='ocrx_word' id='word_1_418' title='bbox 3662 2842 3855 2883; x_wconf 45' lang='lat' dir='ltr'><strong>amen:</strong></span> 
     </span>
    </p>
   </div>
   <div class='ocr_carea' id='block_1_41' title="bbox 558 2914 2145 2995">
    <p class='ocr_par' dir='ltr' id='par_1_41' title="bbox 558 2914 2145 2995">
     <span class='ocr_line' id='line_1_41' title="bbox 558 2914 2145 2995; baseline 0.003 -27"><span class='ocrx_word' id='word_1_419' title='bbox 558 2914 827 2983; x_wconf 86' lang='lat' dir='ltr'><strong>occurrit,</strong></span> <span class='ocrx_word' id='word_1_420' title='bbox 853 2914 1096 2972; x_wconf 89' lang='lat' dir='ltr'><strong>turbatos</strong></span> <span class='ocrx_word' id='word_1_421' title='bbox 1126 2916 1492 2983; x_wconf 80' lang='lat' dir='ltr'><strong>confirmavit,</strong></span> <span class='ocrx_word' id='word_1_422' title='bbox 1524 2914 1769 2995; x_wconf 88' lang='lat' dir='ltr'><strong>trepidos</strong></span> <span class='ocrx_word' id='word_1_423' title='bbox 1798 2919 2145 2992; x_wconf 70' lang='lat' dir='ltr'><strong>provocavit,</strong></span> 
     </span>
    </p>
   </div>
   <div class='ocr_carea' id='block_1_42' title="bbox 504 2996 2145 3084">
    <p class='ocr_par' dir='ltr' id='par_1_42' title="bbox 504 2996 2145 3084">
     <span class='ocr_line' id='line_1_42' title="bbox 504 2996 2145 3084; baseline 0.001 -21"><span class='ocrx_word' id='word_1_424' title='bbox 504 3024 512 3032; x_wconf 92' lang='grc'><strong>·</strong></span> <span class='ocrx_word' id='word_1_425' title='bbox 557 3007 893 3081; x_wconf 82' lang='lat' dir='ltr'><strong>proditorem</strong></span> <span class='ocrx_word' id='word_1_426' title='bbox 921 3011 1090 3065; x_wconf 91' lang='lat' dir='ltr'><strong>osculi</strong></span> <span class='ocrx_word' id='word_1_427' title='bbox 1118 3010 1434 3080; x_wconf 79' lang='lat' dir='ltr'><strong>dignatione</strong></span> <span class='ocrx_word' id='word_1_428' title='bbox 1458 3012 1718 3084; x_wconf 84' lang='lat' dir='ltr'><strong>suscepit.</strong></span> <span class='ocrx_word' id='word_1_429' title='bbox 1814 2998 1819 3003; x_wconf 60' lang='grc'>’</span> <span class='ocrx_word' id='word_1_430' title='bbox 2140 2996 2145 3001; x_wconf 68' lang='grc'><em>’</em></span> 
     </span>
    </p>
   </div>
   <div class='ocr_carea' id='block_1_43' title="bbox 628 3100 2153 3178">
    <p class='ocr_par' dir='ltr' id='par_1_43' title="bbox 628 3100 2153 3178">
     <span class='ocr_line' id='line_1_43' title="bbox 628 3100 2153 3178; baseline 0.001 -20"><span class='ocrx_word' id='word_1_431' title='bbox 628 3102 718 3158; x_wconf 73' lang='lat'><strong>62.</strong></span> <span class='ocrx_word' id='word_1_432' title='bbox 762 3100 874 3158; x_wconf 84' lang='lat' dir='ltr'><strong>Nec</strong></span> <span class='ocrx_word' id='word_1_433' title='bbox 896 3103 1027 3161; x_wconf 89' lang='lat' dir='ltr'><strong>illud</strong></span> <span class='ocrx_word' id='word_1_434' title='bbox 1057 3100 1223 3160; x_wconf 87' lang='lat' dir='ltr'><strong>distat</strong></span> <span class='ocrx_word' id='word_1_435' title='bbox 1254 3120 1284 3160; x_wconf 89' lang='lat' dir='ltr'><strong>a</strong></span> <span class='ocrx_word' id='word_1_436' title='bbox 1311 3112 1461 3170; x_wconf 84' lang='lat' dir='ltr'><strong>vero,</strong></span> <span class='ocrx_word' id='word_1_437' title='bbox 1490 3106 1534 3161; x_wconf 92' lang='lat' dir='ltr'><strong>si</strong></span> <span class='ocrx_word' id='word_1_438' title='bbox 1569 3106 1737 3162; x_wconf 89' lang='lat' dir='ltr'><strong>tristis</strong></span> <span class='ocrx_word' id='word_1_439' title='bbox 1761 3108 1880 3163; x_wconf 87' lang='lat' dir='ltr'><strong>erat</strong></span> <span class='ocrx_word' id='word_1_440' title='bbox 1906 3120 2006 3178; x_wconf 88' lang='lat' dir='ltr'><strong>pro</strong></span> <span class='ocrx_word' id='word_1_441' title='bbox 2027 3116 2153 3178; x_wconf 84' lang='lat' dir='ltr'><strong>per-</strong></span> 
     </span>
    </p>
   </div>
   <div class='ocr_carea' id='block_1_44' title="bbox 554 3180 2155 3269">
    <p class='ocr_par' dir='ltr' id='par_1_44' title="bbox 554 3180 2155 3269">
     <span class='ocr_line' id='line_1_44' title="bbox 554 3180 2155 3269; baseline 0.002 -20"><span class='ocrx_word' id='word_1_442' title='bbox 554 3193 899 3250; x_wconf 86' lang='lat' dir='ltr'><strong>secutoribus</strong></span> <span class='ocrx_word' id='word_1_443' title='bbox 945 3196 1092 3264; x_wconf 90' lang='lat' dir='ltr'><strong>suis,</strong></span> <span class='ocrx_word' id='word_1_444' title='bbox 1147 3211 1285 3267; x_wconf 86' lang='lat' dir='ltr'><strong>quos</strong></span> <span class='ocrx_word' id='word_1_445' title='bbox 1313 3196 1523 3252; x_wconf 86' lang='lat' dir='ltr'><strong>sciebat</strong></span> <span class='ocrx_word' id='word_1_446' title='bbox 1576 3196 1834 3254; x_wconf 81' lang='lat' dir='ltr'><strong>immanis</strong></span> <span class='ocrx_word' id='word_1_447' title='bbox 1863 3180 2155 3269; x_wconf 71' lang='lat' dir='ltr'><strong>;sacriiegii</strong></span> 
     </span>
    </p>
   </div>
   <div class='ocr_carea' id='block_1_45' title="bbox 555 3286 2149 3367">
    <p class='ocr_par' dir='ltr' id='par_1_45' title="bbox 555 3286 2149 3367">
     <span class='ocr_line' id='line_1_45' title="bbox 555 3286 2149 3367; baseline 0.001 -24"><span class='ocrx_word' id='word_1_448' title='bbox 555 3301 744 3367; x_wconf 71' lang='lat' dir='ltr'><strong>pmnas</strong></span> <span class='ocrx_word' id='word_1_449' title='bbox 771 3287 1016 3343; x_wconf 83' lang='lat' dir='ltr'><strong>daturos.</strong></span> <span class='ocrx_word' id='word_1_450' title='bbox 1052 3287 1119 3343; x_wconf 86' lang='lat' dir='ltr'><strong>Et</strong></span> <span class='ocrx_word' id='word_1_451' title='bbox 1145 3288 1269 3345; x_wconf 89' lang='lat' dir='ltr'><strong>ideo</strong></span> <span class='ocrx_word' id='word_1_452' title='bbox 1296 3288 1434 3345; x_wconf 83' lang='lat' dir='ltr'><strong>dixit</strong></span> <span class='ocrx_word' id='word_1_453' title='bbox 1460 3307 1473 3342; x_wconf 87' lang='lat'><strong>:</strong></span> <span class='ocrx_word' id='word_1_454' title='bbox 1500 3286 1752 3361; x_wconf 79' lang='lat' dir='ltr'><strong>Transfer</strong></span> <span class='ocrx_word' id='word_1_455' title='bbox 1777 3290 1915 3355; x_wconf 76' lang='lat' dir='ltr'><strong>hunc</strong></span> <span class='ocrx_word' id='word_1_456' title='bbox 1937 3292 2149 3347; x_wconf 84' lang='lat' dir='ltr'><strong>calicem</strong></span> 
     </span>
    </p>
   </div>
   <div class='ocr_carea' id='block_1_46' title="bbox 556 3379 2150 3453">
    <p class='ocr_par' dir='ltr' id='par_1_46' title="bbox 556 3379 2150 3453">
     <span class='ocr_line' id='line_1_46' title="bbox 556 3379 2150 3453; baseline 0.003 -18"><span class='ocrx_word' id='word_1_457' title='bbox 556 3399 587 3435; x_wconf 92' lang='lat' dir='ltr'><strong>a</strong></span> <span class='ocrx_word' id='word_1_458' title='bbox 618 3398 696 3435; x_wconf 90' lang='lat' dir='ltr'><strong>me</strong></span> <span class='ocrx_word' id='word_1_459' title='bbox 721 3379 874 3450; x_wconf 88' lang='lat' dir='ltr'><strong>(Luc.</strong></span> <span class='ocrx_word' id='word_1_460' title='bbox 920 3398 1069 3451; x_wconf 66' lang='grc' dir='ltr'>χχιι,</span> <span class='ocrx_word' id='word_1_461' title='bbox 1099 3380 1222 3453; x_wconf 72' lang='lat'><strong>42);</strong></span> <span class='ocrx_word' id='word_1_462' title='bbox 1259 3397 1364 3437; x_wconf 91' lang='lat' dir='ltr'><strong>non</strong></span> <span class='ocrx_word' id='word_1_463' title='bbox 1407 3380 1530 3452; x_wconf 78' lang='lat' dir='ltr'><strong>quia</strong></span> <span class='ocrx_word' id='word_1_464' title='bbox 1573 3383 1664 3438; x_wconf 91' lang='lat' dir='ltr'><strong>Dei</strong></span> <span class='ocrx_word' id='word_1_465' title='bbox 1707 3380 1875 3438; x_wconf 88' lang='lat' dir='ltr'><strong>Filius</strong></span> <span class='ocrx_word' id='word_1_466' title='bbox 1917 3392 2150 3440; x_wconf 86' lang='lat' dir='ltr'><strong>mortem</strong></span> 
     </span>
    </p>
   </div>
   <div class='ocr_carea' id='block_1_47' title="bbox 559 3474 2153 3548">
    <p class='ocr_par' dir='ltr' id='par_1_47' title="bbox 559 3474 2153 3548">
     <span class='ocr_line' id='line_1_47' title="bbox 559 3474 2153 3548; baseline 0.003 -17"><span class='ocrx_word' id='word_1_467' title='bbox 559 3474 817 3545; x_wconf 87' lang='lat' dir='ltr'><strong>timebat,</strong></span> <span class='ocrx_word' id='word_1_468' title='bbox 850 3474 946 3530; x_wconf 88' lang='lat' dir='ltr'><strong>sed</strong></span> <span class='ocrx_word' id='word_1_469' title='bbox 977 3477 1099 3548; x_wconf 85' lang='lat' dir='ltr'><strong>quia</strong></span> <span class='ocrx_word' id='word_1_470' title='bbox 1130 3477 1215 3533; x_wconf 88' lang='lat' dir='ltr'><strong>vel</strong></span> <span class='ocrx_word' id='word_1_471' title='bbox 1243 3476 1415 3533; x_wconf 87' lang='lat' dir='ltr'><strong>malos</strong></span> <span class='ocrx_word' id='word_1_472' title='bbox 1449 3478 1624 3547; x_wconf 89' lang='lat' dir='ltr'><strong>perire</strong></span> <span class='ocrx_word' id='word_1_473' title='bbox 1660 3477 1897 3533; x_wconf 83' lang='lat' dir='ltr'><strong>nolebat.</strong></span> <span class='ocrx_word' id='word_1_474' title='bbox 1928 3476 1955 3517; x_wconf 71' lang='grc' dir='ltr'><em>δ</em></span> <span class='ocrx_word' id='word_1_475' title='bbox 1992 3479 2153 3536; x_wconf 86' lang='lat' dir='ltr'><strong>Deni-</strong></span> 
     </span>
    </p>
   </div>
   <div class='ocr_carea' id='block_1_48' title="bbox 557 3568 2147 3649">
    <p class='ocr_par' dir='ltr' id='par_1_48' title="bbox 557 3568 2147 3649">
     <span class='ocr_line' id='line_1_48' title="bbox 557 3568 2147 3649; baseline 0.004 -25"><span class='ocrx_word' id='word_1_476' title='bbox 557 3584 666 3643; x_wconf 89' lang='lat' dir='ltr'><strong>que</strong></span> <span class='ocrx_word' id='word_1_477' title='bbox 691 3571 767 3625; x_wconf 86' lang='lat' dir='ltr'><strong>ait</strong></span> <span class='ocrx_word' id='word_1_478' title='bbox 798 3586 810 3624; x_wconf 91' lang='lat'><strong>:</strong></span> <span class='ocrx_word' id='word_1_479' title='bbox 841 3568 1083 3639; x_wconf 81' lang='lat' dir='ltr'><strong>Domine,</strong></span> <span class='ocrx_word' id='word_1_480' title='bbox 1118 3587 1181 3627; x_wconf 85' lang='lat' dir='ltr'><strong>ne</strong></span> <span class='ocrx_word' id='word_1_481' title='bbox 1210 3581 1409 3627; x_wconf 86' lang='lat' dir='ltr'><strong>statuas</strong></span> <span class='ocrx_word' id='word_1_482' title='bbox 1435 3571 1542 3629; x_wconf 84' lang='lat' dir='ltr'><strong>illis</strong></span> <span class='ocrx_word' id='word_1_483' title='bbox 1569 3571 1667 3626; x_wconf 81' lang='lat' dir='ltr'><strong>hoc</strong></span> <span class='ocrx_word' id='word_1_484' title='bbox 1697 3583 1967 3647; x_wconf 80' lang='lat' dir='ltr'><strong>peccatum</strong></span> <span class='ocrx_word' id='word_1_485' title='bbox 1994 3571 2147 3649; x_wconf 85' lang='lat' dir='ltr'><strong>(Luc.</strong></span> 
     </span>
    </p>
   </div>
   <div class='ocr_carea' id='block_1_49' title="bbox 553 3665 2064 3737">
    <p class='ocr_par' dir='ltr' id='par_1_49' title="bbox 553 3665 2064 3737">
     <span class='ocr_line' id='line_1_49' title="bbox 553 3665 2064 3737; baseline 0.001 -19"><span class='ocrx_word' id='word_1_486' title='bbox 553 3680 686 3719; x_wconf 67' lang='grc' dir='ltr'>χχιιι</span> <span class='ocrx_word' id='word_1_487' title='bbox 707 3707 721 3730; x_wconf 85' lang='grc'>,</span> <span class='ocrx_word' id='word_1_488' title='bbox 751 3665 874 3737; x_wconf 82' lang='lat'><strong>&#39;54),</strong></span> <span class='ocrx_word' id='word_1_489' title='bbox 910 3667 1175 3736; x_wconf 85' lang='lat' dir='ltr'><strong>utpassio</strong></span> <span class='ocrx_word' id='word_1_490' title='bbox 1198 3670 1300 3720; x_wconf 82' lang='lat' dir='ltr'><strong>‘sna</strong></span> <span class='ocrx_word' id='word_1_491' title='bbox 1335 3676 1479 3723; x_wconf 87' lang='lat' dir='ltr'><strong>esset</strong></span> <span class='ocrx_word' id='word_1_492' title='bbox 1511 3667 1765 3722; x_wconf 89' lang='lat' dir='ltr'><strong>omnibus</strong></span> <span class='ocrx_word' id='word_1_493' title='bbox 1790 3667 2064 3722; x_wconf 85' lang='lat' dir='ltr'><strong>salutaris.</strong></span> 
     </span>
    </p>
   </div>
   <div class='ocr_carea' id='block_1_50' title="bbox 627 3759 2084 3837">
    <p class='ocr_par' dir='ltr' id='par_1_50' title="bbox 627 3759 2084 3837">
     <span class='ocr_line' id='line_1_50' title="bbox 627 3759 2084 3837; baseline 0 -22"><span class='ocrx_word' id='word_1_494' title='bbox 627 3760 647 3837; x_wconf 95' lang='lat'><strong>(</strong></span> <span class='ocrx_word' id='word_1_495' title='bbox 671 3759 821 3818; x_wconf 85' lang='lat' dir='ltr'><strong>Vers.</strong></span> <span class='ocrx_word' id='word_1_496' title='bbox 850 3759 978 3835; x_wconf 86' lang='lat'><strong>48.)</strong></span> <span class='ocrx_word' id='word_1_497' title='bbox 1008 3759 1171 3830; x_wconf 70' lang='lat' dir='ltr'><strong>Iuda,</strong></span> <span class='ocrx_word' id='word_1_498' title='bbox 1199 3761 1377 3817; x_wconf 86' lang='lat' dir='ltr'><strong>osculo</strong></span> <span class='ocrx_word' id='word_1_499' title='bbox 1411 3760 1459 3817; x_wconf 82' lang='lat' dir='ltr'><em>F</em></span> <span class='ocrx_word' id='word_1_500' title='bbox 1460 3762 1606 3817; x_wconf 80' lang='lat' dir='ltr'><strong>ilium</strong></span> <span class='ocrx_word' id='word_1_501' title='bbox 1635 3762 1857 3817; x_wconf 80' lang='lat' dir='ltr'><strong>hominis</strong></span> <span class='ocrx_word' id='word_1_502' title='bbox 1881 3759 2084 3817; x_wconf 84' lang='lat' dir='ltr'><strong>tradis?</strong></span> 
     </span>
    </p>
   </div>
   <div class='ocr_carea' id='block_1_51' title="bbox 629 3854 2152 3937">
    <p class='ocr_par' dir='ltr' id='par_1_51' title="bbox 629 3854 2152 3937">
     <span class='ocr_line' id='line_1_51' title="bbox 629 3854 2152 3937; baseline 0 -26"><span class='ocrx_word' id='word_1_503' title='bbox 629 3854 717 3911; x_wconf 80' lang='lat'><strong>6&#39;5.</strong></span> <span class='ocrx_word' id='word_1_504' title='bbox 762 3854 953 3925; x_wconf 81' lang='lat' dir='ltr'><strong>Magna</strong></span> <span class='ocrx_word' id='word_1_505' title='bbox 1003 3856 1200 3910; x_wconf 75' lang='lat' dir='ltr'><strong>divina:</strong></span> <span class='ocrx_word' id='word_1_506' title='bbox 1231 3855 1557 3933; x_wconf 80' lang='lat' dir='ltr'><strong>signiﬁcatio</strong></span> <span class='ocrx_word' id='word_1_507' title='bbox 1592 3858 1906 3931; x_wconf 83' lang='lat' dir='ltr'><strong>potestatis,</strong></span> <span class='ocrx_word' id='word_1_508' title='bbox 1955 3872 2152 3937; x_wconf 78' lang='lat' dir='ltr'><strong>magna</strong></span> 
     </span>
    </p>
   </div>
   <div class='ocr_carea' id='block_1_52' title="bbox 556 3946 2149 4027">
    <p class='ocr_par' dir='ltr' id='par_1_52' title="bbox 556 3946 2149 4027">
     <span class='ocr_line' id='line_1_52' title="bbox 556 3946 2149 4027; baseline 0.001 -24"><span class='ocrx_word' id='word_1_509' title='bbox 556 3947 842 4021; x_wconf 87' lang='lat' dir='ltr'><strong>disciplina</strong></span> <span class='ocrx_word' id='word_1_510' title='bbox 868 3947 1101 4002; x_wconf 86' lang='lat' dir='ltr'><strong>virtutis.</strong></span> <span class='ocrx_word' id='word_1_511' title='bbox 1132 3946 1503 4007; x_wconf 81' lang='lat' dir='ltr'><strong>Etconsiiium</strong></span> <span class='ocrx_word' id='word_1_512' title='bbox 1537 3949 1863 4027; x_wconf 86' lang='lat' dir='ltr'><strong>proditionis</strong></span> <span class='ocrx_word' id='word_1_513' title='bbox 1884 3948 2149 4021; x_wconf 77' lang='lat' dir='ltr'><strong>aperitur,</strong></span> 
     </span>
    </p>
   </div>
   <div class='ocr_carea' id='block_1_53' title="bbox 555 4039 2157 4127">
    <p class='ocr_par' dir='ltr' id='par_1_53' title="bbox 555 4039 2157 4127">
     <span class='ocr_line' id='line_1_53' title="bbox 555 4039 2157 4127; baseline 0.001 -27"><span class='ocrx_word' id='word_1_514' title='bbox 555 4050 611 4107; x_wconf 82' lang='lat' dir='ltr'><strong>et</strong></span> <span class='ocrx_word' id='word_1_515' title='bbox 641 4040 819 4098; x_wconf 89' lang='lat' dir='ltr'><strong>adhuc</strong></span> <span class='ocrx_word' id='word_1_516' title='bbox 848 4039 1105 4113; x_wconf 84' lang='lat' dir='ltr'><strong>patientia</strong></span> <span class='ocrx_word' id='word_1_517' title='bbox 1133 4058 1239 4096; x_wconf 87' lang='lat' dir='ltr'><strong>non</strong></span> <span class='ocrx_word' id='word_1_518' title='bbox 1269 4056 1517 4119; x_wconf 83' lang='lat' dir='ltr'><strong>negatur.</strong></span> <span class='ocrx_word' id='word_1_519' title='bbox 1542 4040 1870 4111; x_wconf 88' lang='lat' dir='ltr'><strong>Ostendisti,</strong></span> <span class='ocrx_word' id='word_1_520' title='bbox 1905 4044 2157 4127; x_wconf 66' lang='lat' dir='ltr'><strong>Domine,</strong></span> 
     </span>
    </p>
   </div>
   <div class='ocr_carea' id='block_1_54' title="bbox 558 4134 2155 4217">
    <p class='ocr_par' dir='ltr' id='par_1_54' title="bbox 558 4134 2155 4217">
     <span class='ocr_line' id='line_1_54' title="bbox 558 4134 2155 4217; baseline 0.004 -27"><span class='ocrx_word' id='word_1_521' title='bbox 558 4151 718 4217; x_wconf 84' lang='lat' dir='ltr'><strong>quem</strong></span> <span class='ocrx_word' id='word_1_522' title='bbox 753 4136 1043 4209; x_wconf 84' lang='lat' dir='ltr'><strong>proderet,</strong></span> <span class='ocrx_word' id='word_1_523' title='bbox 1079 4134 1205 4191; x_wconf 91' lang='lat' dir='ltr'><strong>dum</strong></span> <span class='ocrx_word' id='word_1_524' title='bbox 1235 4137 1447 4193; x_wconf 87' lang='lat' dir='ltr'><strong>occulta</strong></span> <span class='ocrx_word' id='word_1_525' title='bbox 1479 4134 1827 4201; x_wconf 72' lang='lat' dir='ltr'><strong>manifestas.</strong></span> <span class='ocrx_word' id='word_1_526' title='bbox 1855 4136 2155 4205; x_wconf 74' lang='lat' dir='ltr'><strong>Ostendisti</strong></span> 
     </span>
    </p>
   </div>
   <div class='ocr_carea' id='block_1_55' title="bbox 560 4227 2156 4309">
    <p class='ocr_par' dir='ltr' id='par_1_55' title="bbox 560 4227 2156 4309">
     <span class='ocr_line' id='line_1_55' title="bbox 560 4227 2156 4309; baseline 0 -22"><span class='ocrx_word' id='word_1_527' title='bbox 560 4230 723 4287; x_wconf 87' lang='lat' dir='ltr'><strong>etiam</strong></span> <span class='ocrx_word' id='word_1_528' title='bbox 764 4228 1196 4299; x_wconf 68' lang='lat' dir='ltr'><strong>quetn&#39;traderet</strong></span> <span class='ocrx_word' id='word_1_529' title='bbox 1220 4271 1234 4294; x_wconf 93' lang='lat'><strong>,</strong></span> <span class='ocrx_word' id='word_1_530' title='bbox 1267 4229 1393 4284; x_wconf 89' lang='lat' dir='ltr'><strong>dum</strong></span> <span class='ocrx_word' id='word_1_531' title='bbox 1428 4228 1575 4309; x_wconf 31' lang='lat' dir='ltr'><strong>dicis.</strong></span> <span class='ocrx_word' id='word_1_532' title='bbox 1610 4247 1623 4283; x_wconf 90' lang='lat'>:</span> <span class='ocrx_word' id='word_1_533' title='bbox 1658 4227 1856 4284; x_wconf 82' lang='lat' dir='ltr'><strong>Filium</strong></span> <span class='ocrx_word' id='word_1_534' title='bbox 1886 4230 2156 4309; x_wconf 71' lang='lat' dir='ltr'><strong>hominis;</strong></span> 
     </span>
    </p>
   </div>
   <div class='ocr_carea' id='block_1_56' title="bbox 560 4302 2156 4393">
    <p class='ocr_par' dir='ltr' id='par_1_56' title="bbox 560 4302 2156 4393">
     <span class='ocr_line' id='line_1_56' title="bbox 560 4302 2156 4393; baseline 0.004 -18"><span class='ocrx_word' id='word_1_535' title='bbox 560 4322 682 4393; x_wconf 90' lang='lat' dir='ltr'><strong>quia</strong></span> <span class='ocrx_word' id='word_1_536' title='bbox 705 4336 856 4390; x_wconf 88' lang='lat' dir='ltr'><strong>caro,</strong></span> <span class='ocrx_word' id='word_1_537' title='bbox 884 4337 989 4377; x_wconf 90' lang='lat' dir='ltr'><strong>non</strong></span> <span class='ocrx_word' id='word_1_538' title='bbox 1009 4320 1270 4376; x_wconf 83' lang='lat' dir='ltr'><strong>divinitas</strong></span> <span class='ocrx_word' id='word_1_539' title='bbox 1290 4302 1791 4391; x_wconf 78' lang='lat' dir='ltr'><strong>comprehenditur.</strong></span> <span class='ocrx_word' id='word_1_540' title='bbox 1816 4322 1950 4378; x_wconf 86' lang='lat' dir='ltr'><strong>Illud</strong></span> <span class='ocrx_word' id='word_1_541' title='bbox 1977 4302 2156 4381; x_wconf 73' lang='lat' dir='ltr'><strong>tamen</strong></span> 
     </span>
    </p>
   </div>
   <div class='ocr_carea' id='block_1_57' title="bbox 565 4414 2157 4491">
    <p class='ocr_par' dir='ltr' id='par_1_57' title="bbox 565 4414 2157 4491">
     <span class='ocr_line' id='line_1_57' title="bbox 565 4414 2157 4491; baseline 0.004 -23"><span class='ocrx_word' id='word_1_542' title='bbox 565 4414 961 4486; x_wconf 67' lang='lat' dir='ltr'><strong>plusconfntat</strong></span> <span class='ocrx_word' id='word_1_543' title='bbox 1012 4415 1284 4491; x_wconf 70' lang='lat' dir='ltr'><strong>ingratum</strong></span> <span class='ocrx_word' id='word_1_544' title='bbox 1309 4457 1323 4481; x_wconf 89' lang='lat'><strong>,</strong></span> <span class='ocrx_word' id='word_1_545' title='bbox 1369 4415 1513 4488; x_wconf 89' lang='lat' dir='ltr'><strong>quod</strong></span> <span class='ocrx_word' id='word_1_546' title='bbox 1542 4431 1664 4471; x_wconf 91' lang='lat' dir='ltr'><strong>eum</strong></span> <span class='ocrx_word' id='word_1_547' title='bbox 1699 4415 2017 4486; x_wconf 90' lang='lat' dir='ltr'><strong>tradiderit,</strong></span> <span class='ocrx_word' id='word_1_548' title='bbox 2067 4420 2157 4490; x_wconf 90' lang='lat' dir='ltr'><strong>qui</strong></span> 
     </span>
    </p>
   </div>
   <div class='ocr_carea' id='block_1_58' title="bbox 562 4506 2158 4593">
    <p class='ocr_par' dir='ltr' id='par_1_58' title="bbox 562 4506 2158 4593">
     <span class='ocr_line' id='line_1_58' title="bbox 562 4506 2158 4593; baseline 0.004 -32"><span class='ocrx_word' id='word_1_549' title='bbox 562 4523 685 4563; x_wconf 86' lang='lat' dir='ltr'><strong>cum</strong></span> <span class='ocrx_word' id='word_1_550' title='bbox 715 4518 859 4565; x_wconf 91' lang='lat' dir='ltr'><strong>esset</strong></span> <span class='ocrx_word' id='word_1_551' title='bbox 887 4506 986 4563; x_wconf 92' lang='lat' dir='ltr'><strong>Dei</strong></span> <span class='ocrx_word' id='word_1_552' title='bbox 1023 4506 1237 4593; x_wconf 55' lang='lat'><strong>1518</strong></span> <span class='ocrx_word' id='word_1_553' title='bbox 1262 4507 1452 4576; x_wconf 83' lang='lat' dir='ltr'><strong>Filius,</strong></span> <span class='ocrx_word' id='word_1_554' title='bbox 1480 4516 1701 4578; x_wconf 88' lang='lat' dir='ltr'><strong>propter</strong></span> <span class='ocrx_word' id='word_1_555' title='bbox 1727 4524 1827 4565; x_wconf 93' lang='lat' dir='ltr'><strong>nos</strong></span> <span class='ocrx_word' id='word_1_556' title='bbox 1853 4516 2033 4567; x_wconf 85' lang='lat' dir='ltr'><strong>tamen</strong></span> <span class='ocrx_word' id='word_1_557' title='bbox 2068 4508 2158 4568; x_wconf 89' lang='lat' dir='ltr'><strong>Fi-</strong></span> 
     </span>
    </p>
   </div>
   <div class='ocr_carea' id='block_1_59' title="bbox 559 4598 2158 4683">
    <p class='ocr_par' dir='ltr' id='par_1_59' title="bbox 559 4598 2158 4683">
     <span class='ocr_line' id='line_1_59' title="bbox 559 4598 2158 4683; baseline 0.003 -28"><span class='ocrx_word' id='word_1_558' title='bbox 559 4599 667 4665; x_wconf 87' lang='lat' dir='ltr'><strong>lius</strong></span> <span class='ocrx_word' id='word_1_559' title='bbox 708 4598 942 4671; x_wconf 78' lang='lat' dir='ltr'><strong>hominis</strong></span> <span class='ocrx_word' id='word_1_560' title='bbox 968 4616 1091 4657; x_wconf 89' lang='lat' dir='ltr'><strong>esse</strong></span> <span class='ocrx_word' id='word_1_561' title='bbox 1120 4598 1402 4667; x_wconf 84' lang='lat' dir='ltr'><strong>voluisset.</strong></span> <span class='ocrx_word' id='word_1_562' title='bbox 1427 4602 1592 4671; x_wconf 83' lang='lat' dir='ltr'><strong>Quasi</strong></span> <span class='ocrx_word' id='word_1_563' title='bbox 1620 4603 1767 4659; x_wconf 87' lang='lat' dir='ltr'><strong>dicat</strong></span> <span class='ocrx_word' id='word_1_564' title='bbox 1794 4624 1805 4657; x_wconf 89' lang='lat'><strong>:</strong></span> <span class='ocrx_word' id='word_1_565' title='bbox 1845 4598 2074 4683; x_wconf 86' lang='lat' dir='ltr'><strong>Propter</strong></span> <span class='ocrx_word' id='word_1_566' title='bbox 2105 4610 2158 4660; x_wconf 86' lang='lat' dir='ltr'><strong>te</strong></span> 
     </span>
    </p>
   </div>
   <div class='ocr_carea' id='block_1_60' title="bbox 2179 3247 2231 3315">
    <p class='ocr_par' dir='ltr' id='par_1_60' title="bbox 2179 3247 2231 3315">
     <span class='ocr_line' id='line_1_60' title="bbox 2179 3247 2231 3315; baseline 0 -2"><span class='ocrx_word' id='word_1_567' title='bbox 2179 3247 2231 3315; x_wconf 78' lang='grc' dir='ltr'>Ο</span> 
     </span>
    </p>
   </div>
   <div class='ocr_carea' id='block_1_61' title="bbox 2252 2916 3855 2999">
    <p class='ocr_par' dir='ltr' id='par_1_61' title="bbox 2252 2916 3855 2999">
     <span class='ocr_line' id='line_1_61' title="bbox 2252 2916 3855 2999; baseline 0 -26"><span class='ocrx_word' id='word_1_568' title='bbox 2252 2916 2368 2973; x_wconf 80' lang='lat' dir='ltr'><strong>tes!</strong></span> <span class='ocrx_word' id='word_1_569' title='bbox 2398 2917 2442 2974; x_wconf 92' lang='grc' dir='ltr'><strong>Ο</strong></span> <span class='ocrx_word' id='word_1_570' title='bbox 2482 2917 2704 2987; x_wconf 84' lang='lat' dir='ltr'><strong>perﬁdi!</strong></span> <span class='ocrx_word' id='word_1_571' title='bbox 2754 2932 2863 2974; x_wconf 87' lang='lat' dir='ltr'><strong>non</strong></span> <span class='ocrx_word' id='word_1_572' title='bbox 2904 2919 2986 2974; x_wconf 93' lang='lat' dir='ltr'><strong>sic</strong></span> <span class='ocrx_word' id='word_1_573' title='bbox 3026 2918 3512 2999; x_wconf 80' lang='lat' dir='ltr'><strong>comprehenditur</strong></span> <span class='ocrx_word' id='word_1_574' title='bbox 3536 2919 3804 2997; x_wconf 87' lang='lat' dir='ltr'><strong>sapientia</strong></span> <span class='ocrx_word' id='word_1_575' title='bbox 3831 2961 3855 2996; x_wconf 31' lang='grc' dir='ltr'><strong>,τ</strong></span> 
     </span>
    </p>
   </div>
   <div class='ocr_carea' id='block_1_62' title="bbox 2254 3010 2977 3081">
    <p class='ocr_par' dir='ltr' id='par_1_62' title="bbox 2254 3010 2977 3081">
     <span class='ocr_line' id='line_1_62' title="bbox 2254 3010 2977 3081; baseline -0.001 -15"><span class='ocrx_word' id='word_1_576' title='bbox 2254 3025 2364 3066; x_wconf 91' lang='lat' dir='ltr'><strong>non</strong></span> <span class='ocrx_word' id='word_1_577' title='bbox 2397 3010 2475 3064; x_wconf 89' lang='lat' dir='ltr'><strong>sic</strong></span> <span class='ocrx_word' id='word_1_578' title='bbox 2505 3018 2725 3068; x_wconf 89' lang='lat' dir='ltr'><strong>tenetur</strong></span> <span class='ocrx_word' id='word_1_579' title='bbox 2746 3011 2977 3081; x_wconf 87' lang='lat' dir='ltr'><strong>justitia.</strong></span> 
     </span>
    </p>
   </div>
   <div class='ocr_carea' id='block_1_63' title="bbox 2324 3102 3855 3181">
    <p class='ocr_par' dir='ltr' id='par_1_63' title="bbox 2324 3102 3855 3181">
     <span class='ocr_line' id='line_1_63' title="bbox 2324 3102 3855 3181; baseline 0 -21"><span class='ocrx_word' id='word_1_580' title='bbox 2324 3105 2413 3162; x_wconf 90' lang='lat'><strong>66.</strong></span> <span class='ocrx_word' id='word_1_581' title='bbox 2451 3103 2632 3177; x_wconf 86' lang='lat' dir='ltr'><strong>(Vers.</strong></span> <span class='ocrx_word' id='word_1_582' title='bbox 2662 3104 2881 3177; x_wconf 71' lang='lat'><strong>49-51.)</strong></span> <span class='ocrx_word' id='word_1_583' title='bbox 2903 3104 3015 3160; x_wconf 87' lang='lat' dir='ltr'><strong>Nec</strong></span> <span class='ocrx_word' id='word_1_584' title='bbox 3042 3103 3436 3181; x_wconf 86' lang='lat' dir='ltr'><strong>discipulorum</strong></span> <span class='ocrx_word' id='word_1_585' title='bbox 3460 3104 3641 3175; x_wconf 72' lang='lat' dir='ltr'><strong>studia</strong></span> <span class='ocrx_word' id='word_1_586' title='bbox 3663 3102 3855 3167; x_wconf 82' lang='lat' dir='ltr'><strong>defue-</strong></span> 
     </span>
    </p>
   </div>
   <div class='ocr_carea' id='block_1_64' title="bbox 2257 3198 3859 3277">
    <p class='ocr_par' dir='ltr' id='par_1_64' title="bbox 2257 3198 3859 3277">
     <span class='ocr_line' id='line_1_64' title="bbox 2257 3198 3859 3277; baseline 0.002 -25"><span class='ocrx_word' id='word_1_587' title='bbox 2257 3208 2400 3254; x_wconf 90' lang='lat' dir='ltr'><strong>runt.</strong></span> <span class='ocrx_word' id='word_1_588' title='bbox 2434 3198 2893 3271; x_wconf 72' lang='lat' dir='ltr'><strong>Deniquei’etrus</strong></span> <span class='ocrx_word' id='word_1_589' title='bbox 2914 3198 3165 3254; x_wconf 90' lang='lat' dir='ltr'><strong>eruditus</strong></span> <span class='ocrx_word' id='word_1_590' title='bbox 3195 3199 3246 3254; x_wconf 91' lang='lat' dir='ltr'><strong>in</strong></span> <span class='ocrx_word' id='word_1_591' title='bbox 3277 3198 3449 3275; x_wconf 68' lang='lat' dir='ltr'><strong>Lege,</strong></span> <span class='ocrx_word' id='word_1_592' title='bbox 3467 3209 3751 3277; x_wconf 86' lang='lat' dir='ltr'><strong>promptus</strong></span> <span class='ocrx_word' id='word_1_593' title='bbox 3778 3200 3859 3255; x_wconf 86' lang='lat' dir='ltr'><strong>al-</strong></span> 
     </span>
    </p>
   </div>
   <div class='ocr_carea' id='block_1_65' title="bbox 2259 3289 3857 3365">
    <p class='ocr_par' dir='ltr' id='par_1_65' title="bbox 2259 3289 3857 3365">
     <span class='ocr_line' id='line_1_65' title="bbox 2259 3289 3857 3365; baseline 0 -19"><span class='ocrx_word' id='word_1_594' title='bbox 2259 3289 2445 3365; x_wconf 73' lang='lat' dir='ltr'><strong>iectu,</strong></span> <span class='ocrx_word' id='word_1_595' title='bbox 2484 3290 2576 3362; x_wconf 92' lang='lat' dir='ltr'><strong>qui</strong></span> <span class='ocrx_word' id='word_1_596' title='bbox 2627 3292 2793 3348; x_wconf 88' lang='lat' dir='ltr'><strong>sciret</strong></span> <span class='ocrx_word' id='word_1_597' title='bbox 2838 3289 3061 3346; x_wconf 62' lang='lat' dir='ltr'><strong>Phinea:</strong></span> <span class='ocrx_word' id='word_1_598' title='bbox 3109 3301 3422 3362; x_wconf 90' lang='lat' dir='ltr'><strong>reputatum</strong></span> <span class='ocrx_word' id='word_1_599' title='bbox 3472 3291 3540 3351; x_wconf 84' lang='lat' dir='ltr'><strong>ad</strong></span> <span class='ocrx_word' id='word_1_600' title='bbox 3586 3291 3857 3361; x_wconf 78' lang='lat' dir='ltr'><strong>justitiam</strong></span> 
     </span>
    </p>
   </div>
   <div class='ocr_carea' id='block_1_66' title="bbox 2256 3366 3857 3457">
    <p class='ocr_par' dir='ltr' id='par_1_66' title="bbox 2256 3366 3857 3457">
     <span class='ocr_line' id='line_1_66' title="bbox 2256 3366 3857 3457; baseline -0.001 -16"><span class='ocrx_word' id='word_1_601' title='bbox 2256 3384 2402 3456; x_wconf 83' lang='lat' dir='ltr'><strong>quod</strong></span> <span class='ocrx_word' id='word_1_602' title='bbox 2439 3385 2733 3457; x_wconf 82' lang='lat' dir='ltr'><strong>sacrilegos</strong></span> <span class='ocrx_word' id='word_1_603' title='bbox 2759 3382 3114 3457; x_wconf 87' lang='lat' dir='ltr'><strong>peremisset,</strong></span> <span class='ocrx_word' id='word_1_604' title='bbox 3146 3384 3413 3454; x_wconf 90' lang='lat' dir='ltr'><strong>percussit</strong></span> <span class='ocrx_word' id='word_1_605' title='bbox 3452 3366 3711 3454; x_wconf 83' lang='lat' dir='ltr'><strong>principis</strong></span> <span class='ocrx_word' id='word_1_606' title='bbox 3739 3399 3857 3439; x_wconf 83' lang='lat' dir='ltr'><strong>ser-</strong></span> 
     </span>
    </p>
   </div>
   <div class='ocr_carea' id='block_1_67' title="bbox 2257 3475 3853 3557">
    <p class='ocr_par' dir='ltr' id='par_1_67' title="bbox 2257 3475 3853 3557">
     <span class='ocr_line' id='line_1_67' title="bbox 2257 3475 3853 3557; baseline 0.001 -25"><span class='ocrx_word' id='word_1_607' title='bbox 2257 3496 2379 3533; x_wconf 87' lang='lat' dir='ltr'><strong>vntn</strong></span> <span class='ocrx_word' id='word_1_608' title='bbox 2414 3476 2602 3557; x_wconf 81' lang='lat' dir='ltr'><strong>(Psal.</strong></span> <span class='ocrx_word' id='word_1_609' title='bbox 2634 3492 2736 3543; x_wconf 87' lang='lat' dir='ltr'><strong>cv,</strong></span> <span class='ocrx_word' id='word_1_610' title='bbox 2766 3476 2884 3549; x_wconf 76' lang='lat' dir='ltr'><strong>5i).</strong></span> <span class='ocrx_word' id='word_1_611' title='bbox 2926 3475 3033 3533; x_wconf 90' lang='lat' dir='ltr'><strong>Sed</strong></span> <span class='ocrx_word' id='word_1_612' title='bbox 3069 3477 3326 3532; x_wconf 86' lang='lat' dir='ltr'><strong>Dominus</strong></span> <span class='ocrx_word' id='word_1_613' title='bbox 3370 3477 3598 3534; x_wconf 83' lang='lat' dir='ltr'><strong>vulnera</strong></span> <span class='ocrx_word' id='word_1_614' title='bbox 3625 3488 3853 3545; x_wconf 81' lang='lat' dir='ltr'><strong>cruenta</strong></span> 
     </span>
    </p>
   </div>
   <div class='ocr_carea' id='block_1_68' title="bbox 2256 3568 3854 3651">
    <p class='ocr_par' dir='ltr' id='par_1_68' title="bbox 2256 3568 3854 3651">
     <span class='ocr_line' id='line_1_68' title="bbox 2256 3568 3854 3651; baseline 0.001 -27"><span class='ocrx_word' id='word_1_615' title='bbox 2256 3568 2510 3637; x_wconf 89' lang='lat' dir='ltr'><strong>detersit,</strong></span> <span class='ocrx_word' id='word_1_616' title='bbox 2562 3570 2817 3651; x_wconf 74' lang='lat' dir='ltr'><strong>mysteria</strong></span> <span class='ocrx_word' id='word_1_617' title='bbox 2861 3568 3042 3625; x_wconf 85' lang='lat' dir='ltr'><strong>divina</strong></span> <span class='ocrx_word' id='word_1_618' title='bbox 3092 3568 3354 3641; x_wconf 86' lang='lat' dir='ltr'><strong>subjecit;</strong></span> <span class='ocrx_word' id='word_1_619' title='bbox 3387 3578 3442 3624; x_wconf 89' lang='lat' dir='ltr'><strong>ut</strong></span> <span class='ocrx_word' id='word_1_620' title='bbox 3478 3585 3668 3625; x_wconf 85' lang='lat' dir='ltr'><strong>servus</strong></span> <span class='ocrx_word' id='word_1_621' title='bbox 3698 3572 3854 3645; x_wconf 88' lang='lat' dir='ltr'><strong>prin-</strong></span> 
     </span>
    </p>
   </div>
   <div class='ocr_carea' id='block_1_69' title="bbox 2257 3661 3857 3743">
    <p class='ocr_par' dir='ltr' id='par_1_69' title="bbox 2257 3661 3857 3743">
     <span class='ocr_line' id='line_1_69' title="bbox 2257 3661 3857 3743; baseline 0.001 -25"><span class='ocrx_word' id='word_1_622' title='bbox 2257 3663 2393 3743; x_wconf 78' lang='lat' dir='ltr'><strong>cipis</strong></span> <span class='ocrx_word' id='word_1_623' title='bbox 2425 3662 2643 3731; x_wconf 86' lang='lat' dir='ltr'><strong>mundi,</strong></span> <span class='ocrx_word' id='word_1_624' title='bbox 2681 3661 2786 3718; x_wconf 88' lang='lat' dir='ltr'><strong>hoc</strong></span> <span class='ocrx_word' id='word_1_625' title='bbox 2829 3671 2912 3723; x_wconf 71' lang='lat' dir='ltr'><strong>est</strong></span> <span class='ocrx_word' id='word_1_626' title='bbox 2935 3705 2949 3729; x_wconf 89' lang='lat'><strong>,</strong></span> <span class='ocrx_word' id='word_1_627' title='bbox 2993 3678 3099 3717; x_wconf 92' lang='lat' dir='ltr'><strong>non</strong></span> <span class='ocrx_word' id='word_1_628' title='bbox 3130 3673 3335 3718; x_wconf 66' lang='lat' dir='ltr'><strong>natura:</strong></span> <span class='ocrx_word' id='word_1_629' title='bbox 3372 3662 3705 3727; x_wconf 84' lang='lat' dir='ltr'><strong>conditione,</strong></span> <span class='ocrx_word' id='word_1_630' title='bbox 3753 3665 3857 3723; x_wconf 83' lang='lat' dir='ltr'><strong>sed</strong></span> 
     </span>
    </p>
   </div>
   <div class='ocr_carea' id='block_1_70' title="bbox 2258 3756 3865 3837">
    <p class='ocr_par' dir='ltr' id='par_1_70' title="bbox 2258 3756 3865 3837">
     <span class='ocr_line' id='line_1_70' title="bbox 2258 3756 3865 3837; baseline -0.002 -22"><span class='ocrx_word' id='word_1_631' title='bbox 2258 3756 2469 3835; x_wconf 77' lang='lat' dir='ltr'><strong>culpae,</strong></span> <span class='ocrx_word' id='word_1_632' title='bbox 2513 3757 2854 3815; x_wconf 73' lang='lat' dir='ltr'><strong>smcularium</strong></span> <span class='ocrx_word' id='word_1_633' title='bbox 2887 3756 3118 3811; x_wconf 82' lang='lat' dir='ltr'><strong>famulus</strong></span> <span class='ocrx_word' id='word_1_634' title='bbox 3164 3764 3533 3837; x_wconf 68' lang='lat' dir='ltr'><strong>potestatum,</strong></span> <span class='ocrx_word' id='word_1_635' title='bbox 3560 3758 3708 3811; x_wconf 88' lang='lat' dir='ltr'><strong>auris</strong></span> <span class='ocrx_word' id='word_1_636' title='bbox 3738 3774 3865 3829; x_wconf 59' lang='lat' dir='ltr'><strong>sua},</strong></span> 
     </span>
    </p>
   </div>
   <div class='ocr_carea' id='block_1_71' title="bbox 2258 3849 3857 3927">
    <p class='ocr_par' dir='ltr' id='par_1_71' title="bbox 2258 3849 3857 3927">
     <span class='ocr_line' id='line_1_71' title="bbox 2258 3849 3857 3927; baseline 0.001 -19"><span class='ocrx_word' id='word_1_637' title='bbox 2258 3853 2457 3909; x_wconf 89' lang='lat' dir='ltr'><strong>vnlnns</strong></span> <span class='ocrx_word' id='word_1_638' title='bbox 2478 3853 2784 3927; x_wconf 79' lang='lat' dir='ltr'><strong>exciperet;</strong></span> <span class='ocrx_word' id='word_1_639' title='bbox 2810 3853 2932 3925; x_wconf 91' lang='lat' dir='ltr'><strong>quia</strong></span> <span class='ocrx_word' id='word_1_640' title='bbox 2958 3868 3064 3907; x_wconf 91' lang='lat' dir='ltr'><strong>non</strong></span> <span class='ocrx_word' id='word_1_641' title='bbox 3082 3849 3325 3907; x_wconf 88' lang='lat' dir='ltr'><strong>audisset</strong></span> <span class='ocrx_word' id='word_1_642' title='bbox 3345 3852 3511 3907; x_wconf 86' lang='lat' dir='ltr'><strong>verba</strong></span> <span class='ocrx_word' id='word_1_643' title='bbox 3528 3851 3812 3923; x_wconf 56' lang='lat' dir='ltr'><strong>sapientiai</strong></span> <span class='ocrx_word' id='word_1_644' title='bbox 3839 3870 3857 3909; x_wconf 89' lang='lat'><strong>:</strong></span> 
     </span>
    </p>
   </div>
   <div class='ocr_carea' id='block_1_72' title="bbox 2262 3944 3865 4021">
    <p class='ocr_par' dir='ltr' id='par_1_72' title="bbox 2262 3944 3865 4021">
     <span class='ocr_line' id='line_1_72' title="bbox 2262 3944 3865 4021; baseline 0.001 -21"><span class='ocrx_word' id='word_1_645' title='bbox 2262 3945 2446 4001; x_wconf 84' lang='lat' dir='ltr'><strong>Omnis</strong></span> <span class='ocrx_word' id='word_1_646' title='bbox 2485 3947 2707 4016; x_wconf 83' lang='lat' dir='ltr'><strong>denique</strong></span> <span class='ocrx_word' id='word_1_647' title='bbox 2736 3945 2824 4017; x_wconf 84' lang='lat' dir='ltr'><strong>qui</strong></span> <span class='ocrx_word' id='word_1_648' title='bbox 2854 3944 2981 4021; x_wconf 78' lang='lat' dir='ltr'><strong>facit</strong></span> <span class='ocrx_word' id='word_1_649' title='bbox 3014 3953 3308 4015; x_wconf 85' lang='lat' dir='ltr'><strong>peccatum,</strong></span> <span class='ocrx_word' id='word_1_650' title='bbox 3351 3959 3527 4013; x_wconf 72' lang='lat' dir='ltr'><strong>servus</strong></span> <span class='ocrx_word' id='word_1_651' title='bbox 3552 3954 3624 4000; x_wconf 81' lang='lat' dir='ltr'><strong>est</strong></span> <span class='ocrx_word' id='word_1_652' title='bbox 3654 3947 3865 4021; x_wconf 77' lang='lat' dir='ltr'><strong>peccati</strong></span> 
     </span>
    </p>
   </div>
   <div class='ocr_carea' id='block_1_73' title="bbox 2261 4037 3871 4124">
    <p class='ocr_par' dir='ltr' id='par_1_73' title="bbox 2261 4037 3871 4124">
     <span class='ocr_line' id='line_1_73' title="bbox 2261 4037 3871 4124; baseline 0 -30"><span class='ocrx_word' id='word_1_653' title='bbox 2261 4037 2442 4113; x_wconf 85' lang='lat' dir='ltr'><strong>(Ioan.</strong></span> <span class='ocrx_word' id='word_1_654' title='bbox 2489 4057 2621 4109; x_wconf 63' lang='lat' dir='ltr'><strong>vtu.</strong></span> <span class='ocrx_word' id='word_1_655' title='bbox 2664 4039 2780 4121; x_wconf 71' lang='lat'><strong>54,).</strong></span> <span class='ocrx_word' id='word_1_656' title='bbox 2840 4037 3080 4097; x_wconf 82' lang='lat' dir='ltr'><strong>Peccatis</strong></span> <span class='ocrx_word' id='word_1_657' title='bbox 3106 4081 3119 4106; x_wconf 94' lang='lat'><strong>,</strong></span> <span class='ocrx_word' id='word_1_658' title='bbox 3169 4037 3386 4115; x_wconf 69' lang='lat' dir='ltr'><strong>inquit,</strong></span> <span class='ocrx_word' id='word_1_659' title='bbox 3428 4040 3639 4124; x_wconf 58' lang='lat' dir='ltr'><strong>vestris</strong></span> <span class='ocrx_word' id='word_1_660' title='bbox 3666 4040 3871 4113; x_wconf 73' lang='lat' dir='ltr'><strong>uenditi</strong></span> 
     </span>
    </p>
   </div>
   <div class='ocr_carea' id='block_1_74' title="bbox 2262 4130 3861 4210">
    <p class='ocr_par' dir='ltr' id='par_1_74' title="bbox 2262 4130 3861 4210">
     <span class='ocr_line' id='line_1_74' title="bbox 2262 4130 3861 4210; baseline 0.003 -23"><span class='ocrx_word' id='word_1_661' title='bbox 2262 4135 2382 4209; x_wconf 66' lang='lat' dir='ltr'><strong>estis</strong></span> <span class='ocrx_word' id='word_1_662' title='bbox 2411 4132 2582 4210; x_wconf 76' lang='lat' dir='ltr'><strong>(Esai.</strong></span> <span class='ocrx_word' id='word_1_663' title='bbox 2612 4149 2666 4203; x_wconf 77' lang='grc' dir='ltr'>ι,</span> <span class='ocrx_word' id='word_1_664' title='bbox 2700 4133 2776 4207; x_wconf 71' lang='grc'><strong>1).</strong></span> <span class='ocrx_word' id='word_1_665' title='bbox 2815 4130 3070 4189; x_wconf 80' lang='lat' dir='ltr'><strong>Venditio</strong></span> <span class='ocrx_word' id='word_1_666' title='bbox 3104 4144 3327 4206; x_wconf 85' lang='lat' dir='ltr'><strong>propter</strong></span> <span class='ocrx_word' id='word_1_667' title='bbox 3361 4140 3580 4201; x_wconf 79' lang='lat' dir='ltr'><strong>peccata</strong></span> <span class='ocrx_word' id='word_1_668' title='bbox 3620 4140 3805 4187; x_wconf 89' lang='lat' dir='ltr'><strong>nostra</strong></span> <span class='ocrx_word' id='word_1_669' title='bbox 3843 4150 3861 4191; x_wconf 88' lang='lat'><strong>:</strong></span> 
     </span>
    </p>
   </div>
   <div class='ocr_carea' id='block_1_75' title="bbox 2263 4225 3861 4302">
    <p class='ocr_par' dir='ltr' id='par_1_75' title="bbox 2263 4225 3861 4302">
     <span class='ocr_line' id='line_1_75' title="bbox 2263 4225 3861 4302; baseline 0 -20"><span class='ocrx_word' id='word_1_670' title='bbox 2263 4239 2487 4301; x_wconf 87' lang='lat' dir='ltr'><strong>propter</strong></span> <span class='ocrx_word' id='word_1_671' title='bbox 2507 4228 2801 4285; x_wconf 88' lang='lat' dir='ltr'><strong>bonitatem</strong></span> <span class='ocrx_word' id='word_1_672' title='bbox 2827 4236 3013 4284; x_wconf 87' lang='lat' dir='ltr'><strong>autem</strong></span> <span class='ocrx_word' id='word_1_673' title='bbox 3036 4226 3131 4282; x_wconf 88' lang='lat' dir='ltr'><strong>Dei</strong></span> <span class='ocrx_word' id='word_1_674' title='bbox 3157 4225 3459 4302; x_wconf 86' lang='lat' dir='ltr'><strong>redemptio</strong></span> <span class='ocrx_word' id='word_1_675' title='bbox 3485 4235 3861 4296; x_wconf 79' lang='lat' dir='ltr'><strong>peccatorum.</strong></span> 
     </span>
    </p>
   </div>
   <div class='ocr_carea' id='block_1_76' title="bbox 2262 4304 3868 4401">
    <p class='ocr_par' dir='ltr' id='par_1_76' title="bbox 2262 4304 3868 4401">
     <span class='ocr_line' id='line_1_76' title="bbox 2262 4304 3868 4401; baseline -0.002 -25"><span class='ocrx_word' id='word_1_676' title='bbox 2262 4304 2371 4377; x_wconf 66' lang='lat' dir='ltr'><strong>Aut</strong></span> <span class='ocrx_word' id='word_1_677' title='bbox 2396 4323 2442 4378; x_wconf 87' lang='lat' dir='ltr'><strong>si</strong></span> <span class='ocrx_word' id='word_1_678' title='bbox 2470 4316 2664 4375; x_wconf 82' lang='lat' dir='ltr'><strong>Petrus</strong></span> <span class='ocrx_word' id='word_1_679' title='bbox 2692 4320 2878 4375; x_wconf 86' lang='lat' dir='ltr'><strong>volens</strong></span> <span class='ocrx_word' id='word_1_680' title='bbox 2902 4317 3015 4391; x_wconf 66' lang='lat'><strong>(“24,</strong></span> <span class='ocrx_word' id='word_1_681' title='bbox 3041 4327 3225 4390; x_wconf 66' lang='lat' dir='ltr'><strong>quiest.</strong></span> <span class='ocrx_word' id='word_1_682' title='bbox 3250 4318 3303 4383; x_wconf 81' lang='lat' dir='ltr'><strong>i,</strong></span> <span class='ocrx_word' id='word_1_683' title='bbox 3326 4335 3372 4372; x_wconf 81' lang='grc' dir='ltr'>ε.</span> <span class='ocrx_word' id='word_1_684' title='bbox 3406 4315 3468 4374; x_wconf 89' lang='lat' dir='ltr'><strong>Si</strong></span> <span class='ocrx_word' id='word_1_685' title='bbox 3496 4317 3707 4391; x_wconf 79' lang='lat' dir='ltr'><strong>Petrus)</strong></span> <span class='ocrx_word' id='word_1_686' title='bbox 3735 4333 3868 4401; x_wconf 83' lang='lat' dir='ltr'><strong>per-</strong></span> 
     </span>
    </p>
   </div>
   <div class='ocr_carea' id='block_1_77' title="bbox 2261 4410 3869 4489">
    <p class='ocr_par' dir='ltr' id='par_1_77' title="bbox 2261 4410 3869 4489">
     <span class='ocr_line' id='line_1_77' title="bbox 2261 4410 3869 4489; baseline -0.002 -18"><span class='ocrx_word' id='word_1_687' title='bbox 2261 4414 2432 4475; x_wconf 88' lang='lat' dir='ltr'><strong>cussit</strong></span> <span class='ocrx_word' id='word_1_688' title='bbox 2462 4429 2649 4470; x_wconf 90' lang='lat' dir='ltr'><strong>aurem</strong></span> <span class='ocrx_word' id='word_1_689' title='bbox 2669 4454 2684 4479; x_wconf 92' lang='lat'><strong>,</strong></span> <span class='ocrx_word' id='word_1_690' title='bbox 2716 4412 2902 4469; x_wconf 91' lang='lat' dir='ltr'><strong>docuit</strong></span> <span class='ocrx_word' id='word_1_691' title='bbox 2924 4412 3070 4489; x_wconf 83' lang='lat' dir='ltr'><strong>quod</strong></span> <span class='ocrx_word' id='word_1_692' title='bbox 3113 4428 3301 4468; x_wconf 88' lang='lat' dir='ltr'><strong>aurem</strong></span> <span class='ocrx_word' id='word_1_693' title='bbox 3344 4410 3549 4481; x_wconf 83' lang='lat' dir='ltr'><strong>habere</strong></span> <span class='ocrx_word' id='word_1_694' title='bbox 3580 4413 3633 4479; x_wconf 78' lang='lat' dir='ltr'><strong>in</strong></span> <span class='ocrx_word' id='word_1_695' title='bbox 3676 4414 3869 4484; x_wconf 82' lang='lat' dir='ltr'><strong>specie</strong></span> 
     </span>
    </p>
   </div>
   <div class='ocr_carea' id='block_1_78' title="bbox 2263 4504 3867 4579">
    <p class='ocr_par' dir='ltr' id='par_1_78' title="bbox 2263 4504 3867 4579">
     <span class='ocr_line' id='line_1_78' title="bbox 2263 4504 3867 4579; baseline 0.001 -18"><span class='ocrx_word' id='word_1_696' title='bbox 2263 4522 2372 4577; x_wconf 84' lang='lat' dir='ltr'><strong>non</strong></span> <span class='ocrx_word' id='word_1_697' title='bbox 2397 4504 2684 4572; x_wconf 84' lang='lat' dir='ltr'><strong>deberent,</strong></span> <span class='ocrx_word' id='word_1_698' title='bbox 2709 4521 2872 4576; x_wconf 86' lang='lat' dir='ltr'><strong>quam</strong></span> <span class='ocrx_word' id='word_1_699' title='bbox 2908 4509 2960 4560; x_wconf 90' lang='lat' dir='ltr'><strong>in</strong></span> <span class='ocrx_word' id='word_1_700' title='bbox 2993 4505 3257 4579; x_wconf 88' lang='lat' dir='ltr'><strong>mysterio</strong></span> <span class='ocrx_word' id='word_1_701' title='bbox 3281 4521 3390 4560; x_wconf 89' lang='lat' dir='ltr'><strong>non</strong></span> <span class='ocrx_word' id='word_1_702' title='bbox 3429 4504 3721 4562; x_wconf 89' lang='lat' dir='ltr'><strong>habebant.</strong></span> <span class='ocrx_word' id='word_1_703' title='bbox 3751 4504 3867 4563; x_wconf 91' lang='lat' dir='ltr'><strong>Sed</strong></span> 
     </span>
    </p>
   </div>
   <div class='ocr_carea' id='block_1_79' title="bbox 2265 4597 3869 4681">
    <p class='ocr_par' dir='ltr' id='par_1_79' title="bbox 2265 4597 3869 4681">
     <span class='ocr_line' id='line_1_79' title="bbox 2265 4597 3869 4681; baseline -0.005 -20"><span class='ocrx_word' id='word_1_704' title='bbox 2265 4607 2438 4681; x_wconf 82' lang='lat' dir='ltr'><strong>bonus</strong></span> <span class='ocrx_word' id='word_1_705' title='bbox 2464 4602 2724 4659; x_wconf 90' lang='lat' dir='ltr'><strong>Dominus</strong></span> <span class='ocrx_word' id='word_1_706' title='bbox 2756 4609 2811 4657; x_wconf 91' lang='lat' dir='ltr'><strong>et</strong></span> <span class='ocrx_word' id='word_1_707' title='bbox 2838 4600 2940 4672; x_wconf 87' lang='lat' dir='ltr'><strong>ipsi</strong></span> <span class='ocrx_word' id='word_1_708' title='bbox 2968 4599 3209 4657; x_wconf 87' lang='lat' dir='ltr'><strong>refundit</strong></span> <span class='ocrx_word' id='word_1_709' title='bbox 3239 4597 3483 4659; x_wconf 84' lang='lat' dir='ltr'><strong>auditum</strong></span> <span class='ocrx_word' id='word_1_710' title='bbox 3510 4642 3526 4670; x_wconf 92' lang='lat'><strong>,</strong></span> <span class='ocrx_word' id='word_1_711' title='bbox 3559 4600 3869 4679; x_wconf 75' lang='lat' dir='ltr'><strong>secundum</strong></span> 
     </span>
    </p>
   </div>
   <div class='ocr_carea' id='block_1_80' title="bbox 590 4761 3867 4848">
    <p class='ocr_par' dir='ltr' id='par_1_80' title="bbox 590 4761 3867 4848">
     <span class='ocr_line' id='line_1_80' title="bbox 590 4761 3867 4848; baseline -0 -29"><span class='ocrx_word' id='word_1_712' title='bbox 590 4808 593 4811; x_wconf 95' lang='lat'><strong>.</strong></span> <span class='ocrx_word' id='word_1_713' title='bbox 659 4774 685 4803; x_wconf 73' lang='grc' dir='ltr'>α</span> <span class='ocrx_word' id='word_1_714' title='bbox 714 4763 785 4820; x_wconf 89' lang='lat' dir='ltr'><strong>ita</strong></span> <span class='ocrx_word' id='word_1_715' title='bbox 814 4764 998 4822; x_wconf 90' lang='lat' dir='ltr'><strong>cuncti</strong></span> <span class='ocrx_word' id='word_1_716' title='bbox 1025 4778 1169 4848; x_wconf 58' lang='lat' dir='ltr'><strong>mss.</strong></span> <span class='ocrx_word' id='word_1_717' title='bbox 1196 4778 1262 4821; x_wconf 88' lang='lat' dir='ltr'><strong>ac</strong></span> <span class='ocrx_word' id='word_1_718' title='bbox 1288 4775 1395 4848; x_wconf 84' lang='lat' dir='ltr'><strong>vet.</strong></span> <span class='ocrx_word' id='word_1_719' title='bbox 1428 4762 1569 4848; x_wconf 88' lang='lat' dir='ltr'><strong>edit._</strong></span> <span class='ocrx_word' id='word_1_720' title='bbox 1594 4768 1698 4825; x_wconf 86' lang='lat' dir='ltr'><strong>nisi</strong></span> <span class='ocrx_word' id='word_1_721' title='bbox 1724 4771 1866 4848; x_wconf 77' lang='lat' dir='ltr'><strong>quod</strong></span> <span class='ocrx_word' id='word_1_722' title='bbox 1896 4771 1980 4848; x_wconf 62' lang='lat' dir='ltr'><strong>ita:</strong></span> <span class='ocrx_word' id='word_1_723' title='bbox 2030 4777 2153 4833; x_wconf 78' lang='lat' dir='ltr'><strong>illo.</strong></span> <span class='ocrx_word' id='word_1_724' title='bbox 2176 4780 2232 4843; x_wconf 71' lang='grc' dir='ltr'><strong>Β</strong></span> <span class='ocrx_word' id='word_1_725' title='bbox 2260 4784 2544 4848; x_wconf 74' lang='lat' dir='ltr'><strong>peccatum.</strong></span> <span class='ocrx_word' id='word_1_726' title='bbox 2569 4766 2694 4824; x_wconf 73' lang='lat' dir='ltr'><strong>Vet.</strong></span> <span class='ocrx_word' id='word_1_727' title='bbox 2746 4772 2949 4848; x_wconf 42' lang='lat' dir='ltr'><strong>autem.</strong></span> <span class='ocrx_word' id='word_1_728' title='bbox 2970 4777 3035 4846; x_wconf 69' lang='lat' dir='ltr'><strong>ae</strong></span> <span class='ocrx_word' id='word_1_729' title='bbox 3061 4775 3194 4818; x_wconf 88' lang='lat' dir='ltr'><strong>mss.</strong></span> <span class='ocrx_word' id='word_1_730' title='bbox 3224 4761 3573 4848; x_wconf 58' lang='lat' dir='ltr'><strong>boetantum</strong></span> <span class='ocrx_word' id='word_1_731' title='bbox 3628 4764 3867 4848; x_wconf 47' lang='lat' dir='ltr'><strong>internae</strong></span> 
     </span>
    </p>
   </div>
   <div class='ocr_carea' id='block_1_81' title="bbox 563 4836 2157 4908">
    <p class='ocr_par' dir='ltr' id='par_1_81' title="bbox 563 4836 2157 4908">
     <span class='ocr_line' id='line_1_81' title="bbox 563 4836 2157 4908; baseline 0.005 -17"><span class='ocrx_word' id='word_1_732' title='bbox 563 4851 791 4905; x_wconf 77' lang='lat' dir='ltr'><strong>rumque</strong></span> <span class='ocrx_word' id='word_1_733' title='bbox 837 4836 1084 4891; x_wconf 88' lang='lat' dir='ltr'><strong>nonnulli</strong></span> <span class='ocrx_word' id='word_1_734' title='bbox 1128 4837 1312 4908; x_wconf 72' lang='lat' dir='ltr'><strong>legunt</strong></span> <span class='ocrx_word' id='word_1_735' title='bbox 1342 4879 1353 4891; x_wconf 95' lang='lat'><strong>.</strong></span> <span class='ocrx_word' id='word_1_736' title='bbox 1382 4874 1396 4890; x_wconf 91' lang='lat'><strong>.</strong></span> <span class='ocrx_word' id='word_1_737' title='bbox 1419 4877 1433 4894; x_wconf 93' lang='lat'><strong>.</strong></span> <span class='ocrx_word' id='word_1_738' title='bbox 1461 4879 1479 4895; x_wconf 84' lang='lat'><strong>.</strong></span> <span class='ocrx_word' id='word_1_739' title='bbox 1505 4879 1519 4892; x_wconf 94' lang='lat'><strong>.</strong></span> <span class='ocrx_word' id='word_1_740' title='bbox 1550 4840 1635 4894; x_wconf 77' lang='lat' dir='ltr'><strong>lea:</strong></span> <span class='ocrx_word' id='word_1_741' title='bbox 1662 4836 2040 4902; x_wconf 49' lang='lat' dir='ltr'><strong>maledic“;</strong></span> <span class='ocrx_word' id='word_1_742' title='bbox 2066 4866 2157 4905; x_wconf 74' lang='grc' dir='ltr'><strong>νο..</strong></span> 
     </span>
    </p>
   </div>
   <div class='ocr_carea' id='block_1_82' title="bbox 561 4908 2158 4993">
    <p class='ocr_par' dir='ltr' id='par_1_82' title="bbox 561 4908 2158 4993">
     <span class='ocr_line' id='line_1_82' title="bbox 561 4908 2158 4993; baseline 0.014 -31"><span class='ocrx_word' id='word_1_743' title='bbox 561 4909 851 4993; x_wconf 48' lang='grc' dir='ltr'><strong>θριαεαεβι</strong></span> <span class='ocrx_word' id='word_1_744' title='bbox 881 4909 970 4969; x_wconf 80' lang='lat' dir='ltr'><strong>alii</strong></span> <span class='ocrx_word' id='word_1_745' title='bbox 1000 4908 1105 4967; x_wconf 82' lang='lat' dir='ltr'><strong>duo</strong></span> <span class='ocrx_word' id='word_1_746' title='bbox 1130 4952 1147 4975; x_wconf 84' lang='lat'><strong>,</strong></span> <span class='ocrx_word' id='word_1_747' title='bbox 1182 4910 1409 4993; x_wconf 46' lang='lat' dir='ltr'><strong>resoluta</strong></span> <span class='ocrx_word' id='word_1_748' title='bbox 1427 4920 1577 4975; x_wconf 73' lang='grc' dir='ltr'><strong>ιονηε</strong></span> <span class='ocrx_word' id='word_1_749' title='bbox 1606 4913 1768 4993; x_wconf 72' lang='lat' dir='ltr'><strong>(utilis</strong></span> <span class='ocrx_word' id='word_1_750' title='bbox 1790 4956 1806 4978; x_wconf 86' lang='lat'><strong>,</strong></span> <span class='ocrx_word' id='word_1_751' title='bbox 1854 4917 1913 4993; x_wconf 71' lang='lat' dir='ltr'><strong>in</strong></span> <span class='ocrx_word' id='word_1_752' title='bbox 1938 4920 2158 4993; x_wconf 71' lang='lat' dir='ltr'><strong>terram)</strong></span> 
     </span>
    </p>
   </div>
   <div class='ocr_carea' id='block_1_83' title="bbox 490 4980 2156 5065">
    <p class='ocr_par' dir='ltr' id='par_1_83' title="bbox 490 4980 2156 5065">
     <span class='ocr_line' id='line_1_83' title="bbox 490 4980 2156 5065; baseline 0.01 -33"><span class='ocrx_word' id='word_1_753' title='bbox 490 5000 497 5007; x_wconf 55' lang='lat'><em>&#39;</em></span> <span class='ocrx_word' id='word_1_754' title='bbox 567 4983 709 5065; x_wconf 64' lang='lat' dir='ltr'><strong>limo.</strong></span> <span class='ocrx_word' id='word_1_755' title='bbox 740 4980 915 5036; x_wconf 84' lang='lat' dir='ltr'><strong>Minus</strong></span> <span class='ocrx_word' id='word_1_756' title='bbox 944 4981 1248 5065; x_wconf 75' lang='lat' dir='ltr'><strong>commode.</strong></span> <span class='ocrx_word' id='word_1_757' title='bbox 1289 4981 1444 5035; x_wconf 73' lang='lat' dir='ltr'><strong>Boni.</strong></span> <span class='ocrx_word' id='word_1_758' title='bbox 1477 4980 1807 5065; x_wconf 70' lang='lat' dir='ltr'><strong>vero&#39;locum</strong></span> <span class='ocrx_word' id='word_1_759' title='bbox 1853 4980 2156 5065; x_wconf 57' lang='lat' dir='ltr'><strong>immutavii</strong></span> 
     </span>
    </p>
   </div>
   <div class='ocr_carea' id='block_1_84' title="bbox 566 5050 2158 5127">
    <p class='ocr_par' dir='ltr' id='par_1_84' title="bbox 566 5050 2158 5127">
     <span class='ocr_line' id='line_1_84' title="bbox 566 5050 2158 5127; baseline 0.006 -21"><span class='ocrx_word' id='word_1_760' title='bbox 566 5055 620 5109; x_wconf 89' lang='lat' dir='ltr'><strong>in</strong></span> <span class='ocrx_word' id='word_1_761' title='bbox 648 5050 793 5127; x_wconf 84' lang='lat' dir='ltr'><strong>hunc</strong></span> <span class='ocrx_word' id='word_1_762' title='bbox 834 5051 1050 5127; x_wconf 83' lang='lat' dir='ltr'><strong>modum</strong></span> <span class='ocrx_word' id='word_1_763' title='bbox 1078 5095 1093 5120; x_wconf 91' lang='lat'><strong>,</strong></span> <span class='ocrx_word' id='word_1_764' title='bbox 1122 5063 1178 5108; x_wconf 91' lang='lat' dir='ltr'><strong>ut</strong></span> <span class='ocrx_word' id='word_1_765' title='bbox 1220 5068 1434 5127; x_wconf 80' lang='lat' dir='ltr'><strong>corpore</strong></span> <span class='ocrx_word' id='word_1_766' title='bbox 1466 5056 1634 5127; x_wconf 70' lang='lat' dir='ltr'><strong>juxta</strong></span> <span class='ocrx_word' id='word_1_767' title='bbox 1675 5054 1904 5127; x_wconf 76' lang='lat' dir='ltr'><strong>diuinam</strong></span> <span class='ocrx_word' id='word_1_768' title='bbox 1952 5050 2158 5119; x_wconf 46' lang='lat' dir='ltr'><strong>semen:</strong></span> 
     </span>
    </p>
   </div>
   <div class='ocr_carea' id='block_1_85' title="bbox 564 5123 2158 5199">
    <p class='ocr_par' dir='ltr' id='par_1_85' title="bbox 564 5123 2158 5199">
     <span class='ocr_line' id='line_1_85' title="bbox 564 5123 2158 5199; baseline -0.001 -19"><span class='ocrx_word' id='word_1_769' title='bbox 564 5127 686 5180; x_wconf 85' lang='lat' dir='ltr'><strong>tiam</strong></span> <span class='ocrx_word' id='word_1_770' title='bbox 706 5165 721 5187; x_wconf 91' lang='lat'><strong>,</strong></span> <span class='ocrx_word' id='word_1_771' title='bbox 749 5123 805 5176; x_wconf 86' lang='lat' dir='ltr'><strong>in</strong></span> <span class='ocrx_word' id='word_1_772' title='bbox 831 5131 981 5199; x_wconf 62' lang='lat' dir='ltr'><strong>terra</strong></span> <span class='ocrx_word' id='word_1_773' title='bbox 1009 5126 1192 5179; x_wconf 80' lang='lat' dir='ltr'><strong>limum</strong></span> <span class='ocrx_word' id='word_1_774' title='bbox 1216 5123 1421 5185; x_wconf 68' lang='lat' dir='ltr'><strong>natura</strong></span> <span class='ocrx_word' id='word_1_775' title='bbox 1444 5123 1547 5194; x_wconf 65' lang='lat' dir='ltr'><strong>ﬁne</strong></span> <span class='ocrx_word' id='word_1_776' title='bbox 1569 5126 1795 5185; x_wconf 67' lang='lat' dir='ltr'><strong>resoluto,</strong></span> <span class='ocrx_word' id='word_1_777' title='bbox 1812 5170 1826 5195; x_wconf 90' lang='lat'><strong>,</strong></span> <span class='ocrx_word' id='word_1_778' title='bbox 1861 5131 2050 5199; x_wconf 64' lang='lat' dir='ltr'><strong>spiritu</strong></span> <span class='ocrx_word' id='word_1_779' title='bbox 2076 5153 2158 5192; x_wconf 68' lang='grc' dir='ltr'><strong>γε.</strong></span> 
     </span>
    </p>
   </div>
   <div class='ocr_carea' id='block_1_86' title="bbox 564 5194 2158 5355">
    <p class='ocr_par' dir='ltr' id='par_1_86' title="bbox 564 5194 2158 5355">
     <span class='ocr_line' id='line_1_86' title="bbox 564 5194 1899 5265; baseline 0 -15"><span class='ocrx_word' id='word_1_780' title='bbox 564 5210 837 5265; x_wconf 78' lang='lat' dir='ltr'><strong>surgamus</strong></span> <span class='ocrx_word' id='word_1_781' title='bbox 869 5194 996 5253; x_wconf 79' lang='lat' dir='ltr'><strong>Deo.</strong></span> <span class='ocrx_word' id='word_1_782' title='bbox 1890 5194 1899 5199; x_wconf 86' lang='grc'><em>’</em></span> 
     </span>
     <span class='ocr_line' id='line_1_87' title="bbox 632 5266 2158 5355; baseline 0.003 -31"><span class='ocrx_word' id='word_1_783' title='bbox 632 5266 661 5305; x_wconf 72' lang='grc' dir='ltr'>δ</span> <span class='ocrx_word' id='word_1_784' title='bbox 681 5266 881 5355; x_wconf 78' lang='lat' dir='ltr'><strong>Omnes</strong></span> <span class='ocrx_word' id='word_1_785' title='bbox 897 5266 1049 5355; x_wconf 64' lang='grc' dir='ltr'><strong>⁸(τίείιέ</strong></span> <span class='ocrx_word' id='word_1_786' title='bbox 1073 5283 1195 5352; x_wconf 75' lang='lat' dir='ltr'><strong>eum</strong></span> <span class='ocrx_word' id='word_1_787' title='bbox 1228 5283 1336 5321; x_wconf 91' lang='lat' dir='ltr'><strong>uno</strong></span> <span class='ocrx_word' id='word_1_788' title='bbox 1362 5277 1453 5323; x_wconf 88' lang='lat' dir='ltr'><strong>ant</strong></span> <span class='ocrx_word' id='word_1_789' title='bbox 1479 5268 1651 5324; x_wconf 88' lang='lat' dir='ltr'><strong>altero</strong></span> <span class='ocrx_word' id='word_1_790' title='bbox 1670 5283 1823 5355; x_wconf 67' lang='lat' dir='ltr'><strong>mss,</strong></span> <span class='ocrx_word' id='word_1_791' title='bbox 1844 5272 1935 5337; x_wconf 78' lang='lat' dir='ltr'><strong>sed</strong></span> <span class='ocrx_word' id='word_1_792' title='bbox 1961 5278 2158 5355; x_wconf 67' lang='lat' dir='ltr'><strong>anima;</strong></span> 
     </span>
    </p>
   </div>
   <div class='ocr_carea' id='block_1_87' title="bbox 563 5341 2155 5416">
    <p class='ocr_par' dir='ltr' id='par_1_87' title="bbox 563 5341 2155 5416">
     <span class='ocr_line' id='line_1_88' title="bbox 563 5341 2155 5416; baseline 0.009 -23"><span class='ocrx_word' id='word_1_793' title='bbox 563 5341 789 5416; x_wconf 73' lang='lat' dir='ltr'><strong>suscepit</strong></span> <span class='ocrx_word' id='word_1_794' title='bbox 823 5341 957 5393; x_wconf 85' lang='lat' dir='ltr'><strong>enim</strong></span> <span class='ocrx_word' id='word_1_795' title='bbox 1002 5341 1229 5416; x_wconf 78' lang='lat' dir='ltr'><strong>a‘nimam</strong></span> <span class='ocrx_word' id='word_1_796' title='bbox 1268 5341 1710 5416; x_wconf 51' lang='lat' dir='ltr'><strong>meomLsuscepit</strong></span> <span class='ocrx_word' id='word_1_797' title='bbox 1739 5358 1923 5416; x_wconf 82' lang='lat' dir='ltr'><strong>corpus</strong></span> <span class='ocrx_word' id='word_1_798' title='bbox 1968 5341 2155 5407; x_wconf 59' lang='lat' dir='ltr'><strong>meum:</strong></span> 
     </span>
    </p>
   </div>
   <div class='ocr_carea' id='block_1_88' title="bbox 566 5411 2159 5483">
    <p class='ocr_par' dir='ltr' id='par_1_88' title="bbox 566 5411 2159 5483">
     <span class='ocr_line' id='line_1_89' title="bbox 566 5411 2159 5483; baseline 0.004 -17"><span class='ocrx_word' id='word_1_799' title='bbox 566 5412 698 5469; x_wconf 76' lang='lat' dir='ltr'><strong>Mss.</strong></span> <span class='ocrx_word' id='word_1_800' title='bbox 730 5427 859 5465; x_wconf 82' lang='lat' dir='ltr'><strong>vero</strong></span> <span class='ocrx_word' id='word_1_801' title='bbox 889 5413 1071 5469; x_wconf 52' lang='lat' dir='ltr'><strong>catteri</strong></span> <span class='ocrx_word' id='word_1_802' title='bbox 1094 5421 1145 5465; x_wconf 90' lang='lat' dir='ltr'><strong>et</strong></span> <span class='ocrx_word' id='word_1_803' title='bbox 1171 5411 1411 5483; x_wconf 80' lang='lat' dir='ltr'><strong>synodus</strong></span> <span class='ocrx_word' id='word_1_804' title='bbox 1442 5411 1645 5482; x_wconf 77' lang='lat' dir='ltr'><strong>Hispal.</strong></span> <span class='ocrx_word' id='word_1_805' title='bbox 1678 5430 1739 5480; x_wconf 83' lang='lat' dir='ltr'><strong>ll,</strong></span> <span class='ocrx_word' id='word_1_806' title='bbox 1764 5411 1856 5472; x_wconf 79' lang='lat' dir='ltr'><strong>ubi</strong></span> <span class='ocrx_word' id='word_1_807' title='bbox 1885 5416 1973 5477; x_wconf 82' lang='lat' dir='ltr'><strong>hic</strong></span> <span class='ocrx_word' id='word_1_808' title='bbox 2006 5421 2159 5481; x_wconf 66' lang='lat' dir='ltr'><strong>locata</strong></span> 
     </span>
    </p>
   </div>
   <div class='ocr_carea' id='block_1_89' title="bbox 566 5483 2161 5563">
    <p class='ocr_par' dir='ltr' id='par_1_89' title="bbox 566 5483 2161 5563">
     <span class='ocr_line' id='line_1_90' title="bbox 566 5483 2161 5563; baseline 0.006 -25"><span class='ocrx_word' id='word_1_809' title='bbox 566 5483 847 5563; x_wconf 73' lang='lat' dir='ltr'><strong>allegatur.</strong></span> <span class='ocrx_word' id='word_1_810' title='bbox 883 5485 935 5543; x_wconf 82' lang='lat' dir='ltr'><strong>in</strong></span> <span class='ocrx_word' id='word_1_811' title='bbox 959 5491 1198 5563; x_wconf 56' lang='lat' dir='ltr'><strong>nostram</strong></span> <span class='ocrx_word' id='word_1_812' title='bbox 1231 5486 1517 5563; x_wconf 65' lang='lat' dir='ltr'><strong>lectionem</strong></span> <span class='ocrx_word' id='word_1_813' title='bbox 1543 5488 1930 5563; x_wconf 77' lang='lat' dir='ltr'><strong>consentiunt;</strong></span> <span class='ocrx_word' id='word_1_814' title='bbox 1963 5508 2161 5563; x_wconf 79' lang='lat' dir='ltr'><strong>excep-</strong></span> 
     </span>
    </p>
   </div>
   <div class='ocr_carea' id='block_1_90' title="bbox 570 5554 2162 5630">
    <p class='ocr_par' dir='ltr' id='par_1_90' title="bbox 570 5554 2162 5630">
     <span class='ocr_line' id='line_1_91' title="bbox 570 5554 2162 5630; baseline 0.007 -22"><span class='ocrx_word' id='word_1_815' title='bbox 570 5569 626 5612; x_wconf 83' lang='lat' dir='ltr'><strong>to</strong></span> <span class='ocrx_word' id='word_1_816' title='bbox 646 5557 791 5627; x_wconf 84' lang='lat' dir='ltr'><strong>quod</strong></span> <span class='ocrx_word' id='word_1_817' title='bbox 822 5555 1050 5630; x_wconf 65' lang='lat' dir='ltr'><strong>innisa.</strong></span> <span class='ocrx_word' id='word_1_818' title='bbox 1080 5554 1504 5630; x_wconf 79' lang='lat' dir='ltr'><strong>aliquammultis</strong></span> <span class='ocrx_word' id='word_1_819' title='bbox 1535 5600 1551 5624; x_wconf 90' lang='lat'><strong>,</strong></span> <span class='ocrx_word' id='word_1_820' title='bbox 1583 5572 1648 5613; x_wconf 82' lang='lat' dir='ltr'><strong>ac</strong></span> <span class='ocrx_word' id='word_1_821' title='bbox 1685 5562 1930 5630; x_wconf 84' lang='lat' dir='ltr'><strong>margine</strong></span> <span class='ocrx_word' id='word_1_822' title='bbox 1954 5554 2162 5621; x_wconf 74' lang='lat' dir='ltr'><strong>memo-</strong></span> 
     </span>
    </p>
   </div>
   <div class='ocr_carea' id='block_1_91' title="bbox 569 5626 2162 5710">
    <p class='ocr_par' dir='ltr' id='par_1_91' title="bbox 569 5626 2162 5710">
     <span class='ocr_line' id='line_1_92' title="bbox 569 5626 2162 5710; baseline 0.011 -25"><span class='ocrx_word' id='word_1_823' title='bbox 569 5626 696 5685; x_wconf 65' lang='lat' dir='ltr'><strong>rataa</strong></span> <span class='ocrx_word' id='word_1_824' title='bbox 728 5626 921 5710; x_wconf 73' lang='lat' dir='ltr'><strong>synodi</strong></span> <span class='ocrx_word' id='word_1_825' title='bbox 952 5627 1169 5697; x_wconf 76' lang='lat' dir='ltr'><strong>legitur,</strong></span> <span class='ocrx_word' id='word_1_826' title='bbox 1201 5627 1291 5691; x_wconf 74' lang='lat' dir='ltr'><strong>sed</strong></span> <span class='ocrx_word' id='word_1_827' title='bbox 1308 5632 1504 5697; x_wconf 81' lang='lat' dir='ltr'><strong>anima,</strong></span> <span class='ocrx_word' id='word_1_828' title='bbox 1529 5644 1644 5700; x_wconf 77' lang='lat' dir='ltr'><strong>quat</strong></span> <span class='ocrx_word' id='word_1_829' title='bbox 1663 5626 1908 5705; x_wconf 50' lang='lat' dir='ltr'><strong>suscepit.</strong></span> <span class='ocrx_word' id='word_1_830' title='bbox 1932 5643 2041 5693; x_wconf 73' lang='grc' dir='ltr'>θιει</span> <span class='ocrx_word' id='word_1_831' title='bbox 2063 5637 2162 5693; x_wconf 57' lang='lat' dir='ltr'><strong>Mi?</strong></span> 
     </span>
    </p>
   </div>
   <div class='ocr_carea' id='block_1_92' title="bbox 568 5708 962 5769">
    <p class='ocr_par' dir='ltr' id='par_1_92' title="bbox 568 5708 962 5769">
     <span class='ocr_line' id='line_1_93' title="bbox 568 5708 962 5769; baseline -0.008 -11"><span class='ocrx_word' id='word_1_832' title='bbox 568 5717 671 5760; x_wconf 87' lang='lat' dir='ltr'><strong>nus</strong></span> <span class='ocrx_word' id='word_1_833' title='bbox 695 5708 962 5769; x_wconf 81' lang='lat' dir='ltr'><strong>apposite.</strong></span> 
     </span>
    </p>
   </div>
   <div class='ocr_carea' id='block_1_93' title="bbox 645 5773 2158 5846">
    <p class='ocr_par' dir='ltr' id='par_1_93' title="bbox 645 5773 2158 5846">
     <span class='ocr_line' id='line_1_94' title="bbox 645 5773 2158 5846; baseline 0.003 -15"><span class='ocrx_word' id='word_1_834' title='bbox 645 5790 667 5817; x_wconf 76' lang='grc' dir='ltr'>ε</span> <span class='ocrx_word' id='word_1_835' title='bbox 690 5777 814 5832; x_wconf 84' lang='lat' dir='ltr'><strong>Vet.</strong></span> <span class='ocrx_word' id='word_1_836' title='bbox 845 5773 1002 5844; x_wconf 87' lang='lat' dir='ltr'><strong>edit.,</strong></span> <span class='ocrx_word' id='word_1_837' title='bbox 1030 5779 1391 5846; x_wconf 70' lang='lat' dir='ltr'><strong>consequentia</strong></span> <span class='ocrx_word' id='word_1_838' title='bbox 1417 5778 1726 5844; x_wconf 76' lang='lat' dir='ltr'><strong>declarant;</strong></span> <span class='ocrx_word' id='word_1_839' title='bbox 1759 5775 1941 5841; x_wconf 64' lang='lat' dir='ltr'><strong>“an.</strong></span> <span class='ocrx_word' id='word_1_840' title='bbox 1969 5793 2158 5835; x_wconf 64' lang='lat' dir='ltr'><strong>conm</strong></span> 
     </span>
    </p>
   </div>
   <div class='ocr_carea' id='block_1_94' title="bbox 568 5848 1746 5919">
    <p class='ocr_par' dir='ltr' id='par_1_94' title="bbox 568 5848 1746 5919">
     <span class='ocr_line' id='line_1_95' title="bbox 568 5848 1746 5919; baseline -0.003 -13"><span class='ocrx_word' id='word_1_841' title='bbox 568 5867 637 5906; x_wconf 70' lang='lat' dir='ltr'><strong>tua</strong></span> <span class='ocrx_word' id='word_1_842' title='bbox 656 5850 922 5919; x_wconf 71' lang='lat' dir='ltr'><strong>declarant</strong></span> <span class='ocrx_word' id='word_1_843' title='bbox 947 5869 966 5916; x_wconf 86' lang='lat'><strong>;</strong></span> <span class='ocrx_word' id='word_1_844' title='bbox 997 5868 1153 5915; x_wconf 88' lang='lat' dir='ltr'><strong>mss.,</strong></span> <span class='ocrx_word' id='word_1_845' title='bbox 1185 5852 1458 5919; x_wconf 79' lang='lat' dir='ltr'><strong>Scriptura</strong></span> <span class='ocrx_word' id='word_1_846' title='bbox 1497 5848 1746 5903; x_wconf 82' lang='lat' dir='ltr'><strong>declarat.</strong></span> 
     </span>
    </p>
   </div>
   <div class='ocr_carea' id='block_1_95' title="bbox 644 5916 2161 5990">
    <p class='ocr_par' dir='ltr' id='par_1_95' title="bbox 644 5916 2161 5990">
     <span class='ocr_line' id='line_1_96' title="bbox 644 5916 2161 5990; baseline 0.002 -12"><span class='ocrx_word' id='word_1_847' title='bbox 644 5916 671 5960; x_wconf 73' lang='grc' dir='ltr'><em>δ</em></span> <span class='ocrx_word' id='word_1_848' title='bbox 702 5920 862 5978; x_wconf 81' lang='lat' dir='ltr'><strong>Rom.</strong></span> <span class='ocrx_word' id='word_1_849' title='bbox 884 5922 1017 5983; x_wconf 88' lang='lat' dir='ltr'><strong>edit.</strong></span> <span class='ocrx_word' id='word_1_850' title='bbox 1039 5923 1174 5990; x_wconf 87' lang='lat' dir='ltr'><strong>sola,</strong></span> <span class='ocrx_word' id='word_1_851' title='bbox 1192 5916 1328 5978; x_wconf 73' lang='lat' dir='ltr'><strong>unde</strong></span> <span class='ocrx_word' id='word_1_852' title='bbox 1349 5921 1464 5976; x_wconf 90' lang='lat' dir='ltr'><strong>ait:</strong></span> <span class='ocrx_word' id='word_1_853' title='bbox 1487 5919 1672 5990; x_wconf 87' lang='lat' dir='ltr'><strong>Pater,</strong></span> <span class='ocrx_word' id='word_1_854' title='bbox 1706 5920 1907 5980; x_wconf 85' lang='lat' dir='ltr'><strong>dimitte</strong></span> <span class='ocrx_word' id='word_1_855' title='bbox 1930 5922 2037 5980; x_wconf 82' lang='lat' dir='ltr'><strong>illis</strong></span> <span class='ocrx_word' id='word_1_856' title='bbox 2065 5924 2161 5982; x_wconf 75' lang='lat' dir='ltr'><strong>hoc</strong></span> 
     </span>
    </p>
   </div>
   <div class='ocr_carea' id='block_1_96' title="bbox 2261 4832 3871 4908">
    <p class='ocr_par' dir='ltr' id='par_1_96' title="bbox 2261 4832 3871 4908">
     <span class='ocr_line' id='line_1_97' title="bbox 2261 4832 3871 4908; baseline -0.016 -3"><span class='ocrx_word' id='word_1_857' title='bbox 2261 4832 2608 4905; x_wconf 66' lang='lat' dir='ltr'><strong>dissentiunt.</strong></span> <span class='ocrx_word' id='word_1_858' title='bbox 2637 4837 2781 4908; x_wconf 91' lang='lat' dir='ltr'><strong>quod</strong></span> <span class='ocrx_word' id='word_1_859' title='bbox 2816 4833 3031 4908; x_wconf 77' lang='lat' dir='ltr'><strong>plurimi</strong></span> <span class='ocrx_word' id='word_1_860' title='bbox 3062 4850 3208 4908; x_wconf 33' lang='lat' dir='ltr'><strong>mss.‘</strong></span> <span class='ocrx_word' id='word_1_861' title='bbox 3229 4832 3511 4908; x_wconf 55' lang='lat' dir='ltr'><strong>nobiseum</strong></span> <span class='ocrx_word' id='word_1_862' title='bbox 3542 4839 3727 4904; x_wconf 62' lang='grc' dir='ltr'>ιοσωι</span> <span class='ocrx_word' id='word_1_863' title='bbox 3751 4832 3871 4892; x_wconf 55' lang='lat' dir='ltr'><strong>aa.</strong></span> 
     </span>
    </p>
   </div>
   <div class='ocr_carea' id='block_1_97' title="bbox 2263 4904 3867 4979">
    <p class='ocr_par' dir='ltr' id='par_1_97' title="bbox 2263 4904 3867 4979">
     <span class='ocr_line' id='line_1_98' title="bbox 2263 4904 3867 4979; baseline -0.011 -3"><span class='ocrx_word' id='word_1_864' title='bbox 2263 4904 2400 4977; x_wconf 78' lang='lat' dir='ltr'><strong>mine</strong></span> <span class='ocrx_word' id='word_1_865' title='bbox 2422 4960 2435 4979; x_wconf 82' lang='lat'><em>.</em></span> <span class='ocrx_word' id='word_1_866' title='bbox 2465 4914 2555 4970; x_wconf 86' lang='lat' dir='ltr'><strong>alii</strong></span> <span class='ocrx_word' id='word_1_867' title='bbox 2588 4904 2794 4978; x_wconf 76' lang='lat' dir='ltr'><strong>aliquot</strong></span> <span class='ocrx_word' id='word_1_868' title='bbox 2820 4904 2878 4963; x_wconf 84' lang='lat' dir='ltr'><strong>et</strong></span> <span class='ocrx_word' id='word_1_869' title='bbox 2909 4906 3037 4962; x_wconf 83' lang='lat' dir='ltr'><strong>edit.</strong></span> <span class='ocrx_word' id='word_1_870' title='bbox 3069 4904 3365 4979; x_wconf 68' lang='lat' dir='ltr'><strong>praeierunt</strong></span> <span class='ocrx_word' id='word_1_871' title='bbox 3398 4904 3576 4960; x_wconf 88' lang='lat' dir='ltr'><strong>Pater.</strong></span> <span class='ocrx_word' id='word_1_872' title='bbox 3609 4908 3680 4979; x_wconf 81' lang='lat' dir='ltr'><strong>At</strong></span> <span class='ocrx_word' id='word_1_873' title='bbox 3727 4922 3867 4973; x_wconf 62' lang='grc' dir='ltr'><strong>ναι-α</strong></span> 
     </span>
    </p>
   </div>
   <div class='ocr_carea' id='block_1_98' title="bbox 2265 4976 3870 5051">
    <p class='ocr_par' dir='ltr' id='par_1_98' title="bbox 2265 4976 3870 5051">
     <span class='ocr_line' id='line_1_99' title="bbox 2265 4976 3870 5051; baseline -0.01 -5"><span class='ocrx_word' id='word_1_874' title='bbox 2265 4976 2354 5049; x_wconf 79' lang='lat' dir='ltr'><strong>tibi</strong></span> <span class='ocrx_word' id='word_1_875' title='bbox 2381 4976 2569 5044; x_wconf 81' lang='lat' dir='ltr'><strong>omnes</strong></span> <span class='ocrx_word' id='word_1_876' title='bbox 2601 4976 2736 5038; x_wconf 85' lang='lat' dir='ltr'><strong>edit.</strong></span> <span class='ocrx_word' id='word_1_877' title='bbox 2771 4980 2993 5051; x_wconf 79' lang='lat' dir='ltr'><strong>habent,</strong></span> <span class='ocrx_word' id='word_1_878' title='bbox 3030 4996 3091 5033; x_wconf 86' lang='lat' dir='ltr'><strong>ne</strong></span> <span class='ocrx_word' id='word_1_879' title='bbox 3115 4977 3483 5037; x_wconf 60' lang='lat' dir='ltr'><strong>exitialiaeuet</strong></span> <span class='ocrx_word' id='word_1_880' title='bbox 3512 4976 3704 5051; x_wconf 80' lang='lat' dir='ltr'><strong>populo</strong></span> <span class='ocrx_word' id='word_1_881' title='bbox 3748 4995 3870 5050; x_wconf 77' lang='lat' dir='ltr'><strong>pas-</strong></span> 
     </span>
    </p>
   </div>
   <div class='ocr_carea' id='block_1_99' title="bbox 2262 5050 3865 5129">
    <p class='ocr_par' dir='ltr' id='par_1_99' title="bbox 2262 5050 3865 5129">
     <span class='ocr_line' id='line_1_100' title="bbox 2262 5050 3865 5129; baseline -0.003 -21"><span class='ocrx_word' id='word_1_882' title='bbox 2262 5068 2340 5120; x_wconf 61' lang='grc' dir='ltr'><strong>δίο</strong></span> <span class='ocrx_word' id='word_1_883' title='bbox 2368 5078 2481 5123; x_wconf 77' lang='lat' dir='ltr'><strong>sua,</strong></span> <span class='ocrx_word' id='word_1_884' title='bbox 2508 5058 2684 5129; x_wconf 78' lang='lat' dir='ltr'><strong>futura</strong></span> <span class='ocrx_word' id='word_1_885' title='bbox 2704 5050 2949 5129; x_wconf 72' lang='lat' dir='ltr'><strong>omnibus</strong></span> <span class='ocrx_word' id='word_1_886' title='bbox 2970 5051 3248 5116; x_wconf 81' lang='lat' dir='ltr'><strong>salutaris;</strong></span> <span class='ocrx_word' id='word_1_887' title='bbox 3266 5061 3399 5102; x_wconf 85' lang='lat' dir='ltr'><strong>mss.</strong></span> <span class='ocrx_word' id='word_1_888' title='bbox 3432 5050 3619 5103; x_wconf 77' lang='lat' dir='ltr'><strong>omnes</strong></span> <span class='ocrx_word' id='word_1_889' title='bbox 3637 5051 3865 5103; x_wconf 89' lang='lat' dir='ltr'><strong>omnino</strong></span> 
     </span>
    </p>
   </div>
   <div class='ocr_carea' id='block_1_100' title="bbox 2266 5122 3141 5192">
    <p class='ocr_par' dir='ltr' id='par_1_100' title="bbox 2266 5122 3141 5192">
     <span class='ocr_line' id='line_1_101' title="bbox 2266 5122 3141 5192; baseline -0.021 1"><span class='ocrx_word' id='word_1_890' title='bbox 2266 5122 2519 5192; x_wconf 71' lang='lat' dir='ltr'><strong>nostram&#39;</strong></span> <span class='ocrx_word' id='word_1_891' title='bbox 2545 5132 2794 5179; x_wconf 84' lang='lat' dir='ltr'><strong>astruunt</strong></span> <span class='ocrx_word' id='word_1_892' title='bbox 2827 5122 3141 5176; x_wconf 87' lang='lat' dir='ltr'><strong>lectionem.</strong></span> 
     </span>
    </p>
   </div>
   <div class='ocr_carea' id='block_1_101' title="bbox 2342 5192 3867 5262">
    <p class='ocr_par' dir='ltr' id='par_1_101' title="bbox 2342 5192 3867 5262">
     <span class='ocr_line' id='line_1_102' title="bbox 2342 5192 3867 5262; baseline 0.002 -17"><span class='ocrx_word' id='word_1_893' title='bbox 2342 5217 2365 5245; x_wconf 80' lang='grc' dir='ltr'><strong>ο</strong></span> <span class='ocrx_word' id='word_1_894' title='bbox 2400 5202 2543 5261; x_wconf 82' lang='lat' dir='ltr'><strong>Edit.</strong></span> <span class='ocrx_word' id='word_1_895' title='bbox 2573 5196 2699 5257; x_wconf 86' lang='lat' dir='ltr'><strong>Giii.</strong></span> <span class='ocrx_word' id='word_1_896' title='bbox 2723 5206 2775 5251; x_wconf 89' lang='lat' dir='ltr'><strong>et</strong></span> <span class='ocrx_word' id='word_1_897' title='bbox 2802 5193 2959 5251; x_wconf 79' lang='lat' dir='ltr'><strong>Rom.</strong></span> <span class='ocrx_word' id='word_1_898' title='bbox 2982 5209 3106 5255; x_wconf 87' lang='lat' dir='ltr'><strong>cum</strong></span> <span class='ocrx_word' id='word_1_899' title='bbox 3140 5192 3327 5262; x_wconf 79' lang='lat' dir='ltr'><strong>paucis</strong></span> <span class='ocrx_word' id='word_1_900' title='bbox 3351 5209 3511 5259; x_wconf 47' lang='lat'><strong>$55.,</strong></span> <span class='ocrx_word' id='word_1_901' title='bbox 3532 5194 3671 5262; x_wconf 72' lang='lat' dir='ltr'><strong>quod</strong></span> <span class='ocrx_word' id='word_1_902' title='bbox 3697 5193 3867 5257; x_wconf 77' lang='lat' dir='ltr'><strong>tradis</strong></span> 
     </span>
    </p>
   </div>
   <div class='ocr_carea' id='block_1_102' title="bbox 2263 5266 3863 5351">
    <p class='ocr_par' dir='ltr' id='par_1_102' title="bbox 2263 5266 3863 5351">
     <span class='ocr_line' id='line_1_103' title="bbox 2263 5266 3863 5351; baseline 0 0"><span class='ocrx_word' id='word_1_903' title='bbox 2263 5282 2323 5339; x_wconf 76' lang='grc' dir='ltr'>ίιι</span> <span class='ocrx_word' id='word_1_904' title='bbox 2349 5271 2631 5351; x_wconf 51' lang='lat' dir='ltr'><strong>hypocrisi</strong></span> <span class='ocrx_word' id='word_1_905' title='bbox 2666 5267 2806 5340; x_wconf 68' lang='grc' dir='ltr'><strong>ιενθο</strong></span> <span class='ocrx_word' id='word_1_906' title='bbox 2834 5275 2949 5351; x_wconf 61' lang='grc' dir='ltr'>ξιξ-ι</span> <span class='ocrx_word' id='word_1_907' title='bbox 2969 5266 3455 5351; x_wconf 47' lang='grc' dir='ltr'><strong>κλείω-ψυκυιὶη</strong></span> <span class='ocrx_word' id='word_1_908' title='bbox 3489 5266 3755 5351; x_wconf 51' lang='lat' dir='ltr'><strong>tuatui</strong></span> <span class='ocrx_word' id='word_1_909' title='bbox 3788 5266 3863 5327; x_wconf 61' lang='lat' dir='ltr'><strong>ad</strong></span> 
     </span>
    </p>
   </div>
   <div class='ocr_carea' id='block_1_103' title="bbox 2265 5324 3862 5408">
    <p class='ocr_par' dir='ltr' id='par_1_103' title="bbox 2265 5324 3862 5408">
     <span class='ocr_line' id='line_1_104' title="bbox 2265 5324 3862 5408; baseline -0.009 -1"><span class='ocrx_word' id='word_1_910' title='bbox 2265 5324 2653 5406; x_wconf 41' lang='lat' dir='ltr'><strong>eis-evertendam</strong></span> <span class='ocrx_word' id='word_1_911' title='bbox 2733 5324 3116 5408; x_wconf 62' lang='lat' dir='ltr'><strong>perﬁdiillius</strong></span> <span class='ocrx_word' id='word_1_912' title='bbox 3160 5324 3412 5406; x_wconf 72' lang='lat' dir='ltr'><strong>discipuli</strong></span> <span class='ocrx_word' id='word_1_913' title='bbox 3457 5324 3862 5394; x_wconf 71' lang='lat' dir='ltr'><strong>simulationem</strong></span> 
     </span>
    </p>
   </div>
   <div class='ocr_carea' id='block_1_104' title="bbox 2264 5412 3863 5482">
    <p class='ocr_par' dir='ltr' id='par_1_104' title="bbox 2264 5412 3863 5482">
     <span class='ocr_line' id='line_1_105' title="bbox 2264 5412 3863 5482; baseline -0.007 -4"><span class='ocrx_word' id='word_1_914' title='bbox 2264 5422 2555 5478; x_wconf 78' lang='lat' dir='ltr'><strong>referatur.</strong></span> <span class='ocrx_word' id='word_1_915' title='bbox 2583 5412 2833 5474; x_wconf 60' lang='lat' dir='ltr'><strong>Amori),1</strong></span> <span class='ocrx_word' id='word_1_916' title='bbox 2854 5412 2976 5469; x_wconf 79' lang='lat' dir='ltr'><strong>Era.</strong></span> <span class='ocrx_word' id='word_1_917' title='bbox 2993 5426 3115 5471; x_wconf 85' lang='lat' dir='ltr'><strong>cum</strong></span> <span class='ocrx_word' id='word_1_918' title='bbox 3134 5414 3335 5481; x_wconf 75' lang='lat' dir='ltr'><strong>aliquot</strong></span> <span class='ocrx_word' id='word_1_919' title='bbox 3361 5413 3659 5482; x_wconf 76' lang='lat' dir='ltr'><strong>mss.,quod</strong></span> <span class='ocrx_word' id='word_1_920' title='bbox 3674 5413 3863 5467; x_wconf 73' lang='lat' dir='ltr'><strong>tradis.</strong></span> 
     </span>
    </p>
   </div>
   <div class='ocr_carea' id='block_1_105' title="bbox 2264 5481 3871 5563">
    <p class='ocr_par' dir='ltr' id='par_1_105' title="bbox 2264 5481 3871 5563">
     <span class='ocr_line' id='line_1_106' title="bbox 2264 5481 3871 5563; baseline -0.027 6"><span class='ocrx_word' id='word_1_921' title='bbox 2264 5492 2335 5563; x_wconf 80' lang='grc' dir='ltr'><strong>1η</strong></span> <span class='ocrx_word' id='word_1_922' title='bbox 2356 5485 2672 5563; x_wconf 58' lang='lat' dir='ltr'><strong>humeri“?!</strong></span> <span class='ocrx_word' id='word_1_923' title='bbox 2696 5481 2871 5563; x_wconf 56' lang='grc' dir='ltr'><strong>(Ενὲςν</strong></span> <span class='ocrx_word' id='word_1_924' title='bbox 2898 5485 2957 5563; x_wconf 59' lang='grc' dir='ltr'><strong>Ῐη</strong></span> <span class='ocrx_word' id='word_1_925' title='bbox 2984 5482 3279 5563; x_wconf 60' lang='grc' dir='ltr'><strong>(ιυρρξτίιί)</strong></span> <span class='ocrx_word' id='word_1_926' title='bbox 3303 5498 3446 5553; x_wconf 70' lang='lat' dir='ltr'><strong>ergo.</strong></span> <span class='ocrx_word' id='word_1_927' title='bbox 3479 5481 3612 5563; x_wconf 56' lang='grc' dir='ltr'>δια,</span> <span class='ocrx_word' id='word_1_928' title='bbox 3645 5485 3733 5563; x_wconf 62' lang='lat' dir='ltr'><strong>uni</strong></span> <span class='ocrx_word' id='word_1_929' title='bbox 3761 5498 3871 5557; x_wconf 65' lang='grc' dir='ltr'><strong>νοτ</strong></span> 
     </span>
    </p>
   </div>
   <div class='ocr_carea' id='block_1_106' title="bbox 2267 5554 3874 5638">
    <p class='ocr_par' dir='ltr' id='par_1_106' title="bbox 2267 5554 3874 5638">
     <span class='ocr_line' id='line_1_107' title="bbox 2267 5554 3874 5638; baseline -0.006 -18"><span class='ocrx_word' id='word_1_930' title='bbox 2267 5554 2570 5638; x_wconf 43' lang='lat' dir='ltr'><strong>rapacium</strong></span> <span class='ocrx_word' id='word_1_931' title='bbox 2601 5555 2732 5638; x_wconf 70' lang='lat' dir='ltr'><strong>nihil</strong></span> <span class='ocrx_word' id='word_1_932' title='bbox 2765 5554 2915 5638; x_wconf 77' lang='lat' dir='ltr'><strong>aliud</strong></span> <span class='ocrx_word' id='word_1_933' title='bbox 2939 5555 3297 5638; x_wconf 43' lang='lat' dir='ltr'><strong>&quot;signiﬁcatur</strong></span> <span class='ocrx_word' id='word_1_934' title='bbox 3325 5570 3491 5625; x_wconf 76' lang='lat' dir='ltr'><strong>quam</strong></span> <span class='ocrx_word' id='word_1_935' title='bbox 3517 5557 3744 5638; x_wconf 83' lang='lat' dir='ltr'><strong>imitatio</strong></span> <span class='ocrx_word' id='word_1_936' title='bbox 3766 5554 3874 5617; x_wconf 71' lang='lat' dir='ltr'><strong>seu</strong></span> 
     </span>
    </p>
   </div>
   <div class='ocr_carea' id='block_1_107' title="bbox 2270 5626 3874 5697">
    <p class='ocr_par' dir='ltr' id='par_1_107' title="bbox 2270 5626 3874 5697">
     <span class='ocr_line' id='line_1_108' title="bbox 2270 5626 3874 5697; baseline -0.004 -4"><span class='ocrx_word' id='word_1_937' title='bbox 2270 5626 2471 5692; x_wconf 60' lang='lat' dir='ltr'><strong>iam...</strong></span> <span class='ocrx_word' id='word_1_938' title='bbox 2519 5626 2870 5697; x_wconf 65' lang='lat' dir='ltr'><strong>exprimendi</strong></span> <span class='ocrx_word' id='word_1_939' title='bbox 2899 5627 3149 5687; x_wconf 67' lang='lat' dir='ltr'><strong>aﬁ‘ectnm</strong></span> <span class='ocrx_word' id='word_1_940' title='bbox 3203 5643 3313 5697; x_wconf 82' lang='lat' dir='ltr'><strong>quo</strong></span> <span class='ocrx_word' id='word_1_941' title='bbox 3348 5631 3692 5697; x_wconf 68' lang='lat' dir='ltr'><strong>pronuntiata</strong></span> <span class='ocrx_word' id='word_1_942' title='bbox 3741 5642 3874 5689; x_wconf 70' lang='lat' dir='ltr'><strong>sunt</strong></span> 
     </span>
    </p>
   </div>
   <div class='ocr_carea' id='block_1_108' title="bbox 2268 5700 3868 5777">
    <p class='ocr_par' dir='ltr' id='par_1_108' title="bbox 2268 5700 3868 5777">
     <span class='ocr_line' id='line_1_109' title="bbox 2268 5700 3868 5777; baseline 0 -17"><span class='ocrx_word' id='word_1_943' title='bbox 2268 5708 2436 5765; x_wconf 69' lang='lat' dir='ltr'><strong>verba</strong></span> <span class='ocrx_word' id='word_1_944' title='bbox 2475 5700 2821 5767; x_wconf 83' lang='lat' dir='ltr'><strong>Servatoris;</strong></span> <span class='ocrx_word' id='word_1_945' title='bbox 2850 5702 3125 5777; x_wconf 67' lang='grc' dir='ltr'><strong>ὐπρκρισις</strong></span> <span class='ocrx_word' id='word_1_946' title='bbox 3156 5701 3300 5761; x_wconf 83' lang='lat' dir='ltr'><strong>enim</strong></span> <span class='ocrx_word' id='word_1_947' title='bbox 3341 5700 3559 5771; x_wconf 67' lang='lat' dir='ltr'><strong>perrit:</strong></span> <span class='ocrx_word' id='word_1_948' title='bbox 3617 5701 3868 5760; x_wconf 55' lang='lat' dir='ltr'><strong>imitauﬁ</strong></span> 
     </span>
    </p>
   </div>
   <div class='ocr_carea' id='block_1_109' title="bbox 2266 5776 3868 5847">
    <p class='ocr_par' dir='ltr' id='par_1_109' title="bbox 2266 5776 3868 5847">
     <span class='ocr_line' id='line_1_110' title="bbox 2266 5776 3868 5847; baseline -0.001 -12"><span class='ocrx_word' id='word_1_949' title='bbox 2266 5782 2541 5836; x_wconf 82' lang='lat' dir='ltr'><strong>actionem</strong></span> <span class='ocrx_word' id='word_1_950' title='bbox 2561 5785 2742 5833; x_wconf 69' lang='lat' dir='ltr'><strong>sntiat.</strong></span> <span class='ocrx_word' id='word_1_951' title='bbox 2774 5777 2842 5832; x_wconf 72' lang='lat' dir='ltr'><strong>Et</strong></span> <span class='ocrx_word' id='word_1_952' title='bbox 2869 5776 3153 5837; x_wconf 74' lang='lat' dir='ltr'><strong>hocetiam</strong></span> <span class='ocrx_word' id='word_1_953' title='bbox 3173 5791 3339 5839; x_wconf 65' lang='lat' dir='ltr'><strong>sema</strong></span> <span class='ocrx_word' id='word_1_954' title='bbox 3363 5776 3683 5847; x_wconf 66' lang='lat' dir='ltr'><strong>accipienda</strong></span> <span class='ocrx_word' id='word_1_955' title='bbox 3708 5778 3868 5833; x_wconf 68' lang='lat' dir='ltr'><strong>vide-</strong></span> 
     </span>
    </p>
   </div>
   <div class='ocr_carea' id='block_1_110' title="bbox 2267 5848 3873 5923">
    <p class='ocr_par' dir='ltr' id='par_1_110' title="bbox 2267 5848 3873 5923">
     <span class='ocr_line' id='line_1_111' title="bbox 2267 5848 3873 5923; baseline -0.001 -15"><span class='ocrx_word' id='word_1_956' title='bbox 2267 5861 2357 5911; x_wconf 82' lang='lat' dir='ltr'><strong>tur</strong></span> <span class='ocrx_word' id='word_1_957' title='bbox 2384 5852 2549 5907; x_wconf 87' lang='lat' dir='ltr'><strong>lectio</strong></span> <span class='ocrx_word' id='word_1_958' title='bbox 2575 5850 2736 5906; x_wconf 75' lang='lat' dir='ltr'><strong>Cori).</strong></span> <span class='ocrx_word' id='word_1_959' title='bbox 2793 5859 2855 5906; x_wconf 85' lang='lat' dir='ltr'><strong>et.</strong></span> <span class='ocrx_word' id='word_1_960' title='bbox 2878 5850 3109 5909; x_wconf 83' lang='lat' dir='ltr'><strong>aliorum</strong></span> <span class='ocrx_word' id='word_1_961' title='bbox 3138 5848 3494 5922; x_wconf 64' lang='lat' dir='ltr'><strong>quorundam</strong></span> <span class='ocrx_word' id='word_1_962' title='bbox 3538 5865 3672 5909; x_wconf 75' lang='lat' dir='ltr'><strong>mss.</strong></span> <span class='ocrx_word' id='word_1_963' title='bbox 3705 5864 3873 5923; x_wconf 66' lang='lat' dir='ltr'><strong>quam</strong></span> 
     </span>
    </p>
   </div>
   <div class='ocr_carea' id='block_1_111' title="bbox 2266 5937 2569 5999">
    <p class='ocr_par' dir='ltr' id='par_1_111' title="bbox 2266 5937 2569 5999">
     <span class='ocr_line' id='line_1_112' title="bbox 2266 5937 2569 5999; baseline -0.02 -17"><span class='ocrx_word' id='word_1_964' title='bbox 2266 5937 2569 5999; x_wconf 76' lang='lat' dir='ltr'><strong>sequimur.</strong></span> 
     </span>
    </p>
   </div>
  </div>
