4040 6492
161 468 331 524 18:“

1180 457 1545 517 EXPOSITIO
1582 454 1841 516 EVANG.
1882 460 2028 519 SEC.
2074 460 2229 522 LUC.
2271 464 2405 522 LIB.
2447 464 2515 521 Χ.

3357 466 3499 523 18³29.

157 584 516 656 prophetica
557 583 704 638 dicta
746 582 1133 638 demonstrans
1175 577 1355 647 (lani.
1387 590 1563 646 xxxv,
1610 574 1709 653 10)
1739 583 1796 633 et
1820 576 1985 637 Aest
2018 580 2314 641 vulnerari.
2351 582 2426 639 illi
2467 582 2615 655 justo
2657 592 2886 649 mortem
2930 583 3236 649 inferebant
3264 603 3278 647 t
3306 599 3494 664 persc-

164 678 371 749 ipaos,
400 677 447 732 si
467 682 880 741 convertantur,
916 687 1077 746 posse
1096 672 1309 738 sanari,
1340 670 1430 742 qui
1456 667 1513 724 in
1547 669 1799 740 passione
1901 678 2151 726 cutorum
2182 673 2405 730 vulnera
2438 675 2541 729 iste
2566 675 2813 733 sanabat.

166 769 413 831 Domini
460 765 731 824 vtilncrati
775 767 946 834 sunt;
1003 780 1071 823 eo
1112 764 1257 836 quod
1306 772 1469 820 omne
1513 768 1795 833 peccatum

165 862 320 919 ﬁdei
349 862 629 936 mysteriis
654 863 930 918 abluatur.

248 955 358 1011 ὅτ.
401 954 569 1011 Tollit
620 969 754 1026 ergo
807 954 1006 1010 Petrus
1069 954 1279 1023 aurem.
1323 950 1503 1018 Quare
1553 946 1798 1003 Petrus?

160 1047 329 1116 Quia
371 1049 499 1121 ipso
535 1057 621 1105 est
692 1048 786 1119 qui
833 1046 1046 1116 accepit
1095 1045 1276 1100 claves
1322 1040 1476 1113 regni
1529 1038 1795 1096 calorum

166 1142 416 1215 (Matth.
464 1158 587 1208 xvi,
617 1141 713 1213 l9)
757 1158 770 1196 :
803 1141 898 1197 ille
926 1140 1073 1196 enim
1104 1137 1466 1202 condemnat,
1498 1133 1589 1206 qui
1617 1144 1672 1190 et
1702 1132 1798 1187 ab-

165 1238 387 1305 solvit;
418 1236 677 1309 quoniam
705 1235 851 1292 idem
880 1245 937 1292 et
968 1233 1171 1306 ligandi
1200 1244 1255 1289 et
1290 1229 1540 1287 solvendi
1564 1230 1795 1299 adeptus

167 1340 271 1387 est
300 1340 639 1402 potestatem
662 1331 877 1406 (Ibid).
904 1328 1071 1385 Tollit
1096 1337 1277 1382 autem
1306 1340 1491 1381 aurem
1525 1323 1667 1379 male
1692 1338 1793 1378 au-

177 1426 405 1481 dientis
436 1444 449 1480 :
480 1425 626 1480 tollit
665 1433 846 1479 autem
866 1420 1047 1494 gladio
1076 1418 1311 1491 spiritali
1349 1430 1538 1472 aurem
1566 1413 1795 1472 interio-

177 1506 314 1576 rem
345 1521 489 1576 male
513 1518 887 1591 intelligentia.
1616 1590 1617 1593 η

270 1610 497 1686 1519
520 1613 612 1669 88.
659 1612 958 1667 Careamus
1003 1620 1074 1664 ne
1117 1607 1206 1662 cui
1253 1603 1482 1660 tollatur
1524 1598 1788 1657 auricula.

179 1706 420 1777 Legitur
447 1706 633 1776 passio
653 1703 867 1759 Domini
901 1718 915 1757 :
950 1702 994 1757 si
1030 1699 1099 1755 ad
1130 1696 1472 1754 divinitatem
1500 1696 1619 1764 ejus
1650 1690 1794 1750 rele-

176 1801 367 1854 rimus
396 1797 766 1853 inﬁrmitatem
788 1806 1069 1865 corporea:
1092 1792 1385 1864 passionis,
1400 1786 1674 1872 exciditur
1696 1799 1791 1839 au.

177 1896 387 1963 ricula,
410 1903 465 1949 et
491 1892 806 1949 exciditura
824 1890 1012 1954 Petro,
1029 1890 1126 1961 qui
1160 1902 1268 1943 non
1295 1900 1487 1957 passus
1517 1893 1603 1940 est
1629 1881 1790 1939 Chri-

1972 761 2175 833 (Vers.
2204 763 2298 831 51,
2329 764 2444 840 55.)
2480 764 2668 825 Petrus
2689 786 2807 825 vero
2830 771 3138 841 sequebatur
3155 789 3188 831 a
3212 772 3386 845 longe.

1967 854 2061 910 7'2.
2103 854 2172 912 Et
2203 857 2341 915 bene
2364 875 2395 915 a
2425 858 2587 932 longe
2616 862 3091 934 sequebatur,jam
3121 866 3367 943 proxime
3395 880 3492 929 nc—

1896 954 2157 1023 gaturus;
2189 967 2367 1021 neque
2406 955 2551 1009 enim
2602 972 2799 1028 negare
2848 958 3150 1030 potuisset,
3193 958 3243 1019 si
3279 959 3497 1021 Christo

1897 1043 2189 1114 proximus
2219 1044 2561 1107 adlucsisset.
2598 1046 2708 1103 Sed
2753 1048 2984 1106 fortaSSe
3008 1059 3065 1113 et
3099 1052 3153 1111 in
3193 1050 3299 1111 hoc
3339 1050 3496 1111 nobis

1897 1136 2134 1191 maxima
2165 1137 2234 1192 sit
2263 1137 2624 1196 admiratione
2649 1142 3005 1212 reverendus,
3036 1143 3180 1223 quod
3205 1143 3491 1206 Dominum

1896 1242 2002 1286 non
2033 1232 2286 1302 reliquit,
2321 1228 2484 1295 etiam
2515 1250 2637 1289 cum
2663 1236 2903 1297 timeret.
2937 1237 3110 1300 Metus
3141 1250 3349 1299 natura:
3376 1248 3494 1308 cst,

1896 1339 2029 1382 cura
2082 1327 2318 1397 pietatis.
2366 1325 2619 1393 Alienum
2646 1371 2661 1397 ,
2692 1329 2835 1401 quod
2885 1331 3039 1393 timet
3070 1348 3085 1391 ;
3116 1347 3273 1393 suum
3299 1374 3317 1403 ,
3347 1330 3492 1403 quod

1897 1433 2005 1473 non
2036 1418 2195 1490 fugit.
2226 1418 2381 1490 Quod
2422 1422 2699 1493 sequitur,
2732 1422 3045 1479 devotionis
3072 1440 3085 1481 :
3118 1425 3261 1497 quod
3288 1433 3447 1496 negal
3474 1465 3490 1491 ,

1894 1511 2253 1582 obreptionis.
2294 1515 2636 1584 Commune,
2686 1516 2829 1587 quod
2864 1516 3062 1577 labitur
3093 1537 3104 1572 :
3141 1515 3307 1585 ﬁdei,
3353 1518 3499 1588 quod

1897 1611 2150 1679 poenitet.
2184 1604 2307 1663 .lam
2343 1606 2395 1662 in
2444 1605 2609 1663 domo
2653 1606 2918 1681 principis
2965 1608 3309 1666 sacerdotum
3358 1608 3498 1684 ignis

1894 1698 2123 1756 ardebat
2157 1716 2171 1757 :
2201 1700 2439 1757 accessit
2487 1699 2680 1757 Petrus
2707 1743 2721 1765 ,
2755 1711 2811 1756 ut
2851 1698 3185 1759 calcfaceret
3230 1716 3329 1767 se;
3376 1701 3501 1775 quia

1894 1796 2083 1851 clauso
2100 1786 2351 1862 Domino,
2376 1794 2531 1851 calor
2550 1795 2751 1857 mentis
2772 1794 2934 1851 etiam
2965 1792 3018 1861 in
3042 1795 3163 1866 ipso
3180 1793 3494 1859 refrixerat.

1969 1891 2058 1957 T5.
2090 1888 2271 1965 (Vcrs.
2296 1890 2413 1963 56.)
2436 1890 2574 1961 Quid
2602 1890 2705 1949 sibi
2728 1891 2843 1951 vult
2861 1890 3003 1960 quod
3028 1889 3201 1963 prima
3224 1904 3349 1949 eum
3373 1902 3500 1963 pro-

174 1997 337 2045 stum
372 1943 716 2057 'propltetam
748 1943 1064 2040 aestimari:
1093 1976 1192 2037 sed
1226 1978 1320 2036 Dei
1358 1976 1553 2035 Filium
1604 1973 1790 2030 docuit
1817 1943 1867 2007 Β
1899 1950 1989 2040 (ιιι
2010 1943 2210 2039 angina
2232 2026 2246 2051 ,
2278 1943 2493 2063 ις,ξό
2514 2000 2646 2045 cum
2676 1985 2772 2040 viri
2813 1943 2998 2054 utique
3025 1943 3194 2057 inagis
3235 1943 3501 2053 eum'po-

180 2079 344 2136 ﬁdeli
368 2078 722 2135 confessione
754 2076 982 2147 signari.
1013 2073 1160 2144 Ergo
1190 2086 1314 2128 cum
1351 2071 1581 2142 legimus
1617 2066 1791 2123 teucri

178 2171 384 2228 Iesum
408 2212 423 2237 ,
455 2183 750 2224 caveamus
779 2184 850 2223 ne
876 2166 947 2223 ab
972 2168 1157 2238 aliquo
1184 2164 1467 2221 audiamus
1492 2202 1508 2226 ,
1549 2168 1605 2217 et
1636 2167 1792 2229 pute-

179 2272 314 2321 mus
359 2278 487 2321 eum
515 2262 813 2319 secundum
841 2261 1177 2318 divinitatem
1211 2257 1418 2326 teneri,
1451 2254 1623 2312 teneri
1649 2253 1793 2309 invi-

176 2367 302 2414 tum
325 2401 340 2426 ,
370 2359 544 2414 teneri
579 2359 733 2429 quasi
764 2357 1064 2413 infirmum.
1093 2353 1336 2409 Tenetur
1361 2336 1582 2422 quidem
1608 2388 1624 2414 ,
1650 2358 1705 2403 et
1734 2356 1793 2401 ut

179 2455 329 2510 dixit
368 2454 608 2511 Joannes
647 2453 833 2527 (loan.
882 2464 1013 2508 xvnt
1038 2494 1054 2519 ,
1089 2449 1216 2523 12),
1248 2448 1448 2519 ligatur
1491 2443 1789 2503 secundum

184 2551 443 2621 corporis
477 2547 803 2603 veritatem:
834 2545 930 2602 sed
957 2556 1040 2601 va:
1069 2546 1175 2602 illis
1202 2546 1293 2615 qui
1318 2545 1485 2613 ligant
1506 2540 1786 2600 Verbum!

184 2643 387 2716 Ligant
430 2642 573 2700 enim
624 2642 715 2713 qui
758 2639 1137 2697 tantummodo
1183 2637 1461 2694 Christum
1514 2636 1790 2690 hominem

190 2745 393 2811 putant
422 2754 437 2792 :
466 2737 632 2809 ligant
656 2747 683 2775 ιι
704 2737 799 2807 qui
831 2735 1120 2807 praescium
1149 2749 1256 2789 non
1298 2740 1510 2803 putant,
1549 2729 1639 2801 qui
1671 2738 1793 2783 ont-‘

192 2833 540 2902 nipotentcm
566 2838 673 2885 non
699 2829 1050 2884 conﬁtentur.
1078 2826 1213 2882 Mala
1243 2826 1457 2881 vincula
1484 2823 1790 2880 .lttdzeorum

192 2923 394 2996 quibus
416 2936 524 2977 non
547 2920 826 2978 Christum
853 2920 1040 2991 ligant,
1066 2920 1160 2976 sed
1190 2916 1401 2989 seipsos
1432 2918 1677 2989 alligant.
1705 2915 1794 2970 Li-

194 3026 355 3089 gatur
383 3026 561 3072 autem
608 3016 662 3073 in
707 3013 870 3070 domo
900 3028 1008 3069 non
1042 3013 1112 3084 pii
1156 3012 1384 3085 alicujus
1413 3020 1468 3066 ct
1491 3011 1622 3091 justi
1649 3051 1665 3076 ,
1698 3008 1794 3064 sed

197 3113 251 3166 in
282 3110 447 3166 domo
471 3111 690 3181 Caiphae
721 3108 913 3185 (Joan.
945 3126 1034 3177 ιι,
1079 3110 1205 3183 50),
1238 3092 1342 3164 hoc
1371 3115 1458 3164 est
1481 3151 1495 3175 ,
1540 3107 1596 3163 in
1630 3106 1792 3179 impia

193 3205 390 3271 domo;
424 3206 512 3259 ubi
541 3204 706 3260 etiam
754 3204 1050 3259 moriturus
1084 3219 1181 3274 pro
1215 3198 1466 3258 omnibus
1493 3199 1790 3273 propheta-

194 3307 302 3354 tur.
334 3298 506 3368 Quam
543 3308 791 3355 amentes
817 3297 980 3370 igitur
1019 3296 1109 3381 qui
1150 3297 1413 3353 beneﬁcia
1446 3296 1628 3351 divina
1657 3306 1791 3347 con-
1814 3324 1862 3391 ο

192 3393 437 3457 ﬁtentur,
463 3402 519 3449 et
548 3390 939 3449 beneﬁciorum
967 3399 1246 3448 auctorem
1276 3401 1677 3463 persequuntur
1701 3386 1715 3446 l

268 3485 356 3540 69.
400 3484 531 3540 Ideo
559 3500 746 3539 aurem
777 3482 1051 3554 perdunt,
1094 3482 1220 3553 quia
1251 3480 1607 3558 perdiderunt
1633 3478 1789 3538 audi-

201 3591 285 3635 ius
317 3578 643 3651 proiectum.
690 3578 949 3634 Auditum
996 3579 1150 3633 multi
1181 3593 1288 3633 non
1320 3577 1549 3647 habent,
1576 3579 1665 3649 qui
1692 3576 1789 3637 ha-

198 3675 327 3730 bere
355 3689 415 3730 se
444 3673 690 3729 credunt.
742 3672 802 3728 In
844 3672 1086 3729 Ecclesia
1113 3682 1304 3728 omnes
1352 3671 1552 3735 habent
1577 3652 1611 3737 ,’
1633 3678 1789 3726 extra

202 3764 496 3822 Ecclesiam
530 3778 635 3820 non
669 3765 891 3820 habent.
924 3769 1031 3820 Aut
1055 3762 1293 3821 fortasse
1336 3764 1461 3819 ideo
1491 3779 1674 3819 aurem
1701 3771 1788 3818 tu-

198 3856 293 3924 lit;
322 3872 392 3912 ne
433 3854 668 3938 amplius
711 3854 1095 3933 delinquerent
1122 3857 1408 3913 audientes
1431 3897 1444 3921 ,
1484 3857 1574 3929 qui
1605 3854 1789 3910 audita

203 3966 417 4007 servare
447 3966 551 4005 non
584 3960 821 4021 possent.
860 3950 949 4006 Sic
979 3957 1033 4004 ct
1062 3948 1351 4025 aliquando
1374 3949 1617 4009 confudit
1649 3948 1791 4007 Deus

203 4045 413 4115 linguas
435 4045 829 4100 exstruentium
851 4052 1076 4108 turrem,
1104 4058 1172 4097 ne
1193 4056 1253 4096 se
1278 4042 1551 4109 audirent,
1576 4052 1792 4115 etopus

205 4153 313 4194 suae
341 4136 637 4206 impietatis
667 4145 932 4209 augerent
960 4134 1115 4208 (Gen.
1147 4150 1234 4201 st,
1267 4134 1351 4209 7).

276 4226 364 4283 71).
402 4225 841 4297 Comprehende,
871 4227 917 4283 si
940 4234 1100 4297 potes
1118 4270 1132 4292 ,
1161 4226 1437 4301 quomodo
1459 4225 1528 4283 ad
1554 4226 1792 4283 dexterae

206 4320 455 4377 salutaris
485 4327 744 4375 attactum
772 4318 941 4392 fugiat
981 4319 1160 4385 dolor,
1192 4330 1243 4376 et
1275 4319 1498 4376 vulnera
1539 4335 1655 4376 non
1680 4336 1794 4376 me-

209 4414 513 4468 dicamento
548 4408 580 4450 ι
606 4424 871 4495 aspersa,
909 4410 1005 4466 sed
1042 4418 1186 4465 tactu
1224 4409 1458 4466 obducta
1505 4418 1788 4467 sanentur.

184 4505 555 4577 'Operatoretn
602 4516 758 4560 suum
804 4504 969 4560 limus
994 4503 1276 4576 agnoscit,
1328 4511 1382 4559 et
1426 4503 1789 4576 operatricem

208 4616 351 4661 suam
411 4601 622 4658 Domini
688 4616 906 4657 manum
968 4601 1213 4671 sequitur
1278 4610 1448 4667 caro;
1518 4600 1791 4672 quomodo

1894 2077 2098 2134 tuerint
2129 2092 2522 2151 recognoscere
2549 2094 2563 2144 ;
2588 2074 2693 2137 nisi
2717 2086 2775 2132 ut
2801 2085 2856 2132 et
2878 2076 2982 2137 iste
3007 2090 3170 2135 sexus
3195 2086 3221 2115 α
3242 2086 3501 2146 peccasse

1894 2170 1959 2227 in‘
1978 2186 2168 2227 necem
2198 2171 2412 2227 Domini
2439 2170 2737 2238 videretur,
2767 2179 2828 2225 ut
2858 2179 2912 2227 et
2943 2169 3047 2231 istc
3075 2183 3237 2227 sexus
3264 2165 3499 2227 redime-

1894 2275 2045 2327 retur
2078 2282 2174 2338 per
2211 2266 2424 2321 Domini
2469 2262 2815 2336 passionem?
2844 2263 2907 2325 Et
2934 2262 3056 2319 ideo
3084 2260 3280 2321 mulier
3310 2275 3493 2319 resur-

1894 2359 2162 2423 rectionis
2207 2358 2409 2428 accipit
2450 2357 2620 2431 prima
2651 2354 2969 2430 mysterium
3002 2351 3183 2429 (Joan.
3218 2368 3323 2420 xx,
3358 2352 3448 2421 l7)
3475 2393 3494 2420 ,

1894 2464 1951 2510 et
2007 2452 2261 2517 mandata
2300 2453 2583 2521 custodit;
2634 2463 2693 2506 ut
2736 2460 2977 2519 veterem
3027 2444 3503 2521 praevaricationis

1893 2547 2137 2611 aboleret
2168 2561 2436 2613 errorem.

1965 2640 2054 2697 74.
2093 2622 2276 2716 (vers.
2311 2638 2432 2711 5‘7.)
2477 2634 2668 2695 Petrus
2710 2651 2839 2719 ergo
2868 2631 3117 2705 proditus
3168 2639 3367 2704 negat;
3402 2645 3497 2707 ι)οι

1893 2750 2086 2791 namus
2110 2735 2256 2799 enim
2285 2747 2514 2807 negasse
2545 2730 2765 2791 Petrum
2792 2770 2809 2801 ,
2841 2728 2964 2799 quia
3013 2725 3150 2781 dixit
3185 2724 3445 2783 Dominus
3476 2739 3492 2780 :

1896 2828 1996 2884 Ter
2024 2846 2103 2889 me
2136 2828 2346 2903 negabis
2378 2823 2598 2896 (Matth.
2631 2840 2759 2880 xxvi
2779 2865 2795 2891 ,
2823 2822 2955 2899 54)?
2987 2822 3055 2887 Et
3085 2821 3234 2883 malo
3263 2832 3491 2893 negasse

1892 2921 2114 2978 Petrum
2143 2963 2159 2995 ,
2186 2936 2346 2994 quam
2386 2918 2674 2975 Dominum
2707 2914 2990 2981 fefellisse,
3049 2912 3192 2988 Quid
3236 2909 3496 2984 negavit?

1893 3014 2049 3093 Quod
2088 3015 2338 3089 promisit
2379 3015 2618 3071 incaute.
2685 3011 3040 3069 Devotionetn
3088 3006 3493 3071 consideravit,

1895 3128 2005 3167 non
2035 3112 2275 3185 respexit
2296 3110 2688 3171 conditionem.
2716 3108 3005 3171 Mulctatus
3031 3104 3205 3177 ,quia
3246 3102 3386 3163 dixit
3428 3113 3491 3161 se

1893 3205 2129 3265 animam
2156 3218 2360 3277 ponere
2385 3200 2566 3278 (Joan.
2601 3216 2733 3271 χιιι,
2768 3200 2860 3272 37)
2890 3217 2903 3254 :
2935 3197 3080 3273 quod
3110 3213 3220 3257 non
3242 3195 3494 3257 humanae

1895 3297 2249 3365 inﬁrmitatis,
2276 3296 2371 3357 sed
2397 3296 2593 3353 divina:
2630 3302 2716 3351 est
2740 3292 3042 3369 poteStatis.
3065 3290 3203 3353 Cum
3236 3299 3342 3349 tam
3369 3304 3495 3363 gra-

1897 3406 2015 3445 vem
2040 3388 2401 3463 imprudentis
2419 3385 2687 3449 sermonis
2701 3384 2962 3447 mulctam
2979 3382 3165 3451 luerit,
3188 3391 3389 3459 quanta
3415 3387 3499 3439 est

1893 3499 2055 3561 pmna
2089 3482 2329 3558 perﬁdiae
2351 3482 2364 3535 l
3129 3517 3134 3520 -

1966 3577 2055 3639 75.
2097 3576 2198 3634 Ubi
2238 3586 2415 3639 tamen
2446 3584 2609 3657 negat
2636 3570 2869 3633 Petrué?
2898 3571 3019 3635 Non
3047 3572 3101 3629 in
3129 3579 3315 3633 monte
3340 3611 3358 3639 ,
3385 3583 3493 3629 non

1893 3675 1948 3731 in
1974 3674 2201 3747 templo,
2229 3673 2411 3735 nonin
2446 3688 2540 3733 sua
2566 3670 2729 3733 domo
2756 3687 2770 3727 :
2798 3667 2895 3725 sed
2926 3668 2980 3731 in
3002 3665 3258 3743 prcctorio
3280 3663 3497 3721 ludatu-

1894 3785 2047 3837 rum,
2082 3769 2135 3823 in
2165 3768 2331 3827 domo
2364 3764 2629 3837 principis
2653 3760 3025 3823 sacerdotum.
3058 3759 3135 3821 ibi
3168 3766 3330 3829 negat
3353 3797 3369 3825 ,
3404 3754 3494 3817 ubi

1894 3862 2098 3923 veritas
2119 3876 2225 3921 non
2253 3867 2338 3915 est
2383 3876 2400 3912 :
2431 3858 2504 3921 ibi
2536 3865 2727 3929 negat,
2756 3855 2844 3913 ubi
2869 3852 3121 3913 Christus
3148 3857 3370 3935 captus,
3405 3847 3496 3905 ubi

1895 3953 2052 4015 Jesus
2084 3954 2280 4027 ligatus
2307 3961 2411 4009 est.
2441 3948 2604 4018 Quid,
2630 3949 2733 4005 nisi
2755 3952 2987 4015 erraret,
3011 3958 3177 4015 quem
3201 3939 3498 4001 intromisit

1895 4047 2153 4111 ostiaria,
2187 4043 2544 4113 interrogavit
2582 4042 2804 4097 ostiaria
2853 4038 3037 4110 (Joan.
3073 4050 3247 4102 xviii,
3275 4034 3408 4102 1⁸1),
3437 4040 3493 4097 et

1896 4138 2121 4197 ostiaria
2164 4136 2511 4194 Judmorum?
2542 4134 2678 4190 Male
2710 4132 2819 4189 Eva
2850 4130 3059 4189 induxit
3103 4129 3277 4189 Adam
3301 4169 3316 4193 .
3351 4126 3495 4189 male

1898 4232 2120 4297 Petrum
2144 4228 2445 4293 introduxit
2474 4226 2699 4287 femina.
2741 4225 2848 4283 Sed
2881 4223 2974 4287 ille
3021 4225 3072 4277 in
3118 4220 3375 4295 paradiso
3411 4219 3496 4281 la.

1894 4324 2072 4391 bitur,
2106 4322 2197 4393 ubi
2227 4339 2337 4387 non
2367 4320 2651 4385 veniabilis
2680 4319 2837 4390 culpa
2868 4335 2881 4372 :
2917 4317 3003 4375 hic
3033 4316 3089 4373 in
3114 4314 3365 4384 praetorio
3395 4310 3497 4375 lus

1894 4421 2176 4487 dmorum,
2226 4408 2321 4481 ubi
2358 4413 2601 4479 difﬁcilis
2656 4412 2993 4473 innocentia.
3044 4408 3131 4469 Illi
3175 4405 3500 4469 interdictas

1894 4511 2116 4591 lapsus,
2164 4507 2291 4578 huic
2338 4507 2627 4587 prmdictus
2658 4520 2834 4565 error.
2870 4504 2967 4565 llle
3004 4499 3335 4567 Commissa-1
3365 4496 3499 4569 huic.

1895 4606 2307 4678 praeiudicavit,
2334 4603 2426 4665 hic
2453 4603 2603 4671 illum
2632 4601 2881 4665 resolvit.

209 4697 344 4754 enim
385 4696 534 4760 vult,
586 4710 723 4766 opus
770 4710 927 4750 suum
969 4703 1185 4769 creator
1247 4694 1532 4767 instaurat.
1595 4695 1685 4751 Sic
1734 4703 1873 4783 etp
1964 4703 2053 4761 76.
2096 4699 2529 4777 consideremus
2573 4697 2741 4755 etiam
2809 4706 2918 4770 quo
2975 4691 3030 4747 in
3099 4695 3245 4759 statu
3309 4691 3498 4758 uesci.

211 4788 328 4844 alibi
367 4804 512 4845 cmco
541 4786 621 4843 illi
650 4787 797 4845 visus
816 4830 830 4855 ,
857 4787 971 4843 luto
996 4800 1160 4859 supra
1209 4788 1398 4852 oculos
1443 4789 1603 4855 illito,
1632 4788 1788 4863 quasi

211 4883 260 4938 itt
284 4891 525 4937 naturam
552 4882 796 4950 redierit,
820 4882 1148 4939 reformatur
1168 4880 1347 4950 (Joau.
1379 4900 1455 4952 ιχ,
1480 4882 1559 4965 6).
1590 4880 1792 4951 Jubcre

212 4978 371 5051 potuit
394 5020 407 5043 ,
439 4978 536 5033 scd
577 4977 791 5046 operari
822 4978 1043 5044 maluit;
1079 4985 1139 5033 ut
1180 4992 1577 5050 cognoscamus
1610 4978 1789 5049 ipsum

212 5087 321 5128 esse
346 5071 437 5144 qui
459 5085 490 5127 e
509 5072 643 5126 limo
670 5080 833 5127 terrae
862 5073 1115 5151 corporis
1139 5071 1384 5135 membra
1423 5055 1590 5127 nostri
1622 5070 1793 5143 variis

213 5175 323 5238 apta
345 5165 599 5221 formavit
625 5162 821 5235 ofﬁciis
845 5205 860 5230 ,
895 5170 950 5219 et
990 5158 1169 5221 infuso
1212 5165 1402 5245 vigore
1429 5165 1626 5237 mentis
1666 5167 1785 5237 ani-

213 5259 380 5316 mavlt.

276 5359 356 5415 71.
400 5356 679 5413 Venerunt
699 5371 828 5428 ergo
854 5364 907 5419 et
929 5354 1462 5431 comprehenderunt
1491 5373 1641 5429 eum,
1666 5373 1788 5435 gra-

212 5451 318 5508 vius
343 5452 570 5524 perituri
608 5450 770 5509 studii
796 5451 877 5505 sui
904 5446 1079 5506 fructu
1107 5469 1122 5504 :
1150 5466 1251 5517 nec
1283 5451 1677 5521 intellexerunt
1702 5454 1795 5517 in:

214 5545 381 5603 felices
408 5546 752 5617 mysterium,
777 5559 877 5599 nec
906 5542 1148 5598 venerati
1172 5552 1297 5598 sunt
1324 5555 1430 5599 tam
1462 5545 1787 5621 clementem

215 5641 411 5714 pietatis
437 5638 714 5709 affectum,
746 5636 893 5711 quod
909 5638 1074 5699 etiam
1103 5636 1290 5699 hostes
1309 5651 1439 5694 suos
1464 5654 1571 5697 non
1601 5657 1791 5715 passus

283 5838 308 5867 ιι
340 5826 517 5902 Paris.
541 5825 787 5902 qundam
830 5826 988 5893 erit,
1015 5828 1105 5899 qui
1133 5836 1432 5902 ptumum
1456 5845 1563 5885 non
1581 5840 1787 5900 putant.

226 5899 549 5985 Τειιιιξρθάη
579 5901 974 5985 perfectum
995 5917 1099 5955 non

294 5970 318 6011 ιι
340 5970 432 6030 Sic
461 5979 570 6025 vet.
596 5970 728 6031 edit.
747 5970 802 6027 et
823 5984 955 6027 mss.
983 5970 1167 6046 paucis
1189 5974 1451 6047 exceptis,
1474 5975 1560 6039 ubi
1587 5989 1686 6047 pro
1710 5992 1795 6035 aa-

1897 4795 2124 4868 Frigus,
2182 4793 2388 4870 inquit,
2438 4801 2544 4853 erat
2577 4788 2751 4863 (Ibid.
2804 4786 2916 4857 18).
2949 4785 3011 4849 Si
3060 4795 3275 4856 tempus
3310 4780 3497 4837 consi-

1896 4891 2191 4953 deremus,
2233 4886 2407 4964 (suos
2433 4900 2556 4947 esse
2600 4898 2705 4944 non
2760 4888 2971 4955 poterat
3009 4877 3153 4939 :Sed
3178 4876 3345 4946 frigus
3379 4881 3505 4934 erat

1897 4982 1991 5047 ubi
2013 4981 2173 5043 Iesus
2194 4996 2301 5043 non
2333 4978 2749 5057 agnoscebatur,
2779 4976 2870 5035 ttbi
2901 4988 3011 5033 non
3038 4982 3157 5029 erat
3186 4970 3277 5041 qui
3310 4970 3491 5029 lucem

1896 5076 2122 5143 Yideret,
2158 5075 2246 5135 ubi
2274 5073 2570 5149 negabatur
2598 5072 2739 5144 ignis
2764 5083 3112 5135 consumens.
3136 5063 3334 5136 Frigus
3365 5078 3501 5135 ergo

1896 5182 2015 5231 erat
2041 5170 2264 5236 mentis,
2293 5184 2399 5231 non
2427 5167 2696 5238 corporis.
2719 5165 2966 5235 Denique
2996 5160 3063 5219 ad
3087 5161 3357 5221 carbones
3389 5168 3503 5223 sta.

1895 5268 1988 5331 bat
2007 5268 2222 5332 Petrus,
2254 5264 2377 5333 quia
2403 5261 2622 5333 algebat
2646 5259 2837 5319 affectu
2863 5256 3057 5331 (Marc.
3080 5270 3190 5320 xiv,
3218 5253 3333 5323 54).
3359 5250 3501 5311 Halat

1894 5363 2113 5418 ﬂamma
2151 5357 2410 5414 Judaica:
2455 5356 2596 5420 urit,
2628 5368 2734 5411 non
2788 5351 3052 5413 calefacit.
3084 5348 3261 5409 Malus
3308 5346 3501 5410 locus.

1894 5453 1984 5526 qui
2034 5451 2323 5524 quamdam
2352 5448 2513 5505 etiam
2542 5456 2852 5507 sanctorum
2908 5442 3185 5501 mentibus
3214 5436 3492 5506 fuliginem

1892 5548 2097 5606 erroris
2121 5545 2361 5616 aspergit
2386 5584 2401 5610 ,
2451 5541 2603 5615 juxta
2632 5556 2793 5616 quem
2821 5540 2985 5597 etiam
3019 5536 3173 5593 Petri
3204 5530 3497 5589 interiores

1893 5643 2039 5701 oculi
2086 5640 2405 5711 caligarunt.
2455 5635 2536 5692 Illi
2566 5636 2709 5693 oculi
2743 5651 2848 5691 non
2877 5634 3058 5690 carnis
3099 5639 3154 5686 et
3185 5621 3505 5695 sartgninis,

1902 5848 2077 5905 parta,
2104 5831 2301 5901 legitur
2328 5840 2638 5900 conspersa:
2663 5825 2806 5883 unde
2834 5825 2990 5885 Rom.
3024 5816 3154 5891 edit.
3182 5815 3402 5872 videtur
3430 5813 3508 5891 fe-
3532 5842 3553 5861 -

1906 5907 2053 5966 cisse
2082 5919 2269 5965 vocem
2294 5919 2610 5973 compressa.

1983 5986 2006 6015 °
2061 5974 2193 6035 Mss.
2218 5967 2446 6048 aliquoi,
2473 5971 2797 6051 ρηειιεσεὶαο
2824 5967 2877 6023 in
2903 5981 3023 6025 nece
3042 6005 3055 6032 ,
3084 5973 3190 6023 etc.
