4148 6362
528 334 675 395 Ιδὶδ
1835 333 2083 391 SANCTI
2124 333 2181 391 Al

2287 332 2455 390 ROSII

531 453 633 513 sed
660 452 802 512 oculi
832 454 1053 521 mentis,
1086 454 1282 525 quibus
1309 451 1589 509 Christum
1622 452 1858 509 videbat.
2155 444 2206 517 Α
2234 467 2358 509 cum
2406 451 2540 509 Jesu
2586 452 2869 510 Nazarene
2913 454 3128 519 fuisset,
3170 453 3247 509 ait
3287 472 3301 511 :
3349 454 3559 511 Nescio
3597 456 3855 514 hominem

604 546 705 607 77..
726 546 882 603 Dicet
932 545 1165 618 aliquis:
1197 545 1275 600 Tu
1327 544 1639 602 Judazorum
1667 545 1829 601 etiam
1862 544 2133 601 elementa
2241 544 2459 617 (Matth.
2499 562 2645 613 xm,
2689 546 2804 618 72).
2846 547 2961 603 Hoc
2993 548 3135 602 idem
3173 559 3229 604 et
3255 550 3310 603 in
3341 550 3512 605 tertia
3546 565 3687 607 voce
3715 562 3858 607 uter-

536 639 915 698 condemnas?
936 639 1053 695 Non
1076 639 1385 695 condemno
1410 641 1708 705 elementa,
1730 641 1856 710 quia
1883 655 1991 695 non
2012 648 2139 694 sunt
2240 656 2369 711 que,
2396 640 2464 695 de
2494 640 2691 709 quibus
2721 640 3126 711 proposuimus,
3160 643 3534 711 evangelista;
3566 658 3690 697 cum
3717 643 3860 714 jura-

532 733 847 791 Judreorum
870 775 887 803 ,
914 744 941 771 ⁸
973 734 1067 790 sed
1096 734 1331 790 Christi:
1360 734 1456 790 sed
1484 735 1586 789 alia
1614 744 1702 791 est
1744 750 1905 806 quam
1937 735 2141 791 coude-
2243 740 2428 787 mento
2478 734 2624 787 enim
2672 733 3023 805 respondisse
3070 744 3390 803 posuerunt,
3441 737 3576 805 quia
3626 738 3862 794 nesciret

541 843 707 895 mno,
740 827 957 883 ﬂamma
1008 828 1268 898 perﬁdiae.
1316 828 1464 883 Hanc
1518 828 1791 883 ﬂammam
1834 828 2141 883 condemno
2244 824 2545 881 hominem.
2586 825 2655 880 Et
2695 827 2833 881 bene
2864 827 3079 898 negavit
3110 826 3417 894 hominem,
3455 844 3627 899 quem
3661 830 3865 886 sciebat

539 919 855 977 Judaorum
876 962 891 985 ,
918 919 1100 975 divina
1124 930 1341 975 secutus
1357 922 1575 976 oracula
1595 938 1609 987 ;
1630 921 1761 976 dicit
1788 921 1932 976 enim
1962 921 2145 975 Domi-
2247 918 2440 974 Deum.
2471 919 2709 991 Denique
2737 920 2827 975 ubi
2850 920 3233 991 jusjurandum
3255 932 3361 988 est,
3390 932 3562 977 cauta
3585 925 3866 993 responsio

537 1030 681 1072 nus:
716 1015 1000 1086 Argentum
1024 1024 1247 1069 vestrum
1276 1010 1553 1086 reprobum
1576 1027 1650 1071 est
1673 1015 1893 1089 (Jerem.
1916 1031 1992 1082 vt,
2024 1014 2141 1084 30).
2248 1021 2352 1067 est.
2394 1011 2526 1066 Nam
2565 1013 2669 1067 etsi
2710 1014 2925 1082 negavit
2962 1014 3175 1079 Petrus,
3212 1027 3317 1068 non
3348 1023 3539 1069 tamen
3574 1014 3863 1085 pejeravit;

543 1108 603 1166 Si
628 1117 910 1181 argentum
938 1108 1255 1165 Judmorum
1307 1111 1598 1180 reprobum
1630 1120 1746 1178 est,
1801 1121 1855 1166 et
1884 1110 2033 1166 locus
2062 1124 2149 1167 re-
2251 1106 2373 1176 quia
2416 1120 2517 1161 nec
2560 1106 2825 1161 Dominus
2871 1110 3240 1177 pejeraturum
3282 1123 3409 1164 esse
3433 1119 3864 1165 memoraverat.

538 1201 745 1272 probus
771 1200 1083 1258 Judaaorum
1112 1211 1215 1259 est.
1250 1203 1493 1273 Denique
1533 1202 1656 1259 loco
1681 1213 1736 1259 et
1763 1218 1896 1258 auro
1922 1202 2143 1259 Judteo-
2252 1198 2407 1266 Quod
2448 1198 2494 1253 si
2526 1200 2577 1253 in
2605 1198 2767 1254 Petro
2795 1199 3019 1255 dubium
3047 1208 3153 1265 est,
3182 1215 3343 1271 quam
3379 1201 3762 1272 periculosum
3791 1209 3869 1258 est

545 1310 667 1351 rum
704 1304 866 1368 caput
909 1296 1063 1352 vituli
1096 1296 1383 1367 ﬁguratum
1417 1306 1502 1353 est
1548 1296 1758 1369 (Exod.
1787 1314 1976 1365 χχιιι,
2015 1297 2148 1369 24),
2248 1292 2668 1364 jusjurandum!

546 1386 653 1444 hoc
679 1400 799 1456 est,
833 1390 1101 1461 sacrilegii
1133 1392 1484 1462 principatus.
2328 1388 2419 1443 85.
2456 1386 2694 1443 Joannes
2730 1398 2910 1444 autem
2950 1387 3032 1443 sic
3068 1388 3279 1458 posuit,
3316 1387 3588 1459 quoniam
3645 1388 3870 1443 interru-

621 1480 713 1536 78.
747 1479 856 1537 Sed
894 1482 1178 1537 videamus
1210 1485 1440 1553 n‘egandi
1475 1494 1754 1551 tenorem,
1806 1500 1969 1556 quem
2014 1485 2156 1539 inter
2259 1490 2416 1552 gatus
2459 1480 2529 1535 ab
2569 1481 2765 1536 ancilla
2814 1481 3030 1550 Petrus,
3074 1491 3254 1535 utrum
3298 1496 3368 1536 ex
3399 1480 3698 1551 discipulis
3732 1489 3871 1535 esset

550 1572 917 1643 evangelistas
944 1572 1106 1629 video
1129 1590 1252 1631 esse
1274 1576 1569 1632 diversum.
1604 1578 1680 1633 lta
1710 1592 1908 1633 novum
1940 1576 2041 1632 fuit
2065 1576 2158 1634 Pe-
2262 1571 2409 1627 illius
2456 1571 2715 1638 hominis,
2757 1573 2932 1644 prima
2981 1587 3115 1628 voce
3150 1572 3512 1643 responderit
3551 1591 3565 1628 :
3618 1571 3740 1627 Non
3767 1589 3870 1627 sum

552 1675 699 1721 trum
753 1668 999 1737 potuisse
1054 1683 1281 1739 peccare
1304 1712 1319 1737 ,
1371 1680 1430 1726 ιη
1472 1680 1755 1742 peccatum
1779 1672 1897 1741 ejus
1950 1687 2051 1728 nec
2091 1671 2159 1726 ab
2264 1660 2445 1735 (Joau.
2487 1678 2640 1728 xvttt,
2676 1663 2787 1735 17).
2820 1662 2939 1718 Non
2969 1664 3113 1717 enim
3146 1672 3264 1718 erat
3293 1663 3542 1718 hominis
3572 1663 3868 1733 apostolus,

552 1760 910 1831 evangelistis
960 1762 1195 1832 potuerit
1238 1764 1650 1835 comprehendi,
1708 1765 1894 1837 Itaque
1939 1764 2157 1822 parum
2265 1757 2355 1828 qui
2392 1767 2511 1812 erat
2539 1756 2763 1813 Christi.
2802 1757 3045 1827 Denique
3077 1767 3131 1812 et
3161 1756 3360 1811 Paulus
3388 1756 3638 1811 hominis
3663 1764 3872 1826 aposto-

561 1853 814 1923 prodenti
864 1855 1078 1912 ancilla:
1104 1857 1248 1927 quod
1298 1874 1365 1913 ex
1397 1859 1507 1914 illis
1560 1867 1709 1915 esset
1737 1860 1829 1930 qui
1860 1874 1985 1915 cum
2031 1857 2163 1915 Jesu
2194 1857 2242 1917 Β
2270 1850 2379 1905 lum
2406 1865 2468 1906 se
2496 1866 2618 1907 esse
2642 1850 2880 1922 negavit,
2905 1851 3098 1906 dicens
3123 1868 3135 1902 :
3161 1849 3364 1905 Paulus
3394 1850 3673 1922 apostolus
3695 1864 3793 1903 non
3812 1848 3869 1901 ab

558 1944 790 2002 Galilreo
817 1956 994 2011 erant,
1031 1949 1205 2019 prima
1234 1964 1367 2006 voce
1397 1950 1684 2006 Mattbaeus
1711 1952 1893 2021 posuit
1942 1967 2169 2022 respon—
2273 1948 2590 2014 hominibus,
2622 1965 2785 2018 neque
2821 1964 2911 2017 per
2937 1946 3221 2014 hominem,
3259 1947 3350 2001 sed
3381 1962 3478 2018 per
3499 1943 3684 2000 Jesum
3711 1942 3872 1998 Chris-

558 2040 746 2096 disse:
798 2039 991 2096 Nescio
1036 2043 1163 2113 quid
1205 2043 1348 2099 dicas
1387 2042 1605 2116 (Matth.
1666 2059 1790 2098 xxvt
1816 2085 1831 2110 ,
1865 2043 1993 2115 70).
2054 2044 2168 2098 Hoc
2273 2051 2399 2108 tum,
2438 2052 2484 2095 et
2518 2041 2682 2096 Deum
2714 2041 2923 2096 Patrem
2944 2038 3145 2112 (Galat.
3178 2055 3218 2104 t,
3249 2037 3324 2111 1).
3359 2038 3471 2094 Sed
3506 2053 3578 2094 ne
3608 2036 3890 2120 videretur~

559 2135 726 2191 etiam
753 2135 964 2190 Marcus
995 2135 1193 2207 (Marc.
1226 2152 1345 2203 xiv,
1389 2136 1505 2207 68),
1549 2138 1637 2205 qui
1687 2148 1910 2192 secutus
1938 2146 2022 2192 est
2070 2137 2170 2191 Pe-
2276 2138 2587 2207 ambiguum
2628 2135 2847 2206 aliquod
2887 2133 3281 2190 incarnationis
3319 2131 3562 2198 afferre,
3598 2128 3867 2199 subjecit:

3718 340 3850 399 1821

4063 353 4065 439 ς

4063 1694 4065 1853 1

4063 1902 4065 2031 1

4063 2114 4065 2209 1

563 2236 706 2283 trum
730 2268 747 2295 ,
776 2234 833 2283 et
858 2241 925 2283 ex
959 2228 1076 2298 ipso
1107 2229 1281 2298 potuit
1304 2235 1332 2274 b
1354 2229 1533 2284 verius
1577 2244 1931 2297 cognoscere.
1986 2228 2168 2284 Prima

562 2336 671 2378 vox
702 2321 952 2393 negantis
976 2333 1055 2377 est
1082 2322 1260 2387 Petri;
1292 2337 1395 2393 qua
1421 2332 1602 2377 tamen
1632 2339 1737 2377 non
1764 2337 1963 2393 negare
1990 2322 2173 2377 Domi-

567 2429 721 2481 num,
748 2414 844 2470 sed
873 2429 900 2467 a
926 2414 1233 2484 proditione
1260 2429 1320 2469 se
1348 2429 1635 2484 separasse
1663 2414 1909 2471 mulieris
1930 2413 2168 2470 videtur.

588 2496 604 2507 “
645 2510 854 2582 1521
890 2509 979 2566 79.
1020 2509 1158 2578 Quid
1201 2518 1380 2564 tamen
1413 2509 1714 2580 negaverit,
1747 2509 2058 2565 considera.
2094 2510 2172 2564 Ex

568 2602 678 2658 illis
709 2604 893 2672 utique
920 2617 981 2658 se
1007 2616 1151 2669 esse,
1180 2603 1273 2673 qui
1304 2617 1426 2657 cum
1453 2601 1583 2657 Jesu
1606 2601 1832 2658 Galilteo
1858 2612 2037 2669 erant,
2065 2602 2171 2670 vel,

569 2707 629 2753 ut
654 2696 866 2753 Marcus
893 2699 1073 2768 posuit
1114 2696 1305 2769 (lbid.,
1337 2697 1454 2769 67),
1484 2712 1608 2752 cum
1649 2695 1779 2753 Jesu
1806 2696 2112 2751 Nazareno.
2150 2708 2172 2735 ο

568 2788 838 2861 Numquid
882 2791 1101 2862 negavit
1144 2804 1266 2846 cum
1310 2790 1405 2845 Dei
1447 2789 1616 2845 fuisse
1646 2805 1705 2846 se
1735 2789 1912 2845 Filio?
1951 2789 2064 2845 Hoc
2092 2798 2178 2845 est

570 2882 754 2938 dicere
788 2902 802 2937 :
832 2882 1029 2939 Nescio
1063 2882 1344 2938 Galiltnum
1370 2924 1384 2949 ,
1418 2883 1601 2937 nescio
1628 2881 1990 2948 Nazarenum,
2012 2897 2173 2953 quem

572 2973 666 3028 Dei
714 2972 911 3029 Filium
960 2974 1109 3029 novi.
1160 2973 1405 3029 Habeant
1444 2974 1693 3029 homines
1731 2975 1977 3029 locorum
2017 2989 2178 3030 voca-

572 3066 722 3132 bula,
772 3058 865 3122 Dei
908 3065 1034 3122 Filii
1075 3068 1245 3138 patria
1290 3083 1398 3122 non
1437 3077 1618 3137 potest
1662 3068 1984 3137 nuncupari,
2024 3068 2179 3138 cujus

574 3160 917 3229 majestatem
944 3160 1097 3215 locus
1126 3159 1304 3214 nullus
1331 3160 1579 3215 includit.
1615 3158 1681 3214 Et
1703 3169 1760 3214 ut
1789 3161 1931 3215 scias
1963 3159 2066 3215 hoc
2090 3176 2180 3216 ve-

2277 2229 2379 2294 Qui
2415 2229 2681 2283 suscitavit
2719 2243 2835 2281 eum
2862 2240 2893 2280 a
2921 2228 3140 2281 mortuis
3163 2224 3395 2297 (lbid.);
3430 2235 3490 2277 ut
3522 2231 3579 2279 ct
3609 2222 3869 2278 hominem

2275 2321 2495 2387 credas,
2539 2336 2663 2376 cum
2708 2320 2876 2375 Deum
2906 2329 3035 2375 ante
3061 2317 3380 2375 credideris.
3412 2316 3576 2385 Quod
3605 2314 3733 2370 alibi
3753 2328 3870 2381 quo-

2275 2431 2382 2486 que
2428 2415 2621 2471 eodem
2666 2425 2856 2471 tenore
2899 2413 3161 2478 custodit,
3212 2411 3301 2467 ubi
3346 2411 3528 2466 dicit:
3576 2408 3722 2465 Unus
3746 2408 3867 2462 enim

2278 2509 2441 2577 Deus,
2481 2519 2528 2565 et
2561 2527 2695 2564 unus
2735 2510 2990 2563 mediator
3023 2506 3117 2561 Dei
3152 2515 3201 2561 et
3229 2507 3502 2560 hominum
3533 2506 3685 2559 homo
3710 2500 3869 2557 Chris-

2279 2614 2359 2659 tus
2379 2602 2533 2658 Jesus
2560 2602 2604 2671 (l
2636 2602 2770 2657 Tim.
2797 2618 2859 2667 ll,
2887 2600 2965 2673 5).
2996 2600 3155 2655 Prius
3184 2600 3373 2670 utique
3400 2598 3756 2654 mediatorem
3784 2592 3864 2649 Dei

2281 2711 2442 2766 quam
2485 2695 2767 2749 hominum
2813 2693 3023 2767 1522
3068 2691 3432 2762 nuncupavit;
3475 2706 3585 2746 non
3626 2688 3764 2745 enim
3793 2694 3867 2741 sat

2279 2798 2363 2844 est
2392 2796 2681 2857 utrumque
2706 2787 2954 2853 credere,
2986 2786 3088 2840 nisi
3116 2784 3240 2840 fidei
3266 2783 3405 2840 ordo
3427 2792 3697 2839 servetur.

2352 2879 2443 2935 84.
2487 2878 2796 2935 Concordat
2836 2879 2998 2949 igitur
3035 2877 3233 2948 ubique
3273 2876 3597 2947 responsio;
3640 2888 3757 2929 nam
3783 2869 3861 2942 qui

2280 2972 2415 3049 dixit
2458 2991 2468 3026 :
2511 2971 2699 3027 Nescio
2729 2972 3007 3038 hominem,
3038 2986 3248 3037 aequum
3277 2979 3403 3025 erat.
3432 2979 3491 3025 ut
3524 2970 3862 3036 interrogatus

2282 3076 2461 3121 utrum
2490 3075 2630 3121 esset
2653 3080 2717 3120 ex
2746 3064 3026 3134 discipulis
3048 3062 3303 3130 hominis,
3324 3062 3536 3119 diceret
3565 3077 3578 3115 :
3608 3059 3726 3116 Non
3744 3074 3863 3113 sum.

2286 3163 2468 3234 Itaque
2501 3178 2607 3219 non
2639 3163 2839 3219 Christi
2867 3163 3194 3233 discipulum
3223 3178 3284 3219 sc
3313 3163 3558 3233 negavit,
3588 3158 3681 3216 sed
3706 3152 3863 3212 homi-

573 3266 695 3306 rum
735 3265 879 3329 esse,
922 3250 1087 3306 etiam
1125 3253 1380 3321 exetnplo
1417 3252 1706 3321 probatur;
1740 3267 1864 3306 nam
1896 3251 2025 3307 alibi
2055 3268 2177 3307 cum

2287 3259 2368 3313 nis
2399 3258 2616 3328 negavit
2645 3272 2770 3313 esse
2788 3256 3134 3327 discipulum.
3170 3255 3353 3327 Itaque
3381 3266 3439 3312 et
3464 3256 3656 3311 Petrus
3676 3260 3728 3307 et
3749 3248 3866 3303 Pau-

574 3345 939 3416 interrogaret
978 3346 1236 3400 Dominus
1274 3345 1572 3416 discipulos
1606 3363 1619 3399 :
1656 3346 1821 3414 Quem
1860 3346 2043 3400 dicunt
2072 3364 2181 3401 esse

577 3437 806 3493 homines
843 3434 1043 3491 Filium
1080 3437 1340 3493 hominis?
1380 3439 1484 3492 Alii
1514 3438 1711 3503 Eliam,
1738 3440 1833 3493 alii
1862 3438 2179 3495 Hieremiam

577 3528 856 3597 dixerunt,
899 3541 989 3584 aut
1029 3546 1189 3584 unum
1231 3530 1297 3585 de
1335 3531 1600 3604 praphetis
1635 3530 1855 3599 (Matth.
1892 3548 2002 3599 xw,
2048 3534 2178 3601 15):

579 3621 774 3678 Petrus
822 3634 1003 3678 autem
1048 3624 1127 3678 ait
1173 3641 1205 3677 :»
1234 3623 1311 3678 Tu
1360 3640 1413 3679 es
1453 3624 1689 3678 Christus
1731 3623 1907 3680 Filius
1948 3626 2045 3681 Dei
2082 3627 2182 3680 vivi

579 3711 770 3785 (lbid.,
815 3714 929 3783 16).
973 3714 1244 3786 Numquid
1285 3725 1340 3770 et
1371 3715 1443 3770 ibi
1474 3716 1715 3785 negavit,
1747 3717 1870 3787 quia
1899 3714 2178 3773 Christum

579 3820 689 3860 non
726 3805 963 3862 hominis
995 3805 1214 3873 Filium,
1247 3807 1342 3862 sed
1378 3806 1467 3862 Dei
1495 3807 1686 3862 maluit
1706 3808 1997 3864 conﬁteri?
2023 3808 2183 3865 Certe

576 3897 707 3968 quid
752 3898 840 3955 hic
879 3910 1133 3971 putamus
1170 3901 1508 3971 ambiguum,
1547 3901 1690 3971 quod
1730 3902 1894 3957 etiam
1934 3902 2184 3958 Christus

582 3991 870 4062 probavit?

652 4084 743 4139 80.
776 4086 843 4141 Et
871 4086 1017 4142 aliud
1040 4087 1249 4154 accipe.
1276 4087 1647 4158 Interrogatus
1670 4087 1814 4143 enim
1847 4088 2044 4145 Petrus
2073 4109 2085 4143 :
2118 4074 2188 4144 Et

578 4186 633 4233 tu
679 4194 746 4233 ea:
792 4178 898 4234 illis
944 4197 1019 4245 es,
1069 4183 1158 4251 qui
1201 4197 1314 4235 cum
1351 4181 1479 4234 Jesu
1516 4180 1736 4236 Galile
1775 4192 1920 4236 erant
1952 4180 2185 4253 (Matth.

579 4284 730 4339 xxvi,
779 4270 912 4343 69)?
961 4271 1199 4327 Verbum
1244 4274 1569 4337 aeternitatis
1612 4273 1838 4344 refugit;
1884 4289 1993 4328 non
2038 4273 2185 4328 enim

580 4375 759 4432 erant,
802 4365 895 4437 qui
920 4380 1044 4423 esse
1074 4376 1382 4439 cleperunt,
1416 4366 1521 4422 hoc
1542 4376 1627 4422 est
1658 4366 1842 4423 dicere
1870 4384 1883 4420 :
1912 4366 2008 4422 Ille
2038 4367 2187 4422 solus

578 4467 718 4525 erat,
748 4463 839 4529 qui
871 4459 924 4514 in
954 4460 1224 4531 principio
1251 4468 1370 4515 erat
1399 4459 1585 4532 (Joan.
1613 4475 1655 4527 ι,
1686 4457 1763 4530 1).
1790 4458 2038 4530 Denique
2063 4458 2141 4514 ait
2171 4480 2185 4515 :

583 4551 709 4608 Non
745 4570 861 4608 sum
899 4570 1027 4626 ego;
1067 4555 1214 4610 illius
1249 4564 1334 4610 est
1367 4553 1513 4610 enim
1553 4568 1699 4621 esse,
1732 4553 1823 4624 qui
1847 4562 2184 4625 semperest.

585 4645 739 4704 Unde
758 4657 816 4705 et
837 4644 1051 4721 Moyses
1071 4650 1149 4703 ait
1177 4667 1188 4701 :
1218 4650 1320 4716 Qui
1348 4659 1442 4715 est,
1470 4648 1609 4702 misit
1630 4664 1711 4702 me
1731 4645 1931 4721 (Exod.
1960 4662 2042 4714 ιιι,
2069 4645 2185 4719 14).

2286 3351 2373 3405 lus
2405 3350 2679 3406 hominem
2708 3360 3066 3420 negaverunt,
3100 3364 3259 3420 quem
3287 3348 3385 3403 Dei
3423 3347 3617 3404 Filium
3641 3340 3861 3398 fateban-

2286 3452 2392 3497 tur.
2421 3442 2575 3509 Quod
2603 3444 2772 3498 sensit
2799 3442 3014 3509 Petrus,
3045 3453 3099 3497 ct
3130 3440 3326 3496 Paulus
3352 3439 3654 3513 expressit;
3681 3433 3795 3488 hinc
3819 3440 3864 3483 et

2284 3536 2379 3591 ille
2416 3536 2661 3606 profecit.
2703 3535 2872 3591 Error
2903 3536 3079 3600 Petri,
3113 3534 3361 3589 doctrina
3399 3535 3656 3603 iustorum
3683 3533 3760 3581 est
3784 3540 3795 3577 :
3818 3528 3863 3574 et

2288 3615 2538 3686 titubatio
2568 3629 2733 3696 Petri,
2762 3631 3004 3685 omnium
3035 3637 3183 3699 petra
3210 3639 3316 3684 est.
3347 3628 3591 3697 Denique
3610 3634 3761 3692 super
3780 3630 3863 3670 un-

2284 3723 2382 3779 das
2405 3723 2625 3790 titubat,
2651 3722 2744 3778 sed
2780 3723 3058 3777 dexteram
3088 3722 3309 3791 porrigit
3336 3718 3557 3776 Christo
3586 3735 3599 3771 :
3629 3715 3678 3770 in
3702 3714 3860 3766 monte

2287 3816 2455 3883 Cadit,
2482 3817 2578 3872 sed
2606 3818 2816 3873 levatur
2839 3832 2867 3869 ιι
2891 3814 3128 3872 Christo.
3157 3813 3433 3871 Titubavit
3460 3811 3672 3884 quidem
3693 3806 3861 3861 Petrus

2287 3910 2341 3965 in
2384 3907 2599 3976 mari,d
2637 3909 2730 3965 sed
2771 3908 3069 3964 ambulavit
3102 3906 3314 3981 (Matth.
3362 3922 3474 3969 xtv,
3514 3903 3625 3975 50).
3655 3895 3860 3955 Firmior

2289 4002 2539 4057 titubatio
2569 4003 2735 4067 Petri,
2767 4018 2928 4073 quam
2966 4011 3152 4057 nostra
3183 4012 3265 4057 est
3292 3985 3589 4055 ﬁrmitudo.
3616 3994 3689 4067 lbi
3716 3988 3856 4050 cadil.

2289 4111 2400 4167 quo
2426 4095 2605 4149 nullus
2625 4095 2871 4151 ascendit
2905 4114 2917 4150 :
2950 4096 3025 4151 ibi
3046 4103 3221 4161 nutat,
3251 4094 3340 4149 ubi
3365 4107 3526 4151 nemo
3545 4086 3784 4145 ambulat.
3806 4080 3860 4133 Et

2290 4196 2469 4242 tamen
2508 4188 2647 4241 inter
2671 4188 2844 4242 undas
2879 4188 3004 4243 licet
3042 4187 3257 4253 titubet,
3298 4204 3406 4243 non
3449 4184 3681 4241 labitur:
3709 4182 3857 4236 nutat,

2291 4294 2399 4333 non
2428 4279 2610 4335 cadit:
2641 4278 2834 4344 ﬂuitat,
2871 4296 2979 4336 non
3010 4280 3401 4351 praecipitatur.
3431 4280 3497 4335 Et
3522 4277 3567 4333 si
3589 4270 3788 4333 cecidit.
3814 4266 3858 4319 ίη

2293 4382 2478 4427 monte
2519 4383 2695 4429 tamen
2734 4372 2932 4429 cecidit
2968 4391 2981 4427 :
3025 4373 3121 4430 sed
3159 4373 3369 4430 felicius
3395 4374 3486 4430 ille
3513 4367 3702 4427 cecidit
3722 4372 3860 4433 quam

2292 4466 2382 4521 alii
2414 4476 2678 4523 steterunt
2707 4486 2719 4521 :
2745 4467 2956 4523 felicius
2979 4466 3198 4534 cecidit,
3223 4483 3382 4538 quem
3406 4466 3651 4524 Christus
3670 4452 3856 4515 levavit-

2369 4558 2459 4614 85.
2498 4559 2699 4615 lterum
2730 4570 2910 4616 autem
2938 4561 3323 4633 interrogatum
3352 4558 3497 4633 quod
3523 4575 3584 4614 ex
3612 4545 3859 4618 discipulis

2296 4653 2415 4725 ejus
2436 4664 2604 4721 esset,
2630 4654 2868 4710 Joannes
2896 4654 3116 4725 scripsit
3138 4668 3365 4725 negasse
3388 4652 3567 4727 (Joan.
3594 4658 3736 4705 xvtn,
3757 4635 3855 4707 25)-

655 4738 749 4794 81.
780 4739 990 4796 Rursus
1020 4756 1142 4797 cum
1179 4750 1468 4812 urgeretur
1493 4739 1640 4811 quod
1671 4756 1739 4796 ex
1768 4739 1876 4794 illis
1906 4749 2073 4805 esset,
2106 4755 2194 4795 se-
2218 4741 2272 4801 Ι)
2299 4745 2367 4800 Ει
2391 4745 2528 4800 bene
2554 4745 2787 4815 negavit,
2811 4744 2936 4817 quia
2959 4761 3025 4802 ex
3054 4746 3170 4817 ejus
3192 4746 3479 4802 dicebatur
3509 4755 3626 4798 esse
3645 4732 3857 4800 discipu-

581 4832 818 4887 cnndum
865 4833 1105 4890 Marcum
1144 4833 1582 4907 negavit(Mare.
1617 4849 1734 4899 xtv,
1760 4833 1885 4899 70);
1941 4842 1999 4887 ttt
2046 4834 2190 4887 scias

587 4926 977 4997 evangelistam
1004 4928 1220 4983 veritati
1251 4943 1411 4999 quam
1434 4927 1623 4996 gratiae
1646 4926 1769 4996 plus
1798 4924 2018 4979 dedisse
2050 4945 2061 4978 :
2089 4925 2188 4981 sed

589 5029 771 5075 tamen
812 5021 1027 5092 negavit
1067 5036 1133 5077 ex
1174 5019 1283 5077 illis
1311 5036 1369 5075 se
1408 5035 1552 5083 esse,
1578 5033 1685 5074 non
1714 5016 1994 5072 Christqu
2028 5031 2192 5086 nega-

589 5112 686 5167 vit.
729 5111 955 5185 Negavit
994 5114 1274 5169 hominum
1316 5111 1617 5175 consortia,
1660 5124 1769 5163 non
1808 5108 1905 5162 Dci
1936 5108 2189 5178 gratiam.

590 5203 878 5278 Negavetit
922 5220 988 5262 ex
1035 5206 1141 5262 illis
1182 5221 1244 5261 se
1284 5219 1432 5271 esse,
1470 5202 1563 5275 qui
1604 5216 1726 5258 cum
1754 5198 1981 5256 Galilan
2012 5209 2192 5268 erant,

592 5317 699 5357 non
732 5301 956 5373 negavit
979 5316 1099 5358 cum
1129 5300 1223 5357 Dei
1256 5299 1418 5355 Filio.

659 5396 749 5452 82.
798 5396 1039 5467 Denique
1080 5393 1377 5450 secundum
1416 5390 2003 5462 Maltbazum'proditus
2039 5392 2186 5463 quod

655 5524 683 5600 ξ
710 5516 769 5600 in
798 5529 930 5600 mss.
958 5529 1065 5571 non
1091 5512 1276 5584 paucis
1306 5553 1320 5578 ,
1368 5525 1470 5567 nec
1500 5509 1775 5567 inferioris
1820 5516 1963 5564 notae
1987 5550 2004 5577 ,
2037 5507 2196 5564 deest

594 5587 693 5697 mi
944 5700 959 5725 ,
987 5654 1285 5732 secundum
1306 5655 1582 5711 hominum
1606 5651 1883 5723 judicandi
1904 5656 2194 5732 consuetu-

597 5732 820 5796 dinem;
872 5729 1070 5798 alioqui
1098 5728 1241 5783 enim
1292 5742 1446 5799 teque
1488 5739 1617 5783 vera
1648 5732 1776 5779 sunt
1829 5728 2012 5779 omnia
2068 5736 2192 5792 qua:

596 5798 1451 5942 κε’ξςῖξξξιτξοξιῐιῖξςιῗἐξξίςκια
1497 5861 1697 5937 meum
1734 5868 1849 5921 eum
1892 5855 1995 5921 ρει
2032 5859 2191 5933 ηεσιοδ

2299 4837 2389 4905 lis,
2437 4853 2595 4908 quem
2641 4837 2916 4895 hominem
2965 4839 3018 4894 in
3069 4838 3442 4910 superioribus
3479 4842 3601 4891 sunt
3642 4821 3855 4883 locum?

2298 4927 2433 4984 Nam
2466 4940 2521 4985 et
2549 4930 2709 4985 tertio
2739 4931 2882 4999 quod
2912 4944 3036 4985 cum
3070 4930 3164 4984 illo
3192 4932 3344 4985 visus
3377 4936 3543 4991 esset,
3575 4915 3792 4990 negavil.
3812 4914 3860 5011 ξι

2298 5020 2403 5077 hoc
2430 5021 2496 5077 de
2526 5022 2899 5093 superioribus
2925 5022 3242 5078 derivatur:
3267 5023 3399 5077 Cum
3424 5019 3517 5075 illo
3537 5026 3685 5086 quem
3711 5011 3858 5102 homi-

2297 5128 2419 5169 nem
2448 5112 2793 5184 nuncupatis,
2816 5129 2923 5169 non
2945 5114 3016 5168 lui
3044 5132 3058 5168 :
3082 5114 3177 5170 sed
3205 5129 3234 5169 a
3265 5114 3357 5169 Dei
3379 5112 3516 5169 Filio
3536 5122 3637 5165 non
3660 5107 3854 5159 recesSI-

2366 5204 2456 5261 86.
2509 5205 2682 5263 Lucas
2721 5221 2936 5278 quoque
2975 5205 3195 5277 scripsit
3238 5206 3456 5261 Petrum
3500 5195 3854 5263 interrogatum

2297 5310 2477 5357 utrum
2516 5317 2583 5359 ex
2624 5303 2731 5359 illis
2759 5310 2930 5368 esset,
2974 5302 3321 5372 respondisse
3361 5302 3531 5372 prima
3554 5304 3678 5347 voce
3712 5277 3855 5338 εΝοη

2295 5397 2414 5450 novi
2435 5394 2604 5450 illum.
2635 5395 2703 5451 Et
2724 5394 2862 5452 bene
2881 5394 3038 5451 dixit.
3068 5394 3440 5451 Temerarium
3461 5389 3648 5461 quippe
3668 5382 3788 5438 erat,
3806 5372 3857 5423 ιιι

2302 5510 2500 5566 Filium
2523 5511 2547 5565 ?

2371 5555 2617 5638 δ’διιιιιεε
2643 5582 2802 5651 edit.,
2834 5585 2923 5639 sed
2950 5584 3230 5639 ambulavit
3255 5581 3484 5652 ﬁrmior.
3504 5565 3746 5652 Titubatio
3766 5555 3855 5613 Pe-

2301 5656 2371 5709 tri
2401 5664 2578 5711 nostra
2606 5665 2681 5709 est
2702 5648 2989 5724 ﬁrmitudo.
3018 5657 3144 5711 Mss.
3177 5648 3359 5710 autem
3392 5662 3449 5724 ut
3474 5650 3524 5704 itt
3555 5648 3717 5724 textu.

2373 5694 2580 5781 θ’ἔῖξιίιῖ
2606 5694 3144 5783 Ἔὶιίίῗῖὶιὲἲὶίῖέιῖ
3177 5694 3359 5793 HJK
3385 5694 3522 5780 ᾶὶιὶἱι
3563 5706 3689 5783 ηαοά
3724 5694 3852 5757 tertio

2296 5806 2415 5852 cum
2440 5797 2533 5853 illo
2563 5811 2616 5849 se
2642 5797 2799 5863 fuisse
2818 5799 3041 5871 negarit.
