4148 6362
294 331 424 396 ma

1243 333 1899 407 exeosrriojavANc.
1940 330 2089 390 sec.
2136 329 2293 391 LUC.
2336 328 2464 391 LIB.
2509 330 2576 390 x.

3443 334 3584 398 I886

285 445 627 519 diceretqula
641 451 1632 520 noverateum,quemmenshumana
1655 468 1761 507 non
1783 467 1878 522 po-
1904 453 1959 515 Α
1985 446 2330 502 verecundiae
2366 445 2700 503 confitentur
2734 464 2747 500 :
2780 445 3033 525 lacrymae
3069 448 3285 507 veniam
3326 465 3431 508 non
3464 468 3588 523 pos-

287 550 388 596 test
404 543 887 611 comprehendere.
911 544 1083 599 Nemo
1102 547 1237 601 enim
1255 547 1393 600 novit
1408 546 1627 614 Filium,
1650 548 1750 601 nisi
1776 546 1881 601 Pa-

288 640 364 686 ter
388 630 409 703 (
434 631 708 699 Mali/LXI,
737 633 853 706 27).
878 635 1090 693 Rursus
1115 637 1350 694 secunda
1382 653 1516 703 voce
1535 679 1551 706 ,
1580 638 1879 695 secundum

284 722 486 780 Lucam
508 724 652 782 idem
672 726 863 782 Petrus
892 726 1001 783 ait:
1024 727 1148 783 Non
1165 744 1279 783 sum
1294 745 1409 800 ego.
1430 728 1610 784 Maluit
1631 728 1885 785 videlicet

284 830 351 873 se
369 832 590 889 negare,
608 833 770 889 quam
786 817 1089 877 Christum.
1112 820 1222 876 Aut
1244 821 1368 892 quia
1382 820 1665 877 videbatur
1684 836 1884 893 negare

284 912 488 970 Christi
517 913 855 982 societatem,
889 915 1073 988 utique
1099 931 1160 973 se
1188 917 1426 988 negavit.
1467 916 1629 973 Certe
1666 922 1799 974 cum’
1815 916 1884 973 de

286 1005 511 1063 homine
530 1018 712 1079 negat,
744 1007 800 1063 in
828 1007 1027 1064 Filium
1054 1010 1302 1081 peccavit
1329 1010 1585 1078 hominis,
1608 1020 1668 1067 ut
1697 1012 1885 1067 remit-

288 1108 499 1156 teretur
524 1098 598 1167 ei,
628 1114 739 1168 (non
781 1100 835 1156 in
867 1100 1127 1171 Spiritum
1161 1110 1428 1158 sanctum.
1453 1103 1642 1158 Tertio
1670 1102 1885 1175 quoque

286 1191 678 1263 interrogatus,
692 1194 798 1248 ait:
816 1191 869 1247 Ν
873 1194 1008 1249 escio
1023 1192 1151 1265 quid
1171 1193 1338 1261 dicas,
1358 1193 1460 1251 hoc
1472 1203 1579 1263 est,
1602 1193 1885 1266 sacrilegia

289 1292 475 1340 vestra
507 1285 715 1342 nescio.

362 1377 453 1433 87.
487 1377 595 1435 Sed
628 1393 727 1435 nos
753 1394 1098 1448 excusemus,
1125 1391 1150 1420 α
1173 1383 1289 1453 ipse
1315 1396 1424 1437 non
1450 1381 1759 1447 excusavit;
1780 1396 1885 1437 non

290 1462 439 1528 enim
466 1471 597 1528 satis
627 1483 711 1528 est
741 1474 983 1529 involuta
1030 1477 1316 1546 responsio
1345 1476 1656 1532 confitentis
1677 1476 1886 1543 Jesum,

292 1564 389 1620 sed
422 1554 608 1634 aperta
637 1565 929 1622 confessio.
963 1566 1103 1636 Quid
1144 1569 1366 1639 prodest
1392 1569 1557 1625 verba
1590 1569 1888 1636 involvere,

292 1658 340 1711 si
369 1656 540 1713 videri
562 1659 645 1714 vis
669 1657 1000 1730 denegasse?
1023 1660 1095 1715 Lt
1124 1660 1452 1718 ideoPetrus
1478 1679 1586 1719 non
1616 1664 1683 1720 de
1705 1663 1894 1719 indus-

296 1751 397 1804 tria
419 1753 498 1805 sic
530 1752 878 1822 respondisse
924 1753 1226 1821 inducitur;
1256 1757 1381 1826 quia
1413 1765 1602 1829 postea
1635 1759 1891 1814 recorda-

299 1852 385 1899 tus
406 1854 511 1911 εει,
540 1854 596 1900 ει
626 1854 803 1901 tamen
825 1845 992 1901 ﬂevit.
1025 1847 1212 1903 Maluit
1238 1849 1383 1904 enim
1407 1849 1524 1920 ipse
1547 1867 1703 1907 suum
1732 1867 1893 1908 accu-
1921 1863 1972 1925 Β

299 1951 422 1993 sare
448 1948 751 2007 peccatum,
784 1949 842 1993 ut
870 1938 1263 2010 justificaretur
1293 1941 1533 2010 fatendo,
1567 1960 1729 2014 quam
1770 1961 1894 2016 gra-

1990 540 2181 605 tulant,
2204 532 2282 596 'et
2328 548 2628 596 merentur.
2659 538 2843 595 Inveni
2872 554 2970 595 cur
2998 540 3231 600 tacuerit
3271 542 3485 609 Petrus,
3519 559 3589 601 nc

1986 641 2096 688 tam
2126 633 2236 688 cito
2258 629 2650 702 venitcpetitio
2681 633 2802 703 plus
2820 631 3141 691 offenderet.
3176 635 3319 692 Ante
3348 636 3588 694 ﬂendum

1986 735 2091 792 est,
2123 727 2201 782 sic
2227 726 2579 798 precandum.

2060 819 2150 876 89.
2182 820 2348 877 Bonae
2374 821 2653 893 lecrymaz,
2686 837 2809 892 quae
2832 822 3021 878 lavant
3066 822 3306 894 culpam.
3343 822 3591 896 Denique

1986 929 2125 985 quos
2152 914 2309 971 Jesus
2336 916 2583 987 respicit,
2625 916 2861 988 plorant.
2893 916 3119 989 Negavit
3160 917 3339 989 primo
3372 918 3589 987 Petrus,

1988 1017 2043 1062 et
2072 1022 2181 1063 non
2213 1006 2399 1076 ﬂevit;
2435 1008 2559 1079 quia
2582 1024 2694 1065 non
2716 1019 3033 1081 respexerat
3060 1010 3343 1067 Dominus.
3367 1009 3595 1081 Negavit

1989 1098 2256 1166 secundo,
2280 1115 2391 1155 non
2421 1098 2605 1167 ﬂevit;
2636 1100 2760 1172 quia
2797 1099 2975 1157 adhuc
3004 1115 3114 1157 non
3142 1113 3459 1175 respexerat
3487 1104 3595 1160 Do-

1991 1194 2193 1249 minus.
2224 1192 2452 1265 Negavit
2479 1205 2536 1251 et
2559 1195 2748 1264 tertio,
2778 1198 3018 1266 respexit
3041 1195 3220 1264 Jesus,
3251 1209 3306 1254 et
3326 1197 3418 1254 ille
3444 1212 3594 1253 ama-

1992 1288 2211 1344 rissime
2252 1288 2422 1345 ﬂevit.
2468 1288 2724 1361 Respice,
2784 1290 3013 1347 Domine
3060 1290 3214 1357 .lesu,
3259 1300 3321 1347 ut
3360 1290 3596 1347 sciamus

1992 1392 2241 1438 nostrum
2287 1381 2491 1440 deﬂere
2533 1392 2840 1454 peccatum,
2888 1383 3072 1441 lavare
3115 1384 3391 1440 delictum.
3439 1382 3599 1441 Unde

1993 1474 2158 1530 etiam
2214 1475 2399 1545 lapsus
2446 1486 2760 1532 sanctorum
2806 1474 2954 1532 utilis
2993 1494 3005 1529 :
3045 1475 3183 1531 nihil
3232 1476 3369 1532 mihi
3414 1477 3601 1533 nocuit

1994 1568 2139 1639 quod
2171 1567 2385 1639 negavit
2406 1567 2625 1635 Petrus,
2655 1568 2859 1640 profuit
2884 1568 3029 1639 quod
3063 1569 3392 1625 emendavit.
3426 1570 3601 1629 Didici

1996 1675 2192 1718 cavere
2221 1661 2458 1733 alloquia
2487 1661 2847 1732 perfidorum.
2879 1662 3075 1718 Petrus
3098 1662 3243 1719 inter
3267 1658 3486 1720 Judteos
3504 1680 3602 1721 ne-

1996 1756 2165 1826 gavit,
2198 1754 2456 1811 Salomon
2481 1754 2845 1812 contubernio
2883 1755 3071 1828 gentili
3099 1756 3365 1829 deceptus
3395 1760 3602 1817 erravit

1999 1848 2090 1923 (ιιι
2113 1850 2246 1922 Reg.
2282 1864 2358 1915 ιι,
2389 1847 2470 1919 ιι).

2073 1942 2165 1998 90.
2198 1942 2374 1999 Flevit
2415 1956 2548 2013 ergo
2589 1952 2644 1998 ct
2684 1942 3027 1999 amarissime
3056 1942 3269 2010 Petrus,
3302 1955 3323 1984 ε
3346 1943 3498 2002 ﬂevit
3523 1952 3584 2002 ut

300 2042 519 2085 varetur
547 2031 797 2101 negando
826 2050 839 2085 :
869 2030 1053 2089 Justus
1078 2034 1216 2089 enim
1253 2036 1309 2090 in
1338 2036 1595 2107 principio
1624 2047 1894 2093 accusator
1988 2035 2256 2106 ’lacrymis
2299 2049 2459 2091 suum
2490 2044 2675 2105 posset
2700 2034 2885 2091 lavare
2905 2034 3161 2091 delictum
3196 2054 3210 2091 :
3236 2045 3293 2092 et
3338 2046 3395 2093 tu
3438 2038 3485 2094 si
3516 2053 3608 2095 ve-

302 2133 377 2177 est
406 2124 487 2177 sui
520 2120 704 2194 (Prov.
734 2140 888 2189 xvm,
924 2123 1043 2198 l7);
1072 2136 1127 2182 et
1152 2126 1276 2184 ideo
1304 2126 1473 2184 ﬂevit.

373 2214 463 2269 88.
496 2215 674 2283 Quare
699 2215 886 2273 ﬂevit?
915 2216 1051 2286 Quia
1092 2219 1249 2290 culpa
1277 2220 1519 2292 obrepsit
1549 2223 1599 2278 ei
1631 2241 1644 2277 :
1673 2239 1775 2296 ego
1801 2239 1894 2280 so-

301 2308 389 2365 leo
420 2310 572 2377 ﬂere,
624 2311 669 2365 si
719 2311 877 2382 culpa
924 2311 1055 2368 mihi
1101 2313 1266 2380 desit,
1301 2314 1401 2371 hoc
1430 2325 1536 2383 est,
1568 2316 1615 2371 si
1664 2333 1769 2373 nou
1810 2334 1898 2375 me

304 2403 607 2469 vindicem,
660 2405 705 2460 si
747 2419 854 2459 non
910 2404 1184 2461 obtineam
1238 2407 1379 2477 quod
1432 2408 1679 2479 improbe
1718 2411 1896 2482 cupio.

311 2494 522 2569 1523
548 2495 739 2551 Petrus
764 2496 941 2552 doluit
963 2507 1018 2553 et
1046 2498 1220 2565 ﬂevit;
1247 2500 1371 2570 quia
1395 2501 1600 2556 erravit
1624 2511 1682 2557 ut
1712 2502 1895 2559 homo.

308 2588 336 2627 δ
358 2589 476 2644 Nou
523 2589 741 2645 invenio
768 2589 898 2660 quid
944 2590 1164 2658 dixerit,
1198 2592 1421 2648 invenio
1450 2594 1597 2664 quod
1646 2594 1900 2652 ﬂeverit:

306 2683 578 2756 lacrymas
617 2685 736 2755 ejus
782 2683 926 2756 lego,
972 2686 1398 2742 satisfactionem
1451 2702 1557 2742 non
1593 2688 1715 2759 lego
1760 2689 1903 2745 :sed

308 2779 455 2850 quod
480 2777 698 2835 defendi
726 2794 833 2835 non
858 2786 1059 2850 potest,
1094 2780 1239 2835 ablui
1271 2788 1467 2850 potest.
1502 2782 1708 2839 Lavcnt
1731 2783 1907 2855 Iacry-

309 2887 420 2927 mtc
450 2871 730 2941 delictum,
769 2872 914 2941 quod
942 2887 1076 2929 voce
1106 2872 1281 2944 pudor
1308 2883 1393 2929 est
1419 2873 1687 2930 confiteri.
1720 2875 1791 2930 Et
1818 2891 1913 2931 ve-

312 2964 422 3021 nia:
451 2965 558 3036 (Cf.
589 2965 722 3039 Aug.
756 2965 845 3021 lib.
875 2966 980 3022 ide
1012 2964 1194 3022 Gratia
1221 2967 1435 3036 Christi,
1479 2986 1598 3040 cap.
1630 2970 1722 3037 45)
1754 2970 1912 3027 ﬂetus

312 3058 629 3123 consulunt,
675 3068 730 3114 et
780 3059 1141 3116 verecundiae.
1190 3060 1474 3133 Lacrymae
1521 3062 1639 3117 sine
1686 3062 1914 3119 horrore

315 3152 536 3223 culpam
560 3153 854 3224 loquuntur
886 3171 900 3209 :
933 3153 1187 3226 lacryma:
1218 3155 1425 3210 crimen
1466 3155 1586 3211 sine
1614 3156 1917 3212 oﬂ‘ensione

2001 2128 2148 2183 niam
2181 2129 2263 2182 vis
2287 2126 2509 2193 mereri,
2554 2125 2706 2182 dilue
2746 2125 3012 2197 lacrymis
3038 2128 3256 2198 culpam
3289 2137 3435 2184 tuam
3467 2146 3482 2185 :
3512 2145 3609 2186 eo-

2003 2218 2128 2276 dem
2164 2228 2463 2284 tnomento,
2492 2217 2684 2274 eodem
2728 2226 2976 2289 tempore
3005 2219 3230 2291 respicit
3258 2228 3311 2275 te
3338 2219 3607 2278 Christus.

2005 2312 2064 2367 Si
2095 2313 2147 2366 in
2177 2310 2360 2381 aliquo
2390 2307 2418 2348 ά
2452 2309 2683 2367 fortasse
2716 2309 2947 2376 labaris;
2979 2312 3103 2382 quia
3126 2322 3464 2370 secretorum
3492 2324 3611 2371 tuo-

2016 2420 2135 2460 rum
2173 2403 2378 2459 assistit
2410 2404 2585 2470 testis,
2619 2403 2841 2473 respicit
2872 2412 2934 2459 ut
2971 2404 3281 2462 recorderis
3308 2415 3364 2462 et
3389 2408 3611 2465 fatearis

2009 2511 2279 2553 errorem.
2327 2496 2546 2552 Imitare
2591 2496 2813 2552 Petrum
2859 2496 3131 2553 dicentem
3178 2499 3305 2556 alibi
3340 2502 3502 2557 tertio
3528 2501 3611 2576 (6,

2009 2610 2061 2664 q.
2102 2594 2150 2655 l,
2179 2609 2299 2659 cap.
2336 2590 2552 2645 Imitare
2590 2590 2829 2662 Petrum)
2864 2607 2877 2643 :
2904 2588 3149 2658 Domine,
3178 2602 3232 2646 tu
3251 2594 3353 2649 scis
3381 2596 3505 2662 quia
3526 2595 3614 2649 di-

2014 2686 2117 2757 ligo
2146 2695 2193 2739 te
2214 2682 2395 2756 (Joan.
2426 2698 2538 2747 xxi,
2565 2681 2679 2755 15).
2716 2681 2931 2738 Etenim
2959 2683 3085 2754 quia
3108 2686 3270 2741 tertio
3298 2698 3614 2759 negaverat,

2018 2780 2179 2835 tertio
2205 2776 2495 2834 confitetur
2525 2793 2540 2831 :
2571 2776 2669 2833 sed
2695 2780 2911 2848 negavit
2941 2778 2996 2832 in
3028 2788 3206 2847 nocte,
3239 2780 3531 2840 confitetur
3559 2784 3617 2841 in

2018 2872 2106 2929 die
2131 2870 2238 2944 (Cf.
2272 2872 2408 2943 Aug.
2437 2870 2526 2924 lib.
2559 2885 2576 2924 ι
2610 2869 2674 2925 de
2711 2868 2897 2925 Gratia
2922 2869 3140 2939 Christi,
3171 2888 3289 2944 cap.
3320 2872 3437 2946 45).

2091 2966 2180 3021 91.
2217 2962 2343 3019 Haec
2387 2972 2566 3018 autem
2596 2961 2719 3018 ideo
2746 2962 2949 3033 scripta
2980 2972 3130 3028 sunt,
3173 2974 3232 3019 ut
3265 2966 3500 3025 sciamus
3527 2985 3622 3028 ne-

2023 3058 2225 3113 minem
2250 3056 2455 3126 jactare
2472 3071 2531 3111 se
2552 3054 2751 3111 debere
2776 3071 2790 3122 ;
2814 3071 2938 3110 nam
2967 3056 3014 3110 si
3038 3055 3233 3113 Petrus
3260 3067 3284 3096 θ
3307 3058 3491 3130 lapsus
3510 3073 3615 3133 est,

2023 3150 2149 3224 quia
2191 3149 2330 3206 dixit
2359 3166 2372 3202 :
2403 3148 2519 3203 Etsi
2550 3148 2643 3203 alii
2662 3147 3003 3203 scandalizati
3019 3149 3212 3219 fuerint
3236 3150 3291 3205 in
3321 3160 3391 3220 te,
3409 3171 3503 3227 ego
3522 3172 3628 3213 non

397 3303 420 3331 τι
444 3296 642 3351 Omnes
678 3295 834 3366 cdit..
875 3293 1126 3350 Dominus
1161 3296 1271 3364 ipse
1310 3312 1411 3350 non
1446 3297 1732 3351 excusavit.
1764 3296 1836 3352 At
1868 3297 1920 3351 in
1948 3299 1993 3363 C
2028 3295 2140 3366 lego
2175 3291 2361 3347 :unde
2392 3290 2740 3366 manifestum
2785 3302 2870 3346 est
2906 3292 3317 3364 satisfactionem
3366 3294 3454 3352 hic
3481 3299 3628 3357 aliud

318 3380 457 3424 mss.
490 3368 757 3422 omittitur
803 3365 1081 3431 Dominus,
1116 3376 1171 3422 ut
1202 3368 1312 3438 ipse
1355 3367 1423 3421 ad
1462 3367 1683 3423 Petrum
1718 3370 1921 3423 refera-

323 3450 415 3495 tur
446 3456 458 3491 :
488 3440 629 3510 quod
676 3440 847 3508 magis
888 3440 1021 3494 scite
1069 3437 1320 3509 congruit
1368 3455 1490 3492 cum
1536 3441 1918 3511 sequentibus.

319 3514 598 3568 Casterutn
629 3520 755 3565 sunt
776 3511 867 3581 qui
897 3511 1187 3566 Ambrosio
1210 3518 1416 3578 nostro,
1446 3511 1589 3582 quod
1620 3512 1766 3565 Petri
1801 3528 1924 3580 pec-

321 3593 511 3639 catum
542 3583 703 3637 nimis
742 3583 958 3638 elevare
1007 3592 1231 3636 conatus
1275 3583 1367 3644 sit,
1416 3583 1549 3637 vitio
1587 3593 1836 3649 vertant;
1870 3584 1923 3637 in

322 3655 524 3726 quibus
570 3654 852 3726 reperitur
880 3653 1043 3726 Guill.
1086 3654 1267 3710 Estius
1310 3655 1396 3726 vir
1433 3655 1635 3724 pietate
1663 3655 1815 3723 juxta
1862 3670 1927 3710 ac

324 3724 575 3783 doctrina
602 3724 799 3781 clarus.
834 3724 923 3779 Sic
951 3734 1129 3779 autem
1162 3725 1285 3779 illc:
1313 3724 1390 3779 De
1416 3727 1707 3796 negatione,
1729 3726 1925 3795 inquit,

328 3799 496 3853 multo
524 3806 894 3868 commentatur
920 3797 1313 3851 Ambrosius....
1347 3807 1393 3851 et
1424 3799 1495 3850 ita
1527 3798 1760 3868 loquitur
1781 3798 1928 3867 quasi

325 3870 525 3942 Petrus
555 3868 793 3942 negando
824 3867 1088 3942 Christum
1125 3886 1227 3942 non
1258 3871 1538 3937 peccaverit
1580 3867 1763 3942 saltent
1791 3886 1930 3922 mor-

329 3940 533 3996 taliter.
575 3940 681 3995 Sid
708 3940 907 3994 videtur
932 3940 1232 3995 Ambrosius
1278 3956 1455 3995 revera
1486 3956 1700 4011 peccare
1726 3941 1780 3993 in
1809 3945 1927 4004 hoc,

328 4012 475 4085 quod
500 4021 769 4085 peccatum
798 4010 943 4066 Petri
960 4028 1053 4085 pro
1075 4028 1175 4080 quo
1200 4012 1293 4066 ille
1318 4012 1456 4085 ﬂevit
1484 4028 1681 4077 amare,
1714 4012 1931 4085 nimium

331 4082 593 4142 extenuet.
626 4082 881 4139 Fatemur
909 4083 1124 4153 quidem
1152 4083 1449 4139 cavendum
1483 4098 1604 4138 esse
1625 4100 1693 4138 nc
1717 4082 1844 4136 dum
1877 4084 1929 4137 in

332 4154 653 4213 excusando
682 4156 871 4210 eodem
904 4162 1125 4223 peccato
1155 4170 1374 4224 operam
1406 4154 1691 4225 plusjusto
1715 4155 1932 4208 anxiam

377 4226 614 4291 animus,
659 4226 933 4281 Christum
983 4227 1299 4281 mendacem
1350 4226 1443 4296 qui
1474 4225 1603 4280 illud
1638 4226 1930 4295 praedixit:

377 4246 614 4291 animus,
659 4246 933 4281 ’.ιιιτιδιυιιι
983 4246 1299 4281 1118110300111
1350 4246 1443 4296 (ιιιι
1475 4246 1603 4280 ιιιιια
1638 4246 1930 4295 ρῑωυιχιιε

335 4246 566 4355 Bctrum
608 4313 737 4353 vero
777 4298 1017 4366 itteptum
1068 4298 1159 4367 qui
1191 4297 1262 4353 ob
1301 4297 1431 4353 illud
1480 4298 1656 4367 ipsum
1701 4298 1933 4352 amaris-

336 4372 483 4427 sime
504 4370 670 4433 ﬂevit,
697 4369 1068 4423 ostendamus.
1095 4368 1315 4431 Verum.
1341 4384 1472 4440 pace
1493 4368 1635 4423 docti
1657 4369 1759 4423 viri
1787 4368 1937 4423 dixe-

339 4443 538 4508 rimus,
577 4441 668 4511 qui
716 4449 883 4496 totam
931 4440 1069 4494 hanc
1106 4441 1381 4497 Ambrosii
1424 4440 1933 4496 commentationem

342 4514 610 4569 attentius
638 4513 848 4583 legerit.
876 4511 1008 4567 nihil
1037 4512 1135 4581 ipsi
1167 4523 1438 4579 occurret,
1464 4512 1607 4567 unde
1629 4512 1940 4583 jurequeat

340 4585 553 4655 colligi,
587 4582 734 4639 Petri
775 4593 1056 4653 peccatum
1097 4593 1287 4637 sancto
1317 4583 1536 4638 Doctori
1582 4582 1688 4637 nco
1720 4582 1823 4638 nisi
1848 4598 1941 4637 ve-

344 4658 497 4713 niale
540 4660 713 4711 visum
744 4655 930 4712 fuisse.
969 4656 1185 4711 Etenim
1230 4655 1373 4710 inter
1422 4655 1667 4710 mortalia
1710 4655 1936 4711 crimina

2002 3362 2135 3431 ,non
2185 3378 2327 3430 esse,
2378 3363 2480 3417 nisi
2524 3362 2905 3434 defensionem
2936 3381 2949 3415 :
2978 3362 3086 3434 quo
3114 3374 3272 3433 pacto
3315 3367 3632 3427 satisfacere

2027 3437 2259 3505 objectis
2299 3433 2642 3506 criminibus,
2682 3436 2824 3506 idem
2855 3444 2940 3489 est
2966 3433 3131 3505 atque
3155 3436 3369 3506 objecta
3401 3440 3630 3498 crimina

2027 3508 2262 3582 diluere,
2291 3521 2388 3582 seu
2408 3505 2674 3582 refellere.
2684 3505 2804 3582 _S_e_d
2821 3508 3092 3582 nece_tiam
3112 3505 3416 3582 sequentia,
3437 3526 3634 3582 nempe

2028 3579 2223 3635 Lavent
2252 3579 2382 3651 (vel,
2417 3586 2474 3631 ut
2496 3577 2631 3652 edit.
2672 3575 2801 3632 Cill.
2856 3592 2919 3652 ac
2950 3577 3109 3632 Rom.
3140 3575 3330 3652 et'ms.
3360 3579 3521 3652 Reg.,
3549 3575 3632 3639 ιὶι.

2028 3653 2181 3724 υαηι)
2204 3648 2449 3724 lacrgmte
2471 3648 2738 3724 delictum,
2765 3651 2903 3724 quod
2928 3664 3049 3703 voce
3079 3650 3248 3718 pudor
3275 3664 3347 3705 est
3370 3648 3633 3724 confiteri,

2029 3719 2279 3778 vocalem
2322 3719 2722 3794 confessionem
2755 3720 2946 3794 saltem
2998 3728 3267 3794 secretam
3303 3719 3631 3794 excludunt;

2032 3795 2168 3850 nihil
2199 3794 2344 3849 enim
2385 3791 2528 3845 aliud
2561 3790 2650 3867 hic
2693 3791 3023 3867 ostenditur,
3055 3791 3310 3867 nisicum
3346 3796 3444 3867 qui
3468 3790 3635 3867 grave

2031 3868 2239 3922 crimen
2278 3863 2670 3933 perpetraverit
2714 3876 2745 3914 a
2776 3861 3027 3933 lacrymis
3072 3862 3241 3917 ordiri
3272 3861 3635 3926 debere'con-

2034 3937 2342 3992 versionem
2367 3950 2380 3997 ;
2409 3933 2487 3987 sic
2515 3946 2747 4001 namque
2780 3935 3010 3988 tacuisse
3036 3933 3279 4001 Petrum,
3304 3952 3368 3989 ne
3389 3947 3495 3993 tam
3532 3941 3635 3997 cito

2037 4006 2415 4084 veniwpetitio
2446 4004 2565 4084 plus
2592 4002 2897 4084 offenderet.
2922 4004 3067 4084 .Ante
3096 4006 3351 4084 flentium,
3383 4020 3490 4066 etc.
3524 4010 3632 4067 lta-

2035 4095 2141 4148 que
2167 4078 2231 4153 ad
2263 4075 2687 4153 ecclesiasticam
2707 4075 2966 4153 temporis
2990 4076 3107 4153 sui_d
3130 4076 3481 4153 _isciplir_tam,
3521 4099 3634 4153 qua

2038 4145 2361 4222 ptenitentes
2379 4146 2574 4222 delicta
2599 4145 3024 4222 privatiuinrius
3053 4145 3273 4203 deﬂere
3279 4145 3631 4222 jubebantur,

2038 4215 2199 4293 quam
2216 4220 2281 4275 ad
2313 4216 2599 4289 petendam
2623 4215 3119 4293 reconciliationem
3148 4215 3475 4293 accederent
3499 4215 3638 4281 alin;

2040 4288 2139 4348 dit.
2173 4292 2293 4347 Oris
2315 4288 2495 4345 autem
2520 4288 2917 4343 confessionem
2949 4292 3001 4343 in
3032 4288 3190 4345 Petro
3211 4289 3430 4348 disertis
3456 4298 3637 4355 verbis

2042 4381 2147 4438 non
2161 4359 2659 4438 semelagnoscitS.
2678 4358 2897 4438 Doctor,
2913 4376 3036 4415 cum
3058 4375 3251 4438 supra,
3272 4377 3419 4417 num.
3449 4381 3635 4438 super.

2040 4436 2216 4505 inquit
2245 4452 2258 4487 :
2293 4430 2482 4487 Maluit
2513 4433 2647 4506 enim
2672 4430 2785 4499 ipse
2806 4447 2955 4485 suum
2987 4430 3251 4486 accusare'
3270 4430 3555 4506 peccatum,
3582 4451 3642 4496 ut

2032 4500 2412 4583 justiﬁcaretur
2434 4500 2669 4583 fatendo,
2686 4514 3103 4583 quamgravaret
3106 4520 3172 4583 ur
3188 4500 3421 4583 negando
3436 4525 3455 4583 ς
3476 4500 3639 4583 etin-

2043 4572 2144 4644 lra,
2168 4572 2317 4633 itum.
2336 4576 2407 4633 90
2434 4572 2452 4629 Ξ
2480 4575 2539 4631 Si
2562 4573 2616 4627 in
2645 4572 2820 4648 aliqua
2846 4572 3068 4648 fortasse
3098 4572 3635 4648 labarisrespicit..."

2044 4663 2100 4705 ut
2122 4648 2407 4704 recorderis
2433 4655 2483 4701 et
2509 4644 2723 4721 fatearis
2752 4661 2995 4721 errorem.
3025 4644 3499 4721 ntitarePetrum,
3525 4663 3637 4711 etc.

345 4728 499 4785 aliud
523 4727 629 4783 alio
658 4727 830 4783 levius
858 4736 976 4793 est;
1004 4726 1149 4782 unde
1175 4727 1380 4798 putavit
1403 4727 1724 4798 Ambrosius
1747 4726 1848 4781 sibi
1880 4726 1943 4798 li:
1967 4737 2023 4798 1)
2049 4722 2240 4798 Afferri
2283 4715 2759 4798 possunt_et.ali.te
2780 4715 3006 4798 hujusce
3034 4715 3641 4798 locinsolutiones'quas

348 4815 502 4865 cere,
540 4809 597 4854 ut
627 4798 849 4854 honoris
874 4813 1034 4854 causa
1065 4797 1323 4868 quidquid
1347 4797 1415 4852 ad
1440 4797 1787 4852 minuendum
1810 4796 1941 4851 tanti

351 4871 587 4941 apostoli
622 4879 895 4939 peceatum
930 4868 1107 4925 facere
1132 4879 1331 4938 posset,
1358 4868 1417 4941 id
1439 4872 1678 4941 oratorio
1705 4868 1941 4941 modo_in

354 4939 597 4999 medium
620 4941 857 4997 aﬂ'erret.
895 4942 963 4996 Et
996 4950 1144 4996 certe
1182 4957 1248 4995 ex
1281 4940 1401 4995 aliis
1436 4940 1687 4995 Patribus
1718 4955 1821 4995 non
1851 4939 1946 4994 de-

354 5016 585 5071 fuerunt
623 5014 714 5084 qui
756 5013 902 5070 Petri
931 5011 1304 5068 defensionem
1345 5011 1521 5066 adhuc
1550 5020 1807 5082 urgerent
1857 5026 1947 5084 ar-

360 5088 604 5148 dentius,
637 5081 759 5141 eum
784 5100 893 5140 non
940 5087 1106 5139 semel
1130 5084 1334 5154 justmn
1362 5085 1523 5138 etiam
1554 5081 1673 5151 poet
1702 5081 1947 5153 negatio—

360 5175 490 5214 nem
534 5171 726 5213 vocare
776 5164 1205 5225 perseverantes.
1256 5154 1393 5211 Vide
1441 5156 1689 5210 eumdem
1739 5154 1947 5208 Estium

362 5230 561 5285 Annot.
598 5230 652 5282 in
676 5228 965 5300 Aprwcipua
1015 5244 1076 5282 ac
1115 5227 1325 5300 (di/ﬁcii.
1378 5226 1440 5283 S.
1476 5226 1671 5297 Script.
1704 5226 1853 5291 loca,
1898 5229 1950 5279 in

363 5316 490 5371 cap.
520 5316 651 5355 xxvi
672 5298 870 5355 Matth.
896 5315 1038 5355 vers.
1065 5299 1154 5357 70.

442 5380 471 5419 δ
494 5381 633 5436 Nihil
656 5390 841 5451 agunt,
869 5381 958 5451 qui
989 5379 1092 5436 hoc
1111 5380 1404 5435 abutuntur
1432 5378 1575 5451 loco,
1604 5387 1660 5433 ut
1691 5376 1959 5451 poeniten-

370 5456 463 5511 tiae
490 5449 921 5517 sacrantentalis,
950 5451 1017 5506 de
1043 5467 1146 5520 qua
1176 5451 1263 5506 hic
1280 5450 1429 5506 nullo
1457 5450 1617 5505 modo
1640 5449 1838 5518 agitur,
1864 5464 1958 5504 ne-

2050 4793 2234 4847 vidcre
2282 4786 2366 4845 est
2393 4788 2535 4860 apud
2577 4786 2788 4912 Magist.
2836 4787 3085 4871 Sentent.
3134 4787 3229 4844 lib.
3274 4805 3354 4857 tv,
3390 4786 3641 4864 dist.'t7,

2050 4864 2079 4912 8
2102 4863 2225 4912 .Iam
2248 4861 2563 4912 secundant:
2596 4858 2673 4912 Ro
2719 4895 2733 4908 .
2765 4858 2975 4912 Pullutn
3007 4876 3061 4912 in
3102 4875 3153 4912 v1
3182 4860 3468 4912 Sentent.:
3503 4867 3634 4912 Ilua,

2102 4858 2733 4941 ἲΙατη-ιςςξειιηᾱιιηιἐμοὶ).
2765 4858 2975 4914 Pullutn
3007 4860 3071 4941 i_n_
3102 4875 3153 4915 v1
3182 4860 3470 4941 Sente_nt._;
3501 4858 3638 4941 ιιυεζ

2104 4938 2194 4991 ict.
2230 4935 2325 4989 lib.
2372 4949 2409 4989 ιι
2440 4933 2503 4986 de
2544 4928 2810 5012 _Sa_cram.,
2844 4945 2967 5012 pag.
3012 4930 3101 5012 ξι,
3149 4947 3292 5012 cap.”
3318 4934 3384 4990 de
3429 4928 3643 5012 ConfeE.

2050 5009 2214 5075 sione,
2247 5015 2392 5071 etc.;
2433 5002 2582 5060 card.
2616 5000 2869 5078 Bellaria.
2910 5000 2975 5078 de
3019 5000 3334 5078 Pwnitflib.
3366 5022 3457 5075 ut;
3485 5000 3559 5078 et,
3586 5020 3647 5069 ut

2052 5072 2208 5135 alios
2240 5072 2766 5146 omittamus,apud
2813 5074 2872 5127 D.
2916 5073 3229 5146 Dionysium
3274 5072 3650 5140 Sammart'lia-

2056 5166 2185 5276 ἕεις]
2216 5158 2445 5276 ἱι-ἓιέξιυ
2472 5145 2676 5204 Gallice
2705 5146 2932 5217 scripto,
2971 5145 3035 5201 de
3060 5144 3331 5219 ϐαρεῖαι,
3360 5165 3484 5225 pag.
3515 5153 3644 5227 351,

2092 5242 2125 5276 ο
2190 5237 2219 5275 e
2380 5259 2392 5273 .

2053 5222 2159 5278 357
2190 5230 2245 5276 et
2268 5222 2392 5276 567.

2136 5306 2156 5331 ο
2181 5292 2349 5365 Flevit
2379 5300 2433 5346 ut
2472 5289 2743 5365 lacrymis,
2769 5303 2942 5365 usque
2970 5287 3038 5345 ad
3083 5288 3258 5365 eodem
3288 5307 3563 5365 momento,
3594 5300 3649 5356 in

2060 5380 2194 5421 mss.
2230 5364 2369 5418 bene
2413 5361 2599 5418 multis
2629 5360 3039 5428 desiderantur;
3061 5362 3156 5417 sed
3184 5376 3307 5419 cum
3346 5360 3650 5426 habeantur

2062 5437 2117 5492 in
2148 5433 2445 5498 nonnullis,
2477 5442 2532 5487 et
2553 5432 2764 5487 cunctis
2790 5433 2922 5489 edit.
2944 5448 3041 5489 nec
3062 5449 3169 5489 non
3199 5435 3501 5505 pleniorem
3526 5456 3653 5499 sen-

2061 5523 2183 5564 sum
2212 5505 2474 5569 elliciant,
2502 5520 2563 5559 ea
2594 5519 2699 5558 non
2744 5507 3049 5573 putavimus
3074 5506 3192 5561 loco
3214 5508 3505 5564 movenda.

2137 5577 2165 5616 ά
2189 5579 2317 5634 Mss.
2342 5585 2465 5631 octo
2491 5590 2595 5629 non
2618 5574 2818 5631 infima:
2845 5587 3007 5647 nota},
3026 5580 3248 5647 fortasse
3274 5577 3504 5636 laboras.
3531 5583 3651 5641 Non

2065 5652 2238 5717 male;
2265 5648 2441 5704 laboro
2471 5647 2615 5721 enim
2646 5663 2752 5703 non
2787 5662 2911 5703 raro
2938 5648 3168 5721 sumitur
3200 5662 3297 5721 pro
3322 5666 3388 5715 eo
3412 5655 3554 5721 quod
3571 5667 3657 5712 est

2067 5724 2132 5779 de
2157 5724 2327 5778 salute
2373 5718 2657 5791 periclitor,
2706 5728 2766 5774 ut
2812 5718 2957 5789 apud
2984 5718 3170 5774 Horat.
3200 5719 3294 5775 lib.
3340 5737 3382 5788 ι,
3412 5718 3517 5782 ode
3543 5728 3613 5783 27
3639 5746 3655 5784 ;

2469 5798 2657 5858 Quanta
2682 5796 2877 5850 laboras
2896 5799 2947 5849 in
2968 5796 3238 5863 Charybdi!

2145 5887 2165 5912 υ
2191 5874 2333 5931 Edit.
2373 5872 2557 5938 Ronu,
2605 5868 2781 5943 lapsus
2822 5880 2920 5938 est,
2965 5870 3054 5941 qui
3078 5870 3232 5927 dixit.
3263 5872 3399 5933 Alia:
3427 5885 3493 5935 ac
3531 5893 3670 5947 mss.

370 5525 684 5583 cessitatem
714 5533 978 5579 conentur
1003 5524 1239 5579 elevare.
1262 5523 1472 5578 Etenim
1506 5536 1601 5591 per
1640 5521 1958 5591 satisfactio-

374 5614 493 5652 nem
542 5611 876 5667 nequaquam
925 5593 1214 5665 signiﬂcari
1255 5594 1649 5667 confessionem
1694 5602 1958 5656 nostram,

374 5679 471 5725 aut
502 5678 708 5736 partem
729 5666 845 5735 ejus
871 5676 1191 5731 extremam,
1226 5675 1411 5735 aperte
1432 5666 1812 5736 demonstrant
1840 5679 1963 5734 qua:

375 5735 698 5810 sequuntur.
738 5738 869 5793 Nam
911 5737 1362 5806 quemadmodum
1392 5736 1576 5810 verba,
1607 5735 1746 5790 ablui
1775 5744 1962 5810 potest,

374 5805 691 5869 referuntur
713 5811 779 5865 ad
811 5805 1068 5881 lacrgmas
1113 5812 1223 5883 ejus
1252 5811 1402 5883 lego;
1444 5809 1521 5883 sic
1549 5808 1675 5883 ista,
1707 5805 1795 5861 sed
1826 5805 1966 5877 quod

377 5883 591 5958 defendi
635 5900 736 5938 mm
779 5878 963 5954 potest,
1011 5878 1399 5952 pertinent'ad
1423 5878 1825 5950 satisfactionem
1865 5894 1966 5933 non

2924 6060 3071 6067 —.._....
