4148 6362
584 313 719 372 189.7
1789 355 1792 358 .
1931 305 2176 372 SANCTI
2211 308 2546 369 AMBROSII
3730 311 3854 370 1828

575 434 967 490 scandalizabor
1005 431 1197 506 (Marc.
1232 447 1343 498 xiv,
1367 430 1488 502 29),
1524 430 1646 503 quis
1680 429 1818 486 alius
1845 429 1968 501 jure
2012 429 2080 486 de
2122 445 2182 485 se
2209 442 2258 502 Α
2288 429 2417 484 tiam
2455 427 2660 488 habens
2700 442 2800 498 pro
2831 441 2931 486 suo
2960 427 3186 488 arbitrio
3213 437 3564 499 potestatem.
3595 429 3726 488 Nam
3760 436 3847 489 etsi

577 525 910 597 przesumat?
959 526 1199 596 Denique
1258 531 1312 579 et
1363 523 1530 578 David
1593 522 1716 592 quia
1771 522 2033 577 dixerat:
2066 519 2182 594 Ego
2279 521 2514 592 propriis
2545 521 2687 580 vitiis
2725 536 3082 588 corruamus;
3133 537 3231 593 per
3270 524 3412 578 illius
3441 534 3620 581 tamen
3663 525 3854 582 miseri-

577 617 758 671 dixiin
785 634 895 670 mea
917 615 1255 683 abundantia,
1288 631 1390 668 non
1415 614 1655 668 movebar
1676 615 1731 668 in
1756 623 2033 678 retentum,
2059 627 2182 666 eam
2281 611 2520 668 cordiam
2548 623 2828 684 resumpto
2865 614 3064 674 mentis
3107 616 3330 686 spiritu,
3358 618 3657 675 secundum
3687 618 3855 676 Hiere-

580 709 680 762 sibi
704 709 1019 788 jactantiam
1047 705 1292 762 obfuisse
1326 708 1636 776 profitetur,
1669 705 1856 762 dicens
1892 723 1906 762 :
1937 704 2186 761 Avertisti
2285 705 2410 760 mire
2435 704 2655 762 oracula
2688 704 3070 766 reformantur.

583 802 769 872 facient
797 811 938 854 tuam
977 818 1010 855 a
1057 817 1161 869 me,
1192 809 1237 854 et
1277 803 1450 874 factus
1491 816 1604 854 sum
1642 799 1979 856 conturbatus
2009 794 2185 866 (Psat.
2359 796 2447 855 96.
2479 797 2719 856 Pretium
2753 815 2971 871 quoque
3010 802 3288 873 sanguinis
3331 813 3417 860 est
3442 807 3673 875 pretium
3695 807 3860 863 Domi-

584 913 732 964 xxtx,
767 897 798 952 7
827 906 872 950 et
902 893 980 967 8).
2289 889 2422 949 uica'
2459 891 2751 965 passionis.
2789 893 2932 964 Ergo
2961 897 3136 964 pretio
3173 899 3456 968 sanguinis
3495 902 3692 956 emitur
3717 917 3858 956 mun-

656 989 747 1046 92.
785 989 935 1048 Unde
978 999 1030 1047 te
1077 1003 1325 1055 evocem.
1360 989 1554 1056 Petre;
1604 997 1662 1044 ut
1702 988 1901 1046 doceas
1945 1001 2032 1042 me
2063 979 2191 1055 quid
2289 982 2391 1038 dus
2422 1001 2449 1038 a
2498 984 2750 1052 Christo;
2799 989 2946 1042 venit
2975 989 3120 1044 enim
3148 1001 3207 1045 ut
3244 991 3488 1047 salvetur
3517 995 3741 1051 mundus
3779 1009 3862 1064 per
3937 991 3941 996 ’

584 1083 723 1140 ﬂens
771 1084 1140 1154 cogitaveris?
1186 1084 1361 1152 Unde,
1412 1084 1656 1156 inquam,
1711 1092 1763 1140 te
1809 1081 2068 1140 evocem?
2114 1079 2191 1135 De
2290 1077 2465 1147 ipsum
2495 1078 2677 1152 (Joan.
2704 1095 2784 1146 ιιι,
2821 1081 2909 1152 17)
2942 1099 2955 1136 :
2984 1082 3038 1138 in
3068 1099 3174 1152 quo
3199 1084 3348 1152 juxta
3369 1093 3432 1140 ut
3455 1100 3593 1156 opus
3621 1087 3860 1154 auctoris,

585 1177 744 1245 cmlo,
772 1177 988 1248 ubijam
1014 1178 1182 1235 choro
1212 1180 1449 1238 insertus
1473 1195 1531 1234 es
1563 1178 1878 1248 angelorum
1901 1192 1998 1238 :an
2021 1176 2190 1234 etiam
2291 1180 2347 1226 et
2382 1169 2473 1242 jus
2519 1185 2623 1234 est.
2658 1173 2822 1232 Venit
2864 1189 2994 1246 ergo
3045 1184 3104 1232 ut
3145 1179 3502 1248 consepultos
3541 1195 3638 1250 per
3675 1181 3863 1250 baptis-

585 1270 652 1326 de
683 1271 918 1338 tumulo;
941 1273 1066 1342 quia
1094 1288 1199 1328 non
1221 1280 1382 1344 putas
1415 1270 1669 1342 injuriam
1697 1281 1753 1325 et
1777 1270 1846 1324 ibi
1875 1284 2014 1332 esse,
2045 1268 2193 1324 unde
2294 1283 2464 1332 mum,
2507 1277 2561 1322 et
2598 1277 2967 1324 commortuus
2996 1269 3217 1326 Christo
3247 1272 3314 1327 ad
3359 1275 3731 1343 perpetuitatis
3756 1287 3865 1345 gra-

592 1363 852 1420 Doniinus
900 1363 1236 1420 resurrexit?
1279 1364 1421 1420 Doce
1467 1379 1567 1420 nos
1593 1363 1721 1434 quid
1761 1361 1855 1418 tibi
1887 1361 2196 1432 profuerint
2297 1360 2421 1418 liam
2452 1370 2778 1418 reservaret.
2819 1362 2931 1420 Sed
2961 1378 3068 1419 non
3099 1367 3301 1435 passim
3345 1367 3596 1422 omnibus
3629 1369 3693 1422 ad
3722 1382 3863 1438 sepe-

590 1457 843 1531 lacrynw
876 1470 1001 1513 tum.
1033 1458 1141 1516 Sed
1173 1458 1406 1514 docuisti
1435 1459 1579 1514 illico
1604 1474 1759 1514 :nam
1783 1458 1868 1528 qui
1900 1457 2087 1528 lapsus
2108 1470 2192 1522 es,
2297 1453 2536 1510 liendum
2573 1461 2657 1510 est
2689 1455 2878 1523 locus;
2926 1472 3051 1513 nam
3093 1460 3198 1513 etsi
3229 1473 3424 1518 omnes
3451 1459 3684 1514 mund-us
3711 1459 3867 1513 inclu-

589 1563 880 1622 antequant
909 1551 1093 1621 fleres,
1127 1562 1412 1624 postquam
1447 1551 1661 1628 1524
1686 1550 1906 1616 tlevisti,
1938 1561 1962 1586 εί
1987 1550 2195 1608 electus
2296 1546 2408 1612 dat,
2457 1549 2667 1622 1525
2707 1565 2811 1604 non
2853 1564 3043 1636 omnes
3088 1561 3333 1606 reservat
3363 1569 3376 1606 :
3406 1559 3464 1608 et
3493 1553 3540 1607 si
3589 1553 3868 1608 communis

593 1662 674 1710 es,
709 1654 766 1700 ut
793 1646 928 1704 alios
955 1663 1196 1718 regeres,
1231 1647 1322 1716 qui
1357 1654 1409 1701 te
1440 1647 1554 1718 ipse
1580 1655 1705 1701 ante
1735 1659 1841 1704 neu
1875 1658 2117 1700 reseras.
2299 1640 2593 1706 habitatio;
2625 1649 2805 1698 tamen
2834 1643 3072 1713 legitima
3113 1643 3393 1713 sepultura
3417 1653 3508 1700 est
3530 1659 3716 1700 eorum
3740 1644 3868 1699 scili-

665 1738 754 1794 95.
793 1736 1035 1794 Habebat
1066 1755 1197 1810 ergo
1231 1739 1502 1809 lacrymas
1534 1739 1749 1800 Petrus,
1785 1737 1872 1806 pio
1908 1751 2041 1810 quas
2073 1734 2196 1788 fun-
2299 1742 2386 1792 cet
2414 1733 2506 1805 qui
2537 1749 2682 1790 nunc
2710 1746 2838 1791 sunt
2869 1752 2964 1804 per
2991 1735 3150 1792 fidem
3183 1736 3469 1792 domestici
3499 1737 3614 1799 Dei.
3650 1737 3739 1792 sed
3767 1736 3869 1791 fue-

595 1827 760 1885 debat
802 1829 1040 1886 affectu:
1075 1847 1181 1884 non
1228 1830 1464 1886 habebat
1510 1829 1753 1898 proditor
1795 1827 1956 1883 fletus
1998 1825 2194 1897 quibus
2225 1833 2274 1896 Β
2301 1828 2510 1910 runtin
2554 1829 2674 1898 lege
2718 1831 3011 1900 peregrini.
3044 1830 3146 1897 Qui
3187 1842 3313 1886 sunt
3338 1831 3428 1886 isti
3459 1831 3563 1886 nisi
3605 1830 3671 1886 de
3693 1830 3867 1900 quibus

597 1923 809 1992 culpam
859 1924 1128 1988 ablueret,
1165 1923 1261 1978 sed
1302 1931 1573 1980 tormenta
1613 1918 1969 1976 conscientia:
1995 1918 2196 1989 quibus
2300 1921 2497 1976 dicitur
2531 1939 2545 1978 :
2577 1921 2832 1980 Mentorea
2870 1935 3028 1980 estote
3069 1925 3211 1995 quod
3249 1925 3537 1994 aliquando
3572 1939 3658 1978 τοι
3690 1932 3864 1994 gentes,

597 2017 944 2088 sacrilegium
970 2016 998 2055 ι)
1034 2017 1323 2083 fateretur;
1384 2028 1440 2074 ut
1495 2018 1621 2072 dum
1669 2032 1771 2072 suo
1821 2031 1948 2073 reus
1988 2014 2198 2086 judicio
2299 2014 2388 2084 qui
2414 2015 2569 2072 eratis
2614 2015 2671 2072 in
2697 2032 2852 2072 eam
2882 2015 3095 2072 alienati
3125 2034 3159 2069 a
3195 2020 3582 2072 conuersatione
3616 2017 3796 2082 Israel,
3824 2023 3867 2070 et

598 2110 912 2177 damnatur,
942 2121 996 2167 et
1036 2121 1342 2183 spontaneo
1372 2111 1642 2182 supplicio
1682 2111 1891 2172 facinus
1922 2111 2196 2180 expiatur,
2300 2109 2560 2179 peregrini
2598 2110 2952 2178 promissioni:
2989 2109 3430 2168 Testamentorum
3461 2113 3684 2186 (Epties.
3714 2127 3767 2179 ιι,
3810 2111 3864 2165 lt

597 2203 770 2274 pietas
801 2203 1039 2268 Domini,
1071 2205 1162 2275 qui
1196 2219 1255 2258 se
1284 2205 1398 2274 ipse
1419 2204 1590 2259 nollet
1617 2202 1824 2270 ulcisci,
1860 2210 1914 2258 et
1943 2201 2199 2258 divinitas
2302 2210 2348 2255 et
2371 2202 2505 2270 1:2)?
2561 2202 2670 2260 Sed
2719 2202 2774 2258 hi
2805 2219 2952 2262 nunc
2991 2204 3104 2274 jam
3151 2221 3259 2260 non
3305 2216 3434 2261 sunt
3471 2206 3692 2262 advena
3728 2212 3870 2275 atque

598 2294 942 2365 probaretur,
977 2297 1066 2366 qui
1119 2296 1510 2352 conscientiam
1546 2296 1757 2352 tuentis
1800 2294 2059 2352 invisibili
2103 2308 2202 2364 ρο·
2304 2296 2609 2366 peregrini;
2641 2299 2899 2368 quoniam
2929 2300 3079 2357 cives
3103 2312 3424 2358 sanctorum
3472 2315 3598 2358 esse
3626 2301 3741 2358 fidei
3765 2298 3871 2371 jure

599 2399 794 2446 testate
825 2390 1210 2462 interrogaret.
2301 2398 2622 2446 meruerunt
2648 2399 2696 2446 ε.

668 2482 756 2540 94.
793 2481 1035 2552 Peccavi,
1064 2485 1258 2562 inquit,
1281 2484 1421 2556 quod
1444 2482 1754 2540 tradiderim
1773 2483 2074 2555 sanguinem
2080 2485 2200 2554 jus-
2373 2481 2462 2536 97.
2504 2482 2761 2552 Sequitur
2809 2483 3151 2542 admirabilis
3204 2487 3394 2553 locus,
3447 2503 3560 2558 quo
3605 2483 3872 2543 subeunda

598 2585 702 2632 tum
736 2574 954 2650 (Matth.
989 2593 1160 2644 xxvu,
1188 2577 1267 2650 5).
1296 2577 1412 2633 Etsi
1445 2591 1595 2632 cassa
1624 2586 1707 2632 est
1729 2575 2046 2647 prenitentia
2071 2589 2200 2647 pro—
2303 2577 2684 2645 :mpranimiter
2740 2578 2956 2647 injuriae
3008 2581 3233 2636 moralis
3289 2580 3594 2639 infunditur
3642 2582 3870 2655 patientia

599 2671 818 2739 ditoris,
851 2672 971 2743 quia
1007 2673 1250 2742 peccavit
1279 2672 1329 2726 in
1366 2671 1627 2742 Spiritum
1674 2681 1954 2736 sanctum;
2003 2678 2086 2726 est
2120 2681 2202 2725 ιιι-ο
2304 2669 2619 2739 pectoribus
2671 2671 2946 2728 humanis.
2996 2673 3300 2731 Accusatur
3327 2675 3609 2745 Dominus,
3661 2685 3714 2732 et
3753 2681 3872 2730 tacet

600 2779 723 2818 men
759 2763 1052 2819 nonnullus
1089 2764 1162 2820 in-
1185 2763 1395 2820 scelere
1430 2763 1601 2832 pudor
1631 2764 1845 2832 culpant
1876 2777 2196 2834 agnoscere.
2305 2761 2524 2831 (Matth.
2553 2779 2733 2830 xxvtt,
2764 2763 2854 2836 il)
2888 2784 2901 2820 :
2947 2775 3006 2822 et
3055 2769 3196 2824 bene
3227 2778 3393 2837 tacet,
3443 2772 3535 2842 qui
3587 2769 3874 2826 defensione

599 2858 665 2914 Et
704 2860 951 2930 quamvis
1003 2859 1095 2914 ille
1143 2875 1249 2914 non
1291 2858 1614 2926 absolvitur,
1659 2858 1971 2914 Judazorum
2017 2867 2200 2914 tamen
2303 2872 2410 2910 nou
2443 2857 2667 2926 indiget.
2697 2857 3223 2927 Ambiantdefaidi,
3254 2863 3343 2932 qui
3372 2864 3745 2919 timentvinci.
3773 2861 3873 2917 Non

599 2951 931 3023 impudentia
979 2951 1291 3006 confutatur
1324 2968 1338 3004 :
1371 2966 1508 3022 quos
1543 2966 1664 3006 cum
1705 2950 1976 3021 professio
2012 2951 2200 3006 redar—
2303 2965 2433 3019 ergo
2459 2953 2862 3010 accusationem
2883 2949 2912 2990 ἀ
2939 2953 3180 3009 timendo
3197 2954 3523 3024 conﬁrmat,
3551 2957 3645 3013 sed
3672 2954 3875 3025 despicit

597 3055 725 3114 guat
756 3043 1079 3108 venditoris,
1132 3045 1383 3100 scelerati
1415 3053 1594 3100 tamen
1643 3044 1750 3101 sibi
1779 3043 2056 3100 vindicant
2076 3045 2198 3114 jura
2303 3057 2410 3098 non
2440 3043 2765 3100 refellendo.
2798 3045 2940 3111 Quid
2969 3048 3116 3102 enim
3143 3048 3384 3116 timeret,
3421 3051 3511 3120 qui
3543 3063 3646 3104 non
3671 3048 3876 3104 ambiret

599 3139 940 3202 contractus,
965 3147 1021 3194 et
1048 3148 1293 3194 exsortes
1330 3150 1513 3194 reatus
1543 3154 1664 3196 esse
1692 3154 1753 3194 se
1783 3138 2038 3204 credunt,
2070 3139 2198 3194 dum
2303 3136 2573 3192 salutem?
2601 3135 2762 3192 Salus
2789 3139 3030 3194 omnium
3059 3153 3216 3195 suam
3263 3142 3541 3211 prodidit,
3581 3151 3639 3198 ut
3657 3139 3875 3210 acquirat

594 3229 782 3285 dicunt
815 3249 827 3286 :
865 3231 1001 3297 Quid
1047 3230 1116 3283 ad
1154 3231 1285 3284 nos?
1321 3229 1398 3283 Tu
1445 3231 1630 3285 videris
1676 3231 1892 3304 (Ibid).
1934 3231 2195 3286 Amentes
2224 3231 2270 3297 C
2301 3230 2565 3284 omnium.
2595 3231 2702 3286 Sed
2735 3231 2864 3301 quid
2911 3231 2978 3286 de
3019 3232 3131 3287 Deo
3162 3233 3388 3304 loquar?
3434 3233 3675 3290 Susanna
3710 3230 3872 3294 tacuit,

599 3327 779 3397 plane,
815 3326 912 3396 qui
948 3335 1136 3395 ptirent
1185 3325 1326 3379 solvi
1370 3339 1432 3380 se
1465 3325 1635 3397 magis
1682 3326 1922 3380 auctoris
1969 3327 2197 3394 scelere,
2302 3333 2352 3377 et
2387 3322 2544 3390 vicit;
2579 3324 2775 3380 melior
2797 3324 2940 3380 enim
2969 3341 3128 3384 causa
3150 3367 3164 3392 ,
3195 3343 3316 3399 qua:
3348 3343 3460 3384 non
3493 3327 3803 3387 defenditur,
3828 3330 3875 3378 et

595 3435 757 3492 qnam
799 3419 992 3475 teneri.
1020 3415 1080 3476 In
1113 3419 1443 3490 pecuniariis
1483 3421 1659 3476 causis
1686 3419 1872 3475 refuso
1905 3421 2084 3491 pretio
2111 3419 2199 3490 jus
2304 3419 2584 3488 probatur.
2613 3418 2682 3474 Et
2709 3418 2795 3474 hic
2825 3419 3036 3475 Pilatus
3065 3421 3342 3477 absolvit:
3377 3422 3722 3479 sedabsolvit
3752 3416 3875 3487 judi-

601 3515 831 3572 ευινῖιιιι-
862 3532 878 3568 ς
913 3514 965 3569 hi
1005 3515 1239 3584 pretium
1273 3515 1564 3585 recipiunt,
1597 3524 1653 3569 et
1699 3515 2046 3586 sacrilegium
2079 3529 2204 3585 per-
2301 3509 2409 3574 cio,
2441 3509 2713 3564 crucifixit
2734 3512 3020 3582 mysterio.
3049 3511 3251 3568 Verum
3275 3513 3380 3569 hoc
3414 3516 3648 3586 speciale
3667 3510 3871 3568 Christi:

603 3619 929 3680 sequuntur,
958 3623 1023 3664 ac
1045 3609 1418 3680 pertinacibus
1443 3608 1640 3664 studiis
1670 3608 1935 3664 funestam
1963 3609 2065 3664 sibi
2086 3608 2202 3662 vin-
2303 3602 2435 3656 illud
2467 3601 2784 3670 humanum,
2816 3613 2876 3658 ut
2905 3605 3044 3675 apud
3076 3605 3294 3674 iniquos
3315 3607 3536 3678 judices
3561 3605 3722 3680 magis
3749 3599 3875 3658 vide-

598 3703 782 3758 dicant
796 3702 1089 3782 sanguinis
1125 3703 1462 3771 auctionem,
1509 3716 1632 3758 cum
1669 3700 1984 3762 refunderet
2011 3699 2204 3757 vendi—
2302 3704 2454 3752 retur
2480 3693 2745 3764 uoluisse,
2777 3710 2936 3768 quam
2969 3713 3075 3756 non
3109 3700 3352 3769 potuisse
3379 3700 3624 3756 defendi.

601 3806 685 3874 tor
711 3797 986 3868 sacrilegii
1009 3795 1348 3854 mercedem.
1439 3866 1442 3870 .
2375 3791 2465 3846 98.
2505 3789 2617 3846 Cur
2645 3800 2828 3846 autem
2859 3791 3122 3848 Dominus
3149 3795 3405 3858 tacuerit,
3445 3795 3563 3865 ipse
3603 3788 3868 3862 praemisit,

662 3893 756 3950 95.
787 3892 1088 3948 Evidenter
1118 3893 1303 3962 itaque
1325 3891 1452 3947 dum
1482 3891 1718 3961 pretium
1741 3890 2023 3961 sanguinis
2051 3903 2079 3943 a
2109 3889 2204 3946 Ju-
2302 3883 2494 3939 dicens
2519 3902 2533 3938 :
2588 3884 2650 3941 Si
2696 3885 2838 3940 vobis
2875 3885 3078 3954 dixero,
3109 3903 3210 3942 non
3257 3889 3479 3945 credetis
3509 3886 3632 3944 mihi
3653 3903 3672 3940 :
3718 3885 3759 3942 si
3800 3895 3872 3936 vos

596 3989 839 4045 daeorum
885 3984 1289 4058 gazOphylaciis
1339 3995 1646 4055 separatur,
1699 3995 1753 4042 et
1798 3985 2098 4058 agerfiguli
2138 4000 2202 4042 ea
2303 3981 2726 4054 interrogauero,
2762 3997 2865 4036 non
2916 3981 3295 4047 νεεροηάεὺὶιὲσ
3320 3984 3452 4040 mihi
3480 3982 3632 4056 (Luc.
3661 3975 3870 4041 1:11.67

597 4100 698 4154 qua
716 4079 968 4136 venditur
987 4077 1629 4152 CbriStus,comparatur
1647 4078 1876 4147 pecunia
1899 4077 2200 4149 (lbid.,7);
2305 4083 2352 4130 et
2377 4074 2488 4145 68).
2523 4074 2663 4130 Illud
2707 4083 2888 4130 tamen
2944 4077 3480 4145 praestantissimum,
3533 4073 3674 4146 quod
3711 4067 3872 4128 maluit

599 4177 726 4234 dum
751 4176 801 4233 is
830 4177 982 4233 locus
1009 4176 1303 4232 humandis
1336 4178 1749 4248 peregrinorum
1783 4175 2028 4247 reliquiis
2055 4176 2205 4231 dica-
2304 4182 2487 4239 regem
2539 4181 2597 4223 se
2643 4167 2896 4239 probare,
2944 4184 3106 4240 quam
3132 4169 3347 4237 dicere;
3395 4181 3452 4226 ut
3508 4157 3872 4226 condemnandi

598 4280 704 4337 tur,
733 4279 794 4326 et
821 4270 1123 4342 prophetia
1161 4269 1417 4339 impletur
1463 4270 1742 4326 oraculum
1773 4269 1988 4343 (Jcrem.
2023 4286 2200 4340 xxxii,
2306 4273 2522 4315 causam
2556 4261 2761 4316 habere
2792 4275 2898 4316 ηοιι
2921 4272 3145 4333 possem
3166 4304 3181 4330 ν
3210 4263 3466 4336 quiquod
3495 4263 3762 4335 objiciunt.
3787 4257 3872 4314 ιιοο

594 4363 724 4436 4i),
785 4371 841 4419 et
893 4363 1170 4437 surgentis
1227 4364 1486 4420 Ecclesia:
1534 4361 1858 4435 mysterium
1907 4363 2202 4418 reveletur.
2305 4356 2564 4415 fateatur.

596 4456 740 4526 Ager
769 4456 914 4512 enim
963 4455 1263 4512 secundum
1305 4455 1493 4510 divina
1524 4466 1796 4525 praecepta
1843 4455 2081 4510 mundus
2112 4454 2203 4511 hic
2372 4452 2465 4507 99.
2505 4450 2691 4520 (νει-ε.
2717 4451 2800 4519 8.)
2832 4449 3043 4508 Herode
3067 4463 3250 4509 autem
3295 4454 3552 4526 cupiente
3595 4451 3760 4522 aliqua
3783 4441 3871 4499 mi-

593 4550 772 4606 omnis
797 4561 881 4606 est
932 4547 1155 4622 (Matth.
1183 4563 1303 4616 xm,
1336 4548 1432 4622 '58)
1465 4565 1477 4604 :
1512 4543 1709 4623 ilgulus
1754 4557 1958 4617 autem,
1990 4549 2081 4605 ille
2109 4547 2202 4620 qui
2307 4545 2500 4601 rabilia
2532 4545 2651 4617 ejus
2679 4545 2885 4614 videre,
2918 4546 3036 4616 ipse
3068 4547 3239 4604 tacuit
3278 4554 3339 4604 et
3390 4547 3530 4604 nihil
3581 4544 3732 4607 fecit;
3765 4533 3870 4608 quis

595 4658 696 4698 nos
719 4641 978 4699 formavit
1015 4659 1046 4699 e
1069 4642 1222 4712 limo,
1269 4639 1336 4698 de
1362 4658 1474 4712 quo
1506 4641 1671 4700 habes
1711 4642 1771 4699 in
1800 4642 1972 4700 veteri
2003 4639 2195 4698 Tcsta-
2222 4630 2278 4691 D
2302 4655 2404 4695 nec
2427 4639 2573 4695 illius
2598 4639 2896 4695 crudelitas
2925 4641 3237 4696 merebatur
3263 4641 3458 4698 videre
3477 4641 3678 4703 divina,
3701 4646 3750 4690 et
3779 4631 3871 4685 Do.

594 4739 965 4805 ιιιθιι-ιοίριιὶα
991 4737 1143 4806 ﬁnxit
1171 4735 1314 4790 Deus
1331 4735 1596 4791 hauriam
1612 4735 1681 4790 de
1706 4736 1837 4790 tirno
1861 4744 2019 4789 terra:
2039 4733 2193 4807 (Gen.
2306 4732 2483 4788 minus
2523 4734 2839 4801 jactantinm
2870 4733 3194 4788 declinabat.
3241 4735 3313 4790 Et
3349 4735 3583 4789 fortasse
3629 4727 3790 4804 typice
3824 4721 3870 4776 in

596 4847 660 4898 ιι,
688 4832 767 4902 Ἰ),
791 4830 1065 4886 formandi
1107 4847 1209 4904 per
1255 4839 1526 4897 naturam,
1561 4827 1894 4885 reformandi
1943 4845 2040 4900 per
2069 4843 2196 4899 gra-
2308 4825 2523 4882 Herode
2550 4839 2742 4881 omnes
2789 4827 2940 4898 impii
2967 4826 3344 4900 significantur
3385 4847 3401 4884 :
3435 4829 3528 4902 qui
3555 4827 3599 4882 si
3631 4822 3746 4893 Legi
3776 4828 3867 4872 non

4053 198 4058 320 ι

594 4986 850 5030 omnes...
876 4972 996 5044 quia
1022 4971 1175 5026 dixit.
1211 4970 1435 5044 melius;
1466 4969 1782 5044 iactantiam
1813 4968 1956 5022 enim
1989 4966 2046 5022 S.
2076 4965 2178 5044 Pe:

596 5047 663 5100 tri
699 5037 914 5100 musam
948 5043 1113 5098 fuisse
1157 5057 1255 5098 cur
1284 5042 1336 5097 in
1370 5037 1650 5112 peccatum
1698 5037 1994 5104 laberetur,
2026 5037 2178 5092 multi

595 5131 661 5172 ex
687 5117 920 5188 aptiquls
947 5115 1304 5188 scriptoribus
1332 5122 1652 5188 agnoscunt:

665 5197 690 5226 °
711 5179 917 5245 Eadem
941 5179 1103 5241 Rern.
1155 5186 1284 5241 edit.
1329 5179 1449 5240 cum
1477 5199 1584 5239 uno
1607 5181 1730 5239 Vat.
1772 5181 1894 5236 cod.
1925 5188 1982 5236 et
2013 5179 2175 5248 Reg,

592 5271 786 5314 erectus
825 5277 875 5315 es
896 5270 952 5314 ut
975 5259 1103 5312 alios
1132 5259 1371 5328 erigeres,
1393 5258 1576 5326 qui....
1604 5272 1705 5328 non
1733 5267 2000 5328 erexeras;
2018 5252 2174 5317 Alite,

594 5346 658 5386 ac
703 5347 833 5386 mss.
883 5340 1162 5386 nostrates
1207 5322 1310 5382 hoc
1354 5322 1564 5381 tantum
1611 5327 1750 5380 inter
1796 5339 1856 5379 se
1898 5322 2174 5390 differunt,

592 5404 733 5473 quod
766 5405 856 5457 ubi
887 5405 1070 5471 plures
1102 5402 1443 5473 potioresque
1469 5413 1599 5451 mss.
1652 5397 1848 5473 habent
1887 5397 2077 5452 electus
2100 5411 2173 5462 es,

592 5469 680 5529 alii
701 5489 826 5530 clm
857 5469 988 5528 edit.
1029 5472 1292 5534 scribunt,
1325 5480 1519 5525 erectus
1562 5485 1616 5522 es
1645 5485 1662 5523 :
1692 5469 1799 5524 duo
1832 5483 1963 5524 vero
1994 5481 2092 5539 pro
2119 5476 2178 5521 ut

591 5544 720 5599 ιιἰίοι
747 5561 966 5616 rogares,
1007 5541 1463 5616 exhibent,_alios
1478 5555 1675 5611 regere.

661 5610 890 5672 “lectio
937 5620 1203 5684 fateretur,
1246 5611 1394 5670 addit
1432 5610 1588 5666 Rom.
1642 5611 1772 5667 edit.
1811 5610 1926 5666 sola

591 5691 834 5765 μὴ)ρᾠ
861 5688 1113 5765 argenteis
1137 5685 1320 5765 (nqueo
1349 5697 1402 5765 se
1426 5684 1712 5765 suspendit.

663 5751 814 5814 ἕως
832 5751 973 5815 edit.
1001 5755 1164 5812 Rom.
1206 5751 1451 5818 intrusis,
1507 5751 1566 5809 ut
1615 5755 1776 5819 solet,
1807 5751 2181 5820 compluribus

1973 5612 2181 5682 quando

593 5831 879 5902 Evangelii
897 5827 1178 5886 versiculis
1191 5826 1473 5898 subiungit
1496 5841 1508 5879 :
1547 5825 1850 5883 Secundum
1877 5824 2190 5882 Matthwum

2285 4982 2402 5020 cum
2433 4979 2763 5041 accusaretur
2791 4985 2822 5023 a
2851 4969 3169 5041 principibus
3197 4970 3522 5041 sacerdotum
3541 5013 3554 5035 ,
3579 4977 3632 5024 et
3672 4966 3866 5041 interr?

2285 5051 2495 5108 garetur
2520 5057 2551 5094 a
2582 5039 2782 5104 Pilato,
2807 5059 2908 5096 non
2932 5039 3194 5110 respondit
3223 5039 3288 5096 ad
3317 5041 3483 5096 ullum
3513 5041 3728 5098 verbum.

2286 5097 2558 5176 mirabilis,
2593 5123 2699 5166 etc.
2729 5097 2783 5166 In
2816 5097 3170 5183 sequentibus
3198 5123 3402 5177 autem,
3459 5130 3488 5168 a
3539 5097 3862 5183 numero}?

2287 5197 2457 5255 usque
2488 5170 2556 5238 ad
2581 5183 2702 5246 129.
2726 5170 3022 5240 occurrunt
3049 5170 3332 5255 perpetua:
3351 5170 3703 5255 mutationes.
3730 5170 3863 5255 θάψ’

2289 5244 2484 5328 tiones,
2515 5271 2578 5310 ac
2610 5244 3086 5328 ιι-ίιὴειιοδὶιίυιιυὲ.
3139 5244 3416 5328 Compone
3458 5244 3698 5328 eamdem
3742 5244 3859 5323 edit.

2286 5339 2407 5379 cum
2436 5327 2538 5380 alia
2569 5327 2651 5382 vel
2677 5342 2778 5380 ms.
2811 5327 2992 5398 aliquo
3020 5338 3071 5384 et
3100 5327 3378 5397 fatebere;
3405 5343 3503 5384 nos
3523 5327 3663 5384 enim
3687 5331 3859 5392 praeel-

2286 5410 2421 5469 pnas
2445 5405 2653 5451 tantum
2678 5398 3057 5469 subjicientus.
3515 5468 3518 5469 ν
3701 5463 3718 5469 ,
3785 5427 3788 5430 ’

2357 5465 2384 5504 (ί
2413 5469 2611 5523 Omnes
2633 5463 2849 5524 editfet
2875 5472 3121 5539 plerique
3151 5485 3306 5538 mss.,
3341 5468 3552 5528 tacendo
3591 5463 3855 5539 confirmat.

2286 5538 2454 5594 Corh.
2487 5550 2670 5594 tamen
2702 5554 2824 5595 cum
2866 5535 2987 5597 aliis
3026 5535 3234 5612 aliquot
3258 5535 3545 5609 {timendo
3585 5535 3852 5612 conﬁngi}!-

2288 5612 2456 5684 Magis
2487 5614 2775 5676 Concinne,
2816 5622 2872 5666 ut
2913 5601 3184 5684 intelligas
3237 5601 3305 5670 ex
3350 5601 3693 5684 sequentibus
3741 5601 3854 5684 illis,

2292 5681 2429 5751 Quid
2460 5685 2595 5756 enim
2616 5687 2836 5756 timeret,
2857 5686 2946 5756 qui
2977 5701 3076 5756 non
3097 5681 3310 5741 ambiret
3334 5681 3572 5756 salutem.
3597 5681 3855 5756 Ροειηίιυέξ

2293 5741 2452 5810 ἴσως
2479 5755 2639 5811 Rom.
2664 5751 2793 5812 edit.
2815 5741 2956 5826 sola,
2981 5754 3140 5816 Salus
3165 5758 3279 5828 ipsa
3300 5773 3353 5814 se
3371 5754 3565 5830 prodit,
3591 5765 3689 5826 pro
3715 5741 3865 5802 ,ςιιιιιι

2295 5827 2554 5881 omnium.
2581 5836 2685 5881 etc.

2295 5836 2554 5897 omnium,
2581 5836 2685 5884 etc.
