4040 6496
566 377 704 441 1851
1930 374 2145 435 ΒᾹΝΟἸ

2254 373 2541 434 1111110811
3762 379 3893 438 {833

555 504 744 550 menta
766 492 1047 564 deposuit;
1074 492 1289 548 utsclas
1305 491 1459 562 quasi
1484 490 1758 548 hominem
1780 505 1997 563 passum
2012 506 2156 556 esse,
2186 490 2239 552 Α
2269 488 2649 558 triumphalem
2678 490 2904 559 praeibat
2934 490 3074 545 bona
3101 504 3298 562 pompa
3340 489 3770 562 resurgentium
3801 492 3890 546 de.

559 598 670 640 non
720 586 876 657 quasi
931 585 1101 640 Deum
1149 597 1368 655 regem:
1397 582 1504 639 etsi
1546 592 1834 653 utrumque
1878 581 2167 653 Christus,
2271 580 2601 637 functorum.
2629 580 2783 637 Solet
2805 582 2968 638 etiam
2992 581 3183 638 titulus
3203 582 3625 655 subjugatarum
3649 583 3889 653 gentium

557 677 717 747 quasi
744 676 1022 733 hominem
1057 684 1260 742 tamen,
1310 690 1419 731 non
1465 673 1620 745 quasi
1661 674 1830 731 Deum
1864 676 2016 732 cruci
2045 693 2169 736 esse
2269 689 2555 729 numerum
2605 675 2913 746 designare.
2966 674 3053 732 Sit
3094 675 3150 731 in
3197 675 3308 732 illis
3350 676 3659 749 triumphis
3707 676 3891 734 ordine

557 769 842 827 suffixum.
864 770 971 826 Sed
1001 768 1203 825 milites
1232 784 1339 825 non
1370 767 1544 825 Judaei
1562 768 1745 824 sciunt
1766 784 1875 840 quo
1898 779 2165 841 tempore,
2267 766 2500 837 quodam
2528 767 2735 840 digesta
2756 768 3082 826 miserabilis
3122 769 3490 837 devictarum,
3533 770 3890 841 pereuntium

554 864 736 936 qualia
762 864 1323 935 vestimentaﬂhristo
1351 866 1701 920 conveniant.
1733 874 1758 903 ⁸
1783 864 1997 921 indicio
2011 867 2167 936 quasi

556 958 730 1014 victor
758 956 993 1014 assistit:
1023 955 1089 1012 ad
1119 957 1431 1028 passionem
1458 967 1733 1029 tamquam
1767 972 1915 1025 reus,
1943 957 2167 1015 humilis

558 1052 727 1108 venit.

628 1140 751 1198 109.
792 1140 948 1199 Nunc
994 1141 1255 1213 quoniam
1299 1150 1566 1212 tropaeum
1590 1140 1706 1212 jam
1736 1141 2005 1209 vidimus,
2037 1158 2163 1198 cur-

554 1251 676 1292 rum
701 1250 857 1292 suum
883 1235 1249 1307 triumphator
1275 1235 1567 1292 ascendat:
1595 1251 1697 1291 nec
1724 1236 1981 1292 arborum
2014 1246 2163 1292 trun-

554 1329 667 1394 cis,
698 1338 793 1385 aut
821 1327 1162 1400 quadriiugis
1193 1328 1452 1399 plaustris
1490 1328 1774 1384 manubias
1824 1328 1892 1383 de
1945 1329 2161 1385 mortali

553 1420 714 1478 hoste
752 1422 1043 1493 quaesitas,
1099 1422 1195 1476 sed
1244 1420 1483 1490 patibulo
1510 1420 1817 1491 triumphali
1866 1421 2163 1491 suspendat

548 1515 766 1587 captiva
796 1514 866 1571 de
886 1513 1087 1570 saeculo
1110 1513 1308 1583 spolia.
1340 1512 1456 1567 Non
1485 1511 1572 1568 hic
1599 1513 1862 1568 revinctis
1891 1524 2010 1583 post
2046 1522 2157 1568 ter-

550 1621 680 1677 gum
707 1605 946 1663 brachiis
967 1615 1179 1677 gentes,
1214 1620 1314 1661 nec
1332 1606 1635 1662 excisarum
1655 1607 1866 1661 urbium
1896 1607 2158 1678 imagines

552 1698 862 1764 cernimus,
910 1698 1344 1771 oppidorumque
1372 1707 1656 1769 captorum
1700 1700 2020 1765 simulacra,
2063 1710 2158 1756 aut

549 1793 821 1849 submissa
841 1800 1122 1862 captorum
1160 1806 1347 1862 regum
1373 1792 1510 1847 colla
1538 1792 1819 1859 miramur,
1846 1792 2033 1863 quales
2057 1792 2156 1847 hu-

550 1900 838 1943 manorum
858 1885 1036 1941 solent
1062 1885 1275 1957 species
1295 1901 1418 1941 esse
1441 1885 1873 1956 triumphorum;
1908 1901 2011 1943 nec
2034 1887 2152 1942 vic-
2183 1899 2233 1961 Β

550 1979 708 2034 toria:
737 1978 999 2033 terminos
1020 1977 1258 2048 regionis
1279 1976 1388 2033 fine
1415 1977 1738 2034 distinctos:
1780 1978 1876 2032 sed
1925 1988 2153 2033 ovantes

550 2071 781 2143 populos
812 2071 1115 2138 nationum,
1142 2071 1405 2141 quaesitos
1430 2086 1538 2126 non
1568 2069 1638 2127 ad
1660 2070 2013 2143 supplicium,
2056 2070 2151 2128 sed

549 2165 619 2221 ad
644 2164 945 2235 praemium,
973 2178 1131 2235 reges
1162 2163 1350 2219 liberis
1394 2163 1680 2221 affeCIibus
1706 2165 2017 2233 adorantes,
2051 2181 2152 2222 vo-

546 2253 799 2312 luntariis
834 2255 996 2312 urbes
1049 2254 1241 2311 studiis
1294 2254 1530 2323 deditas,
1578 2264 1633 2311 et
1663 2256 1718 2311 in
1759 2256 1952 2312 melius
1982 2257 2152 2313 refor-

546 2359 724 2407 matas
754 2352 1015 2422 imagines
1040 2349 1387 2422 oppidorum,
1420 2366 1557 2423 quas
1581 2367 1689 2407 non
1719 2350 1746 2390 ι)
1766 2351 1919 2407 fucus
1932 2368 2153 2424 expres-

544 2441 675 2498 serit
703 2483 718 2508 ,
749 2441 847 2497 sed
872 2442 1091 2499 devotio
1115 2443 1444 2499 coloraverit
1471 2443 1596 2499 fidei
1623 2462 1636 2497 :
1667 2458 1819 2499 arma
1847 2485 1863 2512 ,
1893 2444 2151 2499 victoria.

546 2549 779 2605 rumque
795 2534 916 2606 jura
948 2542 1063 2590 toto
1084 2534 1220 2590 orbe
1240 2536 1535 2603 currentia,
1552 2538 1822 2606 captivum
1851 2537 2150 2608 principem

546 2626 757 2693 mundi,
783 2636 837 2683 et
858 2626 1165 2697 Spiritualia
1187 2627 1442 2698 nequitia:
1464 2644 1585 2699 qua:
1599 2636 1727 2684 sunt
1749 2630 1800 2683 in
1818 2629 2152 2696 caelestibus,

542 2719 854 2777 obedientia
879 2719 1030 2776 vocis
1062 2721 1311 2776 humanm
1340 2720 1596 2790 imperio,
1637 2721 1884 2777 subditas
1909 2721 2156 2777 domina-

539 2811 719 2869 tiones
742 2812 1124 2884 variarumque
1142 2812 1404 2867 virtutum
1430 2816 1666 2883 species,
1693 2829 1799 2869 non
1828 2814 2041 2880 sericis,
2057 2814 2155 2869 sed

539 2905 788 2963 moribus
807 2907 1129 2963 emicantes.
1158 2905 1350 2977 Fulget
1376 2908 1623 2974 castitas,
1652 2906 1784 2962 fides
1812 2908 2159 2978 splendet,et

541 2996 730 3054 induta
762 2998 955 3054 mortis
983 2997 1195 3055 exuviis
1224 2997 1446 3054 devotio
1472 2998 1810 3054 fortitudinis
1829 2998 1941 3070 jam
1972 3015 2158 3056 resur-

538 3091 639 3163 git.
668 3091 821 3149 Unus
842 3095 936 3149 Dei
970 3091 1275 3163 triumphus
1304 3092 1437 3149 fecit
1465 3109 1658 3150 omnes
1681 3108 1850 3165 prope
1867 3095 1979 3165 jam
2006 3106 2029 3135 α
2055 3095 2155 3151 ho-

542 3184 720 3239 mines
749 3183 1112 3254 triumphare,
1141 3199 1276 3240 crux
1310 3184 1549 3239 Domini.

2263 862 2662 918 contumeliosa
2683 862 2970 934 captivitas
2993 864 3313 920 nationum:
3344 865 3439 921 hic
3471 862 3890 935 redemptarum

2265 952 2509 1025 gentium
2539 964 2731 1010 vernat
2756 955 2930 1025 gratia
2958 973 2971 1010 :
3001 954 3149 1028 digni
3174 965 3329 1012 tanto
3349 954 3888 1027 triumpbojngales,

2265 1052 2326 1101 ut
2354 1048 2576 1115 caelum,
2601 1056 2768 1113 terra,
2802 1049 2994 1117 maria,
3025 1048 3234 1106 inferna
3266 1066 3295 1105 a
3324 1050 3655 1122 corruptela
3674 1061 3889 1108 muten-

2265 1148 2354 1194 tur
2382 1139 2451 1194 ad
2482 1140 2735 1211 gratiam.

2337 1232 2463 1287 “2.
2522 1232 2791 1289 Scribitur
2818 1241 2998 1290 autem
3043 1242 3065 1273 ο
3097 1233 3308 1303 titulus,
3358 1245 3414 1293 et
3442 1252 3618 1308 super
3670 1252 3884 1293 crucem

2262 1324 2505 1394 ponitur,
2555 1339 2661 1379 non
2703 1325 2841 1380 infra
2877 1341 3125 1391 crucem;
3171 1326 3297 1398 quia
3338 1328 3677 1399 principium
3729 1344 3885 1399 super

2262 1415 2521 1471 humeros
2546 1416 2684 1486 ejus.
2717 1416 3047 1487 Principium
3076 1428 3257 1474 autem
3290 1420 3419 1489 quid
3448 1430 3556 1486 est,
3601 1420 3719 1476 nisi
3750 1435 3883 1477 sein-

2261 1506 2476 1578 piterna
2506 1509 2678 1563 virtus
2703 1508 2843 1579 ejus,
2872 1519 3034 1580 atque
3058 1510 3314 1566 divinitas
3338 1513 3361 1565 ?
3388 1511 3552 1570 Unde
3574 1522 3635 1568 et
3654 1515 3779 1585 ipse
3806 1514 3880 1569 in-

2262 1607 2575 1670 terrogatus
2602 1598 2725 1670 quis
2753 1609 2921 1668 esset,
2954 1602 3273 1672 respondit:
3324 1601 3694 1676 Principium,
3727 1608 3880 1677 quiet

2259 1692 2455 1763 loquor
2482 1693 2646 1747 vobis.
2678 1692 2947 1763 Legamus
2968 1694 3116 1750 hunc
3146 1695 3359 1751 titulum
3385 1713 3399 1749 :

2330 1782 2362 1838 J
2371 1800 2509 1851 esus,
2548 1784 2746 1854 inquit,
2778 1784 3090 1839 Nusarenus
3107 1801 3200 1840 rex
3219 1784 3556 1842 Judworum.

2336 1875 2462 1931 115.
2497 1875 2693 1932 Merito
2723 1890 2885 1947 supra
2914 1892 3131 1933 crucem
3161 1878 3376 1948 titulus;
3436 1880 3571 1951 quia
3624 1896 3745 1937 non
3793 1881 3875 1936 hu~

2260 1966 2409 2022 mani
2434 1969 2703 2038 corporis,
2723 1967 2820 2024 sed
2842 1968 3039 2025 divina:
3062 1972 3346 2040 potestatis
3369 1981 3456 2029 est
3482 1988 3724 2043 regnum
3747 1978 3872 2045 quod

2256 2059 2425 2115 habet
2452 2057 2727 2116 Christus.
2761 2061 2955 2117 Merito
2979 2077 3140 2133 supra
3183 2078 3403 2120 crucem
3457 2066 3699 2131 titulus;
3759 2067 3867 2137 quia

2256 2157 2387 2212 licet
2413 2157 2467 2211 in
2495 2171 2660 2212 cruce
2684 2165 2805 2212 erat
2837 2157 3099 2214 Dominus
3130 2157 3291 2214 Jesus
3309 2200 3323 2224 ,
3350 2173 3518 2230 super
3543 2174 3777 2216 crucem
3799 2170 3869 2214 ta-

2256 2264 2383 2305 men
2436 2249 2583 2321 regis
2635 2251 2923 2319 majestate
2965 2252 3237 2307 radiabat.
3294 2251 3514 2317 Vermis
3576 2255 3634 2309 in
3696 2270 3868 2321 cruce,

2256 2342 2567 2398 scarabteus
2591 2342 2655 2397 itr
2671 2358 2839 2399 cruce
2870 2361 2882 2396 :
2915 2352 2971 2400 et
2993 2343 3169 2399 bonus
3187 2344 3511 2421 vermisqni
3541 2345 3710 2401 laesit
3738 2347 3790 2401 in
3813 2346 3865 2400 li-

2255 2449 2389 2505 gno,
2421 2435 2601 2490 bonus
2631 2436 2942 2491 scarabzeus
2967 2436 3060 2507 qui
3088 2437 3344 2493 clamavit
3394 2454 3427 2494 e
3468 2439 3643 2509 ligno.
3677 2438 3700 2476 τ
3731 2439 3855 2507 Quid

2254 2526 2557 2583 clamavit?
2582 2526 2824 2595 Domine,
2850 2546 2913 2584 ne
2942 2538 3143 2586 statuas
3164 2529 3272 2584 illis
3303 2530 3399 2585 hoc
3420 2541 3725 2602 peccatum.
3753 2532 3860 2588 Cla-

2259 2623 2431 2677 mavit
2455 2620 2697 2676 latroni:
2732 2618 2907 2675 Hodie
2934 2636 3135 2675 mecum
3180 2622 3284 2677 eris
3335 2622 3388 2677 in
3439 2624 3715 2695 paradiso.
3755 2623 3860 2679 Cla-

2266 2716 2436 2771 niavit
2463 2715 2618 2785 quasi
2648 2716 2957 2770 scarabmus
2987 2714 3196 2783 :‘Deus,
3240 2714 3382 2771 Deus
3408 2732 3577 2784 meus,
3611 2734 3775 2788 quare
3797 2734 3860 2771 nec

2264 2804 2632 2881 dereliquisti?
2661 2808 2729 2863 Et
2758 2807 2931 2864 bonus
2952 2808 3282 2878 scarabaeus,
3314 2808 3410 2880 qui
3431 2809 3610 2865 lutum
3625 2814 3857 2881 corporis

2259 2903 2433 2957 nostri
2463 2911 2591 2957 ante
2630 2900 2864 2957 informe
2912 2916 2977 2957 ac
3032 2902 3245 2973 pigrum
3298 2904 3564 2959 virtutum
3617 2906 3855 2961 versabat

2259 2992 2505 3064 vestigiis
2538 3011 2552 3047 :
2582 2991 2762 3048 bonus
2788 2995 3116 3062 searahaens,
3146 2995 3237 3065 qui
3291 2994 3361 3051 de
3411 3006 3665 3053 stercore
3714 2997 3855 3068 erigit

2259 3102 2577 3159 pauperem.
2630 3086 2821 3142 Erexit
2863 3086 3128 3152 Paulum,
3179 3086 3271 3157 qui
3314 3087 3621 3145 astimatus
3673 3101 3758 3146 est
3809 3098 3853 3144 ut

2259 3191 2504 3237 stercora
2532 3198 2546 3235 :
2579 3181 2753 3237 erexit
2779 3191 2835 3237 et
2862 3180 2966 3237 Job
2991 3182 3081 3255 qui
3104 3180 3330 3238 sedebat
3359 3183 3412 3238 in
3442 3191 3712 3241 stercore.
3750 3183 3849 3239 Non

619 3273 744 3329 110.
779 3272 805 3311 ά
856 3273 1046 3329 Refert
1094 3289 1226 3345 ergo
1256 3275 1603 3332 considerare
1657 3277 1831 3349 qualis
1856 3278 2151 3347 (ascendit.
2181 3295 2227 3357 α
2261 3274 2556 3331 mediocris
2582 3290 2712 3345 ergo
2742 3276 2950 3331 titulus.

540 3364 757 3422 Nudum
780 3365 972 3421 video:
1010 3367 1134 3422 talis
1179 3381 1309 3437 ergo
1335 3368 1597 3423 ascendat
1622 3369 1716 3439 qui
1738 3372 1996 3425 saeculum
2027 3371 2141 3427 vin-

536 3470 664 3513 cere
686 3466 872 3527 parat;
897 3467 955 3512 ut
977 3458 1161 3513 saeculi
1193 3458 1510 3527 adiumenta
1559 3475 1669 3516 non
1701 3471 1931 3532 quaerat.
1965 3462 2153 3519 Victus

537 3559 624 3607 est
645 3549 816 3605 Adam
842 3552 936 3621 qui
971 3550 1301 3606 vestimenta
1328 3553 1619 3621 quaesivit:
1663 3552 1791 3608 vicit
1830 3554 1922 3610 ille
1948 3555 2039 3625 qui
2072 3563 2153 3610 te-

537 3651 798 3715 gumenta
819 3642 1088 3714 deposuit.
1109 3641 1179 3698 Et
1200 3642 1323 3698 talis
1335 3644 1786 3715 ascenditquales
1810 3630 1909 3702 nos
1932 3657 2153 3705 auctore

535 3734 674 3802 Deo,
689 3744 877 3791 natura
900 3736 1191 3792 formavit:
1218 3736 1339 3791 talis
1356 3736 1412 3792 in
1435 3738 1651 3811 1528
1663 3739 1916 3811 paradiso
1947 3741 2151 3810 primus

536 3826 706 3885 homo
747 3828 1009 3885 habitavit
1038 3870 1053 3895 ,
1086 3828 1210 3884 talis
1241 3828 1307 3884 ad
1339 3831 1655 3901 paradisum
1685 3831 1850 3887 homo
1879 3832 2150 3889 secundus

534 3920 778 3979 intravit.
806 3921 875 3977 Et
896 3931 956 3979 ut
1002 3938 1110 3979 non
1138 3922 1243 3978 sibi
1274 3923 1413 3993 soli,
1448 3924 1544 3981 sed
1583 3927 1839 3982 omnibus
1878 3928 2141 3995 vinceret,

535 4029 729 4070 manus
758 4015 1024 4083 extendit,
1064 4030 1172 4087 quo
1203 4016 1385 4072 omnia
1418 4017 1662 4074 traheret
1690 4019 1759 4074 ad
1782 4035 1872 4086 se;
1913 4028 1970 4074 ut
1995 4019 2141 4075 nodo

536 4108 730 4164 mortis
750 4117 939 4177 exuta,
957 4108 1088 4179 jugo
1110 4108 1235 4164 fidei
1266 4123 1553 4180 suspensa,
1582 4112 1901 4169 coelestibus
1926 4128 1989 4168 ea
2018 4128 2141 4185 qua:

533 4205 688 4278 prius
717 4212 876 4259 erant
901 4212 1119 4260 terrena
1150 4205 1409 4261 sociaret.

606 4300 732 4355 111.
757 4298 936 4370 (Vers.
952 4298 1069 4368 58.)
1091 4297 1363 4355 Scribitur
1391 4300 1556 4355 etiam
1579 4301 1772 4356 titulus
1795 4318 1806 4354 :
1832 4302 1974 4357 solet
1998 4318 2137 4372 prae-

2330 3367 2453 3425 114.
2496 3368 2617 3437 Ipse
2642 3378 2824 3424 autem
2856 3367 3036 3423 crucis
3066 3368 3246 3437 locus,
3275 3378 3297 3416 ις
3324 3369 3410 3425 vel
3465 3371 3520 3425 in
3564 3368 3773 3437 medio,
3800 3378 3847 3425 ut

2255 3460 2590 3531 conspicuus
2637 3460 2931 3517 omnibus:
2974 3461 3060 3517 vel
3112 3477 3277 3538 supra
3309 3462 3479 3527 Adte,
3530 3472 3591 3517 ut
3648 3460 3843 3519 Hebraei

2255 3552 2555 3624 disputant,
2581 3554 2938 3623 sepulturam.
2956 3553 3305 3624 Congruebat
3325 3554 3529 3624 quippe
3548 3562 3606 3609 ut
3634 3554 3709 3610 ibi
3737 3556 3841 3609 vita

2254 3656 2456 3701 nostrae
2524 3644 2779 3715 primitiae
2842 3645 3156 3701 locarentur
3184 3685 3201 3711 ,
3257 3645 3351 3702 ubi
3382 3647 3625 3705 _l'uerant
3665 3646 3838 3703 mortis

2253 3742 2501 3800 exordia.

2324 3838 2449 3893 115.
2495 3834 2521 3873 ιι
2552 3835 2876 3892 Dividuntur
2901 3836 3243 3904 vestimenta,
3272 3835 3395 3891 aliis
3416 3835 3569 3891 aliud
3590 3844 3737 3893 sorte
3758 3836 3834 3891 de.

2247 3930 2459 3997 fertur;
2510 3929 2604 3985 Dei
2662 3928 2807 3984 enim
2865 3928 3089 3999 spiritus
3142 3944 3250 3983 non
3302 3930 3538 3983 humana
3592 3929 3832 3998 Opinione

2248 4021 2750 4093 comprehenditur,
2772 4020 2866 4078 sed
2884 4022 3037 4091 quasi
3061 4020 3292 4091 quodam
3314 4029 3513 4076 eventu
3538 4021 3829 4090 inopinatus

2247 4115 2507 4172 illabitur.
2564 4114 2633 4170 Et
2675 4114 2908 4170 fortasse
2936 4114 3137 4171 milites
3190 4114 3278 4169 isti
3335 4124 3567 4185 quatuor
3597 4114 3828 4184 Evange-

2246 4210 2493 4265 listarum
2525 4208 2795 4265 habebant
2822 4217 3012 4281 typum
3041 4249 3056 4274 ,
3101 4207 3195 4279 qui
3240 4210 3578 4278 scripserunt
3605 4210 3826 4275 titulum,

2245 4317 2406 4373 quem
2430 4318 2622 4359 omnes
2642 4303 2908 4374 legamus.
2929 4302 3075 4373 Lego
3096 4303 3313 4357 titulum
3334 4303 3479 4373 regis
3505 4302 3824 4367 Judaeorum,

531 4394 731 4452 cedere
785 4408 980 4466 pompa
1029 4393 1296 4459 victores;
1354 4403 1412 4449 at
1459 4409 1592 4452 vero
1646 4410 1866 4452 currum
1919 4397 2133 4453 Domini
2162 4388 2361 4451 Dcum
2392 4395 2515 4468 lego
2548 4413 2563 4451 :
2592 4395 2834 4470 Regnum
2880 4412 3051 4451 meum
3100 4395 3315 4469 1529
3366 4412 3470 4451 non
3515 4406 3592 4452 est
3637 4398 3701 4452 de
3742 4398 3825 4452 hoc

606 4591 635 4620 α
667 4580 865 4637 Eadem
887 4580 1019 4636 edit.
1041 4578 1226 4652 Bom.,
1254 4579 1470 4634 Iudicio
1493 4579 1628 4633 enim
1651 4581 1705 4634 in
1729 4595 1965 4652 purpura
1986 4580 2136 4651 quasi

535 4653 699 4709 victor
746 4652 961 4719 assistit,
990 4649 1059 4704 ad
1084 4651 1377 4719 passionem
1415 4667 1535 4707 vero
1572 4652 1626 4709 in
1668 4649 1775 4707 suis
1816 4649 2133 4708 vestimentis

537 4724 686 4796 quasi
695 4738 851 4796 _reus,
874 4721 1088 4796 humilis
1113 4722 1269 4796 venit.

609 4794 644 4867 ιγ
657 4793 860 4867 Encas,
890 4793 1106 4867 proprie
1127 4793 1396 4863 quoddam
1412 4794 1573 4867 _rubei
1599 4795 1801 4867 coloris
1824 4811 1999 4867 genus
2026 4804 2131 4857 est:

534 4866 633 4923 sed
656 4865 742 4920 hic
771 4865 891 4920 laxe
933 4866 1165 4939 sumitur
1215 4880 1325 4939 pro
1337 4865 1529 4939 colore
1575 4866 1721 4939 omni
1753 4865 1859 4938 quo
1894 4869 2134 4939 pictores

536 4945 785 5003 utuntur,
815 4946 873 4990 ut
900 4934 1260 5009 apndllorat.
1297 4936 1392 4991 lib.
1423 4938 1639 5009 tn,_ode
1667 4939 1725 5003 5,
1760 4934 1858 5008 pro
1887 4934 2134 5009 qualibet

531 5011 769 5066 tinctura
798 5021 900 5079 qua
931 5006 1244 5061 inliciuntnr
1287 5008 1469 5076 panni.
1502 5006 1774 5063 Caeterum
1805 5006 1921 5064 non‘
1943 5010 2130 5065 indili-

533 5091 729 5153 genter
782 5079 884 5133 hoc
929 5079 1414 5153 ethsequenti‘bus
1461 5079 1733 5153 _nnm_eris
1775 5096 1839 5153 ea
1896 5095 2124 5153 percur-

534 5148 745 5215 runtur,
793 5165 915 5221 qua:
976 5148 1117 5221 olim,
1154 5150 1223 5221 in,
1252 5148 1546 5221 triumphis
1598 5150 1827 5205 Romani
1874 5152 2131 5208 obserVa-

532 5220 994 5349 ban::_Deqnibtts
1017 5220 1182 5275 multa
1205 5220 1480 5292 Sigonius,
1510 5220 1769 5323 Rosinus:
1801 5220 2129 5279 Laurentius

532 5303 589 5349 et
610 5311 638 5349 a
667 5310 722 5348 ιι.

531 5303 589 5353 et
610 5293 722 5350 alii.
1739 5300 1757 5323 ‘

529 5414 541 5428 ,
610 5378 633 5405 ο
664 5364 805 5421 Edit.
834 5405 850 5431 ,
905 5363 1134 5418 homines
1182 5361 1620 5434 triumphatores;
1670 5380 1799 5421 mss.
1830 5407 1845 5431 ,
1895 5363 2127 5420 homines

532 5436 889 5508 triumphare;
915 5435 1009 5490 sed
1040 5434 1107 5508 in
1122 5434 1446 5508 quibusdam
1492 5438 1813 5492 omittuntur
1834 5446 2126 5508 sequentes

530 5509 654 5566 dum
683 5503 843 5563 voces
866 5549 882 5574 ,
914 5521 1043 5561 crux
1070 5503 1300 5560 Domini.

599 5579 628 5620 ά
656 5581 813 5661 Rom.
843 5578 999 5644 edit.,
1030 5576 1214 5661 Refert
1236 5592 1353 5631 vero
1390 5578 1715 5661 considerare
1744 5580 1894 5651 (quia
1930 5596 2121 5661 _secun-

526 5653 653 5709 dum
684 5651 945 5715 Marcum,
972 5649 1333 5722 cruciﬁgentes
1357 5665 1475 5704 eum
1502 5649 1788 5706 diviserunt
1816 5653 2120 5708 vestimenta

524 5722 858 5799 ejus)!qu_alis
887 5736 1092 5799 erucem
1119 5718 1387 5799 ascendat.

599 5806 623 5835 ⁸
643 5788 849 5852 Eadem
879 5791 1008 5849 edit.
1033 5792 1215 5853 Rom.,
1242 5788 1444 5849 Titulus
1470 5795 1619 5849 etiam
1636 5796 1922 5851 secundum
1949 5794 2113 5849 Joan-

518 5882 657 5939 nem,
686 5875 732 5921 ct
758 5881 914 5937 supra
950 5880 1147 5920 crucem
1178 5863 1431 5935 ponitur;
1466 5878 1521 5922 ut
1551 5869 1714 5938 afﬁxo
1756 5870 1898 5924 cruci
1938 5868 2107 5923 chiro-

2239 4581 2461 4651 grapho,
2491 4580 2627 4651 quod
2648 4590 2757 4637 erat
2789 4580 3107 4635 contrarium
3145 4579 3311 4645 nobis,
3354 4581 3607 4633 sententia
3644 4590 3821 4635 uetusta

2238 4664 2479 4708 cessaret.
2502 4653 2573 4708 Et
2598 4653 2735 4708 infra
2762 4670 2775 4706 :
2808 4652 3013 4707 Titulus
3039 4660 3211 4705 autent
3229 4661 3338 4706 erat
3369 4652 3654 4706 secundum
3673 4652 3821 4705 Joan-

2239 4740 2353 4793 nem
2383 4741 2400 4780 :
2439 4725 2471 4780 J
2480 4742 2593 4779 esus
2626 4722 2932 4779 Nazarenus
2961 4721 3075 4778 Rea:
3094 4722 3443 4788 Judworum;
3490 4739 3643 4793 quem
3684 4724 3821 4777 multi

2234 4792 2542 4869 Judworum
2564 4797 2818 4868 legerunt.
2845 4794 3103 4867 Legamus
3124 4795 3283 4869 igitur
3306 4804 3351 4849 et
3373 4792 3509 4848 nos.
3531 4792 3673 4866 Lego
3706 4798 3818 4849 titu-

2234 4866 2342 4940 lum
2370 4870 2527 4940 regis,
2560 4866 2668 4925 etc.

2308 4937 2327 4976 ί
2358 4936 2497 4995 Εόῖι.
2531 4940 2717 5005 Rom.,
2749 4939 2923 5006 Pater,
2955 4938 3153 4995 dimitte
3179 4936 3286 4991 illis
3311 4951 3330 5001 ,'
3366 4936 3465 4991 hoc
3498 4946 3608 5005 est,
3636 4953 3696 4993 ne
3722 4946 3817 4991 sta-

2231 5017 2348 5065 tuas
2377 5013 2483 5066 illis
2509 5009 2607 5065 hoc
2636 5018 2920 5083 peccatum.

2305 5093 2328 5129 κ
2354 5079 2694 5145 Ambrosius,
2714 5098 2941 5153 quzesua
2963 5080 3229 5137 modestia
3262 5088 3367 5147 est,
3398 5079 3532 5153 nihil
3572 5080 3676 5138 hoc
3706 5081 3813 5136 loco

2231 5150 2441 5209 definit.
2490 5154 2690 5209 Harum
2718 5150 2900 5210 autem
2928 5153 3245 5222 opinionum
3286 5151 3647 5222 posteriorem
3693 5152 3813 5209 Mal-

2230 5222 2463 5280 donatus
2489 5227 2541 5281 in
2572 5241 2693 5294 cap.
2718 5241 2865 5281 xxvn
2896 5223 3158 5289 Mattbaai,
3212 5224 3431 5289 citatis,
3478 5222 3569 5294 qtti
3616 5225 3684 5279 ab
3731 5223 3808 5278 illa

2228 5298 2466 5365 stabant,
2486 5297 2720 5369 antiquis
2736 5297 3010 5361 Patribus,
3031 5295 3810 5369 opinionemvocatntultorum

2227 5364 2455 5422 veterum
2498 5364 2812 5439 scriptorum
2865 5364 3171 5421 auctoritate
3216 5365 3456 5439 nobilem.
3489 5364 3705 5439 AVerutn
3751 5381 3807 5419 ea

2228 5439 2407 5495 minus
2449 5436 2649 5510 placuit
2679 5449 2869 5495 sancto
2900 5440 3254 5510 Hieronymo,
3288 5437 3380 5510 qui
3421 5436 3657 5510 priorem
3704 5452 3808 5510 am:

2224 5510 2424 5635 Elelxus
2445 5506 2604 5567 estin
2633 5526 2754 5581 cap.
2780 5527 2811 5565 v
2836 5506 3139 5567 Ezechielis
3158 5527 3179 5562 ς
3211 5518 3267 5563 et
3296 5506 3426 5563 item
3457 5507 3511 5564 in
3546 5522 3669 5579 cap.
3695 5524 3723 5561 v
3745 5506 3805 5562 ad

2276 5596 2306 5635 ι)
2328 5598 2513 5635 iesms.

2274 5596 2513 5650 pnesros.

2296 5650 2324 5690 ιι
2354 5653 2512 5708 Rom.
2538 5653 2673 5709 edit.
2700 5653 2840 5720 sola,
2885 5652 3178 5708 Diaidentes
3198 5667 3318 5707 vero
3355 5652 3655 5708 vestimenta
3693 5651 3800 5719 ejus

2222 5724 2471 5781 miserunt
2497 5735 2676 5781 sortes.
2709 5725 2861 5794 Quod
2888 5741 2979 5780 nec
3020 5725 3260 5794 mysterio
3300 5733 3469 5778 vacat.
3518 5720 3625 5777 Alii
3671 5721 3797 5776 enim

2220 5795 2388 5868 aliud.
2422 5805 2527 5868 etc.
2574 5796 2712 5851 Infra
2746 5813 2878 5853 vero
2912 5804 3037 5868 post
3064 5794 3098 5849 4
3132 5810 3343 5863 versus,
3376 5794 3464 5864 qui
3492 5794 3795 5863 scripserunt

2221 5867 2580 5939 Evangeliunt.
