4040 6492
148 338 190 399 «ι
202 340 329 402 855

1150 351 1517 413 EXPOSITIO
1547 356 1804 417 EVANG.
1847 361 1997 421 SEC.
2043 363 2198 424 LUC.
2239 366 2370 424 LIB.
2422 369 2488 426 Χ.

3347 381 3486 438 1854

151 459 384 515 snundo
414 457 598 532 (Joan.
638 476 788 532 xvtn,
817 461 931 535 56).
961 463 1108 537 Lego
1137 481 1355 524 causam
1393 470 1592 526 Christi
1617 487 1781 542 super
1806 480 1860 542 Α
1887 477 2049 547 igitur
2093 479 2254 537 nobis
2285 497 2351 538 co
2383 482 2523 554 quod
2567 498 2676 540 non
2725 485 2924 544 debeat
2967 487 3101 546 ﬁdes
3129 489 3342 560 scindi,
3391 494 3486 549 sed

151 563 351 623 caput
375 555 494 626 ejus
523 557 800 628 scriptam,
823 574 945 615 cum
976 560 1122 632 Lego
1155 581 1168 616 :
1221 562 1289 616 Et
1336 563 1481 620 Deus
1511 577 1618 622 erat
1659 565 1782 624 Ver-

153 640 310 699 bum
331 645 512 719 (Joan.
535 665 576 716 ι,
607 648 662 722 1)
689 665 704 716 ;
733 660 894 723 caput
920 653 1066 709 enim
1093 653 1295 712 Christi
1322 660 1464 714 Deus
1491 669 1596 716 est.

253 740 382 796 116.
409 750 438 780 ι
464 741 559 798 Isti
588 758 719 815 ergo
739 746 1036 803 servabant
1060 749 1242 806 Jesum
1259 761 1311 806 et
1335 751 1498 808 hodie
1524 763 1775 821 servant;

151 844 247 886 nc
279 834 366 888 cui
387 833 528 890 forte
558 836 794 906 labatur,
828 854 900 896 ne
920 842 1007 897 cui
1035 839 1063 880 δ
1088 842 1156 899 ι1ε
1179 844 1433 915 passione
1457 844 1775 917 descendat,

151 926 326 995 quod
359 929 574 999 petebat
605 933 835 1004 pepulus
903 934 1239 994 Iudaeorum.
1269 937 1398 994 Mihi
1428 939 1592 1011 plane
1619 937 1778 996 Chri-

148 1029 297 1078 stus
327 1023 380 1078 in
412 1025 668 1092 passione
715 1029 1004 1100 moriatur,
1027 1042 1084 1087 ut
1116 1042 1238 1103 post
1265 1035 1572 1104 passionem
1597 1051 1777 1092 resur-

147 1125 290 1184 gat.
322 1127 345 1156 ε
400 1117 586 1176 Noluit
629 1120 966 1180 descendere
995 1126 1120 1194 sibi,
1146 1135 1206 1182 ut
1257 1137 1564 1184 moreretur
1617 1127 1771 1184 mihi.

145 1201 344 1264 Nobis
368 1225 498 1282 ergo
518 1211 632 1282 jam
678 1213 926 1272 Christus
954 1225 1202 1274 servatur
1228 1237 1242 1274 :
1274 1229 1498 1291 propter
1518 1235 1617 1277 nos
1637 1220 1776 1276 divi-

148 1297 386 1357 duntur
418 1304 744 1362 vestimenta
784 1307 922 1377 ejus.
977 1309 1093 1364 Non
1150 1322 1379 1381 possunt
1425 1313 1622 1383 singuli
1676 1313 1774 1368 ha-

150 1391 312 1452 bere
335 1397 516 1453 omnia
539 1441 553 1466 ,
601 1409 656 1456 et
707 1400 831 1457 ideo
878 1417 1040 1473 super
1070 1404 1305 1460 tunicam
1361 1421 1481 1462 sors
1503 1406 1769 1478 agitatur;

151 1490 306 1559 quia
361 1508 469 1548 non
527 1509 628 1564 pro
690 1493 926 1552 hominis
954 1497 1232 1556 voluntate
1285 1499 1480 1556 divisio
1529 1502 1589 1557 ﬁt
1651 1501 1772 1573 Spi-

153 1584 316 1641 ritus
356 1587 551 1644 sancti.
600 1589 900 1648 Divisiones
943 1593 1088 1649 enim
1133 1594 1429 1665 gratiarum
1468 1604 1629 1662 sunt,
1672 1596 1770 1653 sed

153 1687 436 1749 operatus
491 1689 577 1738 est
644 1681 918 1755 Spiritus,
992 1686 1246 1746 dividens
1311 1689 1541 1762 singulis
1611 1699 1771 1760 prout

153 1772 311 1828 vult.

249 1865 373 1921 117.
413 1865 633 1926 Intuere
662 1886 805 1926 nunc
848 1871 1052 1930 Christi
1094 1876 1421 1933 vestimenta
1443 1877 1636 1932 divisa.
1668 1876 1772 1934 Ubi

149 1955 261 2012 illa
291 1960 574 2028 qureram?
616 1960 814 2030 Quiere
858 1963 912 2020 in
967 1965 1244 2032 Matthteo,
1306 1967 1552 2025 invenies
1606 1983 1774 2040 penes

1885 570 2061 626 solida
2092 588 2442 643 permanere.

1957 663 2141 735 (Vers.
2181 666 2300 740 15.)
2347 670 2532 737 Amen,
2577 687 2727 728 amen
2757 674 2872 730 dico
2903 675 2995 731 tibi
3027 691 3046 730 :
3078 676 3249 733 llodie
3286 696 3484 735 mecum

1883 756 1986 810 eris
2011 757 2068 812 in
2097 761 2368 829 paradiso.

1956 849 2083 906 12!.
2145 851 2582 913 Pulcherrimum
2641 868 2667 907 ε
2725 859 3045 920 affectanda:
3101 868 3486 927 conversionis

1881 946 2223 1016 exemplum,
2272 951 2418 1021 quod
2452 961 2560 1008 tam
2597 954 2710 1011 cito
2739 955 2942 1013 latroni
2979 959 3135 1016 venia
3165 961 3478 1030 relaxatur,

1887 1036 2100 1109 1530
2122 1047 2176 1096 et
2205 1040 2425 1097 uberior
2449 1051 2536 1100 est
2560 1045 2735 1116 gratia
2762 1065 2926 1121 quam
2950 1052 3232 1121 precatio;
3264 1068 3484 1125 semper

1879 1129 2026 1183 enim
2055 1129 2318 1188 Dominus
2349 1133 2472 1204 plus
2503 1135 2722 1206 tribuit,
2757 1154 2919 1209 quam
2952 1151 3192 1212 rogatur.
3217 1142 3312 1201 Ille
3332 1146 3474 1202 enim

1879 1222 2194 1293 rogabatfut
2238 1242 2451 1283 memor
2481 1238 2628 1284 esset
2652 1231 2734 1285 sui
2768 1231 3054 1301 Dominus,
3085 1250 3206 1289 eum
3241 1238 3478 1293 venisset

1878 1315 1932 1369 in
1959 1331 2183 1387 regnum
2237 1333 2395 1374 suum
2437 1339 2451 1376 :
2505 1321 2768 1379 Dominus
2816 1336 2998 1382 autem
3029 1330 3103 1382 ait
3133 1330 3207 1384 illi
3239 1349 3252 1383 :
3282 1333 3472 1400 Amen,

1877 1424 2026 1463 amen
2093 1409 2211 1466 dico
2257 1413 2349 1466 tibi
2399 1431 2417 1468 .'
2467 1412 2642 1469 Hodie
2686 1433 2883 1472 mecum
2961 1422 3060 1476 eris
3125 1424 3177 1476 in
3229 1426 3473 1493 paradiso

1879 1500 2097 1573 (Matth.
2131 1520 2310 1571 xxvn,
2342 1505 2463 1579 44).
2519 1507 2640 1565 Vita
2662 1519 2746 1566 est
2767 1513 2911 1567 enim
2934 1528 3057 1570 esse
3078 1531 3200 1571 cum
3229 1516 3468 1584 Christo;

1875 1595 2003 1653 ideo
2033 1598 2124 1655 ubi
2149 1598 2404 1658 Christus
2425 1643 2440 1669 ,
2484 1603 2556 1658 ibi
2590 1603 2696 1659 vita
2716 1648 2732 1675 ,
2766 1605 2838 1662 ibi
2868 1623 3114 1679 regnum.
3146 1609 3266 1668 Cito
3313 1613 3478 1685 igitur

1874 1692 2111 1764 ignoscit
2140 1695 2403 1752 Dominus
2429 1696 2622 1771 (Marc.
2645 1715 2713 1754 xv
2731 1742 2746 1766 ,
2769 1700 2838 1757 '52
2856 1700 2876 1774 )
2894 1746 2909 1770 ,
2939 1704 3064 1774 quia
3089 1705 3200 1761 cito
3226 1706 3318 1763 ille
3341 1722 3474 1766 con-

1873 1784 2129 1842 vertitur.

1953 1878 2076 1934 l22.
2118 1880 2301 1950 (Vers.
2333 1879 2452 1953 39.)
2476 1880 2632 1939 Unde
2652 1891 2709 1941 et
2733 1884 2869 1940 illud
2898 1887 3036 1942 solvi
3088 1889 3324 1960 videtur,
3348 1893 3474 1964 quia

1875 1971 1970 2028 alii
1999 1972 2137 2029 duos
2159 1973 2532 2033 conviciantes
2561 1976 2828 2033 inducunt
2875 1978 3143 2050 latrones,
3176 1983 3280 2040 iste
3306 2001 3470 2041 unum

145 2049 346 2120 ipsum
363 2052 880 2114 solumcblamidem
900 2060 1209 2116 coccineam
1231 2060 1446 2133 (Matth.
1466 2062 1769 2134 xxvn,28):
1801 2061 1850 2122 B
1877 2065 2303 2135 conviciantem,
2351 2077 2406 2124 et
2434 2083 2603 2125 unum
2643 2081 2942 2141 rogantem.
2996 2049 3252 2132 Fortasse
3281 2085 3335 2133 et
3363 2079 3469 2135 iste

149 2158 341 2213 penes
369 2146 638 2210 Joannem
687 2160 898 2209 vestem
926 2169 1252 2225 purpuream
1285 2155 1472 2227 (Joan.
1505 2173 1630 2226 xix,
1659 2159 1718 2231 2)
1753 2177 1766 2213 :

145 2251 340 2308 penes
369 2239 611 2300 Marcum
639 2259 936 2317 purpuram
984 2254 1192 2303 tantum
1242 2247 1439 2320 (Marc.
1471 2265 1576 2316 xv,
1613 2251 1718 2324 17)
1751 2269 1764 2306 :

146 2343 341 2400 penes
395 2332 597 2391 Lucam
643 2346 852 2394 vestem
883 2338 1063 2395 albam
1121 2339 1275 2412 (Luc.
1303 2357 1474 2408 xxm,
1505 2341 1637 2415 ll);
1670 2344 1770 2400 hac

146 2427 317 2483 enim
362 2429 479 2486 sola
511 2446 611 2502 pro
638 2447 736 2488 sua
771 2432 870 2490 fuit
897 2433 1153 2506 portione
1180 2444 1494 2492 contentus.
1525 2439 1768 2504 Quantos

148 2519 354 2593 itaque
380 2522 631 2581 Christus
660 2540 757 2582 sua
785 2537 936 2584 veste
961 2528 1220 2584 vestivit?
1247 2529 1386 2585 Puto
1415 2538 1599 2588 autem
1622 2532 1767 2603 quod

150 2630 280 2670 non
319 2625 554 2686 quatuor
589 2627 819 2684 tantum.
849 2619 946 2676 sed
990 2635 1179 2678 omnes
1204 2621 1421 2678 vestivit
1450 2624 1674 2692 milites,
1714 2634 1772 2681 et

150 2710 427 2766 omnibus
439 2712 790 2770 abundavit.d
809 2716 918 2772 Sed
940 2725 1278 2772 revertamur
1293 2717 1359 2772 ad
1384 2719 1766 2789 evangelistas.

245 2802 373 2859 118.
415 2803 644 2876 Mystice
680 2807 864 2878 itaque
930 2808 1050 2864 ista:
1099 2819 1335 2878 quatuor
1382 2818 1598 2880 partes,
1658 2826 1767 2867 non

154 2905 358 2967 partes
389 2898 660 2967 vestium,
715 2900 810 2956 sed
857 2902 1152 2972 qualitates
1181 2902 1314 2958 mihi
1341 2903 1600 2960 videntur
1647 2920 1769 2962 esse

153 2990 460 3047 virtutum.
491 2992 648 3048 Alius
691 2993 837 3049 enim
881 2994 950 3049 de
976 3009 1145 3065 regno
1189 2995 1476 3052 sublimius
1504 2997 1721 3068 scripsit
1751 3015 1766 3052 :

151 3086 310 3142 alius
337 3087 407 3143 de
436 3087 671 3144 hominis
717 3089 1062 3147 institutione
1095 3089 1344 3148 dill'usius
1371 3107 1386 3146 :
1419 3091 1593 3148 Lucas
1621 3091 1766 3148 nito-

152 3195 285 3236 rem
314 3179 420 3236 sibi
449 3181 804 3238 sacerdotalis
827 3183 999 3239 vestis
1018 3183 1181 3256 elegit
1211 3201 1225 3240 :
1257 3183 1470 3239 Marcus
1495 3199 1627 3240 vero
1653 3199 1767 3240 ver-

151 3271 364 3328 borum
419 3281 626 3329 textum
679 3289 787 3331 non
831 3275 1208 3332 desideravit:
1242 3275 1477 3347 denique
1529 3276 1768 3334 Joannes

150 3367 324 3436 quasi
373 3367 635 3438 quasdam
691 3369 886 3425 intexit
935 3369 1264 3438 sententias,
1320 3370 1518 3442 quibus
1566 3372 1766 3427 veSIiat

1870 2158 2023 2228 prius
2070 2159 2410 2216 conviciatus
2438 2173 2553 2227 est,
2605 2162 2701 2220 sed
2748 2176 2974 2236 repente
3016 2181 3319 2225 conversus
3360 2180 3464 2227 est.

1867 2248 1979 2306 Nec
2000 2251 2197 2306 mirum
2221 2252 2266 2306 si
2307 2267 2579 2310 converso
2610 2255 2827 2325 culpam
2859 2257 3205 2328 ignoscebat,
3239 2262 3332 2332 qui
3381 2263 3468 2319 in-

1869 2345 2203 2403 sultantibus
2239 2347 2456 2403 veniam
2506 2349 2806 2406 relaxabat.
2855 2351 3039 2408 Potuit
3069 2354 3234 2410 etiam
3263 2356 3332 2413 de
3363 2373 3470 2413 uno

1871 2437 2159 2508 pluraliter
2211 2438 2396 2496 dicere
2419 2480 2434 2505 ,
2469 2441 2614 2496 sicut
2643 2440 2780 2496 illud
2811 2452 2896 2498 est
2925 2459 2938 2496 :
2985 2444 3273 2500 Astiterunt
3323 2465 3468 2519 reges

1869 2539 2042 2596 terras,
2068 2540 2115 2586 et
2139 2531 2404 2601 principes
2431 2542 2779 2588 conuenerunt
2802 2535 2856 2587 in
2884 2551 3048 2589 unum
3073 2535 3245 2606 (Psal.
3275 2554 3343 2606 ιι,
3371 2541 3428 2606 2)
3451 2559 3464 2605 ;

1867 2623 2020 2679 solus
2073 2625 2219 2679 enim
2275 2625 2522 2682 Herodes
2569 2642 2702 2694 rex,
2759 2639 2813 2684 et
2858 2630 3110 2701 princeps
3156 2631 3363 2687 Pilatus
3414 2634 3468 2688 in

1866 2715 2242 2784 apostolorum
2274 2717 2504 2772 Actibus
2527 2719 2879 2786 con5pirasse
2907 2721 3167 2778 adversus
3186 2722 3462 2779 Christum

1868 2806 2015 2863 Petri
2034 2823 2170 2864 voce
2191 2808 2502 2880 produntur
2525 2809 2664 2882 (Act.
2690 2826 2764 2879 tv,
2794 2812 2912 2884 ‘27).
2935 2814 3029 2870 Sic
3045 2825 3098 2870 et
3126 2816 3467 2874 εᾱι1ε1ιιτεοδ

1867 2896 2062 2969 habes,
2093 2900 2146 2954 in
2186 2901 2428 2971 caprinis
2459 2901 2690 2972 pellibus
2737 2904 3127 2974 ambulabant,
3155 2908 3290 2963 secti
3320 2919 3468 2975 sunt,

1868 3004 1925 3049 et
1955 2992 2171 3049 leonum
2209 2993 2386 3048 molas
2411 2994 2803 3051 obstruxerunt
2833 2996 2851 3070 (
2879 2995 3034 3054 Hebr.
3063 3015 3143 3066 xi,
3179 2999 3304 3072 57);
3339 3016 3462 3056 cum

1867 3086 2018 3143 solus
2049 3086 2198 3142 Elias
2245 3087 2556 3146 melotidem
2602 3090 2878 3160 habuisse,
2909 3092 3100 3149 Esaias
3124 3105 3304 3152 sectus
3343 3112 3466 3154 esse

1871 3178 1962 3252 (IV
1990 3181 2120 3254 Reg.
2151 3198 2190 3250 ι,
2223 3183 2320 3256 8),
2357 3181 2543 3240 Daniel
2575 3200 2602 3238 a
2634 3185 2880 3244 leonibus
2909 3187 3145 3244 intactus
3195 3192 3465 3250 mansisse

1868 3272 2131 3330 doceatur
2161 3273 2325 3348 (Dan.
2360 3291 2434 3341 vr,
2464 3274 2578 3346 2'2).

1939 3368 2064 3424 125.
2108 3368 2292 3439 (Vers.
2323 3367 2444 3439 40.)
2476 3367 2649 3438 Quam
2679 3371 3034 3428 exsecrabilis
3072 3373 3124 3429 in
3173 3375 3316 3430 facto
3360 3377 3464 3432 ini-

152 3457 333 3517 fidem
366 3468 628 3518 nostram.
672 3461 862 3520 Nonne
914 3463 1009 3518 tihi
1037 3463 1252 3519 videtur
1284 3465 1547 3522 intextum
1582 3463 1712 3519 illud
1745 3481 1758 3519 :
1789 3449 1834 3514 C
1866 3461 2046 3533 quitas
2075 3460 2412 3528 Judaeorum,
2445 3467 2504 3516 ut
2554 3461 2708 3532 quasi
2765 3461 3035 3520 latronem
3077 3467 3462 3539 crucifigerent

153 3552 233 3609 In
261 3553 520 3627 principio
546 3564 655 3612 erat
683 3553 934 3622 Verbum,
961 3567 1009 3610 et
1038 3553 1254 3611 Verbum
1284 3559 1550 3629 eratapud
1571 3555 1759 3626 Deum,

151 3657 206 3702 et
238 3645 386 3702 Deus
431 3655 545 3703 erat
597 3646 820 3704 Verbum
869 3665 888 3703 :
935 3648 1030 3703 Itoc
1077 3658 1184 3704 erat
1215 3651 1270 3704 in
1317 3649 1577 3720 principio
1621 3648 1764 3720 apud

152 3742 368 3810 Deum,
399 3753 447 3798 et
491 3743 664 3798 omnia
689 3760 780 3817 per
809 3745 980 3814 ipsum
1009 3747 1147 3815 facta
1168 3753 1287 3799 sunt
1313 3743 1494 3814 (Joan.
1523 3760 1573 3810 ι,
1606 3743 1761 3816 1-5)?

153 3838 234 3896 At
265 3852 396 3894 vero
425 3839 640 3895 Marcus
685 3847 958 3909 tamquam
992 3854 1245 3910 purpurae
1275 3837 1486 3908 fulgore
1531 3846 1762 3894 conten-

152 3940 250 3988 tus
272 3973 288 4000 ,
315 3931 434 3988 sine
456 3931 564 3987 ulla
588 3931 890 3987 intextione
911 3930 1200 3986 verborum
1234 3948 1249 3986 :
1280 3929 1532 3998 Initium,
1564 3929 1739 4002 inquit

154 4025 440 4096 Evangelii
465 4022 591 4079 Iesu
620 4022 812 4079 Christi
843 4021 973 4078 Filii
999 4021 1099 4078 Dei
1128 4022 1321 4094 (Marc.
1353 4039 1401 4089 ι,
1438 4021 1514 4094 1).

237 4119 363 4175 119.
409 4120 550 4190 Ergo
595 4119 918 4174 vestimenta
966 4115 1141 4171 divisa
1194 4124 1321 4170 sunt
1365 4114 1600 4181 Christi,
1675 4115 1759 4170 vel

156 4219 314 4283 gesta
336 4252 352 4278 ,
381 4209 467 4265 vel
499 4209 704 4282 gratia;
735 4208 862 4280 quia
901 4207 1086 4263 tunica
1123 4222 1231 4263 non
1280 4206 1455 4277 potuit
1478 4205 1676 4274 dividi,
1735 4217 1758 4244 ο

157 4305 300 4360 ﬁdes
330 4303 574 4373 scilicet,
624 4303 880 4376 quoniam
925 4319 1033 4359 non
1071 4318 1169 4374 pro
1221 4302 1470 4375 portione
1519 4302 1760 4374 singulo-

157 4415 317 4467 rum,
349 4399 443 4456 sed
493 4415 592 4471 pro
615 4399 738 4470 jure
791 4397 1097 4455 communis
1144 4406 1228 4453 est
1277 4396 1556 4462 omnium;
1613 4395 1757 4468 quod

158 4494 310 4551 enim
341 4511 447 4550 non
479 4493 759 4562 dividitur,
789 4493 1016 4565 singulis
1048 4500 1230 4548 manet
1258 4490 1550 4561 integrum.

234 4587 360 4645 120.
405 4589 470 4643 Et
516 4589 656 4644 bene
710 4589 942 4660 Desuper
994 4597 1167 4654 texta;
1221 4587 1302 4643 sic
1357 4587 1501 4641 enim
1554 4586 1755 4642 texitur

157 4678 296 4736 fides
323 4679 556 4752 Christi,
590 4689 649 4737 ut
674 4681 742 4738 de
767 4681 964 4738 divinis
985 4682 1052 4738 ad
1075 4682 1312 4738 humana
1339 4679 1663 4747 descendat;
1687 4695 1754 4736 ex

156 4787 230 4830 eo
252 4773 392 4843 quod
411 4785 539 4831 ante
563 4775 762 4831 saecula
796 4773 814 4813 ί
848 4791 914 4831 ex
937 4775 1049 4831 Deo
1079 4782 1269 4843 natus,
1301 4773 1590 4845 poSteriori
1619 4782 1752 4829 tem-

1861 3555 2106 3610 onmium
2159 3555 2606 3626 redemptorem!
2662 3555 2846 3612 Bonus
2893 3568 3069 3614 tamen
3121 3564 3172 3615 in
3205 3565 3467 3634 mysterio

1863 3649 2006 3707 latro
2027 3691 2042 3717 ,
2073 3651 2167 3721 qui
2196 3651 2486 3707 insidiatus
2513 3660 2596 3708 est
2637 3651 2877 3722 diabolo,
2908 3663 2967 3709 ut
2989 3671 3112 3710 vasa
3139 3657 3257 3727 ejus
3277 3659 3462 3715 aufer-

1862 3750 1966 3796 ret.
2003 3741 2229 3812 Mystice
2260 3754 2443 3799 autem
2491 3743 2739 3801 latrones
2760 3744 2869 3800 duo
2894 3746 3032 3803 duos
3082 3751 3310 3820 populos
3333 3770 3461 3824 pec-

1861 3841 2078 3889 catores
2109 3835 2418 3905 significant
2441 3851 2538 3906 per
2560 3836 2890 3907 baptismum
2913 3841 3309 3912 crncifigendos
3336 3861 3458 3902 esse

1861 3939 1985 3980 cum
2014 3924 2234 3980 Christo
2268 3942 2535 3996 :quorum
2559 3927 2832 3984 dissensio
2859 3930 3226 3988 diversitatem
3257 3937 3461 4005 pariter

1861 4018 2199 4074 credentium
2221 4019 2418 4090 signat.
2455 4018 2696 4090 Denique
2727 4037 2865 4079 unus
2894 4039 2923 4077 ιι
2948 4024 3186 4080 sinistris
3206 4067 3220 4092 ,
3249 4029 3387 4084 alter
3431 4047 3458 4082 a

1863 4112 2068 4168 dextris
2097 4121 2215 4168 erat
2239 4110 2422 4184 (Joan.
2459 4128 2576 4180 xix,
2603 4114 2728 4186 50).
2761 4115 3060 4188 lncrepatio
3077 4135 3293 4190 quoque
3315 4120 3459 4176 futu-

1863 4222 1982 4262 rum
2033 4207 2212 4263 crucis
2265 4206 2583 4263 scandalum
2636 4209 2799 4265 etiam
2842 4211 2985 4268 circa.
3038 4214 3324 4273 credentes
3374 4236 3459 4277 re—

1862 4299 2027 4356 velat.

1935 4393 2058 4448 124.
2103 4390 2126 4429 ι·
2160 4392 2227 4447 Et
2253 4400 2467 4450 acetum
2499 4393 2798 4452 offerebant
2826 4395 2998 4452 Judwi
3029 4398 3248 4471 (Matth.
3290 4420 3454 4470 xxvn,

1857 4485 1976 4558 48).
2002 4485 2149 4541 Bene
2194 4485 2260 4540 ad
2287 4486 2715 4542 consummanda
2757 4488 2937 4542 omnia
2967 4500 3021 4544 et
3047 4495 3323 4564 corruptio
3346 4497 3455 4551 sin-

1858 4578 2103 4634 ceritatis
2131 4577 2410 4643 hauritur;
2441 4585 2500 4632 ut
2536 4579 2716 4632 omnia
2743 4579 2892 4634 cruci
2936 4597 3055 4650 (pia:
3103 4581 3286 4639 vitiata
3338 4587 3452 4643 luc-

1859 4680 2011 4739 rant,
2046 4671 2360 4742 ﬁgerentur.
2395 4670 2622 4726 Acetum
2657 4673 2836 4741 itaque
2864 4672 3086 4740 bibitur,
3121 4677 3303 4733 vinum
3327 4697 3448 4738 cum

1857 4765 1984 4822 felle
2015 4781 2123 4820 non
2155 4763 2357 4820 bibitur
2379 4761 2567 4835 (Ibid.,
2615 4763 2738 4835 54);
2777 4782 2884 4820 non
2916 4770 3039 4837 quia
3070 4768 3171 4836 fel,
3203 4773 3298 4828 sed
3325 4777 3451 4845 quia

159 4881 295 4937 pore
325 4869 722 4940 susceptionem
778 4871 957 4927 carnis
985 4843 1361 4942 assumpserit.
1409 4865 1756 4939 Significatur
1782 4843 1836 4905 D
1859 4857 2113 4912 admixta:
2133 4855 2263 4912 vino
2293 4855 2688 4913 amaritudines
2723 4870 3060 4916 recusantur.
3093 4861 3228 4920 Nam
3255 4869 3452 4924 amari-

233 5020 258 5048 α
287 5010 487 5068 Eadem
519 5013 650 5070 edit.
702 5012 888 5074 Rom.,
911 5007 978 5062 Et
1010 5007 1290 5063 secundum
1323 5002 1747 5068 Matthteum,se-

157 5086 333 5142 dentes
370 5088 636 5142 servabant
675 5099 817 5150 eum,
845 5091 894 5137 et
921 5081 1192 5134 dicebant:
1223 5078 1285 5134 Si
1314 5093 1409 5132 rex
1449 5074 1618 5130 Israel
1648 5083 1743 5140 est,

156 5158 430 5214 descendat
457 5173 591 5212 nunc
617 5156 680 5209 de
708 5170 879 5210 cruce.
913 5151 1012 5206 Isti
1042 5167 1159 5223 ergo
1178 5191 1192 5214 ,
1221 5160 1330 5223 etc.

229 5228 256 5269 ι’
282 5230 412 5285 Mss.
446 5245 551 5285 non
569 5229 760 5299 pauci,
792 5226 856 5280 de
887 5221 1122 5295 passione
1150 5221 1401 5277 discedat.
1661 5287 1694 5299 η

231 5243 256 5269 υ
282 5243 412 5285 MSS.
446 5245 551 5285 non
610 5243 760 5294 auct,
792 5243 856 5280 ae
887 5243 1122 5295 passione
1150 5243 1401 5277 atsceaat.
1683 5289 1694 5299 .

231 5313 253 5342 ο
283 5303 360 5358 Ita
390 5316 520 5357 mss.
559 5243 672 5355 θέτε
701 5312 896 5353 omnes
942 5313 955 5350 :
988 5305 1171 5349 contra
1219 5308 1348 5348 vero
1373 5299 1581 5348 cunctre
1609 5287 1742 5344 edit.

157 5383 214 5432 et
244 5391 345 5430 ms.
383 5373 546 5443 Reg.,
579 5369 762 5444 Noluit
793 5367 1116 5431 descendere,
1149 5383 1222 5444 ne
1251 5362 1579 5444 descenderet
1608 5359 1743 5424 sibi,

154 5447 244 5520 sed
265 5435 541 5520 (Amerh.,
561 5448 651 5498 sed
678 5440 757 5512 ut)
787 5446 1068 5494 moreretur
1093 5437 1236 5490 milii.
1268 5435 1385 5491 Non
1413 5435 1546 5489 satis
1577 5445 1747 5502 appo-

152 5518 256 5574 site
276 5518 356 5572 ‘ad
389 5525 723 5572 contextum.

224 5589 249 5627 ἀ
281 5590 440 5645 Rom.
489 5588 644 5654 cdit.,
691 5584 876 5654 Accipe
919 5591 964 5636 ct
1007 5581 1171 5636 aliud.
1211 5577 1334 5636 Isne
1363 5589 1583 5650 quatuor
1625 5590 1745 5645 par-

155 5668 256 5717 ιεε.
287 5673 392 5717 ειε.

205 5677 256 5770 δέ
279 5673 474 5790 Eiidem
523 5729 679 5796 edit.,
712 5737 759 5784 et
797 5729 913 5785 ideo
941 5724 1220 5782 secundum
1273 5721 1552 5785 Joannem,
1589 5733 1742 5788 super

154 5800 245 5877 illa
270 5821 380 5858 sors
413 5806 660 5877 agitatur,
709 5804 830 5874 quia
867 5798 996 5877 fides
1047 5813 1148 5851 non
1179 5813 1303 5877 prog
1325 5798 1594 5877 portione,
1630 5799 1735 5871 etc.

159 5869 293 5930 Infra
333 5861 470 5930 γει-(ἶ
506 5861 877 5945 post'voces,
932 5870 1152 5940 desuper
1179 5861 1364 5936 'texta,
1419 5861 1639 5929 subdit,
1683 5861 1736 5915 in

315 5975 585 6038 Ρηιοι..
667 5967 809 6030 XV.

1849 4996 2056 5076 Joanne
2078 4993 2284 5066 legitur.
2539 5073 2547 5076 Δ
2733 5065 2766 5076 υ

1928 5067 1946 5108 ι
1988 5068 2079 5145 Sic
2109 5079 2310 5145 omnes
2333 5077 2464 5119 mss.
2497 5073 2659 5145 atque
2682 5066 2840 5132 cdit.,
2884 5079 3107 5141 excepta
3140 5071 3326 5145 Rom.,
3358 5079 3449 5135 ubi

1848 5141 2151 5212 reponitur,
2179 5153 2243 5192 ex
2265 5134 2376 5190 Deo
2389 5137 2612 5212 genitus.

1923 5153 2151 5212 pomtur,
2179 5153 2243 5192 ex
2265 5153 2376 5190 ueo
2431 5153 2612 5190 emtus.

1923 5223 1948 5260 ις
1976 5212 2113 5267 Tres
2158 5225 2317 5289 mss._,
2339 5153 2647 5289 aiectanda:
2668 5213 3088 5271 conversationis.
3123 5217 3292 5287 Unus,
3321 5222 3451 5289 aﬂ‘e.

1849 5285 2052 5340 ctandte
2079 5282 2436 5353 confessionis.

1919 5355 1947 5393 h
1975 5356 2134 5410 Rom.
2163 5352 2322 5419 edit.,
2353 5352 2495 5426 Inde
2536 5352 2819 5408 secundum
2869 5354 3198 5426 Matthazum,
3232 5381 3441 5420 currens

1848 5425 2521 5506 unusspongiamimpleuit
2541 5436 2701 5493 aceto,
2725 5436 2779 5506 iet
2815 5427 2968 5506 dabat
2998 5432 3043 5484 ei
3065 5425 3232 5486 bibere
3267 5440 3442 5506 :quod

1849 5510 1899 5557 et
1924 5499 2068 5554 bibit.
2098 5496 2188 5580 Sic
2217 5496 2350 5549 enim
2377 5497 2524 5549 habet
2545 5499 2824 5580 secundum
2844 5498 3103 5580 Joannem
3123 5506 3295 5580 {Cum
3314 5496 3442 5580 ergo

1848 5572 2126 5644 accepisset
2153 5567 2308 5644 esus
2326 5576 2546 5644 acetum.
2579 5567 2921 5644 VinumAuero
2937 5590 3051 5626 cum
3073 5576 3193 5644 felle
3224 5567 3439 5632 ntixttiin

1847 5660 1950 5698 non
1972 5639 2118 5697 bibit.
2144 5639 2234 5694 Sic
2255 5641 2390 5693 enim
2414 5639 2628 5693 habetur
2656 5641 2712 5694 in
2761 5639 3015 5697 Matt/two
3050 5639 3161 5700 {Et
3187 5648 3440 5704 dederunt

1847 5716 1893 5771 ei
1921 5715 2109 5788 uiuunt
2135 5710 2302 5767 bibere
2343 5727 2455 5765 cum
2487 5711 2607 5780 felle
2654 5713 2870 5767 mixtum
2903 5730 2920 5768 :
2951 5723 2995 5768 ct
3018 5731 3132 5768 cttm
3161 5729 3436 5788 gustasset,

1847 5787 2012 5844 noluit
2040 5784 2228 5839 bibere.

2789 5941 2861 5999 '21
