4148 6362
581 317 720 382 i835

1931 317 2010 379 SA
2020 319 2177 380 NCT]
2205 316 2534 382 AMBROSII

3728 322 3850 392 i836

570 441 784 499 tudines
824 440 948 497 vitae
975 447 1178 497 nostras
1216 452 1317 511 pro
1358 438 1610 508 corporis
1647 439 1836 511 utique
1864 439 2178 498 conditione
2204 453 2258 515 Α
2283 459 2385 502 nec
2412 460 2512 518 ego
2539 445 2863 502 erubescam
2892 444 3052 503 fateri
3083 445 3229 521 quod
3255 446 3500 506 Christus
3522 464 3628 507 non
3667 451 3863 511 erubuit

578 533 845 605 suscepit.
876 533 1121 604 Denique
1152 533 1269 603 ipse
1300 530 1376 585 ait
1406 550 1422 587 :
1448 531 1717 587 Dederunt
1740 533 1795 586 in
1819 547 1990 588 escam
2017 548 2183 589 meam

581 624 652 695 fel
672 662 689 693 ,
715 635 763 681 et
791 626 848 678 in
874 624 962 680 siti
992 641 1106 681 mea
1154 634 1459 697 paraverunt
1485 640 1569 681 me
1600 631 1746 680 aceto
1769 622 1946 697 (Psat.
1978 640 2147 682 uvur
2167 668 2184 693 ,

583 716 703 789 22).
739 716 847 773 Sed
888 717 1184 773 sinceritati
1213 731 1320 772 non
1352 716 1542 773 debuit
1585 716 1896 772 amaritudo
1933 718 2183 784 misceri;

587 820 646 869 ut
666 810 1050 869 ostenderetur
1069 811 1190 867 sine
1212 809 1577 867 amaritudine
1594 809 1977 867 immortalitas
2000 824 2189 865 resur-

583 905 825 976 gentium
855 903 1036 963 futura
1067 921 1081 961 :
1110 919 1236 976 qua
1263 906 1522 976 quoniam
1566 904 1949 963 immortalitas
1975 904 2029 960 in
2057 917 2190 961 vase

584 1012 871 1061 coacuerat
920 1001 1200 1071 humano,
1235 1011 1264 1042 ι
1308 1011 1593 1072 separatur
1644 1002 1700 1057 in
1740 998 1983 1057 Christo.
2042 998 2189 1072 Ergo

587 1108 800 1155 acetum
831 1097 1059 1166 bibitur,
1084 1097 1189 1153 hoc
1215 1107 1330 1165 est,
1367 1098 1560 1153 vitium
1583 1106 1859 1167 corruptae
1892 1110 1992 1167 per
2012 1094 2188 1151 Adam

586 1189 1013 1245 immortalitatis
1068 1188 1318 1246 aboletur
1369 1190 1425 1245 in
1468 1188 1715 1254 calamo;
1758 1196 1817 1243 ut
1845 1186 1915 1243 de
1959 1199 2191 1259 corpore

587 1281 981 1339 absorberetur
1008 1283 1265 1339 humano.
1295 1282 1407 1339 Nos
1455 1297 1676 1354 quoque
1711 1282 1842 1337 vitia
1879 1290 2065 1336 nostra
2093 1295 2194 1351 per

587 1374 853 1432 incuriam
904 1376 1105 1431 mentis
1131 1377 1490 1447 corporisque
1537 1384 1793 1432 concreta
1844 1374 2193 1430 transfunda-

587 1483 710 1524 mus
731 1468 786 1524 in
811 1467 1092 1524 Christum
1119 1486 1132 1522 :
1166 1466 1611 1524 transiundamus
1641 1483 1738 1538 per
1757 1467 2113 1538 baptismum,
2135 1474 2195 1520 ut

586 1561 973 1633 cruciﬁgamur
1000 1562 1056 1619 in
1104 1563 1321 1619 Christe
1347 1580 1360 1616 :
1389 1560 1835 1619 transfundamus
1879 1575 1977 1631 per
2017 1560 2193 1632 patui-

589 1654 849 1721 tentiam,
883 1663 943 1713 ut
964 1656 1033 1713 ab
1056 1656 1152 1713 illo
1182 1655 1340 1711 nobis
1368 1655 1483 1710 vini
1522 1654 1911 1726 sanguinisque
1951 1652 2193 1710 cmlestis

590 1748 903 1819 incorrupta
935 1748 1226 1806 sinceritas
1256 1747 1598 1804 reiundatur.

665 1841 789 1899 i25.
844 1843 1089 1914 Denique
1138 1842 1230 1898 ubi
1289 1850 1506 1899 acetum
1548 1840 1690 1897 bibit
1744 1858 1758 1895 :
1803 1838 2194 1896 Consummata

2289 551 2425 595 voce
2459 552 2653 609 magna
2684 539 2979 610 proﬁteri),
3009 539 3097 596 vel
3122 540 3349 597 evidens
3371 540 3727 600 manifestatio
3750 559 3866 600 con-

2289 632 2538 687 testantis
2576 630 2673 687 Dei
2713 628 2740 668 ἀ
2771 631 3138 689 secessionem
3196 630 3493 691 divinitatis
3534 646 3587 691 et
3617 637 3864 708 corporis.

2288 722 2377 779 Sic
2407 724 2549 779 enim
2580 724 2749 780 babes
2775 742 2789 778 :
2815 724 3070 781 Clamavit
3110 723 3268 782 Iesus
3296 742 3417 781 voce
3444 744 3631 800 magna
3657 728 3823 784 dicens
3850 745 3868 786 :

2288 814 2451 883 Deus,
2479 814 2618 871 Deus
2646 832 2814 886 meus,
2843 819 3041 889 respice
3059 818 3117 872 in
3137 834 3218 872 me
3239 836 3258 873 :
3281 835 3443 889 quare
3472 837 3552 874 me
3569 818 3870 893 dereliquisti

2292 907 2513 982 (Matth.
2546 922 2701 964 xxvu
2721 951 2737 977 ,
2768 908 2908 984 46)?
2937 908 3206 968 Clamavit
3227 910 3390 966 homo
3410 910 3705 971 divinitatis
3731 927 3871 985 sepa-

2289 1002 2501 1057 ratione
2526 1005 2848 1059 tnoriturus.
2878 1002 3012 1058 Nam
3053 1018 3177 1059 cum
3210 1002 3467 1060 divinitas
3498 1004 3686 1063 mortis
3714 1002 3872 1061 libera

2292 1097 2363 1153 sit
2388 1137 2403 1165 ,
2432 1098 2622 1168 utique
2651 1110 2800 1153 mors
2829 1112 2956 1154 esse
2984 1110 3095 1153 non
3128 1107 3375 1169 poterat,
3424 1099 3525 1154 nisi
3567 1098 3673 1153 vita
3714 1097 3874 1154 disce-

2291 1191 2477 1260 deret;
2512 1190 2641 1265 quia
2672 1191 2781 1247 vita
2810 1192 3068 1248 divinitas
3096 1200 3200 1249 est.

2367 1284 2493 1340 1‘28.
2513 1283 2700 1351 (Vers.
2725 1282 2949 1356 44-47.)
2973 1283 3093 1340 iam
3116 1298 3239 1355 qum
3256 1291 3579 1356 sequuntur,
3602 1282 3875 1342 ostendunt

2293 1377 2418 1446 quia
2448 1387 2675 1447 propter
2703 1375 3040 1447 impietatem
3093 1377 3375 1433 hominum
3427 1376 3552 1433 linis
3588 1376 3764 1433 surculi
3813 1376 3876 1432 sit

2297 1467 2529 1523 iuturus.
2564 1465 2753 1539 itaque
2808 1467 3147 1539 signiﬁcatur
3197 1484 3297 1541 per
3348 1467 3558 1524 Domini
3592 1471 3873 1541 passionem

2295 1574 2560 1615 occasura
2589 1560 2901 1631 praesentia,
2922 1569 2983 1615 ut
3005 1561 3254 1616 oriantur
3279 1560 3484 1615 futura.
3515 1559 3771 1615 Tenebras
3791 1559 3876 1630 igi-

2297 1662 2384 1708 tur
2411 1652 2601 1709 en‘usm
2626 1663 2754 1708 sunt
2794 1652 2968 1709 oculis
3014 1654 3373 1725 perﬁdorum,
3423 1664 3485 1709 ut
3514 1652 3635 1709 ﬁdei
3664 1663 3687 1691 ε
3714 1654 3875 1709 lumen

2296 1755 2626 1819 resurgeret.
2657 1747 2751 1805 Sol
2782 1746 2989 1804 occidit
3017 1749 3321 1820 sacrilegis,
3359 1749 3447 1805 vel
3476 1748 3693 1821 refugit;
3727 1758 3781 1804 ut
3804 1747 3879 1804 fu-

2298 1839 2441 1895 nesti
2470 1840 2847 1908 spectaculum
2877 1840 3107 1898 sceleris
3122 1840 3496 1898 obumbraret.
3522 1840 3695 1898 Petra:
3714 1840 3877 1898 scissae

598 1934 806 2009 1531
854 1944 1022 1999 sunt.
1055 1935 1262 2006 inquit,
1310 1936 1493 1991 omnia
1537 1933 1721 2007 (Joan.
1776 1948 1908 2002 xu,
1951 1934 2082 2005 50);
2124 1948 2194 1989 eo
2222 1954 2272 2015 Β
2299 1941 2423 1987 sunt
2457 1931 2673 2005 (Matth.
2714 1932 3055 2007 xxvn,5i),
3104 1945 3165 1990 ut
3191 1949 3289 2006 per
3335 1943 3611 2007 prmrupta
3639 1950 3871 1991 saxorum

587 2029 735 2101 quod
766 2038 1063 2101 assumpta:
1111 2028 1463 2085 mortalitatis
1513 2029 1794 2099 impletum
1832 2036 1984 2084 esset
2033 2041 2198 2084 omne

592 2124 938 2195 mysterium,
969 2121 1325 2181 etexbaustis
1366 2122 1621 2179 omnibus
1665 2122 1843 2189 vitiis,
1877 2120 2198 2177 immortalia

594 2217 720 2273 tatis
749 2215 866 2272 sola
889 2215 1078 2271 laetitia
1104 2215 1486 2271 remansisset.
1514 2214 1586 2269 Et
1619 2213 1743 2270 ideo
1773 2213 1849 2269 ait
1874 2231 1888 2266 :

665 2307 853 2380 (Vers.
882 2304 1005 2379 ιϐ.)
1031 2305 1100 2362 Ia
1154 2323 1339 2364 manus
1384 2317 1535 2374 tuas,
1582 2304 1841 2373 Domine,
1895 2305 2198 2361 commendo

594 2401 834 2474 spiritum
854 2417 1046 2456 meum.

668 2493 793 2553 126.
836 2495 904 2551 Et
932 2495 1071 2551 bene
1098 2494 1512 2549 commendatur
1539 2491 1762 2563 spiritus
1782 2532 1797 2557 ,
1826 2489 1922 2562 qui
1944 2500 2199 2545 reserva-

596 2594 719 2653 tur;
751 2587 896 2659 quod
917 2587 1066 2644 enim
1084 2585 1525 2652 commendatur,
1549 2585 1738 2655 utique
1768 2599 1877 2640 non
1907 2583 2197 2638 amittitur.

594 2672 802 2740 Bonum
827 2697 959 2755 ergo
989 2682 1183 2753 pignus
1226 2689 1313 2737 est
1339 2680 1566 2752 spiritus
1584 2722 1600 2749 ,
1634 2679 1838 2735 bonum
1867 2676 2197 2750 depositum.

598 2775 756 2833 Unde
780 2785 837 2832 et
863 2775 974 2832 illic
999 2777 1113 2832 ait:
1149 2773 1196 2830 0
1238 2773 1523 2843 Timet/ree,
1557 2775 1747 2829 bonum
1796 2773 2084 2845 depositum
2106 2787 2200 2827 cu-

598 2873 736 2928 stodi
759 2871 830 2945 (li
858 2871 992 2927 Tim.
1016 2887 1035 2926 ι
1058 2913 1072 2939 ,
1096 2869 1207 2944 14).
1241 2867 1665 2926 Commendatur
1693 2869 1839 2924 enim
1869 2868 2017 2923 Patri
2040 2866 2205 2937 spiri-

602 2974 724 3033 tus;
754 2975 811 3022 et
856 2966 979 3021 ideo
1004 2966 1120 3019 ait:
1156 2964 1420 3032 Quoniam
1459 2979 1561 3018 non
1613 2962 1935 3033 derelinques
1960 2961 2017 3015 in
2040 2962 2206 3033 infer-

600 3075 667 3114 no
717 3059 947 3114 animam
995 3073 1160 3112 uuam
1208 3055 1383 3130 (Psai.
1420 3071 1516 3124 xv,
1570 3056 1685 3125 i0).
1717 3054 1853 3112 Vide
1884 3062 2061 3110 autem
2089 3067 2206 3108 ma-

597 3168 764 3225 gnum
796 3152 1141 3225 mysterium.
1189 3151 1342 3208 Nunc
1372 3150 1800 3226 commendatiu
1828 3150 2080 3206 manibus
2107 3148 2208 3204 Pa-

602 3246 704 3302 tris
733 3246 983 3316 Spiritum
1020 3260 1205 3311 suum,
1250 3260 1396 3301 nunc
1441 3245 1495 3300 in
1548 3243 1727 3299 Patris
1754 3243 1965 3315 gremio
2021 3242 2203 3309 sedet;

2299 2026 2681 2083 ostenderetur
2696 2025 2959 2093 futurum,
2985 2028 3240 2097 quoniam
3254 2025 3409 2085 verbi
3438 2029 3874 2096 vis'peccatorum

2299 2118 2434 2174 dura
2484 2126 2832 2189 penetraret;
2887 2132 2997 2189 quo
3046 2117 3262 2175 facilius
3306 2136 3373 2176 ex
3417 2118 3572 2176 cavis
3625 2126 3876 2191 petrarum

2298 2210 2375 2265 illi
2404 2221 2696 2268 venatores
2742 2224 2880 2280 quos
2909 2210 3211 2267 Hieremias
3238 2210 3494 2282 praedixit
3539 2206 3747 2284 (Ierem.
3771 2224 3878 2278 ιιι,

2300 2299 2416 2376 i6),
2450 2303 2683 2361 Domino
2709 2313 3060 2360 venarentur.
3090 2303 3569 2361 Monumentorum
3612 2314 3777 2361 autem
3806 2318 3880 2360 re-

2301 2398 2506 2453 seratio
2530 2396 2750 2471 (Matth.
2773 2410 2931 2453 xxvu
2952 2438 2968 2467 ,
2999 2394 3091 2470 δί)
3123 2397 3251 2467 quid
3294 2396 3468 2464 aliud,
3515 2397 3620 2453 nisi
3653 2396 3878 2453 claustris

2303 2495 2497 2550 mortis
2521 2493 2798 2560 effractis,
2846 2494 3312 2551 resurrectionem
3345 2492 3614 2567 signiﬁcat
3650 2503 3876 2551 mortuo-

2303 2603 2447 2652 rum,
2490 2602 2720 2659 quorum
2749 2589 2803 2644 in
2834 2599 3060 2659 aspectu
3089 2587 3227 2646 ﬁdes
3253 2632 3269 2657 ,
3312 2587 3366 2644 in
3416 2604 3679 2660 processu
3719 2598 3877 2662 typus,

2304 2681 2447 2752 quod
2477 2680 2531 2736 in
2563 2691 2805 2736 sanctam
2851 2679 3179 2754 prodeundo
3217 2682 3523 2751 civitatem,
3556 2679 3878 2755 praesentium

2304 2773 2486 2844 specie
2516 2773 2869 2830 declarabant
2916 2775 2971 2830 in
3024 2773 3117 2830 illa
3149 2773 3493 2831 Hierusalem
3527 2790 3645 2846 quas
3683 2775 3732 2829 in
3759 2771 3880 2829 cosio

2305 2875 2419 2933 est,
2455 2865 2693 2922 futurum
2741 2880 2987 2938 perenne
3042 2866 3412 2923 diversorium
3456 2860 3878 2938 resurgentium?

2313 2960 2524 3034 1532
2550 2962 2722 3016 Etiam
2750 2961 2930 3018 velum
2959 2962 3249 3030 scinditur,
3288 2976 3399 3034 quo
3432 2961 3518 3019 vel
3548 2961 3768 3018 duorum
3797 2973 3880 3029 po-

2309 3057 2557 3126 pulorum
2586 3056 2808 3124 divisio,
2838 3054 2928 3113 vel
2954 3056 3345 3130 mysteriorum
3389 3059 3687 3131 Synagngm
3724 3052 3882 3128 profa-

2308 3150 2459 3203 natio
2505 3148 2831 3205 declaratur.
2882 3149 3161 3207 Scinditur
3208 3164 3343 3223 ergo
3375 3152 3563 3208 velum
3613 3159 3795 3214 vetus;
3834 3152 3884 3200 ut

2310 3240 2553 3297 Ecclesia
2578 3256 2718 3297 nova
2767 3241 2895 3299 ﬁdei
2938 3258 3056 3299 sure
3084 3244 3202 3300 vela
3243 3243 3566 3315 suspendat.
3613 3242 3883 3315 Synagoga:

602 3339 729 3411 quia
758 3347 928 3394 totum
952 3338 1091 3394 alius
1119 3352 1229 3395 non
1257 3338 1402 3408 capit
1422 3336 1721 3394 Christum.
1746 3336 1990 3407 Denique
2024 3352 2037 3389 :
2068 3335 2203 3407 Ego,
2233 3351 2279 3417 ρ
2310 3333 2557 3390 velamen
2607 3334 2886 3403 aufertur;
2916 3343 2978 3392 ut
3030 3336 3310 3409 religionis
3360 3331 3846 3408 interuafmysteria
3866 3369 3880 3396 ,

605 3431 812 3502 inquit,
859 3430 915 3486 in
961 3429 1153 3497 Patre,
1187 3440 1235 3485 et
1278 3429 1438 3485 Pater
1483 3432 1537 3484 in
1567 3444 1648 3484 me
1676 3428 1859 3499 (locis.
1914 3443 2024 3495 ιιιν,
2085 3426 2203 3501 ill).

603 3522 1034 3581 Commendatur
1079 3538 1211 3594 ergo
1241 3523 1389 3580 Patri
1439 3524 1685 3595 spiritus.
1716 3522 1824 3579 Sed
1866 3537 1993 3578 cum
2040 3521 2111 3577 sit
2154 3522 2208 3576 in

605 3617 1016 3688 superioribus,
1048 3616 1322 3673 illuminat
1352 3626 1403 3673 et
1433 3616 1673 3683 inferna,
1698 3625 1756 3672 ut
1780 3616 2035 3673 universa
2064 3613 2211 3670 redi-

608 3722 857 3780 mantur;
892 3714 1093 3771 etenim
1141 3713 1392 3771 Christus
1419 3715 1626 3782 omnia,
1678 3721 1735 3770 et
1765 3715 1817 3770 in
1848 3714 2065 3770 Christo
2088 3729 2207 3769 om-

610 3807 722 3871 nia,
758 3807 886 3863 licet
930 3806 985 3863 in
1014 3807 1242 3879 singulis
1290 3806 1538 3865 Christus
1569 3817 1827 3880 Operetur
1856 3806 2082 3880 (Cotoss.
2114 3820 2209 3873 ιιι,

614 3899 729 3973 il).
760 3902 904 3958 Caro
938 3902 1191 3969 moritur,
1224 3910 1283 3957 ut
1309 3914 1559 3975 resurgat
1588 3920 1602 3956 :
1632 3903 1858 3974 spiritus
1890 3901 2034 3958 Patri
2060 3915 2212 3957 com-

614 3994 924 4062 mendatur,
958 4003 1017 4053 ut
1042 3996 1287 4053 coelestia
1325 4011 1543 4068 quoque
1577 3996 1645 4052 ab
1677 3995 1976 4067 iniquitatis
1996 3992 2215 4050 vinculo

613 4089 978 4159 solverentur,
1008 4099 1065 4147 et
1094 4105 1199 4163 pax
1222 4091 1377 4148 ﬁeret
1396 4091 1452 4146 in
1482 4090 1646 4158 ctelo,
1690 4105 1852 4161 quam
1886 4098 2097 4148 terrena
2130 4102 2217 4145 se—

614 4192 938 4255 querentur.

691 4276 878 4348 (lbid.)
910 4275 938 4315 δ
974 4275 1041 4332 Et
1068 4277 1164 4332 hoc
1189 4277 1328 4331 dicto
1349 4317 1362 4342 ,
1397 4276 1613 4332 tradidit
1635 4276 1898 4345 spiritum.

692 4367 816 4423 127.
859 4367 931 4423 Et
952 4367 1089 4425 bene
1118 4368 1367 4436 tradidit,
1423 4370 1515 4440 qui
1570 4383 1678 4424 non
1727 4369 1926 4424 invitus
1965 4368 2219 4439 spiritum

618 4458 824 4516 emisit.
880 4459 1126 4531 Denique
1179 4460 1471 4517 Matthaeus
1526 4461 1600 4515 ait
1658 4478 1671 4514 :
1740 4459 1928 4515 Emisit
1980 4461 2222 4530 spiritum

620 4552 849 4623 (Matth.
867 4569 1033 4622 xxvn,
1058 4552 1185 4626 50);
1209 4554 1353 4625 quod
1385 4554 1530 4610 enim
1553 4552 2218 4621 emittitur,voluntarium

620 4654 704 4701 est
732 4664 747 4700 :
783 4646 926 4716 quod
954 4648 1240 4715 amittitur,
1271 4648 1666 4704 necessarium.
1692 4657 1715 4686 α
1746 4646 2044 4719 Propterea
2073 4645 2224 4703 addi-

2310 3428 2554 3484 rcvelato
2577 3430 3077 3487 mentiscernamus
3102 3430 3321 3485 obtutu.
3342 3429 3590 3500 Denique
3608 3424 3714 3502 jam
3739 3424 3883 3482 etiam

2311 3524 2559 3579 centurio
2591 3522 2685 3579 Dei
2732 3521 2929 3579 Filium
2976 3539 3137 3595 quem
3189 3522 3564 3592 cruciﬁxerat,
3604 3518 3883 3578 conﬁtetur.

2312 3615 2357 3673 0
2383 3615 2606 3672 duriora
2643 3618 2791 3673 saxis
2821 3628 3043 3688 pectora
3074 3616 3429 3674 Judreorumi
3481 3616 3776 3675 Finduutur
3809 3626 3888 3682 pe-

2311 3718 2432 3777 trae,
2465 3710 2561 3767 sed
2591 3711 2783 3767 horum
2828 3711 2994 3768 corda
3030 3711 3417 3769 ‘obdurantur.
3471 3711 3643 3771 iudex
3693 3707 3884 3779 arguit.

2315 3802 2489 3858 credit
2518 3804 2789 3869 minister,
2814 3804 3061 3875 proditor
3085 3805 3266 3861 scelus
3286 3819 3447 3861 suum
3465 3812 3641 3862 morte
3658 3801 3888 3861 condem-

2318 3902 2451 3962 nat,
2500 3896 2772 3953 elementa
2826 3895 3072 3970 fugiunt,
3124 3904 3268 3954 terra
3320 3901 3666 3968 concutitur,
3717 3906 3886 3952 monu-

2320 3998 2499 4045 menta
2531 4002 2849 4047 reserantur
2880 4008 2895 4046 :
2925 3990 3236 4048 Iudaeorum
3267 4004 3449 4051 tamen
3476 3989 3766 4050 immobilis
3803 3986 3886 4043 du-

2318 4080 2441 4141 rllia
2471 4094 2654 4141 manet
2674 4087 2812 4142 orbe
2842 4100 3133 4143 concusso.

2397 4177 2518 4236 129.
2564 4178 2745 4253 (Vers.
2775 4180 2893 4253 49.)
2924 4180 3155 4238 Stabant
3204 4189 3387 4239 autem
3413 4190 3472 4241 et
3498 4179 3748 4239 mulieres
3790 4174 3888 4232 inme

2322 4282 2567 4339 videntes
2601 4300 2613 4337 :
2644 4281 2824 4339 stabat
2862 4291 2920 4340 et
2950 4291 3149 4351 mater,
3194 4299 3318 4339 cum
3352 4283 3538 4341 studio
3581 4276 3783 4356 pietatis
3809 4284 3889 4329 sua

2322 4379 2559 4451 pericula
2606 4378 2972 4450 posthaberet.
3012 4378 3120 4438 Sed
3166 4388 3221 4436 et
3259 4380 3528 4438 Dominus
3580 4376 3805 4452 pendens
3845 4369 3891 4425 in

2323 4485 2507 4538 cruce,
2541 4469 2633 4539 qui
2670 4487 2766 4526 sua
2817 4472 3055 4542 pericula
3085 4483 3501 4541 contemneret,
3550 4475 3638 4545 pio
3689 4474 3892 4526 matrem

2324 4562 2742 4619 commendabat
2770 4562 2985 4621 affectu.
3015 4563 3172 4633 Quod
3202 4580 3312 4621 non
3334 4570 3509 4623 otiose
3533 4564 3760 4621 Joannes
3788 4556 3892 4628 pln-

2325 4654 2478 4710 ribus
2498 4664 2821 4726 prosecutus
2852 4664 2935 4713 est
2969 4654 3149 4729 (Joan.
3180 4656 3446 4727 armis);
3478 4657 3569 4713 alii
3594 4655 3732 4712 enim
3760 4662 3896 4705 mun-

618 4742 699 4797 dit
731 4760 744 4796 :
783 4742 978 4813 Magna
1002 4760 1146 4800 voce.
1177 4743 1236 4800 lu
1255 4760 1364 4816 quo
1390 4744 1476 4801 vel
1511 4743 1777 4814 professio
1799 4744 2034 4815 gloriosa
2053 4758 2225 4815 usque
2251 4755 2302 4816 υ
2327 4747 2456 4803 dum
2505 4746 2844 4818 descripsere
2889 4763 3213 4806 concussum
3238 4790 3253 4815 ,
3294 4750 3495 4807 caelum
3543 4744 3773 4805 tenebris
3810 4739 3896 4797 ob-

621 4836 688 4894 ad
712 4848 947 4894 mortem
978 4853 1038 4896 se
1068 4854 1168 4911 pro
1198 4839 1402 4895 nostris
1424 4839 1778 4895 descendisse
1798 4839 2037 4909 peccatis
2066 4836 2219 4911 (ergo

699 5012 724 5041 ει
751 5001 827 5058 ita
861 5018 993 5059 mss.
1048 5003 1233 5075 plures
1276 5017 1340 5058 ac
1370 5001 1732 5075 probatiores.
1782 5001 1888 5058 Alii
1919 5017 2052 5075 vero
2092 5016 2229 5059 non-

626 5075 793 5141 nulli,
823 5084 878 5131 et
906 5084 1019 5131 ant.
1047 5071 1205 5142 edit.,
1236 5071 1507 5147 reparatur
1532 5074 1587 5129 in
1608 5071 1884 5147 Christo...
1912 5072 2228 5147 agboietur‘in

626 5148 826 5221 calamo
855 5146 996 5221 (duo
1028 5164 1183 5211 mss.,
1216 5144 1451 5221 aboletur
1472 5155 1519 5201 et
1548 5145 1773 5221 calamo.
1810 5145 1952 5214 quod
1977 5160 2096 5221 n_on_
2116 5144 2230 5221 dis-

627 5220 811 5291 plicet)
840 5215 895 5275 ut
939 5220 1002 5274 de
1044 5234 1259 5292 corpore
1310 5220 1659 5292 absolveretur
1704 5215 1879 5292 (Era._
1908 5215 2121 5292 et_Gill.
2174 5217 2228 5273 in

627 5285 802 5363 inarg.
836 5285 1216 5363 absorberetur)
1243 5292 1509 5363 humano_._
1530 5285 1773 5363 Denique
1795 5286 1931 5363 edit.
1955 5285 2120 5363 Rom.
2150 5298 2231 5342 lo-

627 5376 680 5439 tiu
692 5358 953 5421 mvlnrum
976 5358 1207 5439 praefert
1226 5364 1343 5418 istis
1364 5361 1543 5439 verbis
1576 5358 1967 5439 :Edttlcalur_irt
1995 5358 2219 5439 Christo.

551 5440 557 5445 ’
626 5438 770 5511 Ergo
818 5431 1018 5511 acetum
1064 5434 1269 5511 bibitur
1297 5434 1435 5511 quod
1460 5441 1568 5488 erat
1610 5432 1855 5511 arundini
1898 5431 2220 5511 impositum,

627 5501 729 5566 hoc
756 5522 897 5567 est...
931 5506 1231 5565 absorbetur
1250 5507 1305 5561 ia
1335 5505 1560 5571 calamo,
1595 5516 1646 5559 ut
1668 5506 1732 5561 de
1760 5501 1979 5575 corpore
1996 5501 2229 5561 abolere-

629 5593 713 5637 tur
740 5583 985 5636 humano.

698 5651 728 5737 ξ)
763 5653 918 5737 Rotii.
953 5650 1110 5718 edit.,
1145 5649 1214 5706 Et
1239 5648 1351 5705 ha'c
1375 5648 1551 5713 dicens
1571 5647 1874 5720 exspiravit.
1897 5643 1966 5702 Et
1990 5647 2114 5704 bene
2137 5663 2227 5704 ea:-

630 5733 997 5850 8plzﬂlvt’ahmss.
1032 5795 1102 5851 At
1128 5793 1287 5849 Rom.
1313 5791 1443 5848 edit.
1479 5792 1592 5846 sola
1610 5834 1624 5858 ,
1655 5800 1927 5861 propterea
1952 5791 2220 5863 prtemisit.

631 5867 833 5927 Eadem
857 5878 911 5924 et
936 5866 1088 5937 Gill.,
1116 5869 1169 5922 in
1187 5881 1289 5939 quo
1315 5863 1416 5921 Dei
1442 5865 1714 5936 professio.
1750 5863 1987 5935 Utraque
2007 5863 2226 5921 demum

2325 4837 2576 4907 ductum,
2629 4839 2899 4912 refugisse
2942 4841 3136 4898 solem.
3170 4840 3513 4899 Addiderunt
3560 4838 3827 4898 Mattheus
3851 4836 3897 4886 et

2330 5018 2453 5059 cum
2502 5003 2816 5079 Amerb._et
2868 5006 2994 5079 Era.
3031 5017 3153 5076 post
3206 5023 3395 5065 vocem
3430 5008 3653 5076 peccatis
3686 5000 3894 5079 addunt.

2331 5077 2645 5152 annuntiat;
2666 5076 2761 5152 sed
2791 5092 2859 5133 eo
2890 5078 2977 5152 hic
3019 5078 3154 5135 nihil
3181 5090 3265 5135 est
3288 5096 3448 5152 opus,
3472 5096 3596 5137 cum
3627 5076 3896 5136 substanti-

2333 5162 2475 5222 vnm
2494 5159 2567 5203 est
2616 5147 2773 5203 facile
2802 5150 3131 5222 cogitatione
3156 5147 3491 5222 suppleatur.

2403 5216 2430 5256 ἀ
2458 5219 2609 5294 itane
2636 5216 2895 5294 opinatus
2913 5233 2997 5277 est
3026 5216 3346 5280 Ambrosius
3372 5223 3704 5279 divinitatem
3727 5222 3896 5294 gon-Iri!

2333 5286 2685 5346 manifestum
2712 5291 2858 5348 Pauli
2903 5294 3273 5350 testimonium
3327 5296 3623 5352 secessisse
3650 5307 3678 5346 a
3718 5286 3898 5343 Christi

2333 5376 2575 5438 corpore
2617 5363 2701 5438 vel
2748 5364 2924 5438 anima
2980 5368 3149 5438 semel
3207 5355 3899 5438 assumptisiRespondent

2334 5428 2523 5487 Petrus
2552 5433 2745 5489 Lomb.
2777 5436 2870 5491 lib.
2901 5452 2957 5491 ιιι
3016 5436 3288 5500 Sentent.,
3352 5428 3479 5493 dist.
3541 5437 3603 5491 2i
3628 5475 3641 5499 ,
3679 5430 3707 5503 §
3741 5432 3807 5503 ri.
3853 5428 3901 5478 εί

2335 5503 2391 5560 S.
2411 5503 2513 5578 'l‘h.
2546 5521 2602 5578 ιιι
2642 5521 2720 5578 p._,
2754 5521 2808 5578 q.
2839 5507 2932 5574 50,
2961 5524 3011 5562 a.
3045 5508 3101 5576 2,
3132 5509 3197 5563 ad
3225 5510 3575 5573 t,recessisse
3594 5502 3898 5578 divinitatem

2331 5576 2472 5654 quod
2520 5576 2588 5633 ad
2632 5564 2991 5654 ell'ceittnt_.'id
3037 5564 3155 5654 est,
3181 5564 3767 5654 protectionemsnam
3786 5564 3896 5654 sui}:

2332 5640 2589 5714 traxisse;
2621 5650 2820 5705 etenim
2850 5652 2892 5704 si
2941 5668 3043 5707 non
3070 5640 3384 5707 cohibuisset
3413 5649 3709 5714 potentiam,
3741 5640 3895 5710 inquii

2330 5717 2425 5775 ille
2445 5760 2458 5780 .
2489 5721 2581 5776 sed
2599 5722 2925 5789 exercuisset,
2951 5740 3053 5779 non
3080 5733 3365 5780 moreretur
3382 5717 3632 5778 Christus.

2407 5800 2430 5828 ο
2449 5777 2663 5849 Ὀιιιιιρε
2694 5777 2851 5869 edit.,
2882 5777 3052 5851 tamen
3102 5777 3404 5869 fanatici;
3429 5777 3629 5853 omnes
3656 5797 3802 5851 ωεεον
3829 5777 3900 5835 ιι*

2331 5877 2449 5919 mea
2470 5873 2778 5937 resurgeret.
