4040 6514
132 349 301 408 1857

1106 334 1475 397 EXPOSITIO
1514 332 1772 392 EVANG.
1811 328 1961 389 SEC.
2000 325 2158 386 LUC.
2203 326 2334 385 LlB.
2376 316 2446 382 Χ.

3326 316 3468 382 1838

131 463 399 529 Marcus,
431 463 526 535 qui
548 461 786 518 humana
813 467 841 499 ι
869 465 1033 529 atque
1058 453 1293 512 moralia
1331 450 1553 509 uberius
1581 462 1769 520 prose-

1908 464 2003 521 uid
2051 473 2328 520 maternus
2379 459 2576 516 debeat
2613 456 2840 514 affectus
2885 455 3123 523 imitari,
3151 456 3282 529 quid
3313 459 3470 530 sequi

136 560 272 617 (uti
322 565 455 615 sunt
485 574 501 611 :
533 555 696 621 Deus,
747 552 891 609 Deus
917 566 1081 615 meus,
1112 548 1313 619 respice
1359 547 1414 600 iis
1438 559 1520 599 nte
1549 539 1767 615 (Matth.

139 665 319 706 xxvii
345 691 361 716 ,
401 647 537 721 46):
590 662 750 718 quare
792 661 877 700 me
905 640 1228 712 dereliquiin
1276 636 1469 709 (Marc.
1509 648 1606 700 xv,
1634 630 1771 702 δην

148 751 226 799 ut
257 741 331 799 ad
360 756 582 798 crucem
604 737 811 817 Christi
840 733 1244 805 susceptionem
1294 724 1609 800 pervenisse
1646 737 1770 778 cre-

148 834 427 893 deremus
454 832 785 890 conditionis
830 830 1104 885 humanae.
1152 825 1327 885 Lucas
1349 829 1528 877 autem
1554 829 1775 886 compe-

150 939 288 986 tere
310 928 593 985 evidenter
618 924 857 983 asseruit
880 920 1080 979 latroni
1109 918 1324 975 veniam
1349 908 1671 970 sacerdotali
1693 907 1776 962 in-

148 1022 508 1078 tercessionc
524 1018 866 1080 donatam,et
880 1012 1087 1071 Judaeis
1102 1005 1559 1081 persequentibus
1576 998 1772 1057 eodem

143 1128 398 1170 munere
424 1111 825 1183 indulgentiam
859 1105 1191 1180 postulatam
1234 1101 1404 1176 (Luc.
1435 1113 1566 1156 xxtu
1593 1140 1609 1164 ,
1635 1095 1706 1151 45
1729 1092 1773 1166 ).

236 1208 370 1266 150.
410 1206 655 1263 Joannes
695 1217 850 1274 ergo,
884 1200 976 1273 qui
1019 1198 1230 1269 plenius
1255 1194 1441 1251 divina
1470 1186 1776 1263 penetravit

156 1302 468 1375 mysteria,
528 1315 637 1356 non
688 1296 959 1353 immerito
1007 1291 1301 1354 laboravit,
1351 1296 1409 1344 ut
1453 1302 1573 1357 qua:
1601 1284 1773 1340 Deum

155 1402 537 1468 generaverat
557 1435 573 1461 ,
603 1391 874 1449 mansisse
921 1402 1044 1445 eam
1077 1383 1344 1453 virginem
1376 1380 1640 1436 declaret.
1670 1374 1774 1432 So-

158 1488 258 1546 lus
280 1501 417 1558 ergo
446 1500 535 1543 rue
561 1484 755 1549 docet,
787 1480 932 1553 quod
957 1478 1051 1535 alii
1082 1494 1192 1533 non
1216 1475 1544 1539 docuerunt,
1586 1481 1778 1540 quem-

161 1579 469 1638 admodum
514 1579 571 1636 in
639 1592 804 1635 cruce
865 1575 1075 1646 positus
1125 1564 1489 1641 appellaverit
1548 1572 1787 1635 matrem

167 1675 361 1749 (Joan.
396 1690 490 1733 ιιι
512 1716 531 1741 ,
578 1670 708 1744 Ωιι).
738 1670 908 1741 pluris
944 1677 1142 1739 putans
1167 1664 1315 1737 quod
1363 1662 1538 1718 victor
1566 1655 1776 1728 supplio

167 1772 386 1829 ciorum
411 1778 575 1838 atque
596 1762 1083 1837 pmoarum,victor
1104 1758 1333 1826 diaboli,
1357 1753 1575 1828 pietatis
1601 1750 1779 1808 ot‘licia

1871 558 2177 613 reverentia
2206 555 2439 610 filiorum
2468 568 2484 618 ;
2517 563 2575 606 ut
2615 550 2723 606 illa:
2762 564 2822 605 se
2850 548 3086 606 offerant
3124 549 3181 605 in
3234 548 3473 605 ﬁliorum

1868 652 2161 723 periculis,
2214 649 2326 706 illis
2380 648 2611 719 amplius
2664 644 2977 703 sollicitudo
3016 653 3262 701 materna
3311 659 3474 715 quam

1870 759 1986 802 sua:
2017 745 2211 801 mortis
2241 743 2498 801 maestitia
2526 743 2599 799 sit
2628 740 2827 797 dolori.

1944 840 2068 894 155.
2101 839 2222 905 Quo
2283 836 2407 893 loco
2448 835 2785 893 uberrimum
2855 832 3227 891 testimonium
3298 831 3480 888 Maria:

1873 930 2201 1001 virginitatis
2284 928 2596 985 adhibetur.
2689 925 2880 998 Neque
2955 925 3104 981 enim
3182 924 3477 995 abrogatur

1876 1039 2012 1078 uxor
2042 1023 2263 1089 marito,
2295 1036 2420 1077 cum
2452 1021 2719 1088 scriptum
2742 1018 2813 1073 sit
2846 1035 2861 1072 :
2898 1015 3050 1083 Quod
3081 1014 3226 1071 Deus
3248 1018 3479 1089 conjun-

1875 1120 1950 1175 xit
1967 1163 1982 1187 ,
2008 1122 2160 1175 nemo
2210 1134 2314 1173 non
2335 1126 2537 1189 separet
2564 1114 2780 1187 (Matth.
2807 1129 2918 1180 ιιι,
2953 1113 3042 1185 6);
3070 1111 3172 1168 sed
3199 1126 3322 1183 qua!
3348 1124 3477 1181 pro-

1878 1224 2002 1285 pter
2085 1210 2406 1283 mysterium
2472 1207 2784 1279 coniugium
2831 1205 3144 1278 praetexuit,
3191 1203 3485 1275 completis

1877 1306 2159 1378 mysteriis
2185 1305 2297 1376 jam
2334 1300 2591 1373 coniugio
2618 1316 2728 1357 non
2756 1300 2971 1371 egebat.
3018 1303 3131 1358 Aut
3170 1299 3217 1356 si
3254 1298 3482 1355 moralia

1879 1401 2187 1471 sequimur,
2220 1409 2243 1437 ε
2268 1399 2321 1453 in
2345 1409 2583 1452 maerore
2607 1396 2832 1450 castitas
2860 1392 3186 1464 imperatur.

1951 1492 2077 1549 154.
2096 1492 2579 1565 Mysticumtamen
2597 1497 2683 1545 est
2693 1487 2840 1560 quod
2856 1487 3273 1544 commendatur
3288 1486 3488 1544 Joanni

1878 1586 2024 1642 inter
2051 1595 2284 1641 ereteros
2304 1582 2511 1656 iuniori
2550 1601 2566 1638 :
2609 1581 2756 1654 quod
2784 1596 2891 1637 non
2921 1580 3119 1636 otiosis
3144 1582 3371 1637 auribus
3394 1581 3485 1637 de-

1879 1679 2073 1735 bemus
2101 1680 2376 1749 accipere.
2407 1676 2722 1733 Periculosa
2749 1682 2833 1730 est
2859 1673 3007 1731 enim
3048 1674 3369 1731 mulieribus
3396 1690 3492 1730 co-

1879 1772 2005 1842 pula
2028 1771 2415 1837 adolescentis,
2452 1776 2509 1824 et
2543 1768 2755 1838 species
2783 1766 3111 1838 iuventutis;
3142 1782 3215 1822 ne
3243 1782 3349 1838 qua
3383 1767 3494 1823 for-

167 1861 454 1921 divldebat
473 1902 489 1928 ,
518 1874 679 1930 quam
701 1857 845 1929 quod
868 1871 1096 1928 regnum
1116 1853 1342 1913 cmleste
1361 1850 1619 1906 donabat.
1643 1845 1780 1902 Nam
1810 1845 1859 1906 Β
1888 1874 2034 1921 tasse
2084 1864 2301 1920 curiosa
2353 1862 2590 1932 exempli
2615 1903 2630 1928 ,
2686 1861 2967 1917 incuriosa
3041 1859 3325 1933 mysterii,
3373 1876 3497 1932 qua-

164 1958 215 2017 si
244 1956 559 2026 religiosum
584 1963 670 2011 est
698 1952 843 2025 quod
875 1950 1073 2009 latroni
1098 1949 1253 2005 venia
1276 1947 1512 2004 donatur
1542 1959 1571 1999 ιι
1598 1941 1783 1998 Domi-

167 2067 245 2109 no
264 2092 283 2116 .
308 2050 480 2109 multo
510 2047 818 2120 religiosius
848 2044 994 2117 quod
1018 2053 1192 2101 mater
1223 2042 1523 2097 honoratur
1560 2052 1591 2094 a
1620 2036 1781 2093 Filio.

250 2146 379 2206 ibi.
420 2142 533 2201 Nec
560 2150 954 2213 prmpostcrum
1002 2138 1303 2209 iudicetur,
1349 2131 1494 2206 quod
1525 2131 1674 2202 prius
1705 2129 1785 2186 la-

168 2236 355 2293 tronis
420 2234 820 2293 absolutionem
874 2246 1035 2303 quam
1090 2231 1282 2286 matris
1355 2225 1782 2298 appellationem

167 2329 404 2400 scripsi;
444 2329 537 2399 qui
569 2330 716 2383 enim
743 2333 972 2382 venerat
998 2324 1181 2381 salvos
1223 2323 1405 2378 facere
1430 2326 1783 2391 peccatores.

170 2437 289 2477 non
320 2420 616 2479 absurdum
647 2421 692 2476 si
741 2419 893 2490 prius
933 2418 987 2475 in
1031 2416 1173 2493 meis
1202 2415 1422 2485 scriptis
1470 2421 1785 2480 susceptum

174 2532 378 2575 munus
410 2515 463 2573 in
492 2511 806 2573 redimenda
827 2512 1002 2568 salute
1046 2509 1350 2582 peccatoris
1378 2504 1644 2578 implevit.
1677 2504 1786 2561 De-

175 2610 347 2680 nique
397 2608 516 2679 ipse
544 2608 622 2663 ait
648 2624 663 2660 :
696 2605 824 2673 Quae
853 2614 927 2661 est
957 2614 1119 2661 mater
1158 2618 1270 2657 mea
1289 2643 1303 2668 ,
1333 2610 1381 2657 et
1409 2601 1497 2671 qui
1528 2608 1648 2654 sunt
1677 2598 1790 2665 {ra-

178 2716 287 2761 tres
308 2702 409 2759 mei
435 2700 655 2773 (Matth.
703 2714 781 2757 xu
798 2739 816 2765 ,
839 2696 935 2770 48)
957 2698 981 2752 ?
1005 2697 1143 2766 Quia
1170 2711 1279 2753 non
1331 2702 1555 2750 venerat
1593 2704 1792 2748 vocare

174 2796 389 2867 iustos,
421 2795 518 2851 sed
572 2799 913 2863 peccatores.
946 2788 1058 2846 Sed
1091 2790 1161 2844 ibi
1210 2803 1308 2857 pro
1354 2787 1473 2842 locis
1500 2803 1515 2852 ;
1550 2785 1636 2841 hic
1659 2785 1789 2840 etin

181 2905 355 2949 cruce
400 2904 509 2943 non
550 2887 839 2945 immemor
866 2884 1055 2940 matris
1083 2924 1099 2949 ,
1128 2880 1369 2951 appellat
1405 2894 1523 2936 eam
1556 2878 1746 2935 dicens
1776 2893 1791 2932 :

183 2983 329 3041 Ecce
350 2982 491 3050 ﬁlius
506 2991 663 3045 tuus;
682 2988 736 3037 et
760 2977 960 3039 Joanni
978 2995 989 3027 :
1009 2975 1146 3035 Ecce
1165 2986 1328 3031 mater
1348 2984 1438 3031 tua
1466 2972 1645 3044 (Joan.
1670 2988 1790 3040 xxx,

181 3074 262 3131 26
306 3086 352 3129 et
400 3072 516 3145 Ξῖ).
552 3071 883 3135 Testabatur
929 3072 994 3127 de
1022 3085 1184 3127 cruce
1228 3068 1515 3133 Christus,
1548 3076 1603 3124 et
1630 3075 1797 3122 testa—

184 3176 435 3227 mentum
474 3164 595 3236 ejus
641 3163 893 3234 signabat
921 3161 1193 3229 Joannes,
1227 3160 1423 3232 dignus
1456 3166 1607 3215 tanto
1629 3165 1796 3215 testa-

1886 1956 2149 2013 luxuriari
2175 1957 2229 2012 in
2258 1954 2481 2012 Christo
2504 1954 2761 2026 cupiens,
2791 1952 2970 2010 Mariae
2993 1953 3234 2024 speciem
3265 1960 3501 2023 praeten-

1885 2050 2003 2119 dat,
2028 2066 2135 2105 non
2179 2051 2425 2107 imitetur
2467 2047 2749 2113 allectum,
2788 2048 2935 2104 sicut
2966 2046 3163 2118 vulgus
3184 2062 3330 2103 nunc
3353 2047 3498 2104 male

1888 2143 2041 2199 audit
2073 2142 2389 2209 mulierum,
2420 2141 2615 2197 relicto
2637 2140 2860 2197 seniore
2887 2140 3107 2205 marito,
3132 2149 3192 2196 ut
3218 2141 3496 2208 iuniorem

1887 2243 2214 2304 sequantur.
2243 2234 2574 2303 Discetergo
2603 2230 2868 2289 Ecclesia:
2893 2230 2983 2286 hic
3011 2245 3135 2287 esse
3150 2231 3498 2303 mysterium,

1888 2344 2010 2400 qua:
2038 2327 2240 2399 populo
2271 2326 2477 2383 seniori
2508 2325 2693 2398 specie
2723 2332 2853 2381 ante
2887 2325 3141 2395 copulata
3166 2366 3182 2390 ,
3214 2339 3324 2380 non
3356 2340 3457 2380 usu
3479 2363 3497 2393 ,

1890 2428 2246 2492 posteaquam
2293 2418 2509 2491 peperit
2561 2417 2827 2485 Verbum,
2872 2426 2932 2473 et
2980 2417 3033 2472 iu
3078 2415 3404 2487 corporibus
3434 2429 3501 2472 ac

1890 2514 2169 2570 mentibus
2199 2512 2481 2567 hominum
2521 2525 2616 2582 per
2656 2510 2819 2566 iidem
2865 2510 3047 2565 erucis
3075 2516 3134 2564 et
3162 2508 3502 2578 sepulturam

1890 2605 2163 2662 Dominici
2208 2604 2461 2673 corporis
2492 2602 2820 2668 seminavit,
2851 2617 2915 2658 ex
2963 2609 3241 2673 praecepto
3284 2599 3381 2657 Dei
3413 2617 3503 2657 se—

1890 2698 2148 2754 cietatem
2174 2697 2359 2767 populi
2386 2696 2624 2766 iunioris
2647 2694 2837 2765 elegit.

1969 2790 2091 2847 i55.
2125 2787 2153 2827 ά
2174 2789 2374 2857 Quaero
2398 2789 2565 2844 etiam
2586 2801 2685 2843 cur
2711 2796 2839 2842 ante
2863 2793 3100 2843 mortem
3127 2800 3236 2841 non
3258 2786 3506 2841 invenis.

1894 2899 2017 2938 mus
2037 2897 2163 2939 esse
2191 2896 2532 2952 percussum,
2557 2890 2675 2951 post
2706 2888 2935 2937 mortem
2958 2876 3497 2950 inveniamuonan.

1896 2992 2013 3045 xrx,
2041 2973 2174 3047 διν
2199 2975 2316 3032 Nisi
2352 2975 2493 3030 forte
2521 2983 2581 3029 ut
2609 2973 2948 3030 voluntarius
2975 2972 3155 3029 exitus
3181 2970 3302 3044 ejus
3332 2973 3505 3044 magis

1894 3088 2056 3145 quam
2091 3070 2437 3128 necessarius
2492 3068 2662 3126 luisse
2690 3068 2976 3136 doceatur,
3007 3078 3062 3123 et
3091 3065 3342 3123 ordinem
3384 3081 3508 3139 my-

1898 3172 2092 3223 sticum
2118 3165 2436 3223 noverimus
2458 3181 2473 3231 ;
2502 3165 2624 3236 quia
2646 3178 2752 3219 non
2776 3171 2907 3219 ante
2928 3162 3118 3223 altaris
3136 3170 3499 3231 sacramenta,

184 3270 313 3318 tore
335 3256 512 3317 teStis.
563 3256 771 3315 Bonum
815 3261 1199 3311 testamentum
1233 3271 1337 3310 non
1373 3255 1621 3325 pecunia:
1648 3295 1663 3321 ,
1696 3253 1792 3311 sed
1818 3243 1863 3306 C
1895 3275 2058 3332 quam
2084 3259 2414 3328 baptismum
2440 3276 2455 3311 :
2479 3256 2577 3313 sed
2600 3256 2927 3327 baptismum
2948 3254 3201 3324 ente,sic
3223 3256 3502 3327 poculum.

186 3356 319 3413 vitm
367 3372 381 3408 :
439 3352 583 3429 quod
628 3367 736 3409 non
791 3361 1098 3411 atramento
1123 3350 1400 3415 scribitur.
1444 3350 1541 3407 sed
1581 3349 1794 3424 Spiritu

186 3448 289 3505 Dei
320 3448 425 3504 vivi
458 3465 472 3503 :
503 3446 709 3518 Lingua
737 3462 852 3502 mea
878 3446 1111 3501 calamus
1151 3443 1339 3500 scribat
1376 3444 1619 3501 velociter
1658 3444 1793 3501 scri-

192 3545 358 3605 bentis
382 3542 558 3615 (Psat.
602 3558 747 3608 xuv,
775 3541 858 3614 '5).

269 3636 393 3694 152.
436 3635 543 3693 Sed
570 3649 672 3693 nec
698 3634 866 3691 Maria
915 3633 1096 3695 minor
1123 3649 1283 3704 quam
1316 3643 1543 3693 matrem
1591 3633 1796 3691 Christi

194 3728 463 3795 decebat,
502 3728 838 3799 fugientibus
881 3728 1146 3799 apostolis
1177 3737 1304 3785 ante
1329 3743 1546 3785 crucem
1585 3727 1795 3801 1533

194 3821 395 3887 stabat,
447 3830 498 3879 ct
550 3822 655 3893 piis
693 3821 977 3891 spectabat
1019 3820 1194 3878 oculis
1222 3821 1345 3878 Filii
1388 3822 1795 3892 vulnera;quia

195 3915 550 3987 exspectabat
592 3930 699 3971 non
732 3914 976 3986 pignoris
1020 3922 1254 3970 mortem
1278 3955 1293 3977 .
1322 3913 1418 3970 sed
1449 3913 1634 3969 mundi
1655 3914 1799 3970 salu-

199 4019 328 4065 tem.
357 4006 467 4065 Aut
495 4005 727 4063 fortasse
752 4007 883 4076 quia
908 4014 1237 4075 cognoverat
1269 4022 1364 4074 per
1390 4004 1514 4063 Filii
1565 4013 1797 4061 mortem

200 4100 387 4161 mundi
421 4100 877 4172 redemptionem,
906 4100 1027 4155 aula
1060 4099 1259 4169 regalis
1288 4103 1507 4168 putabat
1533 4114 1592 4157 se
1618 4108 1675 4155 et
1700 4114 1798 4159 sua

202 4202 379 4253 morte
404 4192 621 4264 publico
653 4191 868 4249 muneri
914 4191 1121 4262 aliquid
1151 4191 1475 4249 addituram.
1506 4191 1614 4250 Sed
1642 4192 1802 4249 Jesus

205 4301 310 4343 non
360 4285 557 4355 egebat
610 4284 860 4353 adjutore
911 4284 977 4340 ad
1023 4287 1263 4340 omnium
1325 4285 1800 4356 redemptionem,

205 4379 295 4453 qui
317 4377 452 4435 dixit
478 4396 492 4434 :
522 4376 718 4434 Factus
739 4394 856 4435 sum
883 4380 1013 4434 sicut
1044 4381 1197 4435 homo
1218 4380 1327 4437 sine
1350 4379 1616 4454 adjutorio
1634 4422 1649 4448 ,
1666 4381 1805 4436 inter

206 4483 434 4531 mortuos
464 4473 595 4531 liber
644 4472 820 4545 (Psal.
853 4489 1110 4542 Lxxxvn,
1166 4473 1245 4546 ὅ).
1277 4473 1531 4545 Suscepit
1583 4475 1800 4546 quidem

208 4567 393 4627 matris
414 4566 670 4627 aﬁ'ectum
688 4609 703 4636 ,
728 4568 823 4624 sed
847 4585 954 4625 non
983 4569 1232 4641 qumsivit
1256 4569 1494 4627 hominis
1515 4569 1798 4627 auxilium.

1892 3353 2101 3413 Deinde
2122 3362 2180 3411 ut
2208 3352 2558 3409 advertomus
2585 3350 2716 3423 quia
2750 3351 2878 3407 lieet
2906 3351 3159 3421 corporis
3186 3349 3306 3422 ejus
3341 3347 3511 3406 fuerit

1891 3457 2087 3502 natura
2098 3444 2371 3509 mortalis,
2391 3444 2519 3500 licet
2533 3439 3298 3514 qualitassimilis;dlsslmilis
3316 3449 3501 3498 tamen

1889 3541 2090 3614 gratio.
2129 3540 2265 3597 Nam
2290 3539 2478 3611 utique
2515 3546 2642 3611 post
2666 3544 2899 3593 mortem
2932 3534 3161 3607 sanguis
3205 3536 3260 3591 in
3303 3535 3509 3591 nostris

1889 3636 2214 3707 corporibus
2244 3634 2579 3707 congelascit
2607 3652 2622 3687 :
2649 3642 2674 3670 ο
2718 3646 2790 3688 ex
2834 3630 2926 3685 illo
2953 3637 3136 3685 autem
3187 3629 3508 3698 incorrupto

1891 3729 2019 3785 licet
2060 3743 2317 3799 corpore,
2346 3725 2443 3783 sed
2482 3726 2764 3788 defuncto,
2808 3722 3054 3778 omnium
3077 3723 3185 3777 vita
3222 3722 3502 3778 manabat.

1896 3824 2051 3893 Aqua
2068 3824 2215 3879 enim
2237 3832 2292 3878 et
2308 3822 2527 3892 sanguis
2546 3819 2712 3876 exivit
2735 3815 2927 3891 (Ιὸίά.)
2953 3835 2965 3872 :
2996 3816 3091 3873 illa
3135 3831 3255 3887 qua
3288 3815 3464 3872 diluat
3483 3853 3502 3884 ,

1898 3919 2002 3973 iste
2048 3917 2143 3987 qui
2189 3915 2448 3972 redimat.
2495 3913 2751 3968 Bibamus
2776 3924 2909 3981 ergo
2950 3910 3187 3981 pretium
3224 3917 3503 3977 nostrum,

1898 4022 1957 4067 ut
1991 4012 2233 4066 bibendo
2263 4009 2621 4067 redimamur.

1972 4098 2587 4175 i56.(Vers.50.)Quid
2601 4098 2703 4153 sibi
2723 4096 2887 4153 etiam
2905 4096 3043 4163 vult,
3060 4095 3204 4167 quod
3236 4110 3344 4151 non
3376 4111 3512 4166 apo-

1902 4194 2379 4266 stoli,sed.loseph
2403 4207 2458 4250 et
2489 4191 2820 4248 Nicodamus
2845 4189 2865 4229 ί
2890 4188 3167 4246 Christum
3199 4189 3513 4260 sepeliant!

1903 4290 2054 4346 Unus
2072 4289 2248 4359 justus
2270 4298 2329 4344 et
2369 4297 2648 4352 constans,
2683 4285 2825 4342 alter
2854 4284 2909 4340 in
2931 4299 3045 4355 quo
3067 4284 3230 4339 dolus
3258 4298 3367 4341 non
3393 4295 3514 4340 erat

1903 4380 2107 4455 (Joan.
2138 4397 2252 4449 xu,
2281 4380 2351 4438 58
2381 4389 2429 4435 et
2457 4381 2527 4437 59
2553 4378 2606 4451 );
2638 4378 2761 4433 talis
2786 4378 2933 4434 enim
2968 4377 3172 4433 Christi
3204 4386 3292 4433 est
3329 4376 3507 4447 sepul-

1904 4486 2045 4539 tura,
2070 4491 2198 4546 qua:
2221 4473 2464 4529 fraudem
2501 4472 2951 4543 iniquitatemque
2977 4486 3085 4526 non
3128 4469 3348 4526 habeat.
3394 4469 3511 4526 0b-

1905 4571 2135 4624 struitur
2180 4566 2395 4642 1535
2420 4568 2583 4639 igitur
2621 4564 3017 4637 tergiversandi
3051 4563 3515 4631 locus,etdome-

208 4663 477 4725 Habemus
508 4662 672 4735 igitur
710 4659 739 4701 ι’
770 4662 990 4734 pietatis
1019 4663 1334 4735 magistrum
1368 4681 1381 4719 :
1428 4662 1590 4720 docet
1635 4661 1801 4720 lectio
1828 4656 1884 4719 D
1908 4666 2047 4721 stico
2066 4665 2243 4722 Judaei
2272 4664 2588 4722 testinmnio
2612 4664 3005 4729 revincuntur;
3039 4678 3162 4718 nam
3209 4661 3255 4717 si
3283 4660 3516 4733 apostoli

278 4838 304 4869 ⁸
338 4840 481 4897 Edit.
516 4854 728 4909 omnes,
756 4848 811 4897 et
833 4841 1016 4912 plures
1042 4854 1199 4909 mss.,
1232 4850 1384 4912 atque
1410 4840 1652 4897 mortalia
1684 4858 1703 4896 :
1727 4851 1806 4897 ta-

215 4912 465 4987 men‘alii
490 4912 699 4984 aliquot
718 4954 733 4979 ,
761 4916 851 4987 qui
883 4922 939 4969 ct
976 4912 1228 4987 melioris
1252 4922 1422 4982 none,
1441 4922 1605 4987 (atque
1632 4930 1802 4971 mora-

214 4983 299 5041 lia.
331 4983 537 5057 Rursus
580 4983 706 5054 post
734 4983 900 5054 pauca
930 4985 1025 5040 ubi
1052 4984 1275 5040 Amcrb.
1306 4985 1655 5057 omniumque
1685 4998 1808 5054 pro-

217 5055 499 5124 pemodum
541 5072 676 5110 mss.
724 5058 1047 5128 auctoritate
1092 5060 1467 5128 reposuimus,
1519 5055 1809 5128 competere

215 5128 467 5183 evidenter
510 5128 731 5181 asseruit
761 5169 774 5187 .
811 5130 962 5194 Era.,
1012 5127 1144 5184 Gill.
1174 5142 1239 5182 ac
1280 5130 1436 5183 item.
1484 5127 1810 5197 perierunt,

214 5208 551 5271 competenter
588 5200 809 5271 asseruit
836 5215 855 5255 :
886 5215 1009 5270 qua!
1057 5200 1219 5255 lectio
1253 5214 1349 5255 cur
1377 5200 1550 5271 priori
1582 5209 1807 5270 antepo-

217 5280 390 5330 natur.
420 5270 558 5324 nihil
590 5270 857 5326 videmus.

284 5340 479 5414 1titldit.
546 5341 704 5414 ῐξοιιι.
784 5342 903 5398 sola
928 5384 942 5406 ,
990 5344 1195 5412 pietatis
1238 5344 1636 5414 magisterium;
1684 5356 1807 5397 cum

221 5413 334 5468 aliis
361 5413 517 5476 edit.,
552 5411 745 5468 Doceat
777 5416 947 5469 lectio.
985 5414 1108 5467 Mss.
1137 5430 1266 5469 vero
1308 5411 1419 5472 iere
1442 5416 1508 5470 ad
1538 5431 1725 5477 unum,
1756 5423 1813 5467 ut

222 5484 272 5540 in
297 5494 464 5539 textu.
497 5485 565 5539 At
593 5484 732 5540 inira
752 5487 839 5540 ubi
865 5500 1062 5540 omnes
1096 5486 1228 5540 edit.
1256 5495 1313 5542 et
1354 5488 1623 5542 maximus
1678 5499 1809 5540 mss.

222 5571 475 5628 numerus
526 5556 748 5622 habent,
805 5557 1105 5628 sollicitudo
1164 5570 1434 5618 materna.
1469 5572 1812 5628 nequaquam

222 5627 469 5696 displicet
491 5628 653 5703 lectio
677 5630 906 5684 duorum
928 5626 1117 5703 βαίη,
1152 5628 1202 5680 in
1234 5628 1427 5703 quibus
1452 5626 1682 5685 solitudo
1704 5644 1816 5682 ma-

226 5708 405 5764 terna;
454 5701 677 5754 solitudo
725 5702 869 5755 enim
921 5700 1446 5770 lrequenter‘bonis
1501 5702 1818 5755 auctoribus

228 5770 362 5843 idem
390 5780 494 5832 est,
528 5781 687 5840 atque
708 5771 921 5826 orbitas.
949 5770 990 5824 C
1010 5779 1218 5823 uterum
1253 5771 1516 5843 quidquid
1546 5773 1614 5827 de
1655 5771 1820 5843 Maria

229 5840 623 5914 etJuauuebt-«z
652 5843 994 5914 locodicitur
1020 5885 1034 5905 ,
1062 5859 1229 5911 prope
1270 5840 1336 5897 ad
1368 5840 1591 5898 verbum
1635 5843 1688 5897 in
1723 5842 1819 5914 Ep.

235 5916 293 5967 ad
322 5912 463 5967 Evcl.
503 5911 659 5968 Vere.
688 5915 789 5969 sub
817 5912 982 5969 linem
1015 5915 1299 5985 reperitur.

1991 4852 2013 4880 ο
2045 4840 2115 4895 In
2149 4856 2398 4906 interere;
2446 4838 2569 4896 hinc
2608 4845 2694 4896 est
2720 4837 2866 4910 quod
2896 4838 3078 4910 viduis
3131 4837 3350 4895 feminis
3379 4847 3517 4897 tem-

1917 4927 2052 4983 pore
2082 4914 2260 4969 luctus
2286 4913 2551 4969 maritalis
2579 4925 2740 4981 quem
2763 4909 3106 4969 Theodosius
3128 4910 3252 4969 cod.
3276 4912 3358 4966 sui
3386 4922 3516 4971 tom.

1914 5001 1995 5051 ιιι,
2022 4988 2102 5041 tit.
2136 4984 2193 5050 8,
2241 4983 2304 5039 de
2333 4983 2550 5039 second.
2587 4992 2736 5056 nupt.
2769 4983 3053 5056 duodecim
3084 4983 3347 5056 mensium
3395 4999 3519 5056 esse

1916 5057 2087 5112 voluit
2112 5098 2127 5119 ,
2160 5056 2226 5112 ad
2268 5056 2507 5111 secunda
2537 5052 2671 5109 vota
2691 5097 2707 5121 ,
2740 5064 2798 5109 ut
2834 5054 3130 5125 loquuntur
3166 5052 3468 5123 iurisperiti
3496 5096 3513 5121 ,

1916 5128 2328 5201 convolantibus
2381 5126 2571 5183 eadem
2605 5126 2912 5201 legepmna
2946 5126 3247 5199 irrogatur:
3281 5141 3391 5201 quo
3428 5140 3517 5183 re-

1915 5202 2167 5270 spexisse
2191 5199 2536 5255 Ambrosium
2564 5198 2848 5269 probabile
2875 5205 2978 5255 est.

1991 5270 2018 5309 ἀ
2078 5273 2234 5354 ltum.
2278 5272 2438 5339 edit.,
2487 5266 2719 5354 Denique
2756 5272 3036 5354 secundum
3080 5266 3338 5354 Joannem
3374 5284 3392 5322 :

1918 5340 2098 5422 {esum
2136 5352 2311 5397 autent
2367 5359 2483 5398 cum
2536 5340 2883 5401 venissent....
2940 5342 3078 5403 latus
3127 5343 3240 5422 ejus
3294 5340 3520 5411 aperuit.

1925 5416 2113 5483 Quwro
2140 5430 2259 5486 ergo
2286 5430 2412 5481 cur,
2446 5424 2551 5470 etc.
2732 5485 2739 5486 ί
3070 5484 3076 5486 Α
3144 5416 3160 5422 ⁷
3193 5483 3202 5486 _
3270 5481 3285 5486 _
3456 5428 3461 5435 ‘

2000 5496 2022 5523 ε
2057 5481 2255 5541 Eadem
2305 5488 2439 5541 edit.
2473 5486 2654 5545 Rom.
2706 5485 2770 5540 de
2798 5483 2891 5539 illo
2920 5500 3035 5540 vero
3062 5483 3228 5553 inquit
3251 5481 3484 5541 Joannes
3508 5498 3528 5538 :

1927 5557 1996 5612 Et
2029 5558 2269 5612 continuo
2296 5558 2451 5613 exivit
2480 5558 2689 5630 sanguis
2736 5566 2781 5615 et
2834 5572 2984 5623 aqua.
3034 5553 3119 5613 Ex
3158 5556 3251 5609 illo
3290 5554 3531 5613 animin-

1931 5638 2174 5695 corruplo
2201 5674 2215 5695 ,
2247 5639 2354 5685 etc.

2009 5699 2028 5739 τ
2079 5694 2284 5756 Rursus
2328 5700 2517 5759 eadem
2584 5698 2743 5757 Rom.
2774 5697 2940 5764 edit.,
2991 5709 3046 5753 ut
3095 5697 3326 5755 Joannes
3366 5694 3535 5751 dicit:

1938 5773 2197 5827 Christum
2227 5773 2478 5846 sepeliunt
2500 5773 2524 5828 Ζ)
2551 5769 2891 5846 Uttusjusltts
2919 5778 2965 5846 et
3012 5777 3271 5846 constans,
3296 5767 3427 5821 alter
3449 5767 3537 5846 qui

1940 5791 2197 5827 uni-imm
2227 5791 2476 5846 sepenum
2500 5791 2522 5828 ,ν
2551 5791 2697 5829 unus
2749 5791 2891 5825 ustus
2919 5791 2965 5823 ει
3012 5791 3271 5832 constans,
3296 5791 3426 5821 uuer
3449 5791 3536 5836 qus

1940 5855 2048 5899 erat
2094 5847 2339 5915 magister
2366 5846 2419 5899 in
2449 5841 2637 5898 Israel.
2667 5791 2816 5915 Ti'tlis
2869 5836 3223 5915 cuiusChristi
3246 5852 3319 5895 est
3363 5837 3539 5909 sepulo

1946 5927 2082 5985 tura,
2117 5911 2232 5985 quia
2245 5918 2513 5989 justitiam
2540 5913 2989 5984 magisterinmque
3017 5911 3217 5966 habent.
