4148 6362
585 228 724 287 1859

1949 228 2194 288 θΑΝοτι
2231 230 2554 292 AMBROSII

3727 248 3844 306 1840

576 341 926 413 sepelissent,
960 339 1207 396 dicerent
1255 339 1442 411 utique
1491 354 1599 396 non
1651 341 1961 413 sepultum,
2015 358 2178 414 quem
2209 352 2262 412 Α
2292 347 2359 403 tis
2391 349 2604 405 :vietor
2654 351 2848 408 mortis
2897 352 3160 410 tumulum
3216 368 3372 411 suum
3404 371 3506 412 non
3537 357 3704 416 habet.
3733 362 3843 431 Qua:

578 435 857 506 sepultum
881 442 1096 506 raptum
1126 448 1247 490 esse
1269 433 1550 491 dixerunt.

653 529 774 583 157.
808 528 994 584 Justus
1024 536 1205 583 autem
1238 525 1440 582 Christi
1473 542 1675 598 corpus
1705 529 1883 599 operit
1907 529 2136 585 sindone
2160 571 2176 597 ,

582 621 848 677 innocens
872 621 1023 691 ungit
1048 630 1322 690 unguento
1342 617 1524 688 (Joan.
1551 635 1664 686 χιχ,
1681 619 1794 690 40);
1815 637 2046 692 namque
2063 622 2180 676 hare

581 736 690 776 non
713 722 889 776 otiose
910 718 1164 774 distincta
1183 718 1510 788 reperimus;
1525 717 1647 790 quia
1659 718 1870 790 justitia
1892 720 2058 775 vestit
2085 719 2183 775 Ec-

575 815 822 879 clesiam,
851 813 1161 868 innocentia
1182 812 1412 884 gratiam
1441 813 1846 868 subministrat.
1879 813 2028 869 Vesti
2050 828 2183 884 ergo

573 916 632 964 ct
662 917 718 962 tu
737 908 954 963 Domini
977 921 1177 977 corpus
1197 906 1370 978 gloria
1401 922 1521 974 sua,
1552 916 1682 963 utet
1713 910 1830 978 ipse
1861 907 1938 964 sis
1964 908 2179 978 justus:

574 1002 678 1058 etsi
701 1008 974 1058 mortuum
1002 1001 1204 1068 credis,
1256 1002 1412 1072 operi
1460 1012 1641 1059 tamen
1673 1003 1977 1059 divinitatis
2007 1004 2182 1074 pleni-

573 1095 763 1151 tudine
783 1110 916 1151 suae.
942 1092 1096 1166 Unge
1117 1094 1247 1150 illud
1273 1095 1494 1167 myrrha
1515 1105 1569 1151 et
1595 1097 1736 1163 aloe,
1767 1105 1825 1153 ut
1853 1097 2031 1153 bonus
2051 1097 2187 1154 odor

575 1186 782 1244 Christi
813 1189 911 1244 sis.
943 1188 1153 1244 Bonum
1186 1188 1414 1244 linteum
1439 1189 1588 1244 misit
1613 1189 1819 1260 Joseph
1847 1190 1942 1245 ille
1972 1190 2056 1245 vir
2096 1191 2188 1260 ju-

576 1289 714 1347 stus,
741 1290 797 1337 et
826 1283 1061 1338 fortasse
1088 1280 1222 1336 illud
1261 1281 1408 1352 quod
1440 1283 1637 1338 Petrus
1663 1283 1798 1339 vidit
1821 1299 1853 1339 e
1878 1285 2020 1341 ccelo
2037 1283 2103 1338 ad
2126 1299 2186 1340 se

571 1389 695 1432 esse
713 1374 1036 1442 demissum,
1065 1375 1117 1429 in
1145 1390 1253 1445 quo
1276 1385 1438 1430 erant
1465 1391 1665 1446 genera
1687 1376 2187 1447 quadrupedumpt

568 1470 809 1526 ferarum
833 1476 889 1524 et
914 1469 1218 1534 volucrum,
1248 1467 1315 1524 ad
1348 1469 1761 1525 similitudinem
1783 1471 2027 1541 gentium
2052 1470 2186 1542 ﬁgu-

572 1572 690 1619 rata
722 1564 862 1636 (Act.
896 1579 953 1627 x,
990 1565 1103 1633 11).
1137 1562 1372 1636 Mystico
1419 1564 1584 1635 igitur
1616 1577 1895 1636 unguento
1949 1565 2048 1621 illo
2097 1565 2180 1636 pi-

573 1656 714 1711 stieo
755 1655 1126 1726 consepelitur
1156 1655 1420 1722 Ecclesia,
1446 1672 1567 1728 quae
1598 1657 1974 1714 diversitatem
2007 1674 2182 1730 popu-

569 1748 750 1805 lorum
781 1748 906 1804 ﬁdei
928 1764 1043 1805 suae
1065 1748 1449 1805 communione
1472 1749 1723 1806 sociavit.

644 1843 768 1899 158.
816 1843 891 1898 De
932 1843 1035 1899 hoc
1079 1843 1288 1915 Joseph
1327 1845 1378 1899 in
1411 1843 1622 1902 Joanne
1648 1847 1766 1902 solo
1788 1846 2009 1903 invenio
2031 1848 2176 1919 quod

569 1937 820 1993 occultus
844 1935 1058 1993 venerit
1101 1935 1171 1993 ad
1204 1937 1435 1993 Pilatum
1467 1950 1694 2010 propter
1720 1949 1926 1995 metum
1959 1939 2179 1997 Judteo-

566 2045 690 2084 rum
720 2027 904 2103 (Joan.
929 2043 1049 2095 χιχ,
1074 2027 1189 2097 58).
1223 2029 1510 2097 Quomodo
1541 2030 1720 2102 justus
1750 2031 2013 2089 latebram
2038 2033 2181 2103 peri-

568 2123 678 2179 culi
705 2121 896 2177 timore
922 2122 1212 2192 quazsivtt?
1235 2122 1347 2194 Ego
1378 2132 1560 2179 autem
1593 2134 1724 2194 puto
1759 2125 1904 2197 quod
1933 2125 2059 2183 ideo
2088 2141 2180 2182 oc-

567 2215 717 2272 culte
747 2214 962 2286 petierit
999 2222 1058 2269 ut
1079 2229 1277 2286 corpus
1298 2216 1640 2287 impetraret,
1672 2234 1780 2273 non
1803 2229 1858 2274 ut
1877 2219 2179 2290 perieulum

567 2319 810 2364 caveret.
837 2308 903 2363 Et
927 2316 1105 2364 tamen
1128 2307 1257 2379 quid
1277 2309 1470 2364 mirum
1491 2310 1535 2364 si
1567 2310 1945 2367 occultabatur
1965 2312 2145 2383 justus
2162 2355 2177 2379 ,

567 2401 786 2469 quando
811 2400 1232 2457 occultabantur
1254 2411 1309 2458 et
1334 2401 1567 2472 apostoli
1587 2403 1858 2473 justorum
1890 2405 2180 2476 magistri?

570 2492 709 2550 Veni
739 2502 798 2550 et
838 2501 892 2548 tu
923 2511 938 2548 :
964 2493 1046 2548 vel
1077 2508 1226 2562 sero,
1251 2495 1336 2550 vel
1359 2505 1542 2562 nocte,
1573 2497 1658 2553 vel
1686 2514 2028 2571 quacumque
2050 2501 2181 2556 hora

565 2589 806 2657 veneris,
840 2588 1087 2646 invenies
1118 2590 1303 2647 Jesum
1337 2591 1404 2646 ad
1445 2592 1854 2664 suscipiendum
1894 2605 2137 2665 paratum
2162 2638 2176 2662 ,

567 2699 672 2740 nec
702 2683 972 2739 minorem
999 2685 1178 2740 serius
1201 2685 1547 2741 venientibus
1569 2687 1877 2743 mercedem
1906 2690 1990 2758 pia
2020 2689 2183 2761 largi-

570 2785 682 2832 tate
713 2776 1057 2841 solventem;
1093 2791 1217 2832 uam
1238 2784 1293 2831 et
1313 2779 1403 2848 qui
1428 2788 1582 2833 sexta
1612 2778 1743 2834 hora
1774 2779 1944 2846 venit,
1969 2796 2076 2837 non
2100 2791 2185 2838 est

570 2867 827 2925 mercede
857 2867 1135 2923 fraudatus
1166 2884 1178 2922 :
1211 2875 1266 2923 et
1293 2870 1384 2939 qui
1424 2869 1708 2925 undecima
1733 2911 1748 2939 ,
1787 2871 2184 2941 plenitudinem

569 2960 846 3016 mercedis
865 2960 1078 3032 accepit
1093 2959 1312 3032 (Matth.
1332 2976 1423 3028 xx,
1444 2960 1477 3015 4
1489 2971 1536 3016 et
1554 2962 1712 3034 καφ).
1731 2963 1840 3020 Sed
1855 2965 2018 3020 etiam
2030 2965 2184 3022 Nico-

570 3054 766 3110 demus
795 3062 955 3110 nocte
975 3053 1327 3130 venit(.loan.
1351 3070 1431 3121 ιιι,
1455 3052 1536 3126 2).
1560 3055 1676 3112 Nox
1699 3069 1838 3124 erat,
1861 3059 1990 3129 quia
2009 3059 2187 3117 adhuc

570 3161 682 3202 non
708 3157 825 3203 erat
847 3145 1196 3203 resurrectio.
1225 3147 1469 3218 Denique
1514 3151 1815 3206 resurrexit
1835 3149 2107 3220 Christus,
2131 3164 2187 3210 et

568 3239 748 3311 justus
797 3238 874 3295 ait
931 3256 944 3293 :
997 3239 1124 3295 Noa:
1169 3242 1428 3311 prtecessit
1463 3281 1478 3309 ,
1519 3242 1630 3298 dies
1677 3253 1849 3300 autem
1899 3247 2188 3318 appropin-

577 3333 753 3403 quavit
784 3332 804 3402 (
830 3330 985 3386 Rom.
1014 3348 1134 3400 χιιι,
1159 3333 1227 3388 12
1251 3330 1294 3403 ).

651 3424 777 3481 159.
813 3425 968 3483 Hunc
997 3424 1201 3495 Joseph
1226 3424 1430 3494 justqu
1453 3426 1629 3483 Lucas
1659 3428 1798 3484 dixit
1834 3428 1992 3502 (Luc.
2028 3447 2182 3501 χχιιι,

575 3517 695 3591 50),
728 3517 1017 3574 Matthazus
1045 3517 1274 3574 divitem
1308 3519 1528 3592 (Matth.
1554 3538 1722 3591 xxut,
1750 3523 1865 3596 57).
1894 3525 1963 3580 Et
1993 3526 2187 3584 merito

577 3612 734 3668 dives
774 3611 878 3666 hoc
915 3611 1041 3667 loco
1081 3611 1302 3681 dicitur,
1329 3613 1420 3670 ubi
1449 3629 1650 3686 corpus
1677 3620 1919 3688 suscepit
1945 3620 2184 3689 Christi;

577 3705 928 3777 suscipiendo
967 3703 1113 3761 enim
1153 3704 1410 3772 divitem,
1447 3708 1675 3764 nescivit
1717 3709 1844 3767 ﬁdei
1899 3722 2188 3784 pauperta-

580 3810 715 3857 tem.
748 3800 906 3856 Dives
936 3809 1020 3855 est
1046 3813 1177 3870 ergo
1206 3799 1299 3870 qui
1339 3799 1516 3870 justus
1551 3809 1656 3858 est.
1685 3802 1873 3860 Justus
1893 3804 2055 3876 igitur
2075 3807 2189 3862 sin-

580 3897 725 3952 done
761 3893 988 3950 involvit
1028 3891 1208 3966 (Joan.
1251 3909 1364 3960 χιχ,
1397 3894 1488 3966 59)
1526 3911 1539 3949 :
1571 3895 1815 3952 Israelita
1861 3913 1995 3954 vero
2023 3907 2080 3956 et
2107 3899 2190 3955 di-

581 4004 774 4046 versos
807 3989 1004 4044 miscet
1042 3987 1306 4042 virtutum
1338 3986 1558 4056 odores,
1582 3998 1640 4045 et
1665 3991 1817 4047 aloes
1837 3991 2004 4048 mittit
2033 3994 2190 4064 quasi

581 4087 754 4143 libras
783 4093 1026 4152 centum,
1055 4083 1158 4138 hoc
1203 4091 1312 4150 est,
1351 4084 1608 4153 perlecta:
1648 4085 1773 4143 ﬁdei
1801 4089 2184 4159 quantitatem.

582 4181 656 4237 Et
674 4181 980 4252 ligaverunt
999 4192 1196 4246 corpus
1217 4176 1349 4232 Jesu
1373 4176 1529 4248 juxta
1550 4187 1578 4218 ε
1600 4181 2051 4238 consuetudinem
2074 4185 2192 4254 Spi-

588 4274 828 4331 ritalium
865 4273 1206 4338 Judzeorum,
1245 4287 1353 4326 non
1387 4273 1572 4342 utique
1617 4274 1774 4332 nodis
1800 4275 2068 4345 perﬁdiae,
2096 4279 2193 4335 sed

588 4368 716 4424 fidei
748 4365 1018 4437 ligaturis.
1048 4363 1116 4419 Et
1149 4373 1442 4434 posuerunt
1474 4365 1524 4418 in
1557 4365 1714 4422 horto
1745 4364 1937 4440 (Ibid.,
1965 4367 2082 4441 41),
2105 4372 2195 4427 cui

588 4462 905 4532 frequenter
954 4458 1203 4515 Ecclesia
1252 4469 1634 4528 comparatur,
1687 4475 1810 4530 quae
1849 4461 2193 4520 diversorum

593 4555 792 4610 habeat
815 4567 972 4622 poma
996 4554 1342 4617 meritorum,
1367 4551 1640 4621 ﬂoresque
1670 4550 1954 4610 virtutum.

667 4649 788 4704 MO.
829 4645 940 4702 Nec
985 4645 1162 4701 otiose
1214 4645 1354 4700 alius
1414 4657 1825 4703 monumentum
1881 4664 2076 4706 novum
2114 4651 2196 4708 di-

595 4740 700 4806 xit,
721 4739 858 4794 alius
887 4745 1298 4794 monumentum
1327 4737 1528 4807 Joseph
1553 4737 1716 4811 (lbid.
1735 4751 1783 4794 et
1809 4739 2000 4798 Matth.
2025 4759 2189 4814 xxvu,

592 4830 708 4902 60).
757 4830 875 4886 Non
925 4829 1157 4887 habebat
1207 4831 1373 4900 igitur
1417 4828 1665 4888 Christus
1699 4836 1965 4892 tumulum
1998 4852 2189 4908 suum;

592 4924 792 4983 etenim
817 4923 1058 4979 tumulus
1105 4922 1188 4979 his
1220 4932 1442 4994 paratur
1468 4926 1558 4995 qui
1590 4927 1691 4984 sub
1721 4929 1840 5000 lege
1876 4941 2006 4988 sunt
2045 4949 2192 4990 mor-

665 5070 691 5098 α
722 5059 799 5113 Ita
843 5068 953 5142 vet.
1005 5059 1136 5114 edit.
1169 5074 1302 5142 cum
1330 5075 1462 5142 mss.
1510 5064 1781 5121 omnibus.
1814 5067 1976 5125 Rom.
2019 5086 2148 5128 vero
2172 5114 2188 5142 ,

593 5130 1013 5202 consuetudinem
1043 5131 1312 5202 specialem
1333 5130 1657 5190 Judworum.

665 5204 692 5242 ι)
718 5201 864 5276 LXX.
894 5201 1148 5276 interp’.,_
1160 5206 1254 5257 Καὶ
1295 5202 1450 5276 ψυχὴ
1485 5207 1640 5264 αὐτόῦ
1669 5211 1725 5265 οὐ
1745 5212 2063 5272 πληθήσεται
2093 5217 2194 5273 ἀπὸ

594 5287 686 5340 τῆς
717 5275 1094 5351 ézaQwa'uvngL
1099 5272 1169 5328 Et
1188 5272 1361 5351 animo
1374 5272 1502 5351 ejus
1535 5295 1638 5333 non
1677 5285 1957 5351 replebitur
1981 5303 2014 5339 a
2049 5272 2196 5342 boni-

591 5342 972 5430 tate.OVulgata
996 5387 1012 5412 ,
1047 5342 1115 5400 Et
1157 5345 1332 5401 anima
1359 5342 1470 5418 ejus
1529 5367 1633 5406 non
1682 5342 1855 5410 utatur
1891 5357 2034 5413 bonis
2075 5361 2195 5416 sub-

587 5431 792 5477 stantia:
816 5432 942 5471 suae.

661 5505 683 5532 ε
707 5490 837 5546 Mss.
891 5489 1201 5567 complures
1263 5505 1362 5567 nec
1410 5491 1685 5550 inferioris
1716 5507 1860 5553 notae
1883 5540 1899 5567 ,
1930 5502 2020 5556 sed
2047 5502 2193 5556 simi-

583 5565 749 5620 litudo
777 5571 1020 5641 eratcum
1060 5559 1351 5641 ili/ferentia
1377 5573 1599 5641 naturw.
1649 5567 1735 5623 Ea:
1765 5559 1961 5641 virgine
1998 5575 2190 5627 simili-

583 5639 706 5692 tudo
753 5633 1097 5713 generationis
1125 5673 1140 5698 ,
1187 5632 1557 5713 dissimilitudo
1590 5632 2002 5713 _c_ortceptibnis;
2050 5660 2187 5700 non-

579 5709 713 5764 nulli
734 5717 913 5762 tamen
941 5705 1124 5775 legunt
1152 5719 1274 5760 cum
1297 5705 1452 5773 edit.,
1482 5705 1914 5772 similitudine...
1958 5705 2184 5772 dissimi-

582 5775 925 5836 litudine.Alii
943 5791 1073 5834 mss.
1092 5776 1220 5835 licet
1233 5777 1471 5850 pauei,et
1491 5781 1620 5839 edit.
1638 5782 1840 5845 habent
1857 5795 1915 5844 ut
1933 5784 1988 5844 in
2009 5794 2177 5846 textu.

2284 441 2432 496 enim
2475 443 2787 499 communio
2838 446 3045 500 tumulo
3091 455 3148 502 et
3196 447 3846 524 Deo?[DeniqueiEccle-

2282 531 2479 589 siastes
2509 535 2584 589 ait
2622 534 2690 591 de
2729 551 2795 592 eo
2824 535 2852 575 ι)
2879 537 2971 608 qui
3003 539 3293 595 meditatur
3323 540 3376 596 in
3398 542 3552 598 bonis
3582 561 3596 598 :
3622 544 3680 598 Et
3699 548 3847 616 sepul-

2284 635 2403 680 tura
2440 643 2542 682 non
2577 637 2650 682 est
2679 629 2760 684 illi
2801 630 3028 699 (Eccter.
3061 633 3234 705 vr,3).
3266 633 3530 704 Speeialis
3558 637 3710 709 igitur
3729 655 3846 712 pra:-

2285 727 2723 778 tereommunem
2762 722 2973 798 1535
3004 727 3247 783 omnium
3270 738 3498 784 mortem
3516 746 3656 787 mors
3670 733 3848 791 Christi

2283 819 2368 866 est
2388 830 2402 867 :
2423 823 2478 868 et
2498 813 2622 870 ideo
2648 832 2755 871 non
2776 832 2899 872 cum
2928 819 3053 874 aliis
3082 820 3370 890 sepelitur,
3396 822 3489 878 sed
3513 823 3654 879 solus
3670 826 3850 882 tumulo

2287 905 2625 972 includitur;
2659 911 2843 965 omnia
2864 911 3008 967 enim
3056 913 3109 968 in
3151 914 3560 972 similitudinem
3600 916 3850 975 hominum

2287 997 2476 1054 habuit
2502 1001 2807 1060 incarnatio
2837 1005 3081 1074 Domini,
3109 1007 3259 1078 c{sed
3286 1008 3584 1066 similitudo
3609 1021 3722 1068 erat
3746 1029 3850 1068 cum

2285 1091 2613 1149 differentia.
2639 1095 2807 1153 Natus
2847 1106 2936 1154 est
2960 1113 3029 1156 ex
3061 1099 3304 1172 Virgine,
3336 1102 3684 1162 similitudine
3712 1121 3856 1176 gene-

2287 1185 2537 1254 rationis,
2551 1186 3000 1247 dissimilitudine
3024 1193 3417 1264 conceptionis.
3435 1196 3665 1254 Curabat
3680 1213 3849 1270 tegros,

2285 1277 2382 1332 sed
2409 1278 2731 1349 imperabat.
2758 1283 2912 1354 Aqua
2937 1283 3176 1342 Joannes
3203 1286 3547 1358 baptizabat,
3573 1289 3659 1347 hic
3685 1292 3856 1363 spiritu

2288 1371 2444 1444 (Luc.
2477 1390 2554 1443 ιιι,
2592 1375 2704 1448 16).
2737 1377 2805 1433 Ει
2827 1394 2974 1436 mors
2993 1397 3123 1452 ergo
3146 1381 3658 1454 ChriSticomtmtnis
3685 1402 3854 1443 secun-

2285 1464 2414 1522 dum
2443 1479 2692 1525 naturam
2715 1473 2981 1542 corporis,
3005 1473 3259 1545 specialis
3281 1477 3581 1533 secundum
3602 1479 3853 1536 virtutem.

2360 1561 2488 1620 141.
2522 1565 2704 1634 (Vers.
2736 1567 2856 1640 55.)
2889 1569 3023 1636 Quis
3049 1581 3232 1628 autem
3263 1584 3346 1628 est
3376 1573 3600 1646 Joseph,
3624 1574 3767 1646 cujus
3808 1577 3857 1633 in

2289 1658 2496 1712 tumulo
2538 1659 2796 1729 ponitur?
2825 1661 3020 1733 Utique
3043 1663 3136 1722 ille
3158 1666 3365 1737 justus.
3391 1668 3542 1726 Bene
3571 1685 3694 1743 ergo
3721 1671 3858 1728 Chri-

2213 1741 2261 1802 B
2288 1759 2403 1807 stus
2426 1749 2452 1788 ἀ
2481 1764 2837 1813 monumento
2878 1758 3119 1816 creditur
3130 1760 3369 1832 justi;ut
3399 1764 3596 1822 habeat
3618 1741 3754 1822 ﬁlius
3776 1766 3858 1823 ho-

2285 1843 2448 1900 minis
2467 1844 2555 1900 ubi
2581 1857 2743 1917 caput
2767 1864 2924 1907 suum
2945 1853 3195 1922 reclinet,
3229 1856 3525 1928 etjustitiaz
3558 1858 3859 1916 habitatione

2281 1939 2607 2011 requiescat.
2653 1943 2802 2000 Bene
2849 1957 3032 2004 autem
3082 1965 3246 2018 novo,
3301 1953 3600 2010 secundum
3649 1953 3856 2010 litteram

2281 2033 2524 2104 quidem,
2569 2051 2638 2092 ne
2684 2037 2824 2093 alius
2871 2041 3166 2098 suscitatus
3203 2060 3232 2097 a
3283 2045 3512 2115 perﬁdis
3566 2046 3859 2105 diceretur:

2283 2129 2514 2199 mystice
2559 2144 2691 2187 vere
2710 2131 2842 2203 quid
2895 2148 3184 2204 possumus
3230 2137 3571 2211 intelligere,
3612 2141 3710 2197 nisi
3740 2140 3860 2197 forte

2282 2221 2406 2291 quia
2465 2222 2692 2294 legimus
2724 2241 2739 2278 :
2771 2225 3086 2297 Sepulcrum
3135 2239 3316 2302 patens
3361 2244 3436 2288 est
3486 2243 3662 2306 guttur
3702 2251 3861 2290 eorum

2284 2314 2457 2382 (Psal.
2489 2332 2543 2383 v,
2574 2317 2706 2390 ll)?
2736 2319 2878 2392 Ergo
2904 2323 3217 2393 sepulcrum
3245 2336 3440 2396 patens
3469 2337 3555 2385 est
3576 2338 3750 2400 guttur
3774 2328 3860 2384 ho-

2284 2409 2470 2477 minis,
2519 2411 2572 2467 in
2601 2427 2711 2482 quo
2737 2413 2960 2484 perﬁdia
2990 2416 3206 2475 lethalis
3237 2429 3295 2476 et
3324 2430 3544 2478 mortua
3572 2421 3727 2480 verba
3751 2436 3862 2479 con-

2284 2503 2506 2573 duntur,
2531 2507 2672 2578 quod
2705 2523 2803 2579 per
2833 2521 3155 2568 vetustatem
3178 2522 3235 2570 et
3266 2515 3633 2573 incursionem
3654 2518 3861 2589 aliquam

2285 2595 2586 2653 bestiarum
2620 2598 2822 2657 fatiscit
2871 2611 2928 2658 et
2949 2605 3194 2662 solvitur.
3224 2605 3325 2663 Est
3372 2624 3510 2681 ergo
3549 2627 3581 2666 e
3615 2608 3864 2668 contrario

2286 2703 2702 2749 monumentum
2733 2696 2784 2750 in
2807 2700 3352 2769 secretishominum,
3374 2705 3524 2775 quod
3547 2705 3648 2761 sibi
3679 2705 3728 2760 in
3753 2718 3863 2776 pec.

2287 2785 2498 2841 toribus
2530 2786 2746 2845 duritite
2793 2792 3010 2861 gentilis
3040 2795 3368 2864 penetrabili
3404 2799 3573 2855 verbo
3598 2799 3762 2870 justus
3785 2812 3865 2854 ex-

2286 2876 2440 2941 cidit,
2473 2877 2597 2935 ﬁdei
2629 2888 2792 2951 atque
2832 2882 3094 2940 doctrinae
3145 2887 3407 2958 operibus
3449 2891 3794 2963 perpolitum,
3817 2897 3866 2945 ut

2287 2972 2653 3041 prmtenderet
2682 2974 2735 3030 in
2758 2977 3067 3035 nationibus
3099 2981 3274 3037 virtus
3301 2981 3535 3042 Christi.

2363 3065 2487 3122 M2.
2527 3066 2628 3124 Cui
2673 3071 3036 3141 pulcherrime
3072 3075 3212 3147 lapis
3243 3079 3500 3136 admotus
3547 3089 3631 3138 est
3673 3079 3863 3154 (Matth.

2289 3174 2461 3228 xxvn,
2492 3162 2584 3234 60)
2605 3205 2619 3230 ,
2656 3178 2723 3220 ne
2749 3176 2987 3235 pateret;
3032 3171 3359 3244 quicumque
3399 3178 3552 3230 enim
3583 3176 3636 3232 in
3663 3189 3720 3232 se
3746 3175 3868 3231 bene

2291 3253 2598 3312 humaverit
2636 3256 2936 3324 Christum,
2982 3262 3276 3336 diligenter
3325 3269 3629 3337 custodiat;
3658 3283 3723 3325 ne
3762 3281 3865 3324 eum

2290 3350 2511 3421 perdat,
2535 3368 2674 3410 neve
2701 3355 2943 3425 perﬁdia:
2977 3359 3050 3415 sit
3080 3359 3384 3433 ingressus.
3409 3366 3578 3424 Vides
3605 3367 3741 3424 enim
3762 3364 3868 3438 quia

2291 3441 2488 3499 Petrus
2525 3457 2581 3500 et
2618 3445 2856 3504 Joannes
2893 3451 3106 3521 priores
3142 3454 3347 3514 intrare
3373 3471 3708 3517 meruerunt.
3731 3457 3869 3513 Deni-

2291 3551 2398 3608 que
2427 3536 2669 3597 Joannes
2695 3540 2811 3613 ipse
2839 3558 2946 3600 non
2993 3555 3284 3618 antequam
3327 3553 3611 3623 crederet,
3655 3538 3871 3628 in‘ivit

2291 3628 2478 3700 (Joan.
2508 3649 2605 3700 χχ,
2637 3635 2669 3691 6
2694 3645 2742 3690 et
2770 3634 2848 3708 8).
3739 3637 3741 3642 I

2364 3721 2491 3780 M5.
2534 3725 2602 3779 Et
2647 3726 2787 3782 bene
2841 3727 2895 3783 in
2948 3740 3101 3800 petra
3152 3735 3402 3794 excisum
3449 3740 3650 3798 dicitur
3681 3736 3869 3815 (Matth.

2295 3830 2468 3884 xxvtt,
2494 3818 2612 3891 60),
2643 3819 2750 3877 hoc
2786 3831 2872 3878 est
2904 3823 2955 3879 in
2990 3825 3114 3883 ﬁdei
3141 3830 3512 3903 ﬁrmamento,
3550 3837 3618 3894 de
3647 3853 3744 3908 qua
3774 3833 3873 3890 veri

2291 3907 2556 3968 Israelita:
2582 3911 2926 3971 dulcedinem
2954 3919 3132 3976 mellis
3160 3931 3215 3976 et
3252 3924 3437 3982 oleum
3471 3907 3716 4000 spiritale
3734 3941 3872 3983 suxe-

2293 4015 2440 4064 runt.
2498 4007 2849 4075 Sepelierunt
2894 4024 3074 4072 autem
3113 4016 3391 4077 Christum
3439 4023 3656 4094 justus,
3707 4034 3759 4081 et
3797 4024 3873 4094 qui

2295 4099 2470 4157 Deum
2499 4102 2664 4171 vidit;
2694 4120 2804 4162 non
2849 4109 2993 4164 enim
3027 4110 3303 4182 sepeliunt
3329 4113 3641 4186 Christum,
3678 4115 3776 4172 nisi
3798 4113 3874 4187 qui

2303 4199 2327 4227 ε
2361 4191 2533 4248 Deum
2556 4195 2805 4252 credunt.

2373 4287 2497 4380 144.
2541 4290 2726 4363 (Vers.
2770 4294 2890 4368 55.)
2919 4297 3163 4370 Denique
3205 4317 3313 4358 non
3345 4319 3543 4364 omnes
3561 4316 3782 4380 possunt
3803 4321 3878 4364 se-

2298 4377 2470 4446 pelire
2489 4379 2762 4439 Christum
2790 4403 2803 4439 :
2828 4391 3076 4457 quamvis
3112 4392 3381 4462 religiosae
3408 4377 3667 4457 mulieres
3689 4399 3880 4468 alonge

2297 4478 2483 4525 stant:
2515 4474 2612 4530 sed
2649 4477 2775 4547 quia
2825 4479 3118 4550 religiosae,
3164 4482 3342 4540 locum
3393 4488 3688 4561 diligenter
3712 4489 3879 4546 obser-

2301 4574 2466 4633 vant;
2497 4576 2556 4622 ut
2575 4582 2851 4640 unguenta
2893 4573 3157 4642 aﬁ'erant,
3193 4587 3249 4633 et
3287 4583 3705 4652 superfundant.
3739 4580 3880 4640 Solli-

2299 4657 2422 4714 citze
2450 4666 2626 4717 tamen
2655 4671 2712 4719 et
2730 4679 2758 4719 a
2785 4678 3136 4725 monumento
3165 4674 3502 4741 posteriores
3524 4677 3806 4741 recedunt,
3833 4684 3880 4730 et

2299 4753 2366 4808 ad
2420 4765 2828 4814 monumentum
2891 4761 3099 4830 priores
3185 4772 3699 4827 revertunturzetsi
3745 4769 3881 4825 deest

2297 4848 2624 4918 constantia,
2650 4867 2756 4908 non
2792 4851 2946 4910 deest
2971 4854 3270 4928 diligentia.
3296 4858 3485 4920 Sexus
3509 4872 3699 4932 nutat,
3729 4861 3878 4918 devo-

2300 4936 2376 4993 tio
2400 4937 2560 4996 calet.

2373 5072 2400 5112 ά
2430 5074 2632 5135 Omnes
2660 5080 2791 5162 edit.
2850 5091 2905 5162 et
2954 5085 3110 5162 pauci
3140 5101 3272 5162 mss.
3297 5100 3674 5162 ,7monumento
3694 5091 3878 5162 (Rom,

2300 5146 2352 5200 in
2375 5151 2728 5221 monumento)
2775 5146 2986 5223 ponitur
3023 5158 3178 5231 justi.
3231 5146 3451 5231 Reliqui
3493 5146 3656 5219 inissa
3697 5146 3880 5231 ’ωιιειιό

2301 5233 2596 5365 [IIIIS-8(0),.
2626 5237 2956 5305 monumento
2985 5229 3212 5284 creditur
3237 5229 3485 5304 (quidam
3510 5229 3880 5306 corrupte,“-

2301 5306 2389 5362 gre
2429 5307 2529 5365 itur
2569 5304 2720 5364 )ustt.

2337 5304 2552 5348 l'edllllf'l
2578 5304 2720 5348 iusti.

2299 5306 2552 5365 gl'edlwl“)
2569 5306 2720 5364 )ustt.

2340 5373 2402 5441 ne
2435 5363 2593 5441 Rern.
2642 5365 2775 5441 edit.
2808 5378 2944 5441 post
3001 5386 3186 5441 voces,
3213 5370 3383 5430 Deum
3413 5378 3653 5441 credunt,
3683 5373 3880 5431 insertis

2304 5434 2506 5510 aliquot
2537 5434 3091 5509 Evangelii'versibus
3110 5485 3126 5510 ,
3152 5434 3207 5501 et
3237 5450 3501 5503 resecatis
3528 5465 3562 5506 e
3592 5434 3736 5505 textu
3768 5446 3884 5503 Am-

2301 5503 2604 5588 brOsii_non
2630 5503 2815 5579 paucis
2838 5513 3026 5588 verbis
3052 5503 3378 5588 itamutavit
3397 5560 3412 5584 ,
3450 5503 3698 5588 Quamuis
3715 5503 3883 5573 intulie‘

2297 5592 2380 5631 res
2408 5595 2440 5632 a
2467 5578 2615 5650 longe
2632 5578 2861 5638 starent.
2911 5584 3021 5641 Sed
3049 5584 3104 5641 in
3137 5587 3368 5646 lectione
3398 5578 3646 5648 omnium
3676 5600 3730 5646 et
3763 5601 3880 5643 mss.

2295 5657 2351 5704 et
2370 5658 2504 5732 γει..
2523 5653 2654 5707 edit.
2691 5662 2901 5732 mutato
2930 5657 3229 5732 nihil_opus
3257 5675 3378 5716 esse
3429 5678 3528 5732 per
3555 5679 3616 5719 se
3643 5661 3884 5732 intelliget

2292 5720 2538 5793 quisquis
2568 5739 2678 5780 non
2707 5726 2930 5786 omnino
2965 5720 3340 5800 perfunctorie
3375 5720 3560 5790 lo'cum
3590 5720 3844 5806 dispicicl.
