4040 6488
195 408 355 464 1811

189 629 258 676 et
308 629 338 657 α
388 635 512 676 cum
544 621 643 675 viri
684 620 1041 691 fugarentur,
1086 622 1221 678 sola:
1269 631 1449 680 tamen
1519 627 1586 682 ab
1615 627 1811 698 angelo

191 728 320 770 non
365 715 588 772 timeant
633 714 997 772 admonentur
1027 715 1206 789 (Joan.
1233 733 1292 786 ιι,
1325 718 1352 773 1
1395 728 1443 773 et
1469 719 1552 790 2).
1589 719 1809 775 Petrum

188 818 445 864 evocant
473 808 654 864 studio
685 810 897 880 priores
922 851 936 876 ,
970 809 1065 865 sed
1097 811 1425 881 posteriores
1461 810 1675 867 ﬁducia.
1709 812 1811 869 De-

190 903 378 973 nique
409 904 502 960 ille
527 904 645 961 sine
671 913 818 960 metu
858 904 1114 973 advenit,
1142 917 1194 962 et
1243 915 1557 962 constanter
1583 907 1673 977 qui
1714 922 1812 977 po-

185 997 408 1052 sterior
427 1005 656 1054 venerat
677 1039 694 1066 ,
729 998 940 1070 primus
971 999 1482 1072 ingreditur,‘quasi
1509 1003 1600 1072 qui
1630 1004 1810 1060 claves

185 1088 361 1159 regni
406 1098 465 1145 ut
491 1089 614 1144 aliis
642 1091 907 1161 aperiret,
939 1101 1248 1161 acceperat.

273 1181 611 1240 HG.Terraa
641 1193 823 1240 motus
865 1195 1048 1241 autem
1069 1184 1286 1257 (Matth.
1323 1201 1487 1242 xxvtu
1508 1228 1522 1252 ,
1547 1187 1607 1259 2)
1635 1186 1811 1245 ﬁdeli-

187 1272 304 1329 bus
339 1277 670 1331 resurrectio
698 1284 784 1331 est
809 1318 824 1343 ,
856 1277 1034 1347 impiis
1062 1287 1269 1332 metus:
1295 1277 1380 1333 bis
1403 1320 1419 1344 ,
1449 1280 1572 1350 quia
1595 1280 1805 1351 pigrum

188 1381 410 1438 corpus
462 1369 679 1441 1536
733 1369 926 1426 mortis
964 1385 1162 1442 sopore
1183 1385 1243 1427 se
1284 1383 1624 1430 commovet:
1657 1373 1762 1428 illis
1786 1415 1802 1442 ,

187 1461 330 1531 quia
355 1469 594 1518 tremore
618 1463 868 1533 corporis
894 1474 949 1519 et
978 1472 1191 1520 terrena
1232 1465 1532 1522 mobilitate
1556 1466 1756 1522 turbati
1784 1510 1800 1535 ,

189 1567 226 1608 a
257 1555 690 1611 resurrectionis
717 1555 824 1612 ﬁde
843 1567 896 1612 et
916 1557 1241 1614 credulitate
1271 1559 1600 1616 desciscunt.

271 1645 432 1717 (CAP.
459 1646 650 1702 XXIV.
679 1679 747 1688 —
777 1649 933 1706 Vers.
971 1649 1108 1722 1-4.)
1134 1651 1292 1708 Mane
1311 1662 1480 1708 autem
1499 1654 1698 1710 sabbati
1721 1670 1806 1711 ve-

190 1750 388 1794 nerunt
414 1741 564 1796 valde
588 1752 815 1813 tempore
844 1743 913 1798 ad
941 1755 1352 1803 monumentum.

268 1832 398 1887 M7.
427 1833 618 1905 Magna
659 1837 833 1890 oritur
878 1836 980 1894 boc
1011 1838 1135 1894 loco
1177 1839 1454 1912 plerisque
1495 1841 1800 1912 dubitatio;

1183 411 1550 472 EXPOSITIO
1591 417 1843 476 EVANG.
1887 421 2034 479 SEC.
2076 423 2230 482 LUC.
2273 425 2402 484 LIB.
2447 427 2514 484 Χ.

279 523 413 580 145.
445 523 684 596 Denique
721 525 1137 581 resurrectionis
1169 536 1412 600 tempore
1442 541 1640 601 prmsto
1661 544 1808 600 sunt,
1838 539 1888 598 Α

3370 437 3515 494 1812

1990 540 2113 596 150.
2148 541 2387 598 Primum
2421 543 2582 614 igitur
2623 544 2756 601 illud
2800 549 3156 618 spectandum
3212 559 3297 607 est
3321 594 3336 617 ,
3368 551 3516 622 quod

1914 634 2177 704 scriptum
2205 644 2290 691 est
2321 655 2333 690 :
2361 636 2578 708 Vespere
2596 652 2766 695 autem
2805 643 3006 698 sabbati
3037 687 3050 710 ,
3086 661 3202 714 qua:
3226 646 3430 700 lucescit
3461 646 3516 700 in

1913 728 2083 798 prima
2109 728 2309 784 sabbati
2343 729 2560 802 (Matth.
2588 748 2775 801 xxvnt,
2806 734 2882 807 l),
2926 736 3295 792 resurrexisse
3329 737 3514 794 Domi-

1913 833 2064 874 num.
2093 818 2185 875 Sic
2211 822 2356 876 enim
2380 821 2583 878 babes:
2615 825 2739 894 quia
2777 816 2999 897 Vespere
3020 827 3215 882 sabbati
3235 829 3368 882 venit
3396 826 3520 881 Ma-

1909 912 1991 965 ria
2022 911 2332 985 Magdalene
2373 925 2420 968 et
2447 915 2614 971 altera
2655 916 2828 972 Maria
2869 920 3042 974 uidere
3093 920 3410 991 sepulcrum.
3442 919 3514 972 Et

1912 1019 2028 1058 ecce
2078 1013 2230 1059 terra:
2263 1015 2431 1059 motus
2461 1007 2632 1076 [actus
2659 1018 2732 1063 est
2786 1027 3022 1082 magnus.
3053 1010 3170 1066 Non
3227 1010 3370 1064 cnim
3423 1009 3514 1064 die

1911 1097 2121 1153 sabbati
2141 1101 2286 1166 (nam
2321 1109 2342 1138 ο
2361 1099 2617 1154 siluerunt
2647 1101 2858 1157 sabbato
2877 1104 3160 1159 secundum
3179 1101 3508 1173 mandatum)

1915 1191 2068 1263 (Luc.
2091 1211 2240 1260 xxm,
2266 1195 2380 1268 56);
2418 1196 2511 1253 sed
2541 1205 2666 1266 post
2689 1196 2899 1252 sabbati
2935 1197 3100 1263 diem,
3127 1205 3284 1251 nocte
3323 1195 3508 1265 utique

1909 1290 2227 1343 resurrexit.
2262 1289 2506 1357 Denique
2537 1304 2832 1360 quaemane
2866 1299 3149 1356 venerunt,
3187 1290 3314 1345 licet
3350 1289 3509 1346 valde

1911 1388 2176 1450 tempore,
2205 1390 2387 1438 tamen
2424 1381 2535 1452 jam
2592 1382 2879 1438 Dominum
2913 1382 3282 1438 resurrexisse
3308 1396 3513 1454 cogno-

1910 1485 2127 1530 verunt.

1979 1570 2106 1626 151.
2137 1568 2228 1625 Sic
2268 1569 2429 1640 igitur
2457 1570 2868 1641 temperandum
2896 1579 3012 1636 est,
3047 1578 3105 1624 ut
3141 1585 3318 1642 neque
3345 1585 3507 1626 mane

1906 1665 2210 1732 Dominica,
2243 1680 2361 1736 qure
2381 1675 2464 1721 est
2493 1665 2660 1734 prima
2691 1672 2811 1735 post
2841 1664 3143 1732 sabbatum,
3183 1680 3357 1736 neque
3383 1664 3508 1719 sab-

1907 1757 2033 1814 bato
2088 1759 2417 1815 resurrectio
2447 1759 2581 1814 facta
2615 1759 2889 1815 credatur.
2933 1758 3066 1814 Nam
3107 1759 3381 1830 quomodo
3411 1759 3508 1813 tri-

1904 1852 2070 1908 duum
2093 1852 2495 1922 compleretur?
2521 1867 2625 1908 non
2659 1867 2788 1923 ergo
2814 1861 3234 1921 vesperascente
3263 1851 3372 1917 die,
3411 1852 3506 1906 sed

188 1940 323 1980 nam
347 1927 450 1982 etsi
481 1943 586 1983 non
608 1929 862 1986 videntur
887 1932 1235 2002 evangelista:
1277 1933 1480 1991 dixisse
1503 1939 1801 2007 contraria,
1833 1943 1881 2004 Β
1909 1949 2086 2002 noctis
2119 1962 2348 2018 vespere
2395 1946 2710 2003 resurrexit.
2774 1946 2982 2018 1537
3013 1947 3257 2016 Denique
3287 1946 3509 2002 Gnaeus

187 2027 382 2076 tamen
405 2021 626 2077 diversa
649 2022 937 2080 dixerunt.
991 2025 1273 2098 Siquidem
1306 2028 1392 2084 hic
1421 2046 1433 2082 :
1461 2029 1639 2102 Mane;
1656 2032 1805 2086 valde

183 2121 458 2184 tempore;
502 2115 725 2185 Marcus,
775 2116 938 2174 Valde
977 2135 1126 2174 mane
1164 2119 1358 2192 (Marc.
1397 2137 1486 2176 xw
1515 2163 1531 2189 ,
1564 2125 1640 2193 1);
1670 2122 1802 2179 Mat—

189 2209 376 2263 tlneus
399 2249 415 2275 ,
457 2207 675 2282 Vespere
696 2211 897 2267 sabbati
937 2213 1154 2283 (Matth.
1183 2229 1378 2280 xxvtu,
1411 2214 1488 2289 l);
1520 2215 1759 2274 Joannes
1783 2257 1800 2284 ,

187 2298 383 2355 Prima
401 2300 601 2357 sabbati
619 2319 737 2358 cum
759 2303 935 2359 adhuc
962 2305 1182 2361 tenebrat
1201 2317 1367 2362 essent
1383 2306 1565 2378 (Joan.
1591 2325 1686 2378 xx,
1719 2311 1798 2382 1),

181 2393 452 2450 mulieres
480 2395 546 2450 ad
576 2409 988 2453 monumentum
1039 2399 1255 2456 venisse
1281 2401 1558 2457 dixerunt.
1595 2403 1801 2462 Deinde

185 2483 282 2540 hic
329 2486 469 2543 duos
516 2489 697 2558 viros,
732 2491 945 2547 Marcus
982 2493 1420 2563 unumjuvenem
1459 2495 1513 2551 in
1540 2494 1680 2552 albis
1708 2512 1799 2553 se-

184 2578 416 2637 dentem
459 2581 654 2654 (Marc.
704 2601 830 2653 xvr,
862 2584 958 2658 5),
997 2587 1280 2644 Mattliazus
1331 2605 1495 2644 unum
1547 2592 1799 2660 angelum

187 2672 414 2746 (Matth.
439 2693 630 2746 xxvtn,
680 2679 763 2750 2),
789 2679 1030 2736 Joannes
1057 2681 1194 2736 duos
1224 2682 1446 2752 angelos
1473 2683 1526 2737 in
1554 2684 1694 2739 albis
1715 2699 1802 2740 se-

187 2767 391 2822 dentes
413 2766 594 2840 (Joan.
626 2786 719 2838 xx,
748 2770 839 2843 12)
868 2772 1013 2828 visos
1039 2787 1162 2828 esse
1207 2783 1668 2830 memoraverunt.
1698 2777 1804 2832 Po-

187 2875 404 2919 stremo
425 2866 568 2936 quod
597 2867 684 2922 vix
713 2869 1002 2924 enodabile
1030 2868 1541 2936 videatur,Joanucs
1569 2873 1794 2942 scripsit

188 2954 401 3011 dictum
427 2955 610 3014 Maria:
629 2957 990 3030 Magdalenen:
1026 2961 1154 3016 Noli
1195 2977 1274 3017 me
1300 2972 1544 3033 tangere;
1569 2965 1802 3020 nondum

188 3051 331 3104 enim
351 3053 562 3109 escendi
582 3053 866 3111 adPatrem
885 3071 1049 3111 meum
1064 3055 1247 3128 (Joan.
1271 3075 1340 3114 xx
1353 3060 1488 3133 ,17):
1511 3060 1800 3118 Mattliceus

190 3145 509 3202 occurrisse
541 3147 824 3204 Dominum
858 3150 1074 3221 scripsit
1114 3152 1299 3209 Maria:
1337 3153 1670 3226 Magdalcna:
1693 3197 1707 3222 ,
1741 3166 1796 3212 et

188 3238 354 3294 alteri
397 3239 602 3307 Mariae,
633 3252 688 3298 et
715 3242 838 3299 illas
869 3244 1200 3312 accessisse,
1239 3255 1296 3302 et
1343 3249 1585 3305 tenuisse
1635 3249 1797 3320 pedes

187 3330 704 3407 ejus,iet.adorasse
734 3336 1150 3395 evidentissima
1184 3340 1556 3413 descriptione
1615 3343 1797 3416 diges-
1822 3341 1866 3404 C
1901 3363 2021 3404 esse
2051 3349 2400 3412 confirmant,
2441 3349 2688 3406 dicentes
2733 3350 3054 3406 custodibus

191 3424 266 3480 sit
298 3425 514 3496 (Matth.
546 3445 732 3497 xxvut,
765 3430 845 3503 9).

268 3520 392 3578 148.
417 3523 702 3592 Quomodo
723 3541 852 3598 ergo
878 3526 1218 3598 solvendum,
1250 3529 1353 3586 nisi
1381 3541 1615 3600 quatuor
1628 3547 1792 3590 evan-

194 3616 417 3687 gelistas
446 3619 514 3676 de
565 3619 799 3677 diversis
841 3633 1076 3692 quatuor
1102 3635 1260 3694 putes
1282 3625 1484 3681 dixisse
1535 3628 1793 3697 tempori-

196 3708 328 3777 bus;
362 3721 421 3765 ut
448 3721 502 3767 et
532 3727 798 3783 personas
827 3715 964 3770 alias
1003 3717 1330 3785 mulierum,
1369 3726 1426 3773 et
1465 3717 1598 3774 alias
1621 3719 1794 3791 conji-

195 3803 305 3859 cias
352 3805 627 3863 visiones?
670 3807 910 3880 Denique
959 3812 1081 3867 alia;
1129 3827 1252 3867 cum
1301 3821 1578 3883 unguento
1618 3815 1793 3885 prima

195 3898 402 3955 sabbati
446 3900 699 3956 veniunt:
731 3903 852 3957 alia:
892 3904 1010 3959 sine
1038 3913 1316 3975 unguento
1346 3945 1361 3970 ,
1407 3919 1635 3974 vespere
1663 3905 1792 3961 sab-

196 3991 326 4048 bati.
348 3991 582 4050 Istarum
613 4010 808 4051 nomen
840 3999 1183 4067 exprimitur,
1217 3998 1327 4054 illa:
1357 3998 1426 4054 de
1453 3997 1677 4054 Galil-.ca
1707 4014 1790 4056 se-

196 4096 337 4142 cuta:
368 4087 658 4144 Dominum
685 4088 1056 4160 designantur.

269 4181 397 4237 M9.
423 4181 544 4250 Quo
587 4183 706 4238 loco
747 4199 998 4254 nequem
1042 4185 1278 4255 spinosa:
1328 4185 1794 4257 interpretationis

200 4276 252 4333 in
284 4275 387 4330 [inc
406 4275 949 4348 oﬂ'endatasperitas,
978 4279 1065 4334 ubi
1097 4279 1284 4334 suavia
1303 4279 1443 4336 forte
1467 4291 1794 4353 prtesumpta

200 4379 354 4436 sunt;
388 4371 655 4426 :estimate
704 4371 815 4440 jam
857 4385 956 4426 nos
1005 4372 1311 4442 complendi
1355 4376 1626 4430 sermonis
1673 4375 1792 4431 vela

203 4463 518 4521 submittere
543 4507 557 4531 ,
599 4465 851 4535 quoniam
895 4465 962 4520 ad
995 4458 1211 4535 portum
1251 4471 1529 4523 venlmus:
1556 4477 1612 4524 et
1639 4469 1792 4525 navis

201 4576 317 4632 qua:
339 4576 500 4617 cursu
533 4560 747 4615 concito
773 4559 939 4615 maria
974 4562 1342 4629 trausmearit,
1369 4562 1460 4617 ubi
1489 4561 1659 4617 littori
1681 4577 1791 4620 ca:-

203 4657 332 4729 perit
380 4656 814 4726 appropinquare
844 4697 858 4720 ,
901 4654 1121 4710 latentia
1177 4656 1414 4710 cautium
1472 4670 1634 4712 cursu
1666 4671 1791 4728 per-

1905 2055 2030 2096 sero
2051 2041 2189 2095 dixit
2215 2083 2229 2106 ,
2263 2041 2366 2096 hoc
2416 2050 2522 2109 est,
2563 2041 2676 2114 ὀψέ.
2717 2041 2854 2098 Sero
2881 2051 3060 2096 autem
3105 2050 3164 2097 et
3207 2041 3397 2097 horam
3429 2041 3504 2097 si-

1903 2143 2033 2204 gnat
2064 2134 2114 2187 in
2143 2147 2339 2189 occasu
2367 2133 2472 2189 diei
2499 2175 2513 2201 ,
2547 2143 2604 2190 et
2625 2134 2887 2206 cujusque
2912 2136 2988 2191 rei
3023 2135 3296 2206 significat
3339 2135 3506 2189 tardi-

1905 2235 2107 2292 tatem;
2138 2225 2410 2297 quomodo
2430 2227 2476 2282 si
2504 2227 2687 2283 dicas:
2717 2229 2852 2284 Sero
2879 2227 3008 2282 mihi
3038 2236 3352 2300 suggestum
3386 2238 3505 2296 est,

1901 2317 1954 2374 id
1980 2327 2084 2386 est,
2109 2319 2278 2374 tarde.
2312 2319 2450 2375 Sero
2479 2321 2623 2375 venit
2651 2362 2664 2385 ,
2701 2319 2770 2375 ~id
2823 2329 2928 2388 est,
2963 2330 3098 2392 post,
3132 2321 3497 2391 praestitutum

1905 2422 2119 2482 tempus
2165 2412 2385 2468 advenit
2412 2430 2423 2467 :
2457 2422 2512 2469 et
2562 2414 2688 2468 licet
2719 2429 2877 2469 mane
2903 2411 2929 2450 (ί
2955 2415 3204 2485 sequenti
3225 2414 3314 2469 die
3339 2428 3505 2469 vene-

1902 2505 1996 2583 rit,
2029 2519 2155 2560 sero
2209 2515 2294 2562 est
2338 2514 2559 2573 tamen,
2594 2507 2684 2562 ubi
2731 2507 2929 2576 agendi
2970 2516 3184 2578 tempus
3221 2522 3504 2563 emensum

1902 2609 2006 2655 est.
2041 2599 2140 2655 Est
2169 2608 2224 2654 et
2252 2613 2376 2654 sero
2407 2608 2621 2670 tempus
2649 2600 2824 2655 noctis
2846 2599 3170 2669 profundum
3205 2640 3222 2668 ,
3271 2611 3328 2654 ut
3350 2604 3398 2654 si
3425 2601 3506 2654 di-

1903 2710 2026 2751 cas:
2057 2694 2194 2752 Sero
2217 2697 2284 2751 ad
2313 2696 2705 2752 lucubrandum
2743 2698 3012 2765 surrexit,
3043 2697 3094 2752 id
3119 2706 3224 2764 est,
3255 2713 3363 2752 non
3413 2711 3502 2753 ve-

1903 2792 2150 2859 spertino
2177 2800 2422 2860 tempore
2449 2832 2463 2857 ,
2489 2789 2585 2845 sed
2637 2789 2903 2859 profunda
2927 2801 3086 2846 nocte
3131 2789 3392 2846 surrexit.

1977 2881 2097 2936 152.
2129 2881 2284 2938 Unde
2312 2891 2367 2937 ct
2395 2882 2658 2938 mulieres
2682 2881 2749 2937 ad
2773 2890 3187 2938 monumentum
3205 2881 3506 2939 accedendi

1902 2972 2106 3030 habent
2135 2974 2469 3040 facultatem,
2499 2974 2613 3045 jam
2655 2975 2842 3044 utique
2872 2975 3190 3032 custodibus
3217 2977 3507 3046 quiescen-

1903 3068 2048 3123 tibus
2086 3086 2098 3121 :
2129 3077 2184 3124 et
2213 3067 2315 3139 ipsi
2351 3068 2605 3124 custodes
2637 3077 2912 3125 terrentur
2935 3070 3194 3140 amplius,
3231 3070 3374 3142 quod
3407 3087 3507 3126 usu

1901 3160 2052 3216 venit
2087 3175 2282 3217 somno
2313 3161 2528 3217 excitis.
2569 3161 2860 3220 Postremo
2897 3161 3061 3218 etiam
3107 3163 3382 3234 principes
3420 3179 3508 3220 sa-

1901 3253 2184 3310 cerdotum
2211 3257 2524 3327 congregati
2552 3271 2674 3312 cum
2703 3257 3011 3314 senioribus
3035 3267 3196 3314 nocte
3228 3259 3279 3313 id
3305 3259 3504 3314 factum

3098 3369 3111 3404 :
3159 3350 3350 3418 Dicite,
3381 3351 3506 3421 quia

1897 3442 2148 3512 discipuli
2175 3445 2288 3517 ejus
2320 3452 2464 3496 nocte
2493 3451 2761 3508 venerunt,
2803 3451 2850 3496 et
2895 3443 3057 3514 furati
3084 3454 3202 3498 sunt
3233 3460 3372 3510 eum,
3411 3460 3508 3498 noa

1896 3535 1973 3591 bis
1993 3535 2364 3591 dormientibus
2391 3534 2608 3607 (Matth.
2638 3551 2827 3601 xxvtn,
2848 3535 2960 3608 15).
2983 3535 3063 3590 Ex
3085 3544 3332 3606 tempore
3359 3535 3504 3592 enim

1895 3631 2040 3701 quod
2069 3646 2100 3686 a
2127 3630 2446 3686 custodibus
2484 3638 2892 3698 compererunt,
2933 3641 3315 3701 argumentqu
3349 3629 3502 3684 frau-

1895 3722 1980 3778 dis
2007 3724 2294 3792 arripiunt.
2328 3723 2462 3778 Nam
2498 3723 2738 3779 Joannes
2766 3737 2948 3790 mane,
2991 3738 3114 3780 cum
3145 3723 3325 3779 adhuc
3355 3733 3507 3780 tene-

1896 3815 2011 3871 brae
2037 3826 2244 3881 essent,
2270 3815 2496 3871 Mariam
2518 3817 2895 3888 Magdalenam
2923 3817 2990 3872 ad
3015 3832 3076 3872 se
3105 3826 3161 3873 et
3185 3817 3252 3873 ad
3281 3817 3503 3873 Petrum

1895 3909 2111 3964 venisse
2137 3909 2428 3978 signiﬁcat,
2461 3918 2516 3964 et
2546 3919 2728 3965 tamen
2764 3911 3004 3980 ignaram
3064 3909 3222 3966 facta:
3248 3925 3502 3967 resurre-

1896 4001 2097 4056 clionis
2129 4002 2332 4056 inducit
2359 4001 2542 4073 (Joan.
2573 4017 2666 4069 xx,
2692 4001 2782 4074 2);
2811 4016 2934 4056 nam
2967 4002 3154 4073 utique
3174 4002 3220 4058 si
3243 4003 3508 4075 advespe-

1897 4103 2149 4150 rascente
2179 4093 2289 4161 die,
2324 4093 2463 4149 facta
2495 4104 2667 4159 esset,
2713 4094 2895 4148 statim
2929 4093 3103 4162 potuit
3138 4095 3500 4151 innotescere.

1972 4184 2093 4240 155.
2150 4185 2305 4240 Mane
2356 4193 2462 4250 est,
2512 4195 2568 4240 et
2609 4185 2787 4240 adhuc
2840 4185 3035 4241 Petrus
3099 4187 3294 4251 nescit,
3329 4189 3507 4243 nescit

1897 4279 2156 4336 Joannes.
2189 4276 2461 4348 Numquid
2502 4277 2811 4348 patiebatur
2851 4278 3112 4334 Dominus
3155 4278 3363 4334 diutius
3391 4289 3504 4336 tor-

1895 4370 2056 4443 queri
2083 4370 2383 4440 discipulos
2413 4379 2437 4408 °
2482 4385 2594 4425 suae
2626 4371 2819 4425 mortis
2845 4371 3076 4438 incerto,
3105 4371 3174 4426 ad
3212 4387 3350 4442 quos
3392 4381 3504 4430 sta-

1895 4465 1992 4521 tim
2023 4464 2271 4536 angelus,
2301 4464 2486 4518 statim
2513 4463 2780 4518 Dominus
2806 4473 2973 4534 gesta:
3016 4466 3094 4520 rei
3126 4467 3343 4522 nuntias
3385 4484 3507 4524 mu-

1893 4556 2058 4613 lieres
2085 4555 2414 4612 destinavit?
2444 4553 2516 4610 Et
2543 4565 2602 4609 ut
2625 4555 2768 4610 scias
2797 4564 2959 4612 nocte
2991 4555 3216 4627 factum,
3249 4557 3505 4615 mulieres

1893 4652 2015 4707 alia:
2043 4651 2316 4719 nesciunt,
2357 4649 2479 4705 alia:
2526 4648 2705 4704 sciunt
2737 4666 2751 4704 :
2782 4650 2962 4705 sciunt
3009 4665 3130 4722 quae
3173 4653 3504 4711 observave-

202 4750 409 4821 Slrittgil
437 4749 686 4804 infracto.
732 4749 876 4821 Ergo
909 4764 978 4805 ne
1010 4758 1284 4820 tamquam
1315 4749 1478 4805 inerti
1513 4751 1790 4821 guberna-
1812 4729 1868 4791 Ῐ)
1897 4755 2026 4802 runt
2055 4745 2306 4801 noctibus
2335 4753 2390 4799 et
2431 4743 2646 4811 diebus,
2680 4743 2934 4799 nesciunt
2977 4758 3098 4816 quae
3132 4756 3503 4803 recesserunt.

207 4841 301 4896 tori
335 4844 386 4895 in
418 4842 597 4897 arenis
631 4841 828 4897 littoris
855 4841 1216 4913 milii.lia:reat
1244 4841 1492 4910 sermo,b
1516 4852 1788 4916 tamquam

208 4933 257 4988 iu
284 4933 410 4988 vada
441 4948 586 4990 caeca
624 4934 934 4991 lentandum
986 4935 1089 4990 iter
1128 4949 1289 5006 quam
1341 4937 1788 5008 praacipitandum

205 5028 463 5094 arbitror;
497 5043 606 5099 quo
636 5030 814 5083 minus
841 5028 1046 5085 rimosa
1079 5028 1239 5085 nobis
1261 5038 1509 5100 patescat
1535 5031 1733 5087 oratio.

271 5176 294 5206 α
320 5165 522 5222 Eadem
552 5164 684 5221 edit.
714 5164 859 5230 sola,
888 5180 1005 5218 cum
1034 5165 1130 5220 uiri
1155 5168 1412 5239 fugerent.

270 5262 392 5317 bIta
445 5276 578 5316 mss.
632 5259 838 5330 aliquot
877 5260 1121 5315 melioris
1165 5271 1330 5314 noue.
1383 5258 1531 5326 Alii,
1574 5267 1631 5330 et
1657 5258 1790 5315 edit.

209 5346 453 5403 tamquam
479 5333 611 5386 uada
632 5329 768 5404 acea
795 5331 1305 5404 legam,lentan_dum
1327 5330 1481 5404 (Gill.
1499 5339 1569 5404 get
1604 5329 1793 5399 Rom.,

211 5406 517 5468 tentandum,
549 5404 640 5459 cui
692 5403 853 5476 Rom.
879 5474 888 5476 ξ
913 5403 1047 5476 edit.
1078 5402 1261 5469 addit,
1292 5402 1460 5476 prius,
1492 5402 1630 5476 forte
1655 5418 1796 5476 prie:-

207 5486 386 5544 staret,
419 5475 769 5548 potius,quod
797 5475 850 5548 in
878 5474 1107 5548 lectione
1134 5473 1319 5529 nostra
1345 5473 1793 5548 subintelligitur)

208 5552 384 5606 iter....
420 5544 670 5614 patescat
716 5546 906 5602 oratio.
941 5545 1064 5599 Era.
1095 5557 1150 5600 et
1193 5560 1311 5616 seq.
1360 5544 1492 5600 edit.
1526 5587 1541 5612 ,
1597 5546 1806 5618 fatiscat

211 5621 396 5688 oratio;
431 5619 684 5674 nimirum
729 5633 795 5672 eo
823 5618 1054 5689 [ortasse
1085 5618 1208 5686 quia
1242 5622 1329 5689 vir
1358 5618 1549 5672 doctus
1593 5618 1808 5689 putavit

212 5687 429 5750 allusum
458 5705 582 5747 esse
608 5689 674 5746 ad
699 5688 833 5746 illud
858 5687 1047 5758 Virgil.
1079 5703 1146 5744 ex
1176 5704 1194 5742 ι
1222 5687 1477 5744 Αὖηθίάἀ

1077 5801 1329 5866 Rimisque
1347 5801 1602 5857 fatiscunt:

221 5905 317 5969 Sed
349 5917 576 5982 patescat
600 5925 705 5964 non
739 5906 1030 5982 absurdum
1076 5917 1161 5982 est
1181 5908 1360 5982 ,‘etgin
1391 5921 1533 5982 mss.
1557 5907 1816 5982 omnibus

227 5978 504 6040 invenitur.
531 5979 700 6036 Porro
731 5978 1047 6046 tentandum,
1077 5978 1162 6034 hic
1194 5979 1324 6035 nihil
1359 5990 1442 6038 est
1465 5979 1615 6037 aliud
1646 5988 1806 6050 quam

1896 4838 2083 4896 Nescit
2132 4852 2238 4892 una
2288 4837 2456 4893 Maria
2503 4836 2839 4907 Magdalene,
2898 4837 3198 4895 secundum
3237 4839 3503 4896 Joannem

1899 4931 2279 5007 (Joan.xx.i5)
2305 4949 2317 4984 :
2342 4931 2446 4986 scit
2467 4930 2636 4986 altera
2660 4931 2824 4986 Maria
2855 4931 3502 5004 Magdalene,secundum

1897 5026 2206 5082 Matuta:qu
2261 5023 2478 5098 (Matth.
2518 5038 2711 5089 xxvut,
2747 5023 2834 5095 9);
2866 5040 2990 5080 nam
3035 5026 3226 5083 eadem
3277 5037 3333 5084 et
3377 5039 3504 5087 ante

1899 5169 2033 5240 lente
2063 5162 2468 5240 moderandum:
2500 5175 2623 5216 nam
2666 5161 2808 5233 apud
2835 5161 2985 5234 Virg.
3020 5163 3164 5220 idem
3213 5175 3300 5223 est
3344 5177 3507 5240 atque

1898 5236 2288 5309 inﬂectendum.

1975 5321 1997 5349 ε
2036 5308 2328 5373 Siluerunt,
2376 5306 2671 5378 Scriptura:
2727 5321 2830 5363 usu
2867 5321 2931 5362 ac
2965 5323 3119 5365 more
3151 5311 3374 5380 ponitur
3411 5326 3512 5382 pro

1899 5383 2219 5452 quieverunt.

1978 5451 2006 5490 ά
2042 5449 2356 5508 Conﬁxerat
2376 5449 2508 5522 edit.
2540 5451 2698 5505 Rom.
2729 5464 2894 5507 voces
2923 5451 3154 5522 sequenti
3199 5452 3284 5507 die
3331 5467 3351 5508 :

1912 5536 2092 5580 autem
2122 5536 2293 5593 causa,
2310 5522 2363 5576 id
2393 5520 2619 5586 fecerit,
2653 5539 2760 5577 non
2783 5526 2918 5578 satis
2945 5520 3110 5593 patet.

1989 5605 2012 5633 θ
2045 5596 2203 5650 Ront.
2231 5592 2362 5648 edit.
2391 5633 2406 5660 ,
2445 5609 2555 5648 suae
2578 5592 2967 5650 resurrectionis
2992 5595 3235 5650 incertos.
3283 5596 3408 5653 νει.
3459 5607 3518 5654 et

1913 5667 2160 5740 plerique
2187 5679 2342 5740 mss.,
2374 5681 2484 5721 sua:
2509 5666 2690 5740 m_o_rtis
2718 5667 2940 5740 incertos
2961 5683 2981 5731 ;
3004 5680 3138 5721 mss.
3169 5667 3372 5737 aliquot
3402 5684 3518 5725 me-

1918 5737 2073 5796 lioris
2102 5744 2271 5801 notae,
2294 5739 2508 5792 incerto.
2537 5737 2870 5808 Elegantius.
2902 5738 3041 5793 Infra
3065 5751 3195 5791 vero
3219 5739 3305 5794 ubi
3325 5754 3518 5795 omnes

1919 5812 2053 5869 edit.
2078 5852 2093 5874 ,
2142 5808 2318 5861 statim
2365 5810 2581 5880 angelus
2626 5809 2881 5880 Domini:
2912 5824 3044 5863 mss.
3076 5817 3266 5864 contra
3297 5809 3412 5866 fere
3450 5811 3518 5866 ad

1919 5897 2109 5950 unum,
2126 5881 2302 5953 statim
2319 5878 2557 5953 angelus,
2576 5882 2750 5953 statim
2766 5878 3046 5953 Dominus,
3060 5890 3169 5953 etc.
3187 5882 3342 5952 Quod
3361 5882 3525 5939 etiam

1923 5970 2045 6010 cum
2073 5950 2406 6022 evangelica
2421 5950 2644 6010 historia
2671 5951 2817 6006 belle
2849 5952 3116 6017 congruit

3400 5469 3508 5524 qua
