4148 6362
607 353 749 413 1845

600 562 804 624 Mariae,
841 565 1021 634 plures
1051 562 1290 618 fortasse
1317 561 1484 616 etiam
1525 559 1874 633 Magdalenaa,
1920 572 2043 615 cum
2077 558 2207 614 illud

600 671 854 728 persona:
886 672 1083 713 nomen
1108 657 1199 722 sit,
1235 657 1339 710 hoc
1369 657 1633 710 locorum.

674 749 800 807 151.
831 750 1076 820 Denique
1107 751 1337 804 alteram
1364 764 1486 805 esse
1509 762 1799 818 cognosce.
1834 747 1926 802 llla
1969 745 2208 800 admitti-

601 855 692 900 tur
724 844 890 916 pedes
929 844 1143 900 Domini
1191 851 1379 900 tenere
1426 861 1438 898 :
1490 850 1716 914 tangere
1766 842 2054 897 Dominum
2104 842 2206 896 ista

596 941 936 1011 prohibetur.
970 939 1059 995 Illa
1089 940 1342 1010 angelum
1383 938 1572 995 videre
1623 938 1841 1004 meruit,
1876 936 1994 991 haec
2029 935 2206 1005 primo

597 1031 814 1105 quando
840 1029 1012 1096 venit,
1058 1030 1332 1087 neminem
1372 1032 1526 1086 vidit.
1557 1031 1649 1086 [lla
1692 1029 1974 1100 discipulis
2025 1027 2208 1082 Domi-

597 1139 724 1180 num
756 1122 1130 1180 resurrexisse
1173 1124 1465 1190 nuntiavit,
1497 1121 1599 1177 ista
1633 1128 1846 1191 raptum
1874 1134 1997 1176 esse
2037 1120 2204 1190 signi-

594 1218 838 1291 gniﬁeat.
874 1217 966 1272 Illa
1004 1215 1226 1287 gaudet,
1262 1217 1378 1272 hare
1423 1217 1619 1286 plorat.
1665 1215 1744 1270 Illi
1797 1216 1848 1271 io
1894 1215 2064 1285 gloria
2107 1229 2205 1270 sua

589 1313 701 1384 jam
730 1311 986 1369 Christus
1011 1311 1277 1380 occurrit,
1314 1311 1428 1366 haec
1449 1310 1628 1366 adhuc
1667 1318 1942 1365 mortuum
1983 1310 2200 1379 qumrit.

592 1406 684 1460 illa
718 1405 1006 1459 Dominum
1037 1405 1169 1458 vidit
1200 1414 1254 1458 et
1276 1403 1532 1469 credidit,
1561 1402 1675 1457 haec
1699 1418 1804 1458 non
1829 1403 2001 1473 potuit
2035 1415 2205 1472 agno-

594 1515 749 1556 scere
766 1513 887 1553 cum
913 1496 1143 1552 videret.
1177 1495 1271 1551 illa
1299 1496 1444 1551 ﬁdeli
1469 1496 1730 1552 adorabat
1761 1496 1816 1550 in
1844 1495 2057 1566 spiritu,
2087 1494 2201 1550 haec

591 1595 762 1650 dubio
789 1592 1240 1649 mosstillcabatur
1281 1591 1500 1647 affectu.

665 1685 788 1744 155.
838 1685 1030 1743 Merito
1073 1686 1331 1741 nimirum
1373 1683 1694 1754 prohibetur
1752 1690 1974 1753 tangere
2022 1682 2202 1737 Domi-

592 1799 754 1850 num;
788 1797 895 1837 non
931 1782 1076 1836 enim
1111 1781 1381 1852 corporali
1420 1787 1564 1834 tactu
1607 1776 1908 1842 Christum,
1951 1778 2046 1832 sed
2097 1775 2202 1832 iide

1943 349 2192 408 SANCTI
2230 346 2559 406 AMBROSII

602 471 765 538 scire,
802 477 858 527 et
887 478 1074 542 postea
1121 470 1333 526 nescire
1379 483 1484 524 non
1532 467 1728 539 potuit.
1775 468 1914 538 Ergo
1937 467 1984 522 si
2031 466 2216 538 plures
2241 470 2288 527 Α
2323 465 2625 521 Aseeudisti
2674 466 2954 536 apostolis,
2988 468 3180 538 quibus
3211 467 3396 522 dixisti
3433 485 3445 522 :

3749 352 3864 414 li“

3494 469 3592 537 Qui
3635 487 3708 526 me
3729 474 3860 543 videt,

2309 560 2443 613 uidet
2471 569 2518 614 et
2544 558 2755 614 Patrem
2788 558 2972 631 (Joan.
3009 576 3124 626 xw,
3157 560 3244 632 9).
3279 561 3517 631 Denique
3543 562 3761 619 Joannes
3791 567 3866 622 ubi

2310 659 2362 707 te
2391 663 2680 722 quaereret,
2709 654 2889 706 scivit.
2919 652 3072 724 Apud
3106 653 3324 708 Patrem
3359 655 3623 724 quaesivit,
3661 664 3712 711 et
3737 671 3868 728 repe-

2309 747 2401 810 rit,
2432 753 2487 801 et
2528 744 2650 800 ideo
2680 747 2757 800 ait
2785 763 2797 798 :
2835 745 2903 799 Et
2939 745 3160 800 Verbum
3190 757 3299 800 erat
3330 748 3470 817 apud
3512 746 3671 802 Deum
3708 747 3866 818 (Josn.

2307 853 2348 905 ι,
2371 840 2445 909 1).
2475 838 2784 895 Ascendisti
2821 850 2874 894 et
2906 841 3193 912 Paulo,qui
3222 857 3328 896 non
3359 852 3641 898 contentus
3664 845 3802 899 solus
3826 856 3870 904 te

2307 932 2480 1001 sequi,
2504 949 2600 986 nos
2615 948 2831 1004 quoque
2848 934 3497 1005 docuitquetnadmodum
3521 947 3570 992 te
3587 953 3869 1009 sequamur,

2316 1036 2368 1079 et
2399 1024 2485 1079 ubi
2503 1032 2553 1079 te
2565 1027 2805 1095 reperire
2823 1029 3115 1096 possimus,
3131 1027 3320 1084 dicens
3342 1045 3355 1084 :
3376 1029 3564 1102 Siergo
3585 1034 3872 1086 consurrexi-

2305 1121 2396 1173 stis
2410 1133 2525 1172 cum
2537 1117 2762 1187 Christo,
2775 1136 2892 1191 quw
2902 1138 3105 1176 sursum
3123 1125 3476 1193 sunt,quterite
3487 1123 3798 1181 ubiCliristus
3811 1137 3873 1182 est

2305 1214 2373 1265 ad
2391 1213 2657 1268 dexteram
2687 1213 2785 1268 Dei
2807 1216 3014 1286 sedens(
3023 1216 3136 1271 Col.
3156 1219 3263 1283 ut,i
3278 1218 3394 1288 ).Et
3415 1234 3480 1274 ne
3497 1221 3759 1274 oculorum
3775 1235 3874 1274 ma-

2303 1306 2386 1379 gis
2415 1306 2516 1362 hoc
2537 1323 2695 1378 quam
2721 1308 3026 1365 animorum
3048 1321 3358 1380 putaremus
3373 1309 3631 1377 cilicium,
3649 1312 3870 1368 addidit:

2307 1401 2436 1466 Qua:
2455 1413 2794 1457 sursumsunt
2816 1404 3111 1473 sapite,non
3138 1419 3252 1474 qua:
3271 1419 3430 1475 super
3457 1415 3641 1459 terram
3656 1403 3780 1477 (10.,
3794 1405 3865 1476 2).

2378 1494 2503 1549 160.
2533 1495 2678 1566 Ergo
2705 1509 2812 1551 non
2838 1511 3003 1567 snpra
3035 1509 3256 1564 terram,
3288 1511 3390 1553 net:
3415 1498 3650 1563 interra,
3689 1513 3780 1554 nec
3801 1511 3875 1554 sc-

2302 1588 2542 1643 cuudum
2586 1604 2812 1645 carnem
2867 1601 2918 1645 te
2963 1606 3211 1661 quterere
3250 1591 3534 1659 debemus,
3581 1591 3622 1647 si
3653 1591 3874 1647 volumus

2301 1683 2581 1748 invenire;
2618 1699 2758 1738 nunc
2787 1685 2934 1738 enim
2961 1685 3259 1739 secundum
3289 1699 3508 1741 carnem
3536 1684 3642 1756 jam
3668 1699 3766 1739 non
3793 1697 3875 1738 no-

2301 1780 2477 1832 vimus
2505 1774 2807 1830 Cbristum.
2855 1776 3096 1847 Denique
3125 1778 3435 1849 Stephanus
3467 1793 3569 1833 non
3604 1792 3755 1849 supra
3781 1787 3874 1832 ter-

589 1878 859 1948 tangimus
891 1895 904 1930 :
936 1875 1186 1932 Nondum
1208 1875 1365 1942 enim,
1393 1873 1586 1945 inquit,
1621 1873 1830 1927 escendi
1871 1873 1939 1926 ad
1983 1871 2197 1925 Patrem
2228 1865 2274 1926 B
2304 1886 2418 1926 rain
2447 1871 2716 1941 qua'sivit,
2748 1871 2840 1941 qui
2863 1877 3099 1927 stantem
3131 1880 3181 1928 te
3208 1873 3278 1928 ad
3305 1874 3586 1929 dexteram
3609 1873 3702 1929 Dei
3727 1872 3870 1926 vidit:

585 1985 752 2024 meum
781 1967 964 2041 (Joan.
996 1983 1090 2034 xx,
1130 1966 1250 2040 i7);
1292 1970 1396 2022 hoc
1423 1975 1527 2029 est,
1561 1965 1798 2020 nondum
1829 1963 1925 2019 tibi
1948 1963 2192 2030 ascendi,

584 2075 705 2133 qua:
736 2062 1004 2117 viventem
1033 2073 1156 2115 cum
1186 2059 1416 2114 mortuis
1445 2059 1646 2130 quaeris
1672 2075 1684 2110 :
1719 2067 1776 2112 et
1809 2057 1932 2111 ideo
1967 2056 2034 2110 ad
2077 2055 2194 2111 for-

588 2156 758 2211 tiores
793 2154 1048 2220 mittitur,
1081 2169 1313 2224 quorum
1356 2154 1582 2208 credere
1631 2162 1656 2188 ἰ
1693 2150 1875 2206 discat
1915 2151 2190 2220 exemplo,

587 2261 646 2306 ut
675 2250 750 2306 illi
779 2249 1241 2306 resurrectionem
1274 2246 1594 2317 praedicent.

658 2343 783 2399 156.
839 2343 991 2397 Sicut
1050 2342 1102 2396 in
1164 2340 1433 2411 principio
1502 2337 1702 2392 mulier
1771 2345 1962 2392 auctor
2018 2337 2190 2407 culpa:

585 2435 705 2503 fuit,
754 2437 838 2492 vir
867 2447 1159 2492 exsecutor
1201 2435 1446 2490 erroris:
1480 2435 1551 2488 ita
1603 2445 1743 2487 nunc
1789 2448 1910 2502 qua:
1955 2442 2187 2486 mortem

505 2586 509 2590 _
587 2531 704 2585 viro
734 2530 885 2600 prior
931 2536 1238 2599 gustaverat
1271 2567 1286 2594 ,
1323 2525 1781 2581 resurrectionem
1830 2525 1978 2593 prior
2007 2523 2186 2590 vidit,

588 2624 762 2694 culpa:
793 2622 1029 2690 ordine,
1087 2631 1140 2676 et
1169 2619 1418 2677 remedio
1469 2619 1639 2690 prior.
1715 2618 1775 2672 Et
1827 2633 1895 2672 ne
1941 2618 2188 2687 perpetui

585 2729 771 2773 reatus
843 2717 986 2788 apud
1044 2717 1191 2772 viros
1253 2717 1603 2788 opprobrium
1671 2715 2020 2770 sustineret:
2065 2728 2187 2784 qua:

587 2807 802 2884 1538
826 2811 1041 2881 culpam
1081 2810 1199 2864 viro
1243 2808 1633 2873 transfuderat,
1660 2805 1954 2862 transfodit
1985 2816 2036 2861 et
2058 2821 2184 2877 gra-

583 2905 734 2967 tiam,
779 2902 1086 2974 veterisque
1116 2904 1300 2973 lapsus
1326 2912 1646 2970 compensat
1669 2915 1967 2956 aerumnam
2000 2913 2184 2955 resur-

582 2997 838 3052 recuonis
880 2997 1102 3052 indicio.
1140 2997 1241 3052 l’er
1295 3009 1358 3051 os
1397 2995 1643 3050 mulieris
1687 3011 1835 3049 tnors
1881 3004 2008 3049 ante
2056 3009 2179 3064 pro-

581 3099 842 3156 cesserat,
872 3101 968 3160 per
999 3104 1061 3145 os
1090 3088 1334 3144 mulieris
1356 3090 1462 3142 vita
1498 3098 1805 3156 reparatur.

652 3183 774 3239 157.
803 3183 914 3238 Sed
943 3183 1064 3254 quia
1094 3183 1402 3238 constantia
1448 3182 1514 3237 ad
1559 3181 1963 3252 praedicandum
1989 3197 2177 3238 neces-

574 3276 740 3341 saria,
774 3276 997 3332 inferior
1026 3291 1186 3331 sexus
1217 3276 1282 3330 ad
1306 3276 1712 3345 exsequendum
1738 3276 2023 3342 infirmior,
2052 3277 2180 3331 viris

573 3369 978 3442 evangelizaudi
1018 3370 1304 3424 mandatur
1331 3371 1591 3425 officium.
1638 3371 1772 3426 Nam
1814 3369 1958 3426 sicut
1987 3375 2182 3427 mulie-

575 3480 693 3519 rum
725 3480 821 3537 per
850 3463 1036 3520 Jesum
1073 3475 1178 3518 non
1209 3463 1386 3518 solum
1409 3465 1567 3533 culpa
1599 3465 1850 3530 solvitur,
1891 3465 1985 3520 sed
2015 3467 2178 3522 etiam

577 3559 968 3629 multiplicatur
993 3559 1200 3629 gratia;
1229 3566 1284 3612 ut
1310 3557 1553 3625 pluribus
1584 3557 1834 3624 suadeat,
1866 3573 1986 3630 quae
2011 3577 2177 3618 unum

574 3661 702 3706 ante
729 3651 1021 3722 deceperat
1052 3667 1065 3704 :
1103 3651 1174 3706 ita
1199 3661 1252 3706 et
1284 3653 1383 3715 vir,
1412 3651 1503 3722 qui
1527 3661 1733 3708 temere
1765 3664 1888 3708 ante
1926 3656 2177 3711 credide-

578 3753 701 3810 rat,
752 3743 1048 3800 l'encratum
1098 3759 1295 3800 munus
1339 3759 1667 3815 recuperare
1715 3747 1930 3813 debuit;
1982 3760 2036 3804 ut
2084 3754 2178 3823 qui

577 3836 680 3893 sibi
729 3839 843 3907 ipse
873 3838 1047 3894 fuerat
1081 3840 1146 3893 ad
1196 3839 1526 3895 credendum
1570 3840 1831 3910 lubricus,
1871 3842 2026 3899 fieret
2054 3847 2178 3902 aliis

578 3929 645 3986 ad
678 3933 1084 4004 prtedicandum
1114 3933 1360 3988 idoneus.

649 4025 774 4082 158.
817 4024 922 4082 Sed
963 4026 1305 4081 advertamus
1375 4026 1538 4081 verba
1595 4026 1830 4082 mandati
1866 4043 1879 4081 :
1913 4029 2040 4084 Noli
2095 4047 2174 4086 me

575 4128 786 4192 tangere
812 4137 830 4186 ;
877 4122 1106 4174 nondum
1152 4121 1285 4174 enim
1337 4119 1547 4174 ascendi
1597 4119 1666 4174 ad
1724 4119 1936 4176 Patrem
1981 4137 2171 4178 meum.

582 4209 728 4270 Vade
755 4221 922 4269 autem
960 4214 1030 4268 ad
1063 4217 1248 4285 fratres
1296 4230 1452 4279 meos,
1472 4221 1519 4268 et
1561 4213 1646 4268 dic
1675 4217 1749 4270 eis
1790 4231 1808 4270 :
1837 4217 2076 4272 Aseendo
2105 4220 2174 4274 ad

576 4301 786 4363 Patrem
830 4323 1017 4375 meum,
1052 4317 1099 4362 et
1129 4305 1342 4361 Patrem
1373 4313 1595 4360 vestrum
1623 4321 1642 4360 :
1680 4305 1847 4360 Deum
1896 4325 2082 4378 meum,
2127 4323 2175 4367 et

580 4399 743 4456 Deum
773 4408 993 4456 vestrum
1021 4399 1200 4473 (Joan.
1236 4414 1328 4466 xx,
1359 4397 1468 4472 17).
1506 4397 1792 4466 Quomodo
1834 4416 1940 4456 non
1971 4417 2170 4460 asceo~

571 4491 752 4561 deras,
797 4489 1022 4549 Domine
1057 4492 1227 4549 Jesu?
1263 4492 1730 4566 Quemadmodum
1754 4492 1964 4562 aberas,
1992 4497 2080 4566 qui
2113 4498 2169 4554 in

2301 1961 2469 2018 Maria
2513 1973 2694 2018 autem
2738 1965 2862 2033 quia
2903 1965 3182 2032 quam-bat
3228 1967 3278 2020 in
3313 1975 3482 2032 terra,
3526 1975 3739 2035 tangere
3780 1979 3872 2019 non

2298 2056 2472 2126 potuit
2509 2055 2688 2125 (Joan.
2716 2072 2868 2121 XXIX,
2895 2057 3005 2128 17).
3033 2056 3344 2127 Stephanus
3388 2061 3581 2129 tetigit,
3603 2060 3721 2129 quia
3744 2071 3872 2127 qua:-

2296 2149 2418 2203 sivit
2436 2150 2488 2204 io
2503 2151 2664 2216 cmlo;
2693 2150 3007 2221 Stephanus
3022 2152 3164 2206 inter
3185 2151 3404 2208 Judmos
3434 2153 3570 2208 vidit
3591 2154 3869 2208 absentem:

2296 2243 2458 2298 Maria
2484 2245 2624 2299 inter
2653 2245 2880 2315 angelos
2910 2261 3016 2301 non
3049 2247 3188 2302 vidit
3218 2257 3566 2318 praesentem.
3595 2245 3696 2302 Sed
3721 2257 3869 2316 quare

2292 2351 2399 2391 non
2464 2339 2704 2406 potuerit
2745 2337 2838 2392 illa
2892 2346 3154 2409 tangere,
3233 2339 3572 2411 evangelista
3622 2339 3731 2408 ipse
3777 2347 3862 2390 nos

2294 2429 2704 2498 docuitdicens,
2729 2433 2855 2502 quia
2883 2448 3005 2488 cum
3031 2445 3081 2489 te
3123 2433 3354 2501 videret,
3381 2435 3654 2490 nesciebat
3677 2433 3790 2503 quia
3819 2440 3866 2485 tu

2295 2539 2395 2589 es;
2428 2523 2506 2578 sic
2549 2525 2693 2579 enim
2729 2526 2897 2580 babes
2927 2542 2940 2577 :
2993 2524 3250 2581 Conversa
3289 2535 3364 2582 est
3419 2537 3710 2592 retrorsum,
3736 2533 3780 2580 et
3805 2523 3869 2578 vi-

2291 2615 2365 2670 dit
2385 2615 2567 2670 Jesum
2593 2626 2832 2685 stantem,
2867 2629 2916 2672 et
2944 2633 3045 2672 non
3060 2618 3249 2673 sciebat
3265 2620 3387 2690 quia
3411 2618 3565 2674 Jesus
3596 2629 3666 2674 est
3685 2615 3862 2687 (litim,

2293 2711 2368 2784 1).
2404 2713 2598 2768 Merito
2633 2720 2856 2784 tangere
2900 2729 3005 2768 non
3033 2715 3229 2784 potuit,
3275 2729 3397 2785 qua:
3428 2715 3614 2770 videre
3641 2725 3741 2769 non
3783 2726 3865 2780 po-

2289 2816 2495 2874 tuerat;
2539 2825 2660 2862 nam
2691 2812 2780 2879 qui
2812 2808 2960 2864 videt
2980 2809 3172 2879 tangit.

2360 2901 2482 2956 161.
2519 2900 2706 2971 Itaque
2745 2901 2872 2971 qttid
2905 2902 3120 2956 intersit
3166 2902 3310 2956 inter
3347 2901 3498 2956 illam
3533 2909 3588 2956 et
3611 2899 3743 2953 hanc
3770 2895 3866 2950 Ma-

2286 2993 2420 3047 riam
2454 2993 2735 3063 Scriptura
2786 2994 3084 3063 distinguit.
3116 2993 3209 3047 llla
3259 2994 3528 3058 occurrit,
3573 3000 3629 3046 ut
3676 2986 3866 3063 1539

2283 3083 2470 3139 Jesum
2509 3085 2720 3150 videat,
2768 3085 2883 3140 haec
2914 3096 3211 3139 retrorsum
3235 3086 3578 3140 convertitur
3609 3100 3623 3136 :
3670 3082 3752 3136 illa
3787 3094 3866 3132 sa-

2287 3178 2506 3246 lulutttr,
2558 3181 2671 3234 hmc
2697 3180 3062 3250 redarguitur.
3098 3181 3338 3250 Denique
3383 3182 3467 3236 sic
3495 3180 3659 3234 habes
3705 3173 3866 3230 :Dicit

2210 3239 2255 3303 Ο
2287 3276 2331 3328 ei
2360 3239 2513 3329 Jews
2543 3291 2561 3328 :
2609 3273 2800 3330 Mulier
2830 3239 3009 3343 (ioan.
3054 3289 3149 3341 xx,
3198 3239 3312 3345 14').
3361 3275 3497 3341 Quae
3539 3289 3644 3328 non
3691 3267 3863 3332 credit,

2287 3371 2482 3425 mulier
2511 3377 2617 3432 est,
2651 3379 2705 3424 et
2735 3369 2911 3424 adhuc
2942 3371 3190 3440 corporei
3213 3385 3378 3424 sexus
3411 3369 3768 3440 appellatione
3803 3362 3866 3417 si-

2285 3473 2480 3534 gnatur
2515 3477 2677 3518 :nam
2708 3479 2828 3533 qum
2870 3463 3065 3530 credit,
3111 3463 3348 3518 occurrit
3389 3464 3445 3518 in
3502 3465 3677 3518 virum
3709 3457 3866 3529 pet-le-

2283 3555 2514 3622 ctutu,io
2546 3571 2858 3611 mensuram
2883 3556 3059 3611 :rtatis
3082 3556 3444 3625 plenitudinis
3471 3555 3866 3622 Cbristi,caretts

2278 3650 2388 3719 jam
2419 3649 2636 3704 nomine
2667 3649 2877 3713 saeculi,
2913 3650 3161 3719 corporis
3197 3665 3352 3716 sexu,
3394 3650 3609 3706 lubrico
3636 3651 3868 3720 juventu-

2283 3745 2370 3810 tis,
2403 3743 2748 3814 multiloquio
2775 3744 3092 3799 senectutis.
3122 3744 3258 3799 Dicit
3287 3760 3419 3816 ergo
3443 3743 3602 3800 Jesus
3626 3761 3638 3798 :
3667 3741 3863 3804 Mulier,

2280 3838 2406 3906 quid
2433 3836 2607 3904 ploras
2639 3835 2828 3907 (lbid.,
2862 3836 2995 3909 25)?
3023 3839 3185 3903 Quasi
3231 3837 3380 3894 dicat
3424 3858 3436 3893 :
3472 3839 3588 3894 Non
3621 3839 3865 3907 laeryoias

2281 3933 2454 3987 nudas
2499 3931 2663 3998 Deus,
2712 3931 2805 3986 sed
2844 3932 3004 3987 tidem
3057 3934 3244 4003 exigit.
3296 3935 3464 3989 Bome
3523 3935 3789 4004 lacrytnae,
3827 3925 3865 3980 si

2277 4027 2550 4082 Christum
2579 4041 2864 4097 agnoscas.
2896 4025 3061 4093 Quem
3083 4027 3273 4096 quieris
3301 4025 3536 4100 (Ibid.)'i
3560 4027 3747 4096 inquit.
3769 4021 3866 4074 Mo-

2277 4121 2460 4176 limina
2490 4121 2635 4176 enim
2670 4120 2933 4174 Dominus
2962 4135 3084 4177 sera
3105 4121 3459 4176 condemnat.
3490 4119 3597 4176 Sed
3627 4120 3760 4173 bene
3784 4112 3866 4166 ad-

2277 4217 2416 4272 didit
2449 4233 2464 4270 :
2498 4216 2662 4282 Quem
2691 4216 2924 4286 quaeris?
2971 4215 3087 4270 Non
3139 4216 3281 4286 quod
3325 4217 3430 4273 iste
3467 4216 3679 4272 dubitet
3720 4222 3865 4282 quem

2276 4311 2518 4379 requirat
2551 4350 2566 4376 ,
2600 4309 2694 4364 sed
2723 4309 2847 4378 quia
2896 4308 2984 4363 illa
3028 4324 3187 4379 quem
3215 4319 3448 4379 qumrat,
3477 4311 3719 4380 ignorat;
3769 4317 3864 4358 non

2273 4403 2417 4460 enim
2446 4403 2720 4458 Christum
2753 4403 2966 4472 quaerit,
3016 4418 3176 4472 quem
3223 4413 3377 4472 putat
3427 4413 3665 4472 raptum.
3709 4399 3865 4454 Adest

2275 4499 2550 4564 Christus,
2608 4497 3067 4568 quemadmodum
3114 4498 3412 4567 quaeritur?
3465 4497 3714 4552 Nescitur
3749 4503 3865 4562 ergo

573 4601 764 4643 manus
790 4585 962 4642 Patris
990 4587 1475 4642 commendaveras
1506 4585 1791 4655 Spiritum?
1819 4589 1923 4641 Aut
1949 4590 2169 4659 quando
2203 4641 2251 4704 Β
2279 4593 2368 4662 qui
2403 4591 2682 4659 quatritur,
2711 4589 2928 4660 quando
2961 4604 3066 4643 non
3093 4591 3467 4660 cognoscitur,
3498 4606 3620 4645 cum
3647 4589 3861 4642 videtur.

574 4683 763 4704 -I--_.._
812 4691 965 4704 ..-ι-Α
1026 4682 1110 4704 -.-Β
1153 4694 1368 4704 οιΑ-ιιλΑ-
1422 4679 1471 4704 ἓ..
1527 4681 1682 4704 11η.--
1721 4695 1777 4704 Α..
1847 4696 1963 4704 -.-_.
2015 4683 2165 4704 n_._-
2353 4681 2452 4704 non
2505 4681 2744 4704 h.--:._-.-
2770 4679 3041 4704 l‘l._:-4-._..
3070 4681 3279 4704 “2.1-1--..
3335 4690 3383 4704 ,ι
3416 4681 3757 4704 ι-,.-.-.1.........
3780 4691 3861 4704 ...μ

573 4683 765 4737 abesse
812 4691 988 4752 potes,
1022 4682 1111 4752 qui
1152 4694 1368 4751 semper
1421 4679 1474 4735 in
1526 4681 1683 4735 Patre
1718 4695 1801 4746 es,
1842 4696 1967 4736 cum
2013 4683 2172 4741 Patre

570 4775 825 4846 semper?
873 4773 1114 4846 Denique
1141 4774 1257 4844 ipse
1303 4773 1484 4828 dixisti
1515 4789 1528 4828 :
1565 4774 1625 4829 Si
1655 4775 1965 4831 descendere
2006 4779 2057 4832 in
2088 4780 2171 4834 in-

569 4869 796 4937 fernum,
831 4868 972 4921 ades.
1009 4864 1070 4923 Si
1095 4879 1363 4938 sumpsero
1387 4880 1582 4936 pennas
1605 4882 1744 4922 meas
1770 4879 1887 4922 ante
1913 4870 2096 4936 lucem,
2122 4880 2168 4926 et

2350 4681 2473 4737 162.
2505 4681 2746 4750 Denique
2770 4679 3043 4737 Christum
3070 4681 3305 4745 videbat,
3330 4690 3388 4737 et
3415 4681 3758 4737 hortulanum
3780 4691 3865 4748 pu-

2275 4775 2452 4839 tabat;
2486 4774 2567 4829 sic
2595 4774 2740 4828 enim
2779 4774 2949 4829 habes
2981 4791 2994 4828 :
3041 4773 3148 4828 Illa
3190 4775 3501 4830 existimans
3542 4777 3665 4846 quia
3701 4773 3865 4828 hortu-

2274 4869 2426 4923 lanus
2457 4877 2606 4934 esset,
2641 4868 2775 4922 dixit
2801 4869 2847 4923 ei
2875 4884 2896 4922 :
2921 4867 3162 4936 Domine,
3193 4870 3237 4922 si
3265 4880 3317 4923 tu
3344 4871 3607 4925 sustulisti
3636 4885 3765 4932 eum,
3793 4865 3865 4919 di-

567 4960 790 5017 habitem
833 4962 886 5015 in
915 4969 1137 5016 extrema
1166 4959 1351 5026 maris,
1385 4960 1575 5016 etenim
1610 4960 1702 5014 illo
1729 4976 1912 5017 manus
1953 4972 2039 5017 tua
2078 4963 2166 5018 de-
2263 4961 2367 5015 cito
2398 4961 2523 5014 mihi
2553 4959 2641 5013 ubi
2668 4961 2885 5030 posuisti
2911 4976 3045 5024 eum,
3089 4969 3136 5015 et
3166 4977 3257 5032 ego
3283 4978 3402 5016 eum
3439 4965 3626 5019 tollam
3661 4963 3862 5036 (Ibid)-

563 5060 717 5111 ducet
745 5073 824 5111 me
859 5056 1032 5130 (Psal.
1061 5071 1322 5123 cxxsvnt,
1366 5055 1399 5109 8
1441 5064 1489 5110 et
1526 5055 1683 5126 seq.).
1734 5060 1842 5112 Aut
1892 5062 2165 5130 quomodo

562 5149 834 5215 ascendis,
867 5150 958 5220 qui
983 5149 1180 5220 ubique
1207 5163 1421 5218 semper
1451 5149 1548 5204 es?

507 5307 509 5309 ,
639 5243 762 5301 159.
803 5243 1138 5300 Descendisd
1163 5241 1379 5316 quidem
1418 5243 1588 5302 Filius
1620 5244 1875 5311 hominis,
1921 5261 2022 5301 nec
2064 5246 2162 5302 Pa-

559 5342 650 5405 tri,
682 5355 804 5396 eum
831 5339 1212 5406 descenderes,
1249 5340 1511 5396 abfuisti:
1549 5340 1646 5396 sed
1686 5337 2015 5396 descendisti
2058 5357 2155 5396 no-

557 5434 674 5501 bis;
709 5443 767 5490 ut
796 5443 847 5490 te
885 5434 1057 5488 oculis
1101 5448 1164 5488 ac
1211 5433 1484 5489 mentibus
1514 5434 1842 5499 videremus,
1885 5442 1946 5488 ut
1996 5434 2048 5488 in
2106 5445 2157 5490 Ie

556 5531 923 5591 crederemus.
955 5527 1098 5600 Ergo
1119 5535 1174 5584 et
1195 5529 1484 5584 ascendiin
1514 5529 1704 5594 nobis;
1730 5535 1860 5583 utet
1882 5535 1934 5583 te
1963 5542 2155 5598 seque-

554 5641 737 5684 remur
767 5621 1060 5688 mentibus,
1091 5637 1248 5693 quem
1287 5623 1456 5677 oculis
1488 5621 1673 5678 videre
1705 5636 1811 5676 non
1837 5631 2150 5692 possumus.

628 5762 654 5791 ⁸
694 5759 856 5815 Corb.
899 5766 952 5815 et
981 5755 1070 5814 alii
1114 5764 1344 5828 quatuor
1366 5800 1380 5826 ,
1406 5766 1617 5828 cogatur
1643 5755 1896 5828 exemplo.
1930 5755 2036 5813 Sed
2070 5756 2156 5814 hic

560 5831 780 5904 verbum
811 5841 1044 5904 cogulttr,
1073 5826 1174 5884 lata
1200 5826 1594 5902 signiﬁcatione
1611 5826 1982 5902 accipiendum
2011 5839 2154 5886 esset

553 5918 651 5976 pro
684 5900 976 5960 inducatur.

2274 5055 2384 5109 Etsi
2428 5055 2534 5109 lide
2593 5055 2820 5122 incerta,
2857 5065 3032 5109 tamen
3071 5071 3328 5111 sermone
3359 5074 3471 5113 non
3507 5059 3740 5113 lubrica:
3771 5057 3861 5112 etsi

2271 5145 2616 5201 hortulanum
2642 5144 2865 5214 putavit,
2886 5156 3065 5200 tamen
3089 5146 3179 5201 Dei
3196 5145 3388 5202 Filium
3414 5148 3748 5221 designavit:
3768 5149 3860 5204 etsi

2269 5238 2572 5293 adliucoon
2599 5235 2983 5296 credit.tamcn
3009 5238 3221 5294 allectat
3241 5241 3539 5308 utcredat;
3581 5243 3697 5314 ipse
3725 5244 3859 5299 enim

2267 5346 2466 5401 corpus
2511 5330 2654 5394 tulit,
2699 5326 2727 5367 ι)
2759 5331 2849 5400 qui
2887 5331 3186 5387 suscitavit.
3212 5331 3354 5402 Ergo
3390 5337 3687 5392 veniabilis
3715 5350 3860 5392 error

2269 5425 2532 5489 mulieris,
2548 5439 2668 5495 qua:
2690 5424 3078 5481 licetdubitare
3094 5441 3200 5482 non
3222 5425 3633 5483 debuitCltristi
3675 5442 3859 5502 corpus

2264 5539 2358 5594 per
2395 5521 2619 5595 gloriam
2646 5522 3064 5578 resurreCtionis
3083 5527 3447 5591 assumptum;
3479 5523 3664 5582 doceri
3693 5537 3860 5580 tamen

2261 5619 2421 5689 gestit
2453 5635 2480 5669 a
2515 5614 2752 5681 Christo,
2769 5615 2994 5671 eilidem
3011 5629 3165 5670 suam
3185 5616 3382 5672 devota
3407 5619 3711 5686 promittit;
3737 5627 3789 5671 ut
3808 5624 3859 5671 et

2336 5757 2363 5796 δ
2388 5757 2531 5832 Mss.
2554 5755 2757 5832 aliquot
2782 5757 3018 5832 melioris
3039 5759 3160 5824 arvi,
3187 5761 3274 5830 qui
3300 5763 3557 5832 suscepit;
3584 5777 3652 5818 eo
3674 5773 3858 5828 nempe

2264 5829 2600 5910 significatu,
2620 5845 2726 5898 quo
2745 5829 2882 5884 intra
2912 5830 3110 5886 dicitur
3133 5873 3148 5898 ,
3180 5829 3367 5904 corpus
3403 5829 3498 5904 per
3526 5834 3747 5908 gloriam
3783 5847 3858 5892 r0-

2264 5905 2593 5959 surrectionis
2623 5915 2965 5977 assumptum.
