4040 6486
120 346 314 405 1848

1168 348 1540 409 EXPOSITIO
1576 352 1832 412 EVANG.
1874 355 2022 414 SEC.
2063 356 2219 418 LUC.
2263 361 2390 419 LIB.
2435 362 2502 419 Χ.

3344 372 3487 434 1846

125 461 567 563 ij)S_8j1illt3j3lll
587 464 783 522 tollate
808 463 1772 563 terris,etaddexteramDeiquarrat.
1802 472 1856 535 Δ
1882 472 2068 530 debuit
2099 491 2187 533 me
2238 478 2469 543 docere.
2504 480 2644 538 sicut
2671 483 2858 541 docuit
2907 492 2962 543 et
3008 485 3245 546 Paulus:
3271 486 3484 563 Oportet

224 556 378 612 165.
416 556 654 629 Denique
685 568 807 629 post
837 558 953 615 haec
981 559 1143 614 verba
1173 576 1279 614 non
1301 561 1519 627 mulier.
1549 563 1645 619 sed
1667 563 1780 631 jam

137 644 346 702 Maria
380 660 604 705 vocatur
620 648 803 723 (Joan.
826 666 925 719 xx,
943 650 1058 719 l6);
1078 652 1224 708 aliud
1238 661 1324 709 est
1336 656 1480 709 enim
1492 668 1784 712 commune

138 739 318 812 vulgi
355 756 580 807 nomen,
615 741 763 797 aliud
797 743 1034 813 speciale
1079 759 1326 814 personae
1368 745 1645 801 Christum
1692 762 1783 802 se-

139 833 418 904 quentis.
460 833 530 889 Et
574 834 643 890 ad
683 835 1002 907 discipulos,
1056 837 1187 893 licet
1225 846 1251 874 ι
1296 838 1534 892 nonduin
1580 838 1784 894 arbitra

142 922 356 998 plena:
389 924 538 992 ﬁdei,
566 938 746 984 tamen
777 929 964 983 nuntia
990 928 1311 985 destinatur.
1343 928 1670 985 Prohibetur
1690 944 1783 984 au-

147 1027 277 1073 tem
304 1027 561 1091 tangere,
588 1022 713 1091 quia
742 1022 982 1078 nondum
1013 1020 1318 1078 inhabitare
1336 1022 1388 1078 in
1418 1020 1634 1079 Christo
1663 1036 1788 1078 cor-

146 1113 448 1185 poraliter
518 1115 914 1186 plenitudinem
989 1117 1313 1181 divinitatis,
1377 1117 1519 1174 sicut
1585 1118 1789 1174 Paulus

154 1206 438 1280 (Colore.
498 1226 559 1279 ιι,
600 1211 692 1283 9),
742 1221 1074 1283 acceperat;
1132 1212 1373 1268 nondum
1430 1223 1789 1270 evacuaverat

154 1301 458 1360 lubricum
489 1306 699 1374 surculi,
730 1307 915 1363 carnis
955 1307 1267 1378 ambiguum
1310 1324 1324 1361 :
1355 1306 1595 1363 nondum
1624 1307 1788 1363 vitam

157 1397 401 1454 vixerat
418 1395 679 1456 Christi.b
716 1400 959 1472 Denique
978 1411 1108 1467 stat,
1135 1414 1244 1456 non
1262 1398 1454 1455 adorat
1478 1397 1788 1467 Dominum,

162 1507 282 1548 nec
319 1493 491 1563 pedes
530 1501 708 1562 tenet,
736 1493 878 1550 sicut
902 1494 992 1549 illa
1019 1494 1220 1550 Maria:
1248 1496 1303 1550 in
1329 1510 1432 1566 qua
1465 1492 1653 1564 utique
1683 1508 1793 1549 non

167 1593 294 1639 tam
312 1584 640 1655 obsequium
656 1587 962 1657 corporale,
977 1600 1137 1656 quam
1156 1585 1329 1656 plenae
1343 1585 1465 1642 ﬁdei
1479 1585 1793 1657 designatur

168 1678 449 1748 affectus;
474 1680 616 1751 quod
636 1679 909 1737 Christum
941 1691 997 1737 et
1016 1679 1293 1737 hominem
1315 1691 1369 1736 et
1392 1681 1561 1739 Deum
1580 1680 1790 1736 credat:

171 1772 334 1828 Deus
361 1783 447 1829 est
466 1773 611 1830 enim
638 1773 732 1845 qui
775 1774 1033 1830 adoratur
1058 1814 1073 1840 ,
1105 1774 1269 1829 homo
1318 1784 1403 1830 est
1433 1774 1524 1845 qui
1582 1780 1795 1830 tenetur

173 1863 411 1935 (Matth.
448 1883 636 1935 xxvm,
665 1865 745 1937 9).

256 1944 390 2003 164.
417 1947 533 2003 Non
584 1948 750 2018 igitur
781 1944 927 2017 tangi
958 1943 1220 2003 Dominus
1243 1945 1448 2002 fastidit
1475 1961 1504 2000 a
1546 1944 1743 2001 femina
1767 1986 1785 2014 ,

172 2041 346 2113 eujus
374 2052 429 2097 et
456 2038 619 2096 Maria
652 2040 819 2111 pedes
843 2040 996 2095 unxit
1019 2052 1295 2112 unguento
1345 2038 1497 2111 (Luc.
1526 2054 1626 2108 vn,
1655 2036 1749 2112 58)
1775 2057 1788 2094 :

177 2156 290 2196 nec
314 2149 519 2196 tactum
548 2138 868 2211 dedignatur
891 2182 906 2206 ,
943 2138 1040 2194 sed
1090 2138 1392 2209 profectum
1423 2137 1617 2205 docet;
1668 2138 1791 2209 quia

183 2248 305 2289 non
337 2247 531 2288 omnes
550 2229 825 2287 Christum
857 2242 1085 2302 possunt
1126 2239 1346 2301 tangere
1377 2241 1750 2301 resurgentem
1773 2272 1792 2299 ,

179 2343 353 2400 quem
376 2327 669 2398 tetigerunt
688 2326 743 2382 in
764 2327 864 2382 hac
892 2327 1003 2382 vita
1028 2334 1326 2396 etcorpure
1338 2334 1792 2382 commorantem.

180 2422 281 2493 qui
310 2422 429 2477 vult
458 2422 732 2476 Christum
763 2431 1021 2492 tangere,
1052 2434 1152 2475 sua
1181 2420 1424 2479 membra
1458 2419 1751 2477 mortiﬁcet
1776 2461 1793 2487 ,

181 2525 241 2571 et
263 2523 646 2571 resurrecturo
675 2514 868 2569 similis
897 2514 1088 2569 induat
1114 2514 1330 2569 viscera
1357 2514 1750 2571 misericordiae
1775 2553 1797 2583 ,

183 2619 243 2664 et
275 2624 387 2664 non
408 2608 639 2679 ambigat
668 2609 985 2664 renuntiare
1015 2609 1268 2664 terrenis.

267 2700 394 2758 165.
412 2701 550 2768 Quid
572 2711 656 2756 est
679 2700 871 2771 igitur:
893 2699 1025 2756 Noli
1046 2717 1125 2755 me
1151 2710 1355 2774 tangere
1369 2699 1662 2772 (Joan.xx,
1681 2702 1798 2773 i7)?

189 2793 319 2850 Noli
353 2804 375 2833 ε
407 2808 622 2851 manum
651 2793 910 2849 adhibere
926 2793 1258 2863 majoribus:
1287 2793 1385 2849 sed
1411 2794 1546 2850 vade
1574 2794 1641 2850 ad
1691 2794 1801 2852 fra-

196 2898 311 2944 tres
341 2901 517 2954 meos,
542 2886 647 2943 hoc
673 2896 780 2952 est,
803 2886 869 2942 ad
902 2886 1271 2957 perfectiores.
1304 2887 1627 2959 Quicumque
1662 2890 1802 2944 enim

198 2982 380 3053 fecerit
397 2979 710 3035 voluntatem
739 2978 917 3035 Patris
930 2980 1028 3034 mei
1040 2982 1126 3050 qui
1139 2980 1193 3034 in
1209 2981 1348 3035 cwlis
1364 2981 1578 3052 est,ipse
1588 2980 1803 3055 1540

200 3090 343 3130 meus
370 3084 418 3129 et
447 3076 627 3144 frater,
654 3083 699 3128 et
713 3090 876 3139 soror,
911 3082 960 3128 et
1013 3081 1175 3128 mater
1201 3084 1277 3128 est
1303 3067 1521 3145 (Matth.
1552 3090 1650 3142 xu,
1680 3074 1799 3146 δυ).

198 3167 337 3236 Quia
367 3169 700 3224 resurrectio
720 3181 826 3222 non
855 3166 1017 3222 facile
1040 3166 1142 3220 nisi
1172 3182 1202 3219 a
1247 3167 1661 3237 perfectioribus
1680 3167 1800 3238 capi

1886 567 2020 621 enim
2049 568 2144 623 hoc
2171 573 2508 643 corruptibile
2535 576 2752 632 induere
2778 579 3218 650 incorruptionem
3242 626 3256 649 ,
3299 592 3349 638 et
3390 580 3490 639 hoc

1885 663 2108 717 mortale
2146 664 2365 721 induere
2392 668 2839 727 immortalitatem
2873 672 2950 745 (li
2995 671 3116 730 Cor.
3149 688 3239 743 xv,
3271 676 3397 749 53);
3428 687 3486 733 ut

1887 751 2202 812 incredulus
2226 758 2435 826 credat,
2465 770 2521 817 et
2542 773 2829 820 cunctator
2857 765 3113 824 dubitare
3140 782 3249 825 non
3280 768 3484 840 possit:

1889 843 2101 901 facilius
2130 849 2275 904 enim
2304 853 2583 910 credimus
2608 858 2753 928 quod
2783 858 3050 916 videmus.
3085 861 3281 919 Habuit
3306 872 3486 921 autem

1887 936 2193 995 admirandi
2217 952 2436 999 causam
2454 946 2842 1017 'l‘homas,cum
2858 952 3278 1012 videretelausis
3308 959 3489 1012 omni-

1888 1027 1992 1083 bus
2004 1030 2252 1099 perinvia
2275 1042 2784 1110 septacorporibns,
2799 1045 3069 1103 inotl‘ensa
3081 1062 3485 1122 compage,cor-

1892 1136 1992 1194 pus
2007 1129 2267 1183 insertum
2289 1146 2305 1195 ;
2322 1137 2378 1185 et
2391 1129 2513 1186 ideo
2526 1134 2723 1189 mirum
2736 1138 3010 1206 quomodo
3021 1153 3081 1195 se
3095 1148 3283 1196 natura
3297 1154 3487 1215 (τοι-ρο-

1891 1235 1981 1276 rea
1998 1235 2093 1289 per
2105 1221 2517 1291 impenetrabile
2536 1238 2738 1295 corpus
2755 1226 3302 1297 infuderit,invisibili
3315 1234 3486 1299 aditu,

1891 1313 2092 1369 visibili
2118 1324 2456 1385 conspectu:
2487 1317 2632 1388 tangi
2661 1318 2862 1389 facilis,
2894 1323 3133 1381 difﬁcilis
3163 1327 3450 1384 aestimari.

1966 1405 2092 1463 169.
2121 1405 2303 1481 (Vera.
2336 1408 2427 1476 ‘57,
2459 1408 2578 1483 59.)
2605 1410 2848 1484 Denique
2876 1417 3183 1473 conturbati
3236 1418 3488 1491 discipuli

1895 1500 2238 1557 astimabant
2276 1502 2610 1574 sespiritum
2664 1506 2883 1574 videre;
2924 1517 2978 1564 et
3027 1509 3149 1566 ideo
3189 1510 3487 1581 Dominus,

1900 1601 1923 1629 ο
1948 1602 2000 1645 ιιι
2020 1594 2259 1662 speciem
2281 1594 2438 1651 nobis
2451 1596 2870 1653 resurrectionis
2890 1599 3205 1657 ostenderet
3224 1601 3489 1674 :Palpate,

1896 1685 2147 1757 inquit,et
2170 1686 2483 1757 ridete,quia
2510 1689 2723 1760 spiritus
2736 1706 2943 1746 carnem
2971 1701 3020 1747 et
3045 1707 3166 1748 oua
3191 1709 3295 1748 non
3316 1695 3486 1762 habet,

1897 1783 2028 1838 sicut
2054 1795 2137 1835 me
2173 1780 2355 1835 videtis
2381 1780 2586 1836 habere.
2632 1780 2749 1836 Non
2773 1796 2906 1853 ergo
2953 1798 3053 1855 per
3106 1783 3489 1855 incorpoream

1824 1872 1874 1934 B
1903 1882 2173 1942 naturam,
2194 1873 2288 1929 sed
2313 1889 2412 1944 per
2434 1874 2850 1930 resurrectionis
2875 1890 3155 1946 corporea:
3171 1878 3494 1949 qualitatem

1895 1965 2156 2035 impervia
2191 1979 2312 2032 usu,
2336 1964 2516 2020 clausa
2548 1964 2866 2035 penetravit.
2893 1964 3028 2021 Nam
3062 1968 3207 2038 quod
3234 1971 3493 2040 tangitur,

1895 2073 2094 2129 corpus
2109 2068 2191 2113 est
2213 2076 2227 2112 :
2241 2056 2386 2128 quod
2400 2057 2668 2127 palpatur,
2691 2072 2891 2129 corpus
2903 2065 2988 2114 est
3024 2077 3040 2112 ι
3065 2060 3119 2115 in
3134 2074 3366 2132 corpore
3387 2076 3486 2116 au-

1897 2160 2005 2206 tem
2034 2164 2413 2222 resurgemus:
2436 2148 2732 2205 Seminatur
2744 2150 2879 2205 enim
2898 2165 3086 2221 corpus
3111 2151 3357 2220 aninmle,
3381 2168 3500 2207 eur-

1896 2246 1970 2317 git
2011 2260 2198 2315 corpus
2231 2244 2466 2316 spiritale
2483 2243 2529 2317 (Ι
2548 2242 2669 2299 Cor.
2691 2259 2782 2311 xv,
2796 2242 2929 2315 44);
2950 2244 3045 2302 sed
3072 2244 3206 2301 illud
3222 2245 3494 2311 subtilius,

1899 2336 2002 2392 hoc
2034 2338 2271 2393 crassius
2321 2345 2508 2408 utpote
2557 2335 2734 2392 adhuc
2783 2345 3014 2394 terrente
3060 2337 3197 2395 labis
3236 2339 3498 2411 qualitate

1896 2440 2230 2486 concretum.

1974 2521 2094 2578 ΠΟ.
2125 2521 2262 2578 Nam
2282 2521 2556 2593 quomodo
2584 2537 2691 2578 non
2720 2537 2941 2593 corpus,
2968 2524 3024 2580 in
3061 2538 3173 2596 quo
3210 2524 3503 2581 manebant

1900 2616 2129 2686 insignia
2160 2615 2698 2687 vulucrum,ve5tigia
2724 2616 3063 2680 cicatricum,
3092 2632 3214 2687 quae
3239 2617 3502 2673 Dominus

1903 2708 2170 2779 palpanda
2198 2707 2433 2763 obtulit?
2460 2708 2521 2764 in
2548 2724 2654 2779 quo
2676 2723 2783 2764 non
2804 2709 2983 2766 solum
3006 2708 3168 2766 ﬁdem
3182 2710 3379 2777 firmat,
3404 2711 3502 2767 sed

1902 2800 2066 2855 etiam
2096 2798 2446 2854 deVotionem
2473 2801 2660 2867 acuit;
2691 2800 2835 2868 quod
2866 2801 3088 2856 vulnera
3114 2811 3368 2872 suscepta
3404 2813 3505 2873 pro

1904 2890 2429 2948 nobisemloinferre
2465 2892 3115 2959 maluit,abolerenoluit;
3146 2904 3205 2948 ut
3233 2892 3503 2948 DeoPatri

1914 2996 2116 3041 nostra:
2143 2985 2313 3057 pretia
2336 2985 2608 3042 libertatis
2634 2987 2969 3043 ostenderet.
2986 2986 3174 3043 Talem
3201 2983 3305 3041 sibi
3342 2984 3505 3041 Pater

1904 3080 1971 3135 ad
2020 3078 2300 3135 dexteram
2347 3080 2531 3147 locat,
2583 3088 2788 3150 tropaea
2824 3088 3026 3135 nostra)
3056 3080 3247 3136 salutis
3297 3080 3505 3150 ample-

1905 3181 2110 3229 ctens:
2164 3172 2300 3229 tales
2356 3173 2465 3228 illic
2518 3183 2789 3244 martyres
2851 3171 3007 3227 nobis
3061 3171 3334 3229 cicatricis
3390 3186 3503 3227 suae

203 3268 402 3330 potest,
432 3257 829 3314 fundatinrihus
858 3258 1021 3328 hujus
1044 3257 1169 3313 ﬁdei
1228 3260 1586 3330 praerogativa
1614 3275 1801 3316 serva-
1829 3266 1875 3331 (ι
1905 3283 2107 3324 corona
2139 3267 2484 3323 monstrabit.

205 3365 292 3411 tur
316 3373 329 3409 :
360 3355 413 3409 Μ
423 3353 667 3410 ulieribus
692 3363 862 3408 autem
885 3353 1067 3409 docere
1090 3354 1144 3409 in
1197 3351 1432 3411 Ecclesia
1456 3371 1560 3411 non
1588 3357 1801 3425 permit-

207 3460 291 3517 to,
321 3449 459 3505 tlomi
507 3450 639 3504 viros
665 3466 786 3503 suos
816 3450 1132 3520 interrogent
1158 3449 1175 3521 (
1202 3449 1218 3503 l
1249 3447 1371 3504 Cor.
1409 3464 1526 3517 xlv,
1556 3449 1670 3521 55).
1716 3451 1800 3507 Ad

208 3560 301 3603 eos
320 3561 448 3616 ergo
500 3543 752 3610 mittitur,
801 3544 892 3617 qui
945 3543 1229 3600 domestici
1286 3556 1539 3602 sunt:et
1592 3547 1802 3618 accepit

208 3643 518 3713 praescripta
548 3639 797 3695 mandata
830 3639 880 3710 (Ι
903 3638 1041 3694 Tim.
1073 3655 1134 3705 ιι,
1170 3637 1281 3712 12).

281 3729 544 3787 l66.Nee
598 3730 731 3801 fugit
782 3732 887 3787 hoc
917 3731 1039 3787 loco
1070 3733 1310 3787 sensisse
1362 3730 1630 3801 quosdam
1678 3732 1801 3789 ideo

219 3821 485 3879 Christum
536 3822 776 3878 noluisse
816 3825 960 3894 tangi
987 3865 1001 3890 ,
1038 3824 1160 3893 quia
1187 3821 1429 3878 nondum
1458 3820 1484 3860 ἀ
1511 3837 1798 3895 receperat

216 3924 395 3991 typum
426 3933 585 3989 quem
611 3918 1087 3974 commendaverat
1112 3918 1273 3988 Patri,
1299 3920 1454 3991 quasi
1484 3921 1662 3977 adhuc
1681 3937 1807 3978 eum

219 4020 431 4082 tangere
454 4026 559 4066 non
588 4010 831 4067 deberet.

290 4102 409 4159 167.
441 4103 673 4158 Ascendo
695 4103 764 4157 ad
795 4101 1007 4158 Patrem
1028 4120 1216 4170 meum,
1241 4115 1288 4158 et
1320 4103 1532 4161 Patrem
1562 4117 1806 4174 vestrum,

222 4194 382 4250 Deum
401 4212 592 4260 meum,
622 4204 670 4250 et
699 4194 866 4250 Deum
890 4204 1115 4250 vestrum
1143 4194 1326 4267 (loan.
1379 4214 1471 4265 xx,
1506 4199 1618 4270 17).
1663 4199 1813 4257 Bene

225 4288 485 4357 distinxit,
537 4286 662 4360 quia
690 4286 902 4345 mulieri
953 4288 1313 4360 loquebatur;
1346 4305 1451 4347 non
1480 4292 1624 4348 enim
1658 4308 1811 4348 com-

229 4383 397 4439 munis
442 4383 596 4438 nobis
638 4393 828 4438 natura
879 4400 1002 4439 eum
1028 4382 1284 4454 Christo,
1337 4386 1440 4442 nisi
1488 4388 1815 4445 conditionis

231 4474 491 4531 humanae.
524 4473 604 4530 illi
649 4474 810 4531 Pater
838 4478 1191 4548 generatione
1212 4479 1452 4550 propria,
1476 4480 1635 4537 nobis
1679 4482 1815 4537 ado-

233 4571 405 4644 ptione
421 4568 720 4627 voluntaria
739 4589 752 4626 :
771 4571 843 4627 illi
869 4588 968 4644 per
987 4580 1256 4636 naturam,
1280 4574 1435 4630 nobis
1450 4590 1550 4646 per
1561 4576 1814 4647 gratiam:

232 4663 302 4719 illi
332 4663 470 4719 Deus
522 4663 724 4720 unitate
774 4664 1040 4737 mysterii,
1091 4664 1246 4722 nobis
1295 4675 1560 4737 potestate
1587 4670 1815 4725 caelesti.

299 4756 415 4813 168.
474 4757 612 4813 Dicit
656 4756 884 4829 aliquis:
936 4758 1222 4827 Quomodo
1252 4774 1383 4830 ergo
1425 4758 1662 4817 Thomas
1692 4779 1813 4817 cum

235 4849 397 4907 adhuc
412 4865 518 4906 non
535 4850 807 4918 crederet,
830 4852 1001 4923 tetigit
1017 4862 1195 4906 tamen
1211 4851 1486 4907 Christum
1501 4851 1666 4922 (Ibid.
1678 4854 1820 4927 ,27)?

240 4941 334 4999 Sed
364 4942 450 4999 ille
477 4958 583 4999 non
616 4943 684 5000 de
713 4943 1115 5000 resurrectione
1146 4941 1383 5012 Domini,
1420 4944 1513 5000 sed
1543 4942 1613 5000 de
1638 4960 1823 5002 resur-

241 5037 480 5093 rectionis
533 5037 752 5093 videtur
776 5034 1037 5109 qualitate
1067 5036 1391 5105 dubitasse;
1446 5046 1503 5094 et
1546 5047 1689 5095 tactu
1719 5054 1822 5096 suo

308 5232 332 5262 ι
366 5222 493 5280 Era.
523 5233 577 5280 et
605 5234 721 5296 seq.
755 5225 885 5280 edit.
914 5240 1036 5281 cum
1060 5239 1192 5280 mss.
1219 5222 1561 5296 quibusdam,
1591 5225 1820 5280 nondum

245 5297 440 5358 arbitra.
475 5296 639 5367 plenis
667 5294 839 5351 tamen
859 5297 1046 5351 nuncia
1060 5297 1203 5367 ﬁdei.
1224 5294 1418 5352 Melius
1441 5295 1662 5352 Amerb.
1692 5312 1818 5353 cum

247 5369 351 5423 aliis
372 5383 500 5422 mss.
534 5379 592 5422 ttt
619 5371 669 5423 in
696 5377 866 5433 textu,
898 5370 999 5424 nist
1024 5368 1168 5439 quod
1190 5368 1412 5424 Atnerb.
1441 5382 1652 5437 vocem,
1679 5369 1821 5424 arbi~

249 5450 338 5506 tra,
363 5451 626 5494 commate
654 5440 905 5496 distinxit
935 5455 962 5491 a
986 5441 1256 5511 sequenti.

316 5518 342 5558 δ
376 5519 574 5575 Omnes
600 5520 731 5575 edit.
756 5535 819 5575 ac
845 5535 979 5574 mss.
1006 5536 1111 5573 non
1144 5520 1319 5588 pauci,
1355 5518 1587 5591 Denique
1612 5518 1715 5591 ista
1739 5536 1830 5575 nec

253 5591 762 5663 adorat.Aliietiam
812 5591 966 5646 multi
998 5591 1261 5662 bonaaque
1317 5590 1548 5659 manus,
1602 5590 1833 5663 Denique

255 5673 375 5729 stat,
400 5679 501 5717 non
526 5661 733 5717 adorat.

323 5759 341 5785 ε
378 5745 539 5800 Corb.
568 5744 740 5811 solus,
766 5761 975 5799 manum
1003 5741 1245 5797 adhibere
1292 5742 1574 5799 minoribus
1598 5760 1617 5798 :
1654 5739 1741 5797 cui
1768 5740 1846 5797 le-

258 5818 407 5901 ctioni
435 5817 676 5873 maxime
708 5819 889 5872 favent
920 5817 1239 5886 sequentia,
1273 5815 1362 5870 sed
1386 5815 1704 5869 vade....ad
1733 5830 1851 5885 per-

332 5900 501 5944 “0188.

261 5893 529 6025 {863033;}.
560 5959 688 6043 duo,
719 5970 774 6019 et
794 5961 927 6024 edit.
948 5960 1076 6019 Era.
1101 5974 1163 6016 ac
1185 5958 1313 6027 Gill.
1346 5960 1401 6021 in
1422 5973 1591 6032 tnarg.
1621 5973 1720 6017 nec
1742 5973 1850 6017 non

1976 3361 2101 3417 171.
2143 3360 2210 3416 Et
2241 3361 2502 3431 quoniam
2524 3375 2709 3416 sermo
2749 3360 2857 3416 huc
2881 3374 3051 3431 usque
3081 3367 3268 3415 noster
3293 3358 3506 3426 evasit,

1902 3453 2316 3511 consideremus
2347 3468 2449 3524 qua
2479 3455 2658 3525 gratia
2688 3451 2988 3509 secundum
3033 3450 3299 3508 Joannem
3326 3450 3509 3508 credi.

1902 3548 2087 3605 derint
2109 3548 2363 3619 apostoli,
2397 3548 2487 3619 qui
2512 3547 2683 3620 gavisi
2704 3557 2829 3604 sunt
2859 3545 3042 3621 (Joan.
3083 3562 3157 3603 xx
3180 3588 3198 3616 ,
3255 3544 3388 3620 20):
3420 3560 3510 3603 sc-

1903 3642 2137 3699 cundum
2169 3639 2376 3715 1541
2404 3640 2606 3697 Lucam
2629 3643 2783 3712 quasi
2813 3638 3084 3696 increduli
3113 3639 3508 3709 redarguantur

1905 3736 2084 3812 (Vere.
2117 3736 2213 3807 25)
2251 3755 2265 3792 :
2298 3738 2370 3791 ibi
2399 3735 2657 3807 Spiritum
2681 3744 2926 3792 sanctum
2956 3736 3286 3805 acceperint,
3312 3732 3400 3789 hic
3428 3746 3519 3788 se-

1906 3832 2039 3885 dere
2082 3812 2137 3882 iii
2192 3829 2412 3883 civitate
2458 3826 3176 3900 jubeantur,quoadusque
3225 3826 3520 3882 induantur

1910 3925 2108 3980 virtute
2139 3939 2208 3978 ex
2235 3923 2346 3977 alto
2378 3921 2562 3996 (Verr.
2585 3922 2701 3994 49).
2735 3922 2802 3978 Ει
2825 3922 3036 3978 videtur
3062 3922 3195 3977 mihi
3221 3920 3314 3976 ille
3359 3920 3514 3990 quasi

1911 4016 2194 4089 apostolus
2217 4016 2424 4087 majora
2460 4027 2516 4070 et
2542 4017 2738 4071 altiora
2771 4015 3048 4085 tetigisse,
3078 4012 3169 4070 hic
3193 4012 3474 4084 sequentia
3501 4050 3517 4076 ,

1913 4117 1970 4163 et
1999 4108 2251 4163 humanis
2279 4107 2564 4179 proxima:
2594 4107 2680 4162 hic
2698 4105 2960 4161 historico
2977 4119 3103 4160 usus
3126 4105 3385 4170 circuitu,
3422 4102 3523 4159 ille

1915 4199 2237 4272 compendio
2264 4240 2280 4267 ,
2305 4199 2433 4272 quia
2454 4208 2509 4255 et
2533 4198 2603 4255 de
2634 4200 2731 4255 illo
2757 4198 2995 4255 dubitari
3024 4213 3134 4253 non
3166 4206 3382 4268 potest,
3423 4197 3519 4268 qui

1920 4293 2289 4350 testimonium
2343 4290 2591 4365 perhibet
2639 4291 2708 4347 de
2739 4290 2825 4347 bis
2871 4290 3068 4363 quibus
3110 4289 3230 4361 ipse
3277 4288 3524 4346 interfuit

1920 4386 2098 4462 (Joan.
2154 4402 2270 4453 xtx,
2318 4383 2435 4460 55),
2459 4394 2514 4442 et
2533 4400 2721 4441 verum
2746 4393 2832 4440 est
2857 4383 3228 4440 testimonium
3256 4381 3394 4453 ejus.
3430 4381 3516 4439 Ab

1920 4479 2025 4536 hoc
2051 4494 2290 4551 quoque,
2317 4480 2407 4551 qui
2432 4477 2772 4551 evangelista
2803 4492 2928 4534 esse
2957 4476 3190 4544 meruit,
3232 4476 3321 4532 vel
3348 4475 3518 4547 negli-

1919 4575 2155 4645 gentiae,
2208 4575 2298 4629 vel
2345 4572 2613 4628 mendacii
2640 4571 3007 4642 suspicionem
3039 4584 3255 4641 aequum
3283 4577 3369 4624 est
3396 4583 3523 4640 pro-

1846 4663 1898 4724 D
1925 4667 2148 4741 pulsari.
2181 4667 2250 4723 Et
2277 4666 2398 4722 ideo
2417 4682 2606 4722 verum
2629 4676 2920 4736 utrumque
2951 4671 3232 4735 putamus,
3261 4677 3370 4719 non
3392 4677 3519 4719 seu-

1926 4760 2212 4815 tentiarum
2270 4760 2552 4821 varietate.
2582 4773 2705 4828 ,nec
2779 4771 3134 4828 personarum
3201 4754 3522 4811 diversitate

1926 4854 2263 4909 distinctum.
2295 4853 2429 4909 Nam
2459 4854 2561 4910 etsi
2590 4855 2641 4909 in
2674 4853 2852 4925 primo
2872 4853 3049 4909 Lucas
3090 4868 3187 4908 eos
3213 4868 3323 4908 nou
3350 4852 3527 4908 credi-

1928 4945 2076 5001 disse
2104 4945 2272 5014 dicat,
2307 4953 2495 5016 postea
2525 4955 2702 5002 tamen
2724 4945 3028 5002 credidisse
3051 4944 3430 5001 demonstrat:
3466 4954 3524 5002 et

1929 5038 1975 5095 si
1999 5039 2170 5109 prima
2190 5040 2619 5111 consideremus,
2646 5041 2918 5098 contraria
2945 5048 3097 5096 sunt:
3125 5042 3171 5097 si
3197 5041 3481 5114 sequentia
3511 5083 3525 5108 ,

1931 5232 2086 5288 Rom.
2114 5233 2166 5288 in
2192 5248 2443 5306 corpore,
2471 5242 2732 5301 receperat
2759 5227 3139 5306 spiritum.Alii
3168 5243 3300 5306 mss.
3326 5242 3389 5306 ac
3414 5237 3524 5306 vel.

1932 5250 2086 5288 unm.
2114 5250 2166 5288 m
2192 5250 2443 5306 corpore,
2471 5250 2732 5301 receperat
2758 5250 3016 5358 fratrum.
3033 5250 3139 5286 Alll
3168 5250 3300 5285 mss.
3326 5250 3389 5284 ac
3415 5250 3524 5307 vet.

1932 5306 2091 5379 edit.,
2120 5316 2383 5375 receperat
2404 5317 2581 5379 typum
2603 5322 2622 5360 :
2648 5320 2787 5379 quo_
2822 5305 2920 5358 etsi
2951 5302 3109 5379 paulo
3139 5301 3422 5379 obscurius
3449 5315 3529 5379 γιτ

1933 5375 2146 5444 deatur,
2174 5370 2352 5447 potest
2395 5370 2571 5432 tamen
2623 5370 2726 5447 non
2777 5370 3453 5447 incommodeexplicari,
3484 5370 3531 5425 si

1937 5441 2187 5522 dicamus
2216 5466 2311 5518 per
2342 5459 2546 5522 typum,
2578 5464 2674 5522 seu
2702 5445 2949 5507 formam.
2977 5442 3207 5522 intelligi
3234 5441 3530 5522 perfectam

1940 5509 2295 5576 humanitatis
2333 5509 2999 5593 gii'it-iﬁcatiottem,quam
3019 5509 3270 5570 Christus
3299 5525 3408 5567 tum
3441 5509 3539 5593 de-

1945 5608 2091 5647 mum
2121 5583 2363 5663 recepit:
2414 5609 2537 5648 cum
2586 5590 2651 5646 ad
2694 5583 2877 5646 Patris
2930 5587 3210 5642 dexteram
3257 5583 3538 5638 ascendit:

1957 5665 2267 5735 priusquam
2297 5679 2426 5735 vero
2451 5664 2592 5719 illam
2617 5663 2905 5735 reciperet,
2935 5674 3059 5735 eum
3092 5670 3312 5735 tangere
3335 5668 3540 5734 nequa-

1955 5728 2319 5808 quam'potuit
2362 5734 2673 5808 Magdalena
2696 5751 2711 5800 ;
2734 5728 2846 5808 hoc
2871 5728 3246 5808 est,_Ecplesra
3275 5728 3538 5796 gentium,

1954 5800 2075 5881 qua:
2103 5800 2161 5881 in
2174 5824 2255 5881 ea
2282 5800 2512 5863 muliere
2538 5804 2847 5881 designabat
2860 5818 2921 5881 nr
2941 5842 2956 5867 ,
2981 5801 3042 5881 ‘in
3085 5800 3258 5870 ipsum
3291 5811 3396 5881 non
3419 5812 3542 5851 erc-

1957 5867 2111 5938 didit.
2145 5879 2279 5937 Vide
2303 5867 2720 5953 August.Ttac't.
2747 5874 2845 5953 iii
2894 5874 2946 5953 in
2971 5867 3128 5927 .loan'.
3163 5886 3310 5925 lllllll.
3343 5867 3395 5923 5.

2032 5962 2055 5991 ι’
2094 5953 2223 6011 Mss.
2252 5946 2480 6027 aliqu'ot,
2502 5963 2556 6007 ut
2582 5950 2799 6023 speciem
2827 5946 2992 6016 bonis,
3020 5953 3126 6002 etc.
