4040 6532
551 345 686 402 1347

1892 341 2139 399 SANCTl
2177 341 2504 399 AMBROSII

3729 342 3856 398 i818

546 472 759 518 certum
789 473 877 520 est
922 463 1232 519 convenire.
1271 463 1390 534 Ipsa
1444 462 1604 534 igitur
1633 460 1929 532 Scriptura:
1974 461 2138 517 verba
2170 460 2226 523 Α
2251 459 2411 518 Videt
2450 476 2572 518 eum
2620 462 2800 529 solus,
2842 460 2994 517 videt
3037 474 3160 518 cum
3203 460 3495 529 undecim,
3548 458 3704 516 videt
3743 474 3852 516 cum

547 555 986 612 consideremus.

618 649 746 705 172.
779 647 981 722 (Vers.
1015 647 1253 720 55-57.)
1291 648 1384 705 Sic
1429 651 1507 704 ait
1548 649 1788 705 Joannes
1821 667 1834 706 :
1875 646 1944 704 Et
1985 648 2150 722 gavisi

545 752 667 799 sunt
702 743 976 814 discipuli,
1016 743 1123 798 viso
1158 741 1406 797 Domino.
1441 744 1582 799 Dicit
1613 758 1743 815 ergo
1775 743 1859 800 his
1907 743 2102 800 iterum
2131 760 2144 799 :

542 837 661 894 Pax
685 838 854 902 vobis,
887 839 1020 891 sicut
1047 838 1188 890 misit
1227 853 1306 892 me
1338 836 1530 905 Pater,
1565 846 1613 892 et
1638 854 1733 910 ego
1760 839 1906 892 mitto
1934 854 2044 893 vos.
2077 837 2145 892 Et

545 948 661 986 cum
693 932 788 985 hoc
817 931 1052 997 dixisset,
1083 930 1368 1002 insufﬂauit
1395 931 1477 985 his
1499 939 1546 986 et
1566 932 1740 985 dixit:
1771 930 1998 1004 Accipite
2024 930 2150 1001 Spi-

542 1027 699 1081 ritum
721 1034 982 1091 sanctum;
997 1042 1217 1095 quorum
1239 1028 1542 1082 remiseritis
1563 1037 1794 1097 peccata,
1817 1029 2150 1082 remittuntur

543 1122 646 1187 his;
667 1131 716 1176 et
741 1137 960 1193 quorum
989 1122 1328 1190 retinueritis,
1355 1131 1556 1177 retenta
1581 1133 1700 1178 sunt
1723 1121 1903 1194 (Joan.
1929 1138 2020 1188 xx,
2051 1121 2148 1189 20,

540 1223 586 1269 et
613 1212 767 1286 seq.).
794 1213 969 1269 Lucas
997 1225 1178 1270 autem
1209 1214 1342 1269 dicit
1366 1233 1378 1268 :
1412 1213 1480 1268 Et
1517 1215 1774 1286 quomodo
1803 1223 2149 1286 cognoverunt

539 1323 656 1360 eum
697 1307 751 1361 in
779 1307 1035 1378 fractione
1065 1307 1235 1377 panis.
1291 1306 1428 1362 Dum
1472 1318 1646 1362 autem
1690 1309 1800 1363 Iure
1846 1309 2145 1377 loquuntur,

536 1400 648 1472 ipse
671 1402 808 1455 stetit
836 1401 890 1455 in
918 1401 1089 1455 medio
1112 1416 1313 1466 eorum,
1341 1411 1388 1456 et
1412 1402 1536 1456 dicit
1559 1403 1634 1456 eis
1657 1417 1676 1456 :
1702 1400 1820 1456 Pax
1845 1400 1987 1456 vobis
2007 1443 2021 1469 ,
2056 1417 2148 1472 ego

541 1512 678 1559 smn,
721 1495 881 1549 nolite
917 1497 1116 1550 timere.
1151 1494 1456 1550 Conturbati
1484 1512 1599 1550 vero
1627 1504 1675 1550 et
1703 1495 1969 1550 conterriti
2010 1495 2150 1549 testi-

539 1587 749 1641 mabant
781 1605 836 1642 se
861 1588 1107 1659 spiritum
1135 1587 1328 1643 videre.
1356 1587 1427 1644 Et
1455 1597 1678 1660 possent
1709 1587 1879 1642 videri
1909 1586 1998 1642 hic.
2030 1586 2151 1658 plu-

543 1694 636 1736 res
674 1680 878 1735 iuisse:
914 1681 1008 1736 sed
1039 1680 1164 1751 quia
1204 1690 1260 1736 et
1300 1680 1388 1736 hic
1431 1697 1557 1736 sero
1597 1680 2019 1736 resurrectionis
2059 1680 2149 1736 die

543 1774 692 1845 (nam
723 1773 1214 1844 advesperascente
1239 1774 1350 1845 jam
1379 1774 1469 1830 die
1493 1783 1520 1811 ει
1551 1775 1639 1845 qui
1671 1773 1886 1829 fuerant
1916 1773 2147 1845 ingressi

2251 554 2596 626 septuaginta
2618 596 2632 622 ,
2664 554 2813 610 videt
2838 563 2893 610 et
2918 555 3136 625 quando
3161 553 3406 611 Thomas
3429 554 3696 621 credidit,
3720 553 3854 612 videt

2249 662 2372 704 eum
2418 649 2761 720 piscaretur:
2796 647 2893 704 sed
2924 663 3033 703 non
3080 647 3285 705 vidisse
3324 658 3659 715 contentus,
3694 647 3856 719 impa-

2251 743 2393 798 tiens
2421 741 2682 799 desiderii
2706 785 2720 811 ,
2753 744 3032 815 negligens
3058 745 3360 815 captionis,
3394 745 3696 800 immemor
3723 745 3855 813 peri—

2248 836 2378 904 culi,
2405 852 2511 892 non
2536 845 2716 892 tamen
2741 837 3030 893 immemor
3054 839 3413 905 reverentim;
3443 837 3533 893 ubi
3568 837 3852 893 Dominum

2249 928 2385 985 vidit
2424 929 2478 984 in
2521 929 2737 997 littore,
2789 938 2937 986 veste
2967 945 3026 985 se
3058 930 3232 998 texit,
3267 945 3450 986 serum
3485 931 3775 985 arstimans
3813 930 3853 985 si

2249 1039 2372 1081 cum
2418 1026 2634 1080 caeteris
2679 1025 2897 1095 navigio
2939 1025 3268 1095 perveniret.
3317 1024 3410 1081 Sic
3439 1039 3566 1080 cum
3616 1023 3672 1078 in
3706 1024 3856 1080 undis

2251 1118 2511 1174 Dominus
2542 1119 2876 1186 ambularet,
2909 1135 3075 1191 super
3101 1119 3276 1175 undas
3303 1120 3472 1175 maris
3504 1129 3721 1174 naturm
3751 1135 3855 1175 sua:

2249 1212 2452 1268 oblitus
2477 1213 2720 1269 occurrit
2752 1213 2772 1286 (
2797 1213 2989 1270 Matth.
3021 1230 3132 1281 xw,
3161 1213 3266 1280 28)
3292 1231 3308 1269 ι
3333 1215 3413 1269 sic
3441 1229 3571 1269 cum
3597 1228 3628 1267 a
3656 1211 3854 1268 Judreis

2249 1306 2510 1361 Dominus
2540 1314 2850 1374 teneretur,
2881 1307 3169 1363 adversum
3211 1307 3400 1364 turbas
3441 1306 3688 1380 gladium
3717 1307 3854 1362 solus

2247 1401 2462 1455 exeruit
2495 1398 2712 1473 (Matth.
2738 1416 2887 1466 xxvr,
2915 1400 3005 1472 51)
3032 1418 3046 1456 :
3076 1401 3155 1456 sic
3185 1408 3240 1456 et
3269 1415 3416 1455 nunc
3443 1414 3572 1456 cum
3599 1399 3853 1454 Dominus

2249 1493 2492 1549 stetisset
2519 1494 2570 1548 iu
2600 1494 2786 1548 littore
2819 1494 3152 1564 periculoso,
3175 1492 3506 1564 compendio
3538 1491 3850 1563 religiosqu

2249 1587 2539 1642 maturavit
2561 1587 2878 1658 obsequium
2910 1585 3094 1660 (Joan.
3123 1603 3238 1654 xxx,
3267 1586 3348 1657 4).

2323 1680 2452 1734 175.
2493 1679 2609 1734 Νοη
2637 1687 2723 1735 est
2744 1679 2907 1751 igitur
2934 1678 3156 1735 dubium
3189 1679 3497 1736 credidisse
3522 1677 3777 1745 Petrum,
3806 1690 3853 1734 et

2249 1772 2550 1829 credidisse
2581 1774 2705 1844 quia
2727 1773 2939 1841 dilexit,
2971 1772 3230 1830 dilexisse
3257 1773 3381 1844 quia
3414 1772 3678 1829 credidit.
3706 1772 3850 1830 Unde

545 1885 766 1926 manere
795 1885 919 1926 cum
951 1870 1211 1936 Domino,
1248 1870 1337 1925 ubi
1377 1870 1471 1926 ille
1501 1884 1561 1924 se
1595 1878 1819 1938 repente
1859 1867 2146 1937 subduxit,
2178 1867 2226 1928 B
2253 1877 2308 1923 et
2338 1868 2696 1923 contristatur
2722 1869 2848 1939 quia
2878 1876 2930 1922 et
2961 1870 3122 1924 tertio
3150 1868 3564 1940 interrogatur:
3601 1868 3764 1922 Amas
3785 1885 3851 1920 me

543 1963 736 2021 eadem
761 1964 892 2019 hora
915 1964 981 2019 ad
999 1964 1299 2034 discipulos
1323 1964 1374 2018 lii
1399 1963 1506 2019 duo
1528 1978 1804 2019 remeasse
1823 1961 2148 2033 produntur,

544 2057 765 2129 quando
788 2058 1051 2112 Dominus
1078 2057 1407 2129 palpaudum
1427 2071 1487 2113 se
1516 2055 1738 2126 obtulit)
1767 2065 1821 2112 et
1850 2055 2149 2111 secundum

542 2152 810 2209 Joannem
851 2168 976 2208 sero
1017 2152 1107 2208 die
1146 2153 1272 2221 illa,
1321 2167 1428 2207 una
1480 2152 1829 2207 sabbatorum
1878 2151 2152 2206 inducitur

545 2247 868 2316 apparuisse
893 2247 1178 2318 discipulis
1197 2290 1210 2313 ,
1239 2256 1296 2303 et
1325 2248 1551 2303 vulnera
1588 2247 1855 2301 obtulisse
1885 2247 2149 2318 palpauda

544 2340 726 2413 (Joan.
761 2359 854 2407 xx,
891 2341 1016 2412 19);
1045 2357 1118 2398 ne
1144 2342 1274 2414 quid
1301 2339 1669 2413 ambiguitatis
1701 2338 1921 2397 aﬁ‘erret
1944 2383 1957 2407 ,
1992 2348 2150 2411 puta-

549 2432 728 2488 vimus
753 2433 1070 2504 diligentius
1095 2434 1506 2507 requirendum.

619 2531 745 2585 175.
787 2529 1016 2587 Videtur
1051 2531 1199 2586 enim
1227 2530 1519 2601 separatim
1548 2545 1608 2586 se
1640 2530 1759 2586 istis
1783 2529 2033 2586 undecim
2059 2529 2154 2584 de-

548 2634 908 2693 monstrasse,
941 2623 1084 2679 sicut
1109 2639 1169 2680 se
1190 2623 1216 2662 δ
1237 2623 1529 2681 Ammaoui
1555 2635 1609 2680 et
1626 2624 1881 2694 Cleophae
1905 2638 2152 2679 seorsum

542 2719 654 2789 jam
685 2733 916 2788 vespere
941 2717 1461 2774 demonstraverat:
1490 2727 1544 2774 et
1571 2717 2029 2790 quemadmodum
2063 2718 2152 2774 isti

545 2810 676 2877 duo,
703 2811 775 2866 ita
801 2811 967 2865 etiam
990 2810 1248 2867 videntur
1270 2810 1345 2866 illi
1378 2811 1632 2868 undecim
1653 2811 1718 2866 ad
1747 2812 2153 2868 conﬁrmandos

541 2904 788 2975 reliquos
817 2904 1112 2960 convenire
1157 2905 1422 2974 potuisse.
1475 2904 1716 2976 Denique
1748 2913 1803 2960 et
1839 2905 2154 2960 eouturhati

545 3007 694 3066 sunt,
729 3006 787 3054 ut
808 2997 978 3054 habes
1005 2998 1302 3054 secundum
1331 2997 1568 3064 Lucam;
1595 3008 1651 3054 et
1680 2999 1805 3056 ideo
1826 2999 2045 3070 aperuit
2074 3000 2154 3056 eis

545 3105 767 3147 sensum
790 3131 805 3155 ,
846 3099 904 3146 ut
933 3092 1307 3162 intelligerent
1335 3107 1400 3147 ea
1427 3107 1550 3162 quae
1580 3092 1780 3162 scripta
1810 3101 1955 3148 sunt.
1997 3093 2154 3148 Hunc

545 3194 729 3239 autem
769 3184 961 3249 latius,
1009 3184 1165 3240 illum
1207 3185 1538 3240 succinctius
1577 3185 1864 3256 scripsisse
1908 3201 2016 3243 non
2056 3186 2156 3241 du-

2257 1961 2445 2034 (Ibid.,
2489 1960 2612 2033 l7)?
2639 1960 2686 2017 ls
2713 1962 2858 2017 enim
2885 1962 3279 2033 interrtgatur,
3312 1962 3380 2016 de
3409 1977 3520 2033 quo
3549 1961 3850 2018 dubitatur;

2252 2055 2348 2110 sed
2391 2055 2655 2109 Dominus
2691 2071 2798 2109 non
2829 2054 3073 2122 dubitat,
3117 2056 3205 2126 qui
3255 2056 3594 2126 interrogat,
3651 2069 3762 2108 non
3805 2064 3853 2108 ut

2253 2148 2525 2214 disceret,
2563 2146 2659 2203 sed
2687 2156 2745 2202 ut
2776 2147 3001 2203 doceret
3029 2162 3189 2217 quem
3223 2147 3524 2202 eievandus
3552 2147 3608 2200 in
3640 2146 3850 2208 emtum,

2251 2241 2455 2297 amoris
2497 2240 2579 2295 sui
2631 2240 2789 2296 nobis
2833 2239 2983 2294 velut
3030 2239 3296 2294 vicarium
3348 2237 3726 2307 relinquebat.
3777 2237 3850 2292 Sic

2254 2335 2398 2390 enim
2448 2334 2662 2391 habes:
2701 2334 2886 2389 Simon
2921 2332 3164 2401 Joannis,
3189 2333 3366 2404 diligis
3410 2333 3540 2388 me?
3575 2331 3770 2404 Utique
3810 2343 3850 2386 ta

2253 2428 2376 2492 scis,
2399 2425 2642 2492 Domine,
2661 2427 2780 2498 quia
2803 2442 2919 2481 amo
2942 2435 3008 2480 te.
3037 2425 3178 2480 Dicit
3209 2427 3255 2481 ei
3278 2425 3432 2481 Jesus
3460 2443 3479 2481 :
3509 2424 3682 2481 Pasce
3707 2443 3850 2499 agnos

2254 2536 2394 2574 meos
2436 2518 2628 2594 (lbid.,
2661 2519 2784 2592 16).
2818 2521 2965 2576 Bene
2994 2522 3249 2578 conscius
3277 2522 3359 2576 sui
3389 2537 3498 2576 non
3541 2521 3612 2576 ad
3655 2531 3852 2591 tempus

2254 2620 2631 2682 assumptum,
2671 2611 2766 2667 sed
2810 2611 3132 2681 jamdudum
3182 2613 3294 2668 Deo
3338 2614 3619 2684 cognitum
3669 2613 3851 2669 Petrus

2257 2704 2582 2760 testiﬁcatur
2611 2703 2888 2760 allectum.
2922 2705 3052 2774 Quis
3085 2715 3169 2761 est
3209 2707 3355 2761 enim
3386 2706 3560 2772 alius,
3591 2706 3689 2777 qui
3715 2707 3781 2762 de
3806 2722 3851 2763 se

2256 2798 2359 2856 hoc
2387 2799 2546 2856 facile
2579 2799 2823 2871 proﬁteri
2858 2801 3070 2870 possit?
3116 2799 3184 2855 Et
3211 2800 3333 2856 ideo
3363 2801 3490 2871 quia
3521 2802 3676 2856 solus
3708 2801 3852 2872 proli-

2258 2902 2402 2949 tetur
2429 2909 2498 2950 ex
2526 2893 2781 2949 omnibus
2801 2935 2815 2958 ,
2847 2892 3103 2949 oumibus
3133 2893 3465 2954 antefertur:
3495 2909 3567 2948 ma
3582 2893 3674 2964 jor
3720 2893 3849 2951 enim

2258 2987 2511 3045 omnibus
2560 2987 2826 3068 eharitgs.

2331 3080 2454 3137 176.
2498 3080 2631 3136 Illud
2657 3095 2875 3151 quoque
2903 3080 3221 3152 diligentius
3243 3080 3592 3150 intuendum,
3617 3097 3719 3138 cur
3741 3097 3849 3137 cum

2258 3174 2521 3230 Dominus
2559 3175 2760 3230 dixerit
2792 3193 2803 3228 :
2843 3175 3035 3245 Diligis
3065 3175 3183 3229 me?
3224 3175 3318 3230 ille
3357 3175 3715 3246 responderit
3744 3193 3758 3229 :
3787 3175 3848 3230 1’s

546 3276 696 3332 bium
721 3285 824 3332 est.
853 3277 1140 3344 Quomodo
1161 3279 1304 3333 enim
1334 3278 1434 3333 soli
1457 3275 1658 3349 Cephze
1685 3280 1858 3334 visum
1881 3279 2148 3342 dicerent,

2256 3268 2385 3335 scis,
2414 3266 2667 3333 Domine,
2700 3268 2824 3338 quia
2853 3285 2972 3323 anno
3000 3278 3065 3322 te.
3099 3267 3160 3323 In
3186 3283 3296 3339 quo
3326 3269 3545 3324 videtur
3575 3267 3710 3324 mihi
3732 3269 3849 3324 dileo

546 3372 594 3426 si
627 3372 696 3426 ab
738 3373 991 3428 munibus
1031 3382 1150 3428 erat
1180 3373 1366 3429 visus?
1405 3372 1514 3429 Sed
1559 3377 1700 3429 sicut
1737 3362 1802 3430 éx
1832 3375 2154 3432 mulieribus

544 3463 765 3532 Maria,
794 3475 850 3521 et
889 3465 980 3520 alii
1014 3466 1195 3522 Maria:
1234 3467 1597 3536 Magdalenae;
1633 3466 1702 3521 ita
1735 3483 1800 3524 ex
1832 3469 1963 3524 viris
1993 3470 2155 3526 Petro

546 3557 700 3612 visus
735 3567 820 3611 est
865 3556 1042 3626 primo
1084 3572 1263 3614 mane.
1309 3557 1372 3612 Et
1421 3558 1616 3614 Paulus
1655 3560 1736 3616 sic
1780 3561 1891 3616 ait:
1936 3561 2155 3617 Tradidi

548 3651 685 3706 enim
715 3649 856 3704 vobis
883 3650 1138 3721 imprimis
1160 3693 1174 3717 ,
1203 3652 1328 3720 quia
1358 3649 1592 3707 Christus
1623 3662 1854 3708 mortuus
1875 3663 1951 3708 est
1975 3672 2156 3710 secun-

550 3744 676 3798 dum
699 3743 1026 3817 Scripturas,
1056 3755 1102 3800 et
1131 3745 1250 3815 quia
1269 3746 1502 3814 sepultus
1524 3757 1620 3814 est,
1653 3755 1702 3801 et
1730 3748 1851 3817 quia
1876 3750 2156 3804 resurrexit

549 3838 702 3893 tertia
747 3837 832 3892 die
874 3839 1156 3893 secundum
1203 3837 1544 3907 Scripturas,
1591 3850 1640 3894 et
1678 3841 1817 3896 visus
1857 3851 1931 3896 est
1967 3841 2156 3912 Ccpha:

547 3930 592 4002 (l
621 3928 744 3986 Cor.
774 3947 864 3998 xv,
894 3931 929 3986 5
951 3940 998 3986 et
1018 3929 1173 4003 seq.).
1199 3931 1270 3986 Et
1290 3930 1413 3987 ideo
1437 3931 1648 3988 Marcus
1662 3934 1973 4004 specialiter
1996 3935 2154 3990 indu-

545 4027 622 4082 cit
657 4027 913 4096 juvenem
942 4025 1290 4082 mandantem
1335 4034 1392 4080 ut
1421 4025 1580 4082 Petro
1608 4035 1662 4082 et
1688 4026 1971 4098 discipulis
2002 4028 2152 4084 dice-

546 4129 671 4176 rent
689 4120 1100 4190 mulieres,quia
1116 4120 1352 4176 surrexit
1375 4120 1655 4190 Dominns(
1669 4119 1994 4186 Marc.xvt,5
2012 4130 2056 4175 et
2073 4121 2152 4194 7).

626 4213 836 4287 1542
887 4213 1012 4268 174.
1066 4214 1260 4270 Petrus
1306 4229 1435 4286 ergo
1477 4213 1614 4269 vidit
1653 4215 1802 4270 solus
1828 4215 2149 4282 Dominum;

547 4306 766 4362 devotio
795 4307 940 4362 enim
973 4316 1158 4376 parata
1181 4321 1405 4376 semper
1425 4316 1480 4362 et
1506 4317 1754 4378 prompta
1785 4309 2065 4374 credebat,
2099 4319 2156 4366 et

546 4399 670 4454 ideo
693 4399 945 4455 studebat
973 4399 1343 4470 frequentiora
1371 4399 1496 4454 ﬁdei
1523 4400 1677 4470 signa
1704 4386 1984 4471 colligere.
2009 4402 2153 4459 Alibi

544 4507 668 4549 cum
702 4492 931 4560 Joanne,
963 4491 1092 4547 alibi
1122 4493 1297 4558 solus,
1331 4492 1529 4562 ubique
1557 4502 1737 4548 tamen
1769 4493 2002 4564 impiger
2029 4510 2155 4551 cur-

543 4587 652 4653 rit,
686 4587 885 4656 ubique
934 4594 1030 4640 aut
1075 4586 1262 4653 solus,
1305 4594 1397 4640 aut
1445 4585 1686 4655 primus:
1724 4601 1830 4641 non
1862 4595 2152 4643 contentus

2257 3363 2368 3419 ctio
2396 3363 2596 3418 habere
2619 3363 2782 3418 animi
2807 3364 3151 3429 charitatem,
3176 3379 3331 3419 amor
3351 3364 3646 3434 quemdam
3673 3375 3845 3420 aestum

2258 3469 2580 3530 conceptum
2626 3459 2874 3529 corporis
2913 3475 2978 3515 ac
3019 3459 3216 3515 mentis
3259 3459 3488 3528 ardore,
3540 3468 3598 3515 et
3646 3460 3842 3515 Petrum

2257 3557 2450 3626 opinor
2501 3568 2611 3609 non
2659 3554 2835 3609 solum
2887 3554 3092 3621 animi,
3121 3556 3215 3610 sed
3255 3555 3417 3610 etiam
3473 3555 3732 3625 corporis
3775 3555 3844 3609 sui

2259 3650 2404 3705 circa
2429 3649 2522 3703 Dei
2545 3647 2751 3703 cultura
2783 3647 3002 3719 signare
3029 3647 3391 3718 ﬂagrantiam.
3421 3648 3672 3719 Denique
3697 3649 3842 3704 tertio

2260 3746 2522 3802 Dominus
2549 3761 2656 3800 non
2679 3745 2815 3816 jam,
2844 3744 3035 3817 Diligis
3061 3745 3180 3802 me?
3207 3745 3323 3811 sed,
3355 3746 3516 3801 Amas
3557 3748 3669 3802 me?
3694 3749 3844 3803 inter-

2259 3837 2468 3910 rogavit
2505 3838 2689 3911 (Joan.
2714 3855 2829 3905 XXI,
2855 3839 2975 3909 i7):
3011 3849 3065 3896 et
3090 3839 3200 3910 jam
3225 3855 3331 3894 non
3363 3855 3554 3911 agnos,
3578 3853 3639 3896 ut
3669 3843 3840 3912 primo,

2257 3931 2490 4004 quodam
2531 3930 2671 3988 lacte
2717 3931 3018 3986 vescendos
3041 3973 3056 3999 ,
3110 3947 3210 3986 nec
3239 3932 3480 3988 oviculas
3503 3943 3564 3989 ut
3593 3933 3838 3998 secundo,

2257 4027 2352 4082 sed
2377 4039 2506 4082 oves
2547 4041 2771 4098 pascere
2806 4026 3028 4097 jubclul‘
3052 4071 3066 4094 ,
3102 4026 3459 4098 perfectiores
3483 4037 3545 4084 ut
3564 4028 3841 4100 perfectior

2258 4120 2612 4191 gubernaret.

2331 4219 2456 4275 177.
2497 4219 2563 4274 Ει
2609 4218 2734 4275 ideo
2789 4219 2942 4291 quasi
2994 4219 3238 4291 perfecto
3271 4221 3325 4276 in
3350 4221 3648 4289 omnibus,
3700 4238 3841 4294 quem

2255 4328 2387 4369 caro
2407 4314 2519 4383 jam
2562 4327 2824 4369 revocare
2871 4329 2981 4368 non
3025 4325 3208 4385 posset
3258 4330 3286 4368 a
3334 4315 3509 4386 gloria
3551 4317 3840 4386 passionis,

2256 4423 2460 4463 corona
2486 4408 2799 4464 decernitur
2823 4407 2982 4464 :Cum
3008 4425 3162 4476 esses,
3192 4409 3386 4480 inquit,
3402 4410 3840 4484 junior,cingcbas

2257 4512 2323 4568 te.
2353 4512 2400 4558 et
2430 4503 2728 4558 ambulabas
2757 4503 2844 4558 ubi
2865 4503 3107 4558 volebas:
3131 4520 3247 4557 cum
3267 4512 3439 4558 autem
3466 4505 3700 4560 seuueris
3724 4547 3740 4572 ,
3766 4521 3841 4558 es-

2257 4599 2432 4652 teudes
2471 4614 2657 4651 manus
2707 4607 2858 4665 tuas,
2913 4607 2961 4652 et
3000 4597 3138 4652 alius
3189 4607 3237 4653 te
3279 4599 3593 4671 prtecinget,
3621 4607 3670 4653 et
3712 4598 3843 4652 ducet

541 4678 749 4736 vidisse
778 4695 900 4750 qua:
930 4678 1178 4746 viderat,
1219 4679 1422 4750 repetit
1465 4678 1750 4743 intuenda,
1783 4688 1836 4736 et
1870 4682 2153 4752 qumrcndi
2181 4666 2232 4726 D
2258 4709 2357 4765 quo
2399 4703 2454 4747 ιιι
2478 4709 2581 4746 non
2609 4694 2684 4746 vis
2713 4691 2891 4762 (Ibid.
2916 4735 2932 4759 ,
2963 4692 3075 4762 18).
3105 4692 3250 4748 Bona
3285 4666 3562 4760 senectus,
3596 4708 3704 4749 non
3731 4694 3840 4748 vitae

548 4773 765 4829 Domini
814 4788 1002 4830 amore
1060 4789 1388 4842 succensus,
1451 4790 1558 4830 non
1608 4776 1840 4832 satiatur
1894 4778 2144 4836 videndo.

549 4898 645 5016 Dn
676 4890 831 4972 item.
866 4889 1022 4957 edit.,
1053 4891 1138 4960 qui
1166 4893 1373 4961 fuerant
1413 4891 1632 4964 ingressi
1660 4895 1714 4949 in
1743 4897 2145 4952 castellumcum

605 4977 794 5015 ommo.

605 4977 794 5015 ommo.

615 5033 642 5071 δ
685 5033 934 5088 Petavius
983 5033 1033 5105 in
1066 5036 1207 5105 uotis
1236 5033 1303 5086 ad
1338 5034 1536 5102 Epiph.
1573 5035 1716 5093 Ιῐειεῑυ.
1751 5037 1821 5092 25
1854 5037 1998 5105 hznc,
2046 5042 2142 5095 oh-

544 5113 727 5160 servat
757 5122 770 5156 :
797 5104 1093 5158 Ambrosius
1144 5104 1478 5159 Ammaonem
1531 5109 1667 5160 hunc
1701 5119 1844 5163 vocat
1873 5111 1943 5163 ad
1985 5111 2142 5168 Luca:

546 5194 663 5246 cap.
697 5191 837 5251 sxw.
872 5175 978 5251 Sed
1005 5175 1175 5251 deesse
1203 5177 1343 5251 apud
1369 5177 1694 5251 Ambrosium
1722 5181 1922 5250 aliquid
1965 5187 2133 5251 suspi-

548 5245 656 5301 cor.
685 5245 822 5300 Nam
855 5249 1051 5300 videtur
1073 5248 1342 5321 Alnmaoni
1370 5248 1486 5321 loci_
1514 5245 1818 5303 vocabulum
1851 5253 2012 5321 fuisse
2043 5245 2137 5309 [cvi

546 5321 910 5395 depravatione
949 5333 1069 5395 pro_
1094 5316 1409 5395 Erumpunti.
1447 5318 1618 5374 Porro
1643 5316 1860 5395 alterius
1902 5324 2145 5395 discipuli

547 5407 731 5444 nomen
752 5387 1177 5444 substituendum.
1207 5387 1430 5453 Verum,
1459 5406 1589 5459 pace
1615 5394 1744 5446 tanti
1785 5394 1904 5459 viri,
1932 5411 1993 5450 ea
2015 5387 2146 5452 cou-

543 5462 752 5529 jectura
795 5473 941 5515 Stare
965 5476 1068 5533 non
1103 5469 1298 5527 potest.
1333 5461 1447 5515 Non
1479 5464 1623 5516 enim
1676 5465 1759 5519 hic
1787 5468 1961 5520 solum
1987 5510 2001 5533 ,
2048 5471 2141 5524 sed

550 5534 734 5586 multis
764 5535 884 5604 aliis
905 5532 1301 5604 locis,iutgp_nta
1336 5534 1386 5586 in
1418 5533 1517 5588 hac
1544 5535 1655 5603 ipsa
1691 5532 2043 5604 Expositione
2075 5543 2140 5597 ad

549 5618 669 5670 cap.
706 5603 925 5682 xvtiliu
952 5603 1111 5682 {\po‘l.
1145 5602 1180 5654 2
1207 5601 1868 5682 Da_vid,_cap.8,_t_rac._iu
1899 5609 2090 5682 Symb.
2123 5655 2138 5679 ,

547 5690 714 5730 serm.
739 5674 790 5727 iu
816 5673 1031 5728 Domiu.
1062 5676 1094 5728 6
1117 5684 1236 5742 post
1260 5676 1478 5745 Epiph.,
1498 5673 1553 5733 et
1582 5679 1735 5745 alibi,
1765 5681 1906 5735 alter
1937 5673 2004 5737 ex
2032 5673 2140 5740 illis

545 5744 828 5821 discipulis
876 5747 1138 5821 Animaon
1177 5744 1496 5821 Avocitatur.
1550 5744 1738 5821 Neque
1785 5761 1965 5807 tamen
2013 5753 2139 5812 hinc

540 5816 906 5872 insultandqu
939 5815 1269 5887 Ambrosio,
1314 5818 1471 5889 quasi
1501 5835 1602 5891 pro
1630 5815 1834 5881 Christi
1863 5823 2134 5898 discipulo

2258 4782 2598 4855 longaevitate
2641 4783 2914 4840 imbecilla
2943 4783 3010 4839 ad
3039 4799 3194 4839 usum
3218 4827 3234 4851 ,
3281 4785 3377 4841 sed
3405 4788 3720 4843 maturitate
3748 4787 3842 4841 vir-

2251 4901 2536 4973 castellum
2555 4902 2848 4973 acceperit.
2874 4900 3088 4956 Etenim
3111 4915 3234 4956 cum
3259 4900 3510 4973 eumdem
3533 4903 3683 4958 illum
3703 4901 3836 4973 Orig.

2253 4971 2454 5028 Prml‘at
2485 4974 2540 5027 in
2574 4972 2954 5041 EvangJoan.
2988 4975 3231 5028 nominet
3254 4972 3735 5044 Simeonem,quid
3755 4971 3838 5030 ve-

2251 5054 2328 5100 tet
2350 5047 2479 5115 quin
2514 5046 2585 5098 ibi
2620 5050 2977 5098 Ammaonem
2999 5046 3204 5099 codicis
3227 5045 3359 5099 vitio
3384 5088 3400 5112 ,
3455 5057 3511 5100 ut
3541 5063 3648 5100 non
3695 5062 3839 5102 nemo

2247 5118 2602 5187 existimavit,
2634 5116 2828 5184 legerit
2851 5116 3328 5171 Ambrosius‘isw
3353 5127 3531 5187 potest
3560 5120 3722 5174 etiam
3744 5118 3838 5173 dici

2247 5186 2501 5261 Doctoris
2529 5189 2699 5261 nostri
2729 5188 2918 5256 (immo
2941 5187 3081 5242 forte
3107 5186 3396 5258 ipsiusmet
3419 5188 3838 5261 0rigeuis)hanc

2245 5258 2571 5314 sententiam
2591 5260 2776 5327 fuisse,
2793 5263 3149 5315 Ammaonem
3169 5261 3283 5315 sive
3298 5261 3652 5317 Emmaonem
3675 5258 3705 5316 a
3733 5262 3840 5316 loco

2254 5341 2621 5402 nuncupatum
2660 5330 2852 5397 luisse,
2887 5348 2990 5386 non
3022 5347 3180 5386 secus
3218 5347 3281 5386 ac
3327 5347 3489 5402 supra
3517 5349 3667 5388 num.
3703 5334 3800 5388 155
3823 5375 3838 5399 .

2258 5401 2570 5469 Magdalena
2603 5403 2843 5456 locorum
2875 5403 3200 5458 vocabulum
3249 5417 3371 5458 esse
3398 5401 3624 5460 dicitur.
3662 5406 3726 5460 Et
3769 5407 3837 5459 vi.

2255 5473 2415 5546 detur
2443 5488 2572 5528 sane
2594 5473 2719 5528 hinc
2750 5472 2950 5529 ﬁrmari
2995 5491 3155 5544 posse
3202 5475 3392 5530 isthuac
3435 5476 3660 5546 opinio,
3707 5477 3837 5546 quod

2257 5544 2594 5615 Evangelista
2625 5547 2938 5601 eorumdcm
2987 5546 3187 5602 Christi
3219 5544 3610 5616 discipulorum
3658 5544 3736 5603 in'
3759 5564 3838 5603 ca-

2250 5617 2468 5671 stellum
2500 5617 2803 5690 ingressum
2832 5628 2995 5690 atque
3041 5619 3345 5674 accubitum
3381 5622 3451 5673 ita
3477 5621 3837 5687 describal,ut

2248 5699 2410 5763 putes
2433 5703 2535 5763 eos
2560 5689 2740 5759 potius
2780 5703 3034 5763 repetere
3061 5693 3310 5763 proprios
3339 5691 3483 5749 lares
3507 5734 3523 5761 ,
3571 5707 3730 5763 quam
3773 5693 3834 5747 ad

2247 5759 2459 5817 alienos
2487 5760 2778 5817 divertere.
