4040 6490
189 356 340 418 1840

1215 354 1578 415 EXPOSITIO
1616 354 1874 415 EVANG.
1917 358 2065 416 SEC.
2101 359 2254 417 LUC.
2299 359 2428 416 LIB.
2471 361 2538 416 Χ.

3370 357 3511 414 1850

195 473 333 528 tutis
350 471 418 528 ad
445 473 762 545 martyrium
785 479 1083 543 prmparata
1110 488 1122 526 :
1153 469 1563 542 qutelasciviam
1593 468 1806 542 154.3
1831 472 1886 534 Α
1911 480 1970 526 ιιι
2007 471 2198 529 credas
2230 471 2490 542 Spiritum
2518 470 2760 540 Christi,
2785 482 2834 530 et
2869 470 3064 528 credas
3093 469 3164 528 de
3191 469 3305 527 Deo
3334 469 3510 543 Spiri-

195 568 572 636 corporalium
607 567 870 638 reprimat
896 565 1262 638 voluptatum,
1294 579 1393 622 nec
1416 564 1694 635 indulgeat
1712 580 1804 620 cu-

195 659 540 732 piditatibus,
572 659 752 716 dulcia
775 673 1006 730 quaeque
1024 658 1283 726 declinet,
1308 659 1554 730 speciosa
1578 672 1684 712 non
1705 671 1805 727 ap-

196 759 384 822 petat;
417 767 546 809 caro
576 753 721 807 enim
747 751 1086 822 concupiscit
1116 751 1402 808 adversum
1435 750 1686 821 spiritum
1705 792 1719 816 ,
1747 758 1804 806 et

193 846 627 902 transversarios
652 847 895 902 tramites
924 845 1213 918 gradiendi
1261 861 1366 917 qua
1402 845 1532 900 velit
1560 843 1799 900 diversa-

193 959 319 1000 rum
350 945 454 1000 sibi
476 945 682 1001 invenit
701 945 1039 1017 voluptatum
1064 942 1262 1016 (Galat.
1294 959 1349 1008 v,
1372 940 1650 1014 l7).Bona
1670 955 1802 996 vero

191 1041 400 1094 mentis
431 1048 687 1095 senectus
710 1080 724 1104 ,
755 1053 876 1108 qua:
916 1052 1025 1093 non
1057 1037 1108 1092 id
1135 1033 1280 1107 quod
1325 1048 1491 1090 suave
1534 1032 1751 1104 corpori
1781 1074 1798 1099 ,

189 1130 293 1188 sed
327 1131 472 1201 quod
505 1132 675 1189 menti
715 1133 850 1188 utile
877 1139 1070 1203 putat,
1101 1129 1306 1200 elegit:
1352 1142 1460 1183 non
1491 1127 1800 1197 voluptario

189 1224 443 1295 corporis
472 1233 498 1261 α
527 1224 736 1295 rapitur
764 1224 1026 1295 appetitu,
1056 1220 1152 1278 sed
1175 1219 1508 1292 repugnandi
1550 1217 1800 1274 modera-

190 1317 342 1373 mine
373 1318 525 1388 quasi
554 1317 722 1372 invita
755 1326 1061 1373 revocatur.

271 1412 398 1467 178.
434 1413 577 1483 Ergo
606 1420 662 1468 et
691 1411 880 1468 Petrus
905 1410 1005 1466 etsi
1038 1417 1256 1481 paratus
1277 1415 1395 1464 erat
1415 1406 1596 1462 animo
1614 1406 1798 1462 subire

192 1503 520 1575 martyrium
543 1503 699 1576 (Luc.
723 1520 854 1572 xxu,
881 1501 972 1574 55)
993 1543 1008 1568 ,
1039 1511 1220 1557 tamen
1249 1501 1338 1557 ubi
1371 1498 1670 1568 periculum
1703 1499 1798 1555 ad-

192 1599 377 1667 venit,
409 1601 770 1657 constantiam
803 1598 1002 1654 mentis
1029 1596 1270 1662 inﬂexit;
1311 1595 1457 1666 capit
1498 1595 1642 1650 enim
1696 1609 1796 1651 nos

190 1697 463 1752 suavitate
481 1695 586 1761 sui,
615 1693 852 1750 caelestis
874 1709 1004 1748 usus
1040 1691 1302 1747 muneris.
1333 1689 1468 1746 Nam
1501 1691 1622 1760 quis
1649 1704 1794 1744 mar.

192 1787 398 1859 tyrium
435 1801 466 1842 e
491 1784 651 1840 nobis
679 1799 785 1839 non
813 1784 1058 1853 eligeret,
1093 1784 1136 1838 si
1167 1782 1401 1838 libenter
1425 1781 1560 1835 mori
1585 1780 1796 1850 posset?

1907 571 2019 619 tum
2041 582 2055 630 ;
2083 564 2224 621 Deus
2251 565 2397 621 enim
2420 565 2575 621 solus
2607 575 2831 637 peccata
2859 564 3107 621 dimittit.
3128 563 3302 620 Lucas
3323 572 3506 620 autem

1907 655 2213 728 linguarum
2243 659 2476 729 gratiam
2523 658 2787 715 describit
2837 657 3086 716 ell‘usam.
3142 659 3390 731 Denique
3433 656 3509 715 ibi

1904 747 2072 805 habes
2099 768 2112 806 :
2143 751 2372 822 Accipite
2397 753 2657 822 Spiritum
2686 763 3182 826 sanctum:quorum
3200 752 3505 809 remiseritis

1905 851 2111 912 peccata
2135 883 2150 909 ,
2183 845 2398 900 remissa
2437 855 2584 900 erunt
2615 844 2796 918 (Joan.
2845 847 2956 903 loco
2980 846 3117 920 cit.).
3168 848 3240 903 At
3279 862 3410 904 vero
3442 847 3495 903 in

1905 932 2132 989 Actibus
2157 935 2528 1004 apostolorum
2557 937 2638 993 sic
2662 937 2830 995 habes
2855 955 2869 994 :
2896 937 2968 994 Et
2996 939 3175 1010 repleti
3196 948 3504 995 suntomnes

1905 1027 2113 1096 Spiritu
2139 1040 2340 1095 sancto,
2371 1037 2418 1084 et
2445 1041 2701 1103 cwpcrunt
2730 1032 2873 1101 loqui
2911 1034 3071 1088 variis
3093 1033 3286 1104 linguis
3310 1073 3326 1099 ,
3369 1048 3498 1104 quo-

1902 1121 2057 1176 modo
2084 1120 2316 1188 Spiritus
2341 1133 2550 1179 sanctus
2570 1125 2725 1179 dabat
2746 1127 2918 1197 eloqui
2945 1127 3054 1183 illis
3087 1127 3226 1200 (Act.
3254 1143 3312 1195 tt,
3345 1127 3428 1200 4).

1976 1215 2100 1272 181.
2117 1215 2412 1273 Diversitas
2426 1227 2606 1276 autem
2630 1220 2922 1290 visionum,
2950 1221 3310 1294 frequentiam
3331 1223 3505 1279 lamu-

1900 1307 2125 1364 lantium
2157 1310 2426 1382 significat
2448 1313 2762 1384 angelorum
2788 1315 3002 1388 (Matth.
3028 1333 3215 1384 xxvut,
3241 1317 3324 1389 2),
3345 1316 3500 1387 juxta

1898 1406 2043 1476 quod
2085 1406 2346 1464 Dominus
2376 1407 2493 1477 ipse
2523 1410 2855 1480 promiserat
2881 1410 3108 1468 dicens:
3146 1410 3214 1466 Et
3260 1411 3498 1467 uidebitis

1898 1501 2109 1572 angelos
2137 1501 2500 1558 descendentes
2527 1512 2572 1558 et
2598 1503 2928 1560 ascendentes
2957 1504 3026 1559 ad
3052 1502 3100 1558 F
3105 1505 3253 1559 ilium
3279 1505 3501 1561 hominis

1899 1595 2076 1661 (Joan.
2130 1613 2170 1662 ι,
2227 1597 2342 1669 5t).
2379 1599 2558 1670 Atque
2629 1599 2834 1655 utinam
2887 1614 3013 1656 cum
3060 1599 3342 1672 Evangelii
3391 1601 3498 1657 line

1901 1702 2085 1748 noster
2112 1708 2327 1765 quoque
2358 1709 2539 1750 sermo
2570 1695 2888 1750 claudatur!

1973 1787 2098 1843 182.
2132 1787 2243 1844 Cur
2283 1788 2580 1845 secundum
2631 1789 2941 1845 Mattharum
2970 1799 3023 1845 ct
3060 1788 3296 1846 Marcum
3345 1803 3499 1846 man-

188 1878 339 1950 Ergo
365 1886 422 1933 et
451 1877 642 1932 Petrus
675 1875 892 1931 videtur
919 1875 1083 1941 nolle,
1114 1874 1209 1930 sed
1239 1881 1394 1944 parat
1436 1872 1679 1927 vincere.
1698 1891 1704 1894 ·
1724 1872 1794 1927 Et
1822 1872 1870 1932 B
1897 1879 1987 1934 dat
2010 1880 3313 1954 discipuliszPrwcedamvosinGalilaeam(ll!atth.
3338 1895 3495 1951 xxvr,

184 1972 317 2044 quid
339 1973 535 2027 mirum
555 1972 597 2026 si
620 1970 811 2026 Petrus
833 1970 1115 2034 nolit,cum
1136 1969 1394 2025 Dominus
1411 1968 1583 2023 dicat:
1609 1965 1788 2032 Pater,

183 2063 232 2118 si
256 2065 374 2134 ﬁeri
395 2072 583 2135 potest,
616 2063 837 2133 transfer
865 2081 896 2116 a
926 2079 1005 2117 me
1026 2063 1238 2117 calicem
1265 2063 1424 2127 hunc;
1447 2071 1793 2114 verumtamen

184 2172 292 2210 non
319 2171 432 2210 mea
455 2155 711 2220 voluntas,
743 2156 832 2210 sed
862 2166 951 2209 tua
967 2157 1059 2224 ﬁat
1078 2155 1293 2227 (Matth.
1319 2154 1559 2227 xxv1,39)
1582 2154 1606 2208 ?
1631 2154 1793 2210 Deni-

182 2262 292 2318 que
325 2257 448 2318 post
483 2248 836 2302 tentationem
869 2247 1310 2320 praesumptionis
1339 2261 1453 2302 suae
1468 2247 1656 2302 Petrus
1677 2246 1792 2317 jam

181 2353 294 2394 non
319 2340 485 2395 audet
510 2340 810 2396 voluntatis
858 2342 1317 2411 perseverantiam
1354 2341 1597 2412 polliceri
1648 2358 1662 2395 :
1692 2341 1788 2397 sed

176 2434 336 2505 quasi
359 2434 425 2489 ad
447 2434 706 2490 solatium
731 2435 838 2502 sui,
864 2435 1200 2490 consortium
1239 2437 1435 2507 quaerit
1463 2435 1704 2491 alterius.

257 2547 382 2603 179.
404 2546 585 2620 (Vers.
605 2546 937 2620 57,45.)Tot
964 2548 1352 2618 igitnradducti
1371 2549 1586 2604 virtutis
1609 2564 1790 2604 exem-

175 2640 288 2712 plis
311 2641 532 2696 Petrum
548 2641 824 2696 credimus
847 2657 950 2696 non
971 2643 1214 2712 potuisse
1227 2643 1496 2697 dubitare.
1521 2642 1787 2698 Joannem

178 2748 405 2804 quoque
450 2732 748 2788 credidisse
789 2734 1131 2789 manifestum
1173 2743 1256 2790 est
1299 2734 1487 2806 (Joan.
1524 2751 1628 2801 xx,
1676 2735 1784 2807 8),

177 2837 308 2880 Cum
367 2823 708 2880 Salvatoretn
749 2823 993 2880 videret:
1024 2825 1118 2894 qui
1159 2826 1269 2894 jam
1322 2835 1452 2881 tunc
1507 2826 1788 2893 credidit,

178 2926 538 2988 posteaquam
570 2932 799 2973 vacuum
835 2918 1082 2988 corporis
1122 2919 1253 2974 vidit
1294 2919 1629 2988 sepulcrum.
1679 2919 1790 2975 Cur

181 3025 322 3081 ergo
355 3009 529 3065 Lucas
574 3009 781 3065 inducit
825 3011 1010 3080 plures
1055 3011 1223 3066 fuisse
1278 3013 1563 3068 turbatos?
1607 3014 1788 3069 Primo

182 3102 455 3166 omnium,
489 3105 610 3174 quia
646 3119 938 3173 paucorum
969 3105 1280 3176 Opinionem
1313 3108 1585 3162 sententia
1611 3108 1784 3176 majo-

177 3196 264 3250 ris
292 3196 466 3266 partis
495 3195 717 3251 includit
747 3213 758 3250 :
785 3195 985 3252 deinde
1007 3197 1129 3267 quia
1159 3198 1258 3252 etsi
1290 3198 1482 3252 Petrus
1513 3198 1581 3254 de
1602 3214 1787 3254 resur-

1900 1971 2015 2043 59.),
2039 1973 2109 2027 ibi
2131 1991 2209 2028 me
2229 1975 2462 2031 videbitis
2490 1975 2684 2049 (Marc.
2704 1993 2815 2042 XVI,
2844 1977 2900 2048 7)
2926 1994 2939 2030 :
2971 1976 3269 2032 secundum
3293 1975 3495 2032 Lucam

1897 2083 2030 2122 vero
2057 2079 2111 2123 et
2136 2069 2400 2126 Joannem
2434 2072 2598 2128 etiam
2626 2073 2765 2127 intra
2797 2071 3062 2128 conclave
3091 2071 3290 2129 obtulit
3326 2087 3387 2129 se
3417 2072 3497 2128 vi-

1896 2161 2132 2217 dendum
2168 2163 2345 2235 (Vers.
2393 2165 2533 2235 36)?
2565 2166 2629 2221 Et
2653 2166 2872 2238 quidem
2918 2166 3062 2238 quod
3092 2182 3151 2223 se
3199 2168 3495 2224 videndum

1895 2253 2211 2325 frequenter
2256 2257 2517 2314 obtulerit
2562 2258 2746 2328 (Joan.
2777 2275 2888 2327 xx,
2915 2258 3006 2331 19)
3034 2299 3050 2327 ,
3105 2269 3162 2315 et
3210 2261 3494 2332 plusquam

1895 2349 2203 2419 quingentis
2246 2347 2541 2416 fratribus,
2589 2360 2645 2407 et
2693 2351 2856 2408 Petro
2883 2394 2897 2419 ,
2927 2362 2982 2408 et
3027 2351 3270 2418 Jacobo,
3325 2353 3494 2409 etiam

1897 2440 2206 2511 Apostolico
2255 2443 2605 2512 probavimus
2650 2445 2964 2500 testimonio
3013 2444 3072 2516 (l
3103 2443 3222 2500 Cor.
3254 2461 3356 2512 xv,
3412 2444 3492 2517 6).

1895 2536 1962 2591 Et
1993 2537 2166 2594 Lucas
2197 2539 2248 2593 in
2279 2539 2504 2594 Actibus
2549 2539 2922 2611 apostolorum
2952 2539 3137 2594 docuit
3165 2539 3308 2610 quod
3332 2539 3499 2596 disci-

1895 2630 2038 2699 pulis
2066 2631 2466 2701 manifestaverit
2492 2649 2546 2686 se
2571 2633 2736 2686 vivere
2757 2643 2870 2702 post
2895 2634 3188 2705 passionem
3208 2649 3360 2688 suam
3379 2675 3396 2701 ,
3436 2635 3492 2689 in

1894 2725 2068 2778 multis
2092 2729 2406 2798 argumentis
2451 2743 2708 2799 apparens
2729 2726 2834 2791 his,
2867 2737 2914 2782 et
2940 2728 3216 2798 disputans
3237 2728 3304 2784 de
3331 2745 3490 2801 regno

1895 2816 1994 2871 Dei
2023 2818 2161 2891 (Act.
2192 2833 2230 2886 t,
2258 2818 2339 2891 5).
2360 2819 2503 2890 Ergo
2527 2821 2648 2890 quia
2665 2819 2862 2891 sacpius
2890 2820 3185 2877 etdiversis
3213 2823 3486 2894 apparuit,

1891 2924 2014 2965 cum
2046 2911 2098 2964 in
2139 2911 2364 2967 Galilaea
2395 2914 2614 2984 quando
2640 2914 2713 2969 sit
2761 2915 2909 2970 visus
2935 2957 2950 2981 ,
2975 2931 3315 2986 nequaquam
3344 2932 3488 2987 pra:-

1891 3004 2154 3074 scriptum
2177 3021 2241 3062 ac
2261 3006 2541 3062 deﬁnitum
2566 3017 2778 3078 tempus
2801 3009 3080 3079 Scriptura
3102 3009 3486 3081 designaverit:

1892 3097 1945 3152 in
1981 3098 2321 3156 Hierusalem
2350 3102 2568 3171 quando
2590 3118 2648 3158 se
2669 3103 2962 3170 obtulerit,
2983 3111 3036 3159 et
3058 3103 3202 3160 diem
3225 3113 3277 3160 et
3300 3105 3489 3161 horam

1891 3194 2263 3262 expresserit;
2299 3195 2598 3250 timidiores
2644 3197 2780 3252 intra
2829 3197 3106 3253 conclavia
3139 3198 3449 3255 revisuntur
3471 3239 3487 3266 ,

178 3289 432 3344 rectione
453 3287 782 3354 crediderat,
812 3288 1015 3343 turbari
1044 3299 1220 3345 tamen
1253 3291 1457 3358 potuit,
1489 3307 1609 3345 cum
1635 3292 1785 3347 vide-
1812 3271 1858 3336 C
1889 3287 2146 3343 fortiores
2175 3287 2242 3342 ad
2267 3297 2509 3344 montem
2535 3300 2936 3347 convenerunt.

173 3392 268 3439 ret
292 3383 434 3453 quod
463 3398 522 3438 se
545 3383 807 3438 Dominus
828 3399 950 3438 cum
974 3399 1203 3455 corpore
1219 3385 1270 3439 in
1293 3400 1354 3440 ea
1369 3402 1488 3457 qum
1503 3388 1783 3444 vestibulis

171 3477 471 3545 obseratis,
490 3477 517 3516 ι»
540 3486 592 3532 ct
613 3479 944 3533 constructis
967 3488 1123 3534 erant
1149 3487 1300 3548 septa
1337 3480 1656 3546 parietibus,
1683 3482 1783 3536 im-

172 3571 431 3642 provisus
480 3570 809 3626 inlundcret.
856 3571 1030 3627 Lucas
1079 3588 1211 3643 ergo
1261 3573 1518 3630 historice
1570 3576 1778 3646 singula

173 3676 497 3738 prosecutus
524 3676 642 3721 est:
669 3666 761 3722 ille
794 3665 952 3721 linem
978 3667 1258 3737 spectavit,
1280 3666 1369 3722 hic
1401 3668 1620 3724 seriem.
1644 3669 1779 3724 Nam

171 3758 364 3829 utique
392 3758 658 3814 dicendo:
694 3757 842 3813 Tunc
867 3759 1070 3829 aperuit
1097 3760 1203 3814 illis
1235 3776 1463 3829 sensum,
1492 3773 1546 3814 ut
1587 3763 1782 3818 intelli-

171 3853 392 3925 ligerent
430 3869 490 3908 ea
529 3871 646 3925 quae
689 3855 884 3924 scripta
913 3865 1062 3922 sunt,
1096 3857 1260 3910 etiam
1314 3855 1429 3925 ipse
1481 3857 1782 3926 discipulos

174 3948 478 4004 credidisse
510 3947 816 4018 proﬁtetur.

253 4042 378 4096 180.
411 4041 598 4114 (Vers.
642 4040 759 4112 49.)
783 4039 1042 4110 Spiritum
1070 4050 1250 4097 autem
1277 4051 1523 4097 sanctum
1556 4042 1640 4096 vel
1676 4041 1782 4097 illis

176 4133 430 4190 undecim
460 4134 614 4202 quasi
654 4132 1071 4202 perfectioribus
1116 4134 1430 4201 insultlavit,
1475 4143 1529 4189 et
1558 4134 1782 4205 reliquis

176 4235 368 4296 postea
391 4224 737 4280 tribuendum
766 4241 890 4281 esse
919 4226 1184 4295 promittit
1208 4225 1390 4292 (loan.
1424 4242 1514 4293 xx,
1533 4225 1628 4297 22)
1652 4244 1664 4280 :
1694 4226 1780 4281 vel

177 4316 372 4373 iisdem
416 4317 487 4372 ibi
545 4316 862 4383 insultlavit,
896 4315 985 4372 hic
1032 4316 1345 4387 spopondit.
1412 4316 1521 4372 Nec
1564 4318 1783 4374 videtur

174 4425 300 4467 esse
329 4411 812 4476 contrarium,cum
843 4410 1140 4465 divisiones
1169 4411 1278 4466 sint
1307 4409 1640 4481 gratiarum:
1674 4411 1782 4466 Alii

173 4504 314 4558 enim
335 4502 492 4557 datur
514 4520 679 4558 sermo
705 4504 973 4575 sapientia:
990 4545 1004 4568 ,
1027 4503 1118 4558 alii
1147 4514 1318 4558 autem
1339 4522 1504 4560 sermo
1550 4506 1780 4560 scientia:

171 4595 458 4652 secundum
486 4597 720 4651 eumdem
765 4596 1025 4667 Spiritum
1045 4639 1060 4663 ,
1089 4597 1185 4652 alii
1215 4597 1345 4669 ﬁdes
1369 4599 1423 4653 in
1449 4600 1626 4654 eodem
1652 4601 1777 4668 Spi-

1960 3383 2086 3438 185.
2122 3383 2364 3454 Denique
2394 3385 2533 3439 intra
2565 3385 2851 3452 conclave,
2881 3387 3035 3442 ostiis
3059 3386 3263 3443 clausis
3283 3431 3296 3452 ,
3330 3387 3488 3444 indu-

1885 3476 1960 3531 cit
2003 3475 2241 3532 Joannes
2272 3477 2572 3549 discipulos
2611 3490 2971 3551 congregatos
3004 3489 3229 3552 propter
3282 3493 3486 3537 metum

1883 3567 2196 3625 Judrcorum
2229 3569 2410 3642 (Joan.
2444 3588 2533 3637 xx,
2568 3571 2690 3644 l9):
2721 3589 2858 3644 quos
2880 3589 2986 3629 non
3010 3573 3262 3629 undecim
3289 3573 3485 3644 Lucas,

1881 3663 1977 3717 sed
2029 3663 2215 3733 plures
2260 3664 2478 3734 scripsit
2531 3665 2697 3721 fuisse
2738 3666 2917 3738 (νει-ε.
2946 3666 3039 3737 55)
3069 3685 3082 3722 :
3116 3667 3249 3722 istos
3304 3676 3484 3725 autem

1882 3753 2166 3811 Mattbacus
2217 3757 2470 3812 undecim
2503 3758 2653 3813 solos
2682 3759 2733 3814 in
2768 3759 2986 3815 Galiltea
3015 3761 3343 3818 convenisse
3371 3777 3478 3817 non

1883 3849 2053 3904 siluit.
2083 3850 2330 3920 Denique
2359 3851 2440 3906 sic
2479 3852 2682 3908 habes:
2720 3853 2969 3908 Uudecim
3018 3866 3194 3908 autem
3237 3856 3482 3922 discipuli

1883 3941 2118 3995 abierunt
2147 3943 2200 3996 in
2225 3941 2498 3997 Galilmam
2519 3985 2533 4010 ,
2561 3945 2615 3998 in
2655 3956 2876 4000 montem
2902 3946 2988 4000 ubi
3013 3949 3350 4002 constituerat
3377 3949 3484 4003 illis

1881 4031 2058 4098 Iesus,
2083 4043 2129 4088 et
2154 4035 2377 4090 uidentes
2409 4051 2522 4089 eum
2547 4036 2892 4092 adoraverunt
2914 4055 2933 4093 :
2961 4039 3172 4109 quidam
3195 4048 3363 4095 autem
3391 4041 3492 4095 du-

1882 4127 2168 4182 bitaverunt
2195 4126 2410 4198 (Matth.
2448 4145 2612 4184 xxvm
2639 4172 2653 4195 ,
2684 4131 2749 4185 16
2772 4142 2819 4186 et
2870 4131 2983 4205 17).
3015 4132 3224 4202 Quibus
3253 4134 3488 4193 docendi

1883 4228 1940 4274 et
1972 4220 2276 4290 baptizandi
2331 4221 2520 4277 tribuit
2551 4232 2893 4292 potestatein.
2952 4225 3216 4283 Uudecim
3269 4244 3485 4302 quoque

1882 4311 2353 4368 discumbentibus
2397 4313 2680 4385 discipulis
2722 4326 2780 4372 et
2828 4318 3042 4374 Marcus
3093 4322 3146 4374 in
3178 4320 3286 4376 line
3320 4337 3487 4394 appa-

1883 4405 2060 4462 ruisse
2091 4407 2280 4462 scribit
2301 4406 2497 4479 (Marc.
2524 4405 2722 4480 xv1,7),
2748 4410 2970 4480 quando
2989 4412 3246 4470 similiter
3286 4415 3483 4487 praedi-

1882 4501 2037 4556 candi
2071 4500 2154 4556 his
2183 4517 2278 4572 per
2302 4511 2473 4557 totum
2506 4503 2695 4560 orbem
2724 4504 2943 4559 mandat
2972 4505 3234 4562 omnium.

1957 4595 2081 4652 186.
2113 4595 2269 4653 Unde
2299 4597 2404 4653 hoc
2430 4599 2848 4654 convenientius
2879 4599 3121 4654 arbitror
3146 4646 3160 4668 ,
3195 4601 3338 4673 quod
3380 4602 3490 4659 Do-

170 4690 296 4756 ritu,
319 4689 412 4743 alii
437 4690 606 4762 gratia
632 4690 954 4744 curationum
977 4692 1027 4743 in
1047 4707 1148 4744 uno
1173 4691 1395 4763 Spiritu,
1424 4693 1516 4747 alii
1545 4694 1779 4761 operatio
1805 4669 1859 4730 Ῑ)
1886 4691 2066 4746 minus
2108 4691 2326 4762 quidem
2376 4692 2716 4748 mandaverit
2761 4693 3044 4764 discipulis
3075 4703 3133 4749 ut
3164 4695 3216 4750 in
3258 4694 3483 4752 Galilrca

171 4785 420 4838 virtutum
443 4825 457 4850 ,
499 4784 592 4838 alii
628 4785 918 4856 praphetia,
973 4785 1067 4838 alii
1094 4784 1334 4840 discretio
1363 4786 1662 4855 spirituum,
1690 4787 1786 4841 alii

175 4895 361 4950 genera
407 4878 720 4950 linguarum,
753 4880 844 4934 alii
885 4880 1240 4950 interpretatio
1265 4881 1621 4953 sermonum(l
1655 4879 1778 4935 Cor.

177 4990 279 5040 xtt,
328 4974 430 5030 8et
476 4976 632 5046 δρψ).
683 4974 828 5045 Ergo
875 4975 1038 5030 aliam
1109 4974 1410 5031 insnﬂlavit
1462 4976 1534 5030 ibi
1585 4990 1779 5045 opera-

173 5075 418 5137 tionem,
474 5073 562 5129 hic
589 5073 750 5128 aliam
805 5073 1131 5144 pollicetur;
1181 5073 1251 5128 ibi
1299 5073 1447 5129 enim
1497 5074 1782 5128 remitten-

174 5167 366 5223 dorum
380 5167 551 5239 gratia
569 5166 766 5221 tributa
785 5175 872 5222 est
890 5175 1240 5237 peccatorum
1258 5208 1273 5238 ,
1295 5167 1437 5237 quod
1468 5182 1591 5222 esse
1622 5167 1778 5222 vide-

174 5269 262 5317 tur
293 5260 572 5331 angustius
598 5276 612 5315 :
646 5267 703 5315 et
728 5258 852 5314 ideo
875 5258 1185 5314 insumatur
1213 5274 1242 5314 a
1270 5257 1492 5316 Christo
1519 5301 1534 5326 ,
1559 5257 1774 5332 15M

205 5513 216 5524 _
247 5451 274 5479 α
314 5441 429 5497 Non
462 5440 615 5511 pauci
644 5452 803 5506 mss.,
827 5437 1034 5508 capitur
1062 5441 1316 5509 appetitu,
1348 5439 1438 5494 sed
1473 5454 1772 5510 repugnan-

177 5521 484 5649 η’δθιὲἶιῑιη
509 5593 555 5638 et
581 5582 858 5639 obstructis
880 5590 1028 5637 erant
1073 5590 1219 5653 septa
1249 5583 1563 5654 parietibus;
1611 5597 1773 5650 mss.,

173 5665 221 5711 et
237 5657 543 5712 constructis
567 5666 736 5723 erant,
759 5663 868 5712 etc.

1885 4801 1946 4842 se
1977 4785 2262 4842 viderent:
2293 4787 2387 4842 sed
2412 4786 2522 4843 illis
2552 4799 2698 4843 metu
2731 4799 2752 4827 ε
2784 4788 2925 4844 intra
2952 4788 3212 4845 conclave
3241 4789 3486 4847 residen-

1885 4879 2030 4934 tibus
2059 4922 2075 4947 ,
2117 4879 2295 4951 primo
2322 4894 2383 4937 se
2409 4881 2674 4938 obtulisse
2701 4923 2716 4947 ,
2765 4892 2950 4954 postea
2980 4899 3110 4939 vero
3153 4885 3488 4943 confirmatis

1882 4974 2121 5042 animis,
2162 4974 2416 5032 undecim
2448 4975 2569 5031 illos
2605 4976 2884 5034 Galilmam
2920 4980 3143 5051 petisse.
3203 4978 3294 5037 Vel
3336 4992 3486 5039 certe

1887 5065 2018 5139 (hoc
2036 5082 2252 5139 quoque
2279 5067 2634 5140 diligentibus
2656 5072 3014 5142 scriptoribus
3037 5073 3306 5145 placuisse
3325 5089 3481 5145 repe-

1881 5161 1989 5232 rio)
2011 5160 2141 5216 nihil
2168 5161 2349 5217 obstat
2372 5163 2415 5217 si
2445 5163 2690 5219 dicamus
2720 5165 3003 5235 pauciores
3033 5166 3174 5222 intra
3198 5168 3479 5235 conclave,

1880 5253 1933 5310 in
1965 5263 2152 5311 monte
2176 5257 2487 5327 complures
2513 5256 2699 5314 fuisse.

1956 5451 1978 5480 ο
2022 5439 2169 5496 Edit.
2194 5441 2333 5497 intra
2361 5443 2600 5498 conclave
2633 5443 2911 5498 visitantur
3102 5451 3447 5499 convenerunt
3473 5461 3491 5508 ;

1885 5513 2138 5586 Amer_b.,
2181 5515 2549 5581 convenerint;
2578 5531 2708 5570 mss.
2737 5531 2931 5586 magno
2995 5530 3266 5572 consensu
3307 5515 3492 5570 nobis-

1886 5599 2011 5639 cum
2041 5584 2266 5650 faciunt,
2295 5587 2398 5641 nisi
2420 5587 2564 5657 quod
2592 5587 2786 5658 legitur
2809 5584 2861 5642 iit
2892 5587 3169 5643 nonnullis
3192 5629 3207 5653 ,
3237 5586 3488 5643 ...μηνὶ-

1886 5665 2070 5712 santur
2098 5698 2114 5726 ,
2143 5665 2198 5711 ut
2231 5659 2472 5730 fortiores
2603 5659 2948 5716 convenirent.
