4040 6492
161 386 314 445 1855
1212 382 1254 443 Ε
1294 374 1605 443 δαηιρτιε
1645 379 1705 439 S.
1746 368 2075 435 AMBROSH
2113 365 2535 432 COLLECTUS.
3382 364 3520 426 1854

160 507 263 572 tis,
297 504 492 577 ngitttr
520 508 581 560 ut
611 504 843 576 aperiat
869 516 1032 559 manu
1060 496 1321 566 claustra,
1344 499 1398 554 in
1421 510 1609 566 agrum
1636 498 1817 560 exeat,
1846 492 1895 553 Α
1922 488 2054 546 bulo
2093 486 2404 560 nuptiarum
2447 495 2502 542 et
2536 494 2716 556 postes
2763 481 3036 577 frondium
3085 481 3247 577 sertis
3276 494 3523 577 cernere

161 596 222 651 in
250 571 515 653 castellis
542 571 815 665 maneat;
841 598 894 652 in
925 593 1188 667 principio
1215 598 1398 647 tamen
1426 598 1571 644 retro
1596 583 1818 640 odorem
1920 592 2212 637 coronatos
2232 623 2247 647 ,
2276 589 2333 636 et
2358 579 2513 636 chori
2554 577 2848 649 strepentis
2876 574 3104 631 interius
3135 573 3354 628 haurire
3385 571 3521 627 dell-

1920 676 2033 731 cias
2062 692 2076 742 ;
2107 691 2175 732 ne
2202 690 2262 731 se
2286 677 2439 746 prius
2469 673 2745 730 dominico
2786 672 2918 744 jugo
2947 668 3218 726 timefacta
3251 666 3524 724 subduce-

1921 777 2036 834 ret,
2064 784 2224 839 quam
2254 778 2441 824 vocata
2473 767 2782 823 inclinaret.
2813 766 3039 837 Oportet
3068 762 3214 819 enitn
3240 768 3297 819 ut
3319 760 3519 833 gradus

1919 862 2180 933 quosdam
2231 862 2574 934 profectnum
2607 871 2663 918 et
2692 861 2941 917 ordinem
2991 858 3336 921 noverimus,
3385 856 3517 928 quid

1922 955 2103 1025 prius,
2131 955 2261 1027 quid
2284 969 2631 1027 consequens
2659 970 2784 1011 esse
2804 954 3002 1010 debeat
3029 968 3044 1009 :
3072 966 3197 1008 nam
3224 952 3365 1008 scire
3388 950 3516 1023 quid

1922 1049 2086 1105 facias
2108 1093 2121 1115 ,
2156 1057 2211 1106 et
2241 1051 2490 1107 ordinem
2523 1050 2734 1105 nescire
2766 1048 3030 1117 faciendi,
3063 1063 3170 1103 non
3202 1057 3285 1104 cst
3332 1045 3515 1119 perfe-

1920 1151 2022 1198 ctas
2064 1141 2419 1213 cognitionis,
2449 1141 2734 1198 otfendunt
2764 1144 2906 1198 enim
2935 1142 3256 1213 plerumque
3307 1155 3515 1212 prmpo-

160 690 344 746 currit
386 690 709 760 unguenti,
761 704 889 745 cum
921 689 976 743 in
1021 684 1425 742 tabernaculum
1453 678 1689 746 venerit,
1721 688 1820 732 un-

159 788 439 853 guentum
463 789 763 838 mutatura
786 780 1045 838 castellis.
1070 778 1426 848 Deniqnequo
1447 772 1657 838 evadat,
1672 770 1816 826 vide.

235 875 294 930 5.
329 875 394 930 Si
411 889 634 940 murus,
662 873 872 946 inquit,
893 880 987 939 est,
1002 871 1321 938 wdiﬁcemus
1340 881 1496 938 super
1516 878 1629 920 eum
1651 872 1820 917 turres

152 981 450 1039 argenteas
484 974 504 1040 (
535 969 706 1026 Cant.
732 985 833 1025 vnt
855 1010 870 1035 ,
899 967 934 1025 9
959 967 1001 1040 ).
1033 966 1165 1036 Qtne
1195 963 1414 1020 ludebat
1447 960 1681 1023 osculis,
1705 958 1818 1029 jam

155 1071 359 1119 turres
392 1062 597 1135 erigit,
624 1073 690 1119 ut
722 1062 983 1134 pretiosis
1011 1066 1324 1118 sanctorum
1347 1056 1538 1112 turrita
1566 1053 1817 1124 fastigiis,

153 1174 274 1214 non
311 1158 511 1215 solum
544 1158 796 1214 hostiles
821 1156 1113 1212 frustretur
1136 1152 1408 1218 incursus,
1434 1163 1619 1204 verum
1651 1148 1819 1203 etiam

148 1250 450 1307 bonorum
477 1248 913 1321 propugnacula
940 1255 1113 1302 struat
1138 1254 1250 1300 tuta
1278 1243 1615 1298 meritorum.
1641 1239 1819 1295 Etiam
1920 1242 2086 1291 stera.
2118 1233 2305 1306 itaque
2347 1234 2469 1306 quia
2501 1245 2632 1306 quot
2679 1234 2959 1303 homines,
2991 1240 3068 1290 tot
3118 1234 3403 1290 sententiae
3424 1275 3440 1301 ,
3470 1234 3517 1289 si

152 1344 215 1399 in
254 1340 349 1397 his
377 1338 678 1413 coniugiis
714 1337 1112 1411 temporalibus
1161 1336 1383 1392 nubenti
1410 1336 1562 1407 prius
1611 1334 1823 1405 plaudi-
1920 1328 2051 1400 Quid
2093 1328 2396 1385 defecatum
2440 1330 2598 1386 estin
2644 1342 2899 1386 sermone
2943 1338 3168 1395 nostro,
3214 1345 3404 1385 omnes
3442 1328 3518 1385 le-

162 1444 258 1492 tur
283 1478 299 1503 ,
330 1446 509 1507 quam
548 1435 871 1507 imperatur
902 1448 918 1498 ;
948 1445 1017 1486 ne
1046 1439 1172 1486 ante
1217 1430 1356 1485 dura
1394 1429 1672 1487 oﬂ‘endant
1713 1429 1820 1485 im-
1917 1429 2051 1494 gant
2082 1439 2095 1477 :
2129 1422 2174 1478 si
2219 1423 2351 1495 quid
2399 1422 2722 1489 decoctum,
2772 1422 3099 1479 maturiores
3145 1418 3374 1494 probent
3415 1442 3429 1478 :
3471 1423 3518 1479 si

168 1534 337 1602 peris
363 1568 380 1598 ,
414 1544 595 1602 quam
621 1526 916 1587 blanditiis
938 1540 1093 1581 amor
1122 1524 1266 1580 fatus
1297 1523 1582 1581 inolescat.
1616 1523 1818 1581 Bucula
1920 1514 2048 1588 quid
2082 1515 2409 1583 modestum,
2441 1516 2749 1589 pectoribus
2776 1517 3059 1580 inhaereat,
3092 1531 3260 1588 genas
3290 1518 3516 1590 pingat:

170 1623 421 1695 ριηηευε
449 1622 762 1693 cujusdam
794 1621 1030 1675 εοηιιυιη
1058 1619 1221 1675 discit
1250 1632 1467 1685 amare,
1501 1618 1729 1673 cervici,
1752 1632 1821 1674 ne
1921 1604 1971 1662 si
1999 1606 2125 1678 quid
2155 1606 2538 1677 ﬂorulentum,
2572 1617 2702 1664 aetas
2743 1606 3028 1664 florulenta
3072 1622 3179 1663 non
3223 1607 3512 1681 improbet.

171 1727 410 1773 recuset
419 1716 899 1788 iugum;deuique
915 1712 1586 1784 priusassuesciturverho
1605 1709 1821 1786 155.8
1930 1699 2227 1757 υθῢιιῖῐηυθ
2268 1716 2487 1774 Sponsa!
2515 1702 2755 1759 exeilal‘e
2795 1716 3035 1759 amorem
3076 1720 3091 1767 ς
3124 1703 3386 1774 scriptum
3435 1713 3521 1763 εει

172 1809 464 1877 lasciviat,
516 1824 693 1880 quam
745 1808 975 1863 verbere
1031 1804 1354 1876 disciplinas.
1404 1804 1505 1860 Ast
1550 1807 1638 1860 ubi
1677 1805 1815 1860 colla

1922 1794 2064 1849 enim
2096 1811 2109 1848 :
2143 1788 2343 1869 Diliges
2371 1794 2650 1851 Dominum
2682 1793 2848 1851 Deum
2875 1804 3017 1851 tuum
3045 1796 3065 1869 (
3094 1794 3244 1851 Deut.
3300 1813 3374 1863 vr,
3404 1794 3436 1852 5
3464 1797 3515 1869 ):

170 1903 505 1961 subdiderit
530 1903 705 1975 jugo,
740 1909 797 1960 et
827 1903 1032 1958 habena
1068 1898 1425 1973 constringit,
1457 1908 1511 1956 et
1560 1899 1811 1956 stimulus
1841 1902 1891 1963 B
1923 1887 2211 1943 άθδυῖίῐιιιε
2244 1890 2296 1943 in
2330 1888 2534 1960 ηυβῐὶίε
2562 1891 2741 1946 crines
2783 1902 2997 1962 εροιιεω
3041 1889 3366 1945 calamistris
3394 1889 3518 1961 qui-

169 2005 380 2068 ιιι-ειη,
417 2001 479 2051 et
518 2009 818 2067 compares
846 1995 1060 2051 trahunt
1085 2038 1101 2062 ,
1146 2004 1202 2051 et
1223 1995 1426 2065 jugali,
1470 1994 1682 2050 ῑηνίωι,
1716 1994 1810 2051 Sic
1920 1981 2145 2038 busdam
2177 1982 2438 2040 orationis
2472 1998 2699 2052 ornare;
2724 1986 2982 2053 seriptum
3008 1990 3093 2040 est
3119 1984 3295 2038 enim:
3321 1981 3522 2039 Plaude

172 2088 355 2143 etiam
389 2087 574 2159 Virgo
598 2096 787 2144 nostra
816 2088 1001 2144 debuit
1032 2090 1187 2159 prius
1230 2103 1419 2145 amore
1450 2089 1540 2160 pio
1573 2086 1811 2157 cudere;

1922 2091 2109 2145 manu,
2159 2085 2208 2132 et
2262 2086 2472 2151 percute
2522 2079 2651 2150 pede
2701 2074 2919 2150 (Ezech.
2971 2093 3100 2144 nt,
3132 2074 3199 2132 ﬂ
3229 2074 3249 2147 )
3284 2094 3297 2132 :
3330 2074 3520 2133 debui—

174 2194 353 2239 aurea
392 2183 546 2239 tuon
579 2185 827 2241 caelestis
870 2182 1038 2240 fulcra
1066 2185 1283 2252 mirari,
1318 2195 1373 2240 et
1421 2186 1473 2240 in
1508 2186 1626 2255 ipso
1654 2190 1815 2245 vesti-
1927 2182 2048 2225 mm
2080 2178 2372 2243 Perpetuos
2403 2186 2661 2245 sparsere
2694 2174 2959 2229 lltalmnns
2983 2173 3145 2232 rosis.

173 2278 3511 2317 _...___.__________._..___.______________________________

1364 2382 1794 2473 INCIPIT
1869 2386 2379 2480 TEXTUS.

1819 2552 1863 2602 vi
1957 2544 2118 2606 deret
2159 2564 2174 2606 :
2209 2550 2502 2622 aliquando
2553 2550 2692 2607 votis
2726 2550 2950 2622 politam
2988 2553 3134 2621 suis,
3186 2552 3255 2610 ad
3310 2554 3519 2626 impro-

1922 2638 2099 2697 visum
2127 2647 2311 2713 sponsi
2340 2640 2638 2701 adventum
2668 2642 2865 2716 gaudio
2895 2645 3159 2701 turbatam
3180 2688 3196 2713 ,
3230 2662 3334 2701 non
3366 2662 3516 2718 quae-

1928 2750 2049 2793 rere
2103 2733 2395 2807 primordia
2428 2735 2801 2805 salutationis,
2832 2754 2939 2794 non
2992 2738 3280 2795 verborum
3332 2730 3516 2808 vices,

1928 2828 2023 2886 sed
2072 2829 2253 2886 statim
2295 2829 2436 2900 quod
2484 2827 2845 2887 desiderasset
2879 2830 3123 2903 exigere.
3177 2831 3253 2887 ita
3302 2846 3432 2902 ergo
3462 2840 3518 2889 et

1927 2930 2111 2979 sancta
2143 2921 2379 2978 Ecclesia
2408 2936 2529 2993 qum
2577 2922 2629 2976 in
2654 2920 2964 2993 primordiis
2990 2919 3176 2978 tnundi
3193 2920 3517 2993 desponsata

791 2525 1025 2620 CAPUT
1065 2560 1354 2619 PRIMUM.

263 2725 493 2800 1547
528 2726 622 2781 1.ι
648 2725 789 2781 Ante
809 2725 914 2781 vita
931 2738 1090 2796 quam
1119 2724 1362 2779 doctrina
1386 2726 1675 2795 quatrends
1696 2736 1783 2783 est
1805 2744 1821 2793 ;

177 2821 293 2876 vita
325 2821 485 2875 enim
522 2819 674 2875 bona
702 2827 758 2874 et
785 2819 904 2875 sine
941 2817 1184 2873 doctrina
1248 2818 1412 2874 habet
1439 2820 1699 2890 gratiam,
1728 2821 1825 2876 tio-

175 2914 364 2970 Ctrina
392 2910 524 2967 sine
574 2911 680 2967 vita
720 2911 1084 2981 integritatem
1136 2927 1241 2969 non
1286 2913 1480 2976 habet,
1513 2910 1581 2968 In
1601 2914 1826 2969 malevo-

180 3011 292 3065 lam
318 3012 519 3066 etenim
560 3012 786 3066 animum
816 3026 918 3065 non
967 3011 1106 3066 cadit
1139 3012 1391 3083 sapientia
1417 3011 1573 3086 (Sep.
1612 3029 1660 3080 ι,
1688 3012 1723 3068 4
1748 3016 1766 3081 )
1796 3031 1813 3070 :

184 3105 435 3177 ideoque
492 3107 620 3161 ait:
657 3106 899 3173 Qament
946 3120 1028 3159 me
1077 3106 1239 3171 ntali,
1288 3115 1338 3161 et
1412 3122 1516 3162 non
1559 3106 1815 3163 inuenient

185 3198 409 3271 (Prov.
450 3216 494 3266 ι,
533 3197 683 3272 28);
737 3200 861 3269 quin
913 3199 1261 3269 improbitate
1330 3209 1564 3256 careatnr
1618 3202 1815 3259 mentis

186 3292 424 3357 oculus,
462 3302 525 3347 et
557 3292 825 3361 caligante
852 3290 954 3346 sibi
986 3292 1274 3364 iniquitate
1300 3293 1561 3365 mysteria
1589 3294 1816 3363 profun-

187 3388 259 3445 da
290 3388 558 3444 invenire
586 3403 693 3442 non
720 3396 922 3458 potest.
956 3386 1196 3443 Primum
1223 3402 1355 3459 ergo
1386 3388 1695 3444 exercenda
1728 3396 1813 3445 est

110 3493 115 3497 ’
189 3483 324 3539 vitae
352 3481 558 3537 militia
577 3520 591 3543 ,
620 3479 929 3551 corrigendi
957 3495 1161 3538 mores.
1192 3482 1324 3537 Cum
1356 3481 1474 3537 hinc
1519 3481 1816 3538 institueri—
1843 3452 1888 3516 ρ

189 3590 320 3630 mus
340 3574 413 3630 ad
437 3588 667 3630 cursum
694 3572 965 3638 debitum,
996 3582 1051 3629 ut
1075 3575 1145 3629 sit
1174 3571 1488 3630 oii‘ensionis
1515 3576 1814 3643 correctio,

184 3668 467 3739 puritatis
494 3665 699 3738 gratia:
724 3674 851 3722 tunc
875 3665 940 3721 ad
967 3667 1142 3722 studia
1170 3666 1530 3737 percipiendae
1550 3667 1818 3735 cognitio-

189 3763 277 3818 nis
307 3763 615 3818 veniamus
666 3775 766 3817 suo
811 3761 1006 3819 ordine
1047 3773 1101 3819 et
1132 3762 1241 3818 via.
1278 3761 1459 3817 Prima
1492 3762 1655 3833 igitur
1685 3771 1815 3818 sunt

197 3852 445 3909 moralia
468 3893 483 3919 ,
514 3852 749 3908 secunda
799 3855 1028 3925 mystica
1060 3870 1075 3907 :
1111 3854 1164 3909 in
1197 3853 1303 3908 illis
1333 3858 1440 3908 vita
1460 3894 1474 3919 ,
1519 3853 1575 3909 in
1606 3853 1691 3909 his
1716 3868 1814 3910 co-

200 3946 438 4016 gnitio;
472 3945 543 3998 ita
574 3952 633 3999 ut
656 3944 701 3999 si
735 3943 1118 4015 perfectionem
1149 3945 1424 4016 requiras,
1466 3960 1567 4001 nec
1600 3945 1701 3999 vita
1743 3946 1816 4000 si-

201 4054 274 4093 ne
308 4037 660 4108 cognitione,
700 4052 801 4093 nec
828 4038 1066 4108 cognitio
1101 4037 1223 4095 sine
1245 4039 1354 4093 vita
1381 4040 1490 4104 sit,
1519 4048 1815 4109 utrumque

204 4130 545 4199 astipnletur
571 4128 752 4184 alteri.
781 4127 954 4197 Quam
982 4128 1378 4184 institutionem
1392 4138 1625 4184 secutus
1653 4127 1813 4185 Salo-

208 4238 344 4279 mon
394 4222 590 4277 librum
627 4220 696 4278 de
724 4220 1034 4277 Proverbiis
1081 4220 1338 4290 scripsit,
1385 4235 1494 4292 quo
1546 4220 1812 4278 moralem

210 4317 399 4372 locum
446 4314 671 4371 uberius
698 4313 998 4385 expressit,
1026 4314 1331 4370 naturalem
1363 4315 1416 4370 in
1440 4314 1774 4370 Ecclesiaste
1792 4357 1808 4381 ,

211 4408 508 4480 mysticum
555 4408 608 4462 itt
655 4405 894 4465 Csnticis
939 4408 1277 4465 canticorum
1318 4426 1332 4463 :
1382 4423 1709 4479 quamquam
1769 4408 1817 4466 si

213 4500 511 4574 diligenter
522 4502 799 4571 discutias,
826 4510 881 4557 et
904 4501 956 4558 in
978 4499 1289 4557 Proverbiis
1306 4502 1533 4574 mystica
1560 4503 1817 4574 pleraque

215 4597 489 4666 reperias,
524 4605 580 4653 et
606 4596 661 4651 in
687 4593 927 4652 Canticis
971 4594 1259 4651 moralium
1302 4596 1648 4653 suavitatem.
1677 4597 1812 4655 Nam

218 4692 406 4761 utique
437 4691 723 4765 mysticum
764 4697 894 4746 est:
939 4687 1213 4760 Sapientia
1251 4688 1528 4759 aediﬁcavit
1574 4688 1670 4745 sibi
1718 4690 1817 4747 do-

213 4801 358 4839 mum
378 4827 392 4851 ,
424 4797 472 4841 et
503 4784 732 4840 subdidit
761 4782 1035 4841 columnas
1062 4791 1258 4862 septem
1277 4823 1292 4848 ,
1323 4784 1578 4856 interfecit
1612 4783 1813 4840 hostias

1927 3014 1982 3070 in
2026 3014 2308 3084 paradiso,
2338 3014 2683 3085 praefigurata
2713 3014 2765 3069 in
2798 3014 3002 3070 diluvio
3028 3056 3043 3081 ,
3074 3014 3390 3070 attnuntiata
3420 3031 3519 3086 per

1922 3108 2146 3182 Legem,
2179 3118 2365 3167 vocata
2393 3110 2810 3180 perprophetas,
2843 3124 2963 3165 cum
2985 3111 3073 3165 diu
3090 3108 3515 3180 redemptionem

1922 3205 2235 3272 hominum,
2282 3203 2553 3276 Evangelii
2602 3204 2889 3269 decorem,
2920 3200 3101 3259 dilecti
3136 3213 3507 3275 exSpectasSot

1926 3296 2215 3354 adventum
2244 3315 2259 3365 ;
2291 3297 2578 3368 impatiens
2611 3311 2805 3364 morm,
2841 3296 2895 3352 in
2927 3295 3110 3352 oscula
3142 3297 3249 3352 ruit
3273 3295 3463 3353 dicens
3502 3314 3517 3351 :

1927 3393 2199 3449 Osculetur
2220 3411 2300 3448 me
2334 3390 2397 3447 ab
2425 3393 2601 3448 osculo
2626 3392 2730 3447 oris
2776 3392 2893 3456 sui;
2920 3401 2974 3448 et
2997 3390 3263 3447 delectata
3285 3391 3515 3459 osculis,

1919 3486 2106 3557 adjicit
2137 3504 2151 3543 :
2182 3488 2424 3556 quoniam
2452 3487 2651 3557 optima
2676 3486 2832 3540 ubera
2855 3494 2945 3540 tua
2974 3500 3128 3556 super
3154 3485 3346 3540 vinum.

1991 3582 2046 3639 3.
2090 3584 2155 3639 Et
2181 3590 2237 3638 ut
2268 3582 2527 3637 moralius
2553 3580 2832 3649 dicamus,
2863 3580 3104 3652 intelligo
3137 3579 3266 3635 mihi
3293 3594 3511 3635 carnem

1918 3676 2065 3732 illam
2114 3690 2234 3748 qua;
2288 3674 2588 3731 madefacta
2643 3673 2820 3731 fuerat
2882 3674 2936 3730 in
3006 3674 3175 3730 Adam
3242 3675 3513 3745 serpentis

1920 3784 2293 3840 veneno,qna:
2322 3768 2612 3823 criminum
2647 3767 2924 3823 marcebat
2955 3764 3145 3834 fetore,
3179 3780 3298 3837 quae
3323 3781 3514 3838 procc—

1920 3862 2081 3917 debat
2110 3863 2161 3916 in
2203 3859 2418 3916 filiabus
2457 3861 2590 3917 Sion
2622 3860 2730 3916 alta
2759 3862 2979 3917 cervice
3023 3869 3079 3916 et
3124 3860 3345 3915 nutibus
3384 3875 3517 3914 ocu-

1921 3954 2131 4020 lorum,
2173 3960 2228 4008 et
2269 3953 2464 4009 itinere
2504 3953 2701 4024 pedum
2734 3955 2955 4009 trahens
2999 3954 3238 4020 tunicas,
3280 3963 3336 4010 et
3367 3952 3515 4023 pedi-

1921 4044 2022 4099 bus
2065 4043 2179 4099 suis
2227 4043 2452 4108 ludens,
2504 4043 2735 4099 crinium
2784 4043 3054 4100 cincinnis
3099 4053 3153 4098 et
3197 4043 3514 4114 compositis

1921 4134 2163 4190 vultibus
2197 4143 2361 4204 atque
2390 4133 2752 4200 redimiculis,
2784 4143 2839 4191 et
2859 4134 3008 4189 omni
3042 4133 3288 4191 atfectata
3314 4133 3515 4190 decore

1922 4227 2046 4298 plus
2107 4226 2419 4293 dedecens,
2469 4225 2716 4283 eamdem
2772 4236 2949 4282 tamen
3017 4226 3259 4296 plurimis
3292 4225 3507 4300 1⁵48

1920 4320 2165 4376 edoctam
2195 4318 2462 4385 oraculis,
2504 4318 2647 4389 quod
2679 4327 2939 4373 venturus
2982 4327 3127 4372 esset
3155 4317 3244 4387 qui
3288 4330 3513 4386 serpen-

1921 4414 1990 4469 tis
2028 4410 2305 4468 illecebris
2359 4410 2637 4477 exclusis,
2690 4409 2926 4480 Spiritus
2976 4409 3148 4464 sancti
3203 4407 3513 4464 intenderet

1919 4503 2149 4577 gratiam
2179 4517 2194 4569 ;
2231 4510 2288 4558 ut
2315 4504 2493 4559 omnis
2522 4516 2650 4558 caro
2694 4500 2906 4557 videret
2942 4501 3180 4558 salutare
3226 4500 3322 4556 Dei
3349 4540 3363 4566 ,
3393 4516 3510 4555 om-

1922 4597 2005 4652 nis
2037 4610 2166 4652 caro
2209 4595 2277 4650 ad
2321 4595 2488 4650 Deum
2536 4594 2785 4658 veniret,
2835 4593 3135 4649 marcuisse
3185 4592 3507 4649 desiderio:

1917 4689 2013 4745 sed
2046 4696 2378 4745 metuentem
2421 4703 2488 4744 ne
2515 4696 2574 4742 ut
2595 4686 2921 4754 impatiens,
2970 4694 3027 4740 ut
3071 4685 3302 4749 lasciva,
3337 4694 3394 4741 ut
3436 4685 3513 4741 iu-

1918 4780 2169 4844 xuriosa,
2201 4787 2261 4834 ut
2303 4778 2531 4850 querula
2554 4819 2570 4845 ,
2598 4778 2741 4833 sicut
2785 4786 2910 4833 ante
2939 4777 3118 4834 fuerat
3150 4777 3468 4851 displiceret
3489 4814 3507 4845 ,

215 4893 340 4933 suas
362 4850 385 4943 ,ν
435 4888 541 4932 etc.
570 4875 726 4950 (Pov.
758 4892 810 4933 ιι
832 4918 848 4945 ,
888 4878 911 4932 1
939 4873 982 4949 ).
1037 4850 1150 4932 [loc
1195 4859 1396 4949 quippe
1446 4850 1501 4931 in
1570 4874 1810 4933 Canticis
1840 4850 1891 4911 D
1916 4870 2164 4943 quamvis
2206 4869 2451 4940 longiore
2479 4885 2639 4940 quam
2685 4869 2829 4925 ferre
2863 4870 2973 4940 jam
3015 4850 3263 4941 poterat,
3292 4887 3512 4926 moran—

220 4967 374 5024 lucet
414 4969 698 5040 mysticum
727 4968 870 5039 quod
903 4967 1139 5035 morale,
1187 4966 1239 5022 in
1268 4982 1377 5039 quo
1422 4966 1809 5023 blanditiarum

218 5057 462 5115 suavitas
490 5068 544 5112 et
571 5056 794 5114 aii'ectus
824 5059 1059 5114 amantis
1086 5059 1434 5130 exprimitur.

292 5152 346 5208 ἓ.
384 5150 568 5226 (Vers.
601 5150 663 5216 1,
686 5148 768 5220 2.)
804 5148 1077 5206 Osculetur
1122 5168 1202 5206 me
1229 5151 1292 5208 ab
1323 5151 1502 5208 osculo
1534 5152 1644 5209 oris
1681 5155 1812 5223 sui;

219 5247 460 5318 quoniam
491 5238 684 5319 aptium
736 5243 893 5299 ubera
920 5253 1008 5299 tua
1050 5261 1205 5318 super
1233 5247 1439 5315 vinum,
1473 5257 1519 5304 et
1549 5248 1680 5304 odor
1712 5258 1813 5305 un-

218 5350 528 5416 guentorum
559 5349 765 5392 tuorum
810 5351 963 5407 super
1002 5338 1176 5392 omnia
1219 5349 1471 5396 aromata.
1523 5338 1812 5397 Constitue

219 5447 350 5505 ergo
381 5430 656 5503 Virginem
685 5428 1067 5501 desponsatam
1099 5430 1269 5486 multo
1302 5438 1548 5503 tempore
1572 5474 1589 5498 ,
1623 5442 1678 5486 et
1720 5432 1811 5504 ju-

220 5536 306 5585 sto
332 5526 629 5583 ferventem
677 5537 901 5592 amore,
949 5537 1068 5594 quas
1113 5526 1279 5581 multa
1333 5527 1594 5596 praeclara
1644 5541 1813 5597 opera

221 5620 436 5684 dilecti,
473 5617 830 5689 probabilium
862 5616 1079 5670 testium
1122 5616 1421 5673 assertione
1466 5622 1809 5690 cognoverit,

222 5712 512 5770 desideriis
553 5709 837 5781 suspensis
885 5707 1110 5764 dilatam
1162 5708 1507 5781 frequenter,
1549 5712 1660 5783 jam
1707 5726 1815 5768 non

224 5808 489 5867 ferentem
521 5819 735 5872 moras,
782 5818 904 5876 quae
957 5803 1140 5862 omnia
1188 5802 1407 5864 fecisset
1453 5814 1511 5864 ut
1554 5814 1817 5881 sponSunt

325 5977 350 6007 α
380 5967 439 6037 In
470 5984 553 6045 ps.
579 5983 746 6033 cxvrn
767 5967 943 6031 Serm.
974 5969 1026 6038 1,
1056 5984 1205 6027 num.
1230 5966 1286 6033 2.

1921 4967 1990 5021 tis
2037 4964 2305 5021 adventus
2341 4962 2607 5020 Dominici
2664 4962 3073 5034 exspectatione
3127 4974 3448 5036 quaterctur
3493 4983 3508 5023 :

1921 5074 2029 5115 non
2061 5066 2486 5115 murmurantcm
2523 5066 2702 5115 tamen
2743 5072 2845 5114 nec
2872 5058 3383 5130 transgredientem,
3413 5058 3511 5115 sed

1922 5153 2192 5210 levantem
2223 5153 2275 5209 in
2322 5155 2469 5209 omni
2513 5152 2632 5208 loco
2675 5166 2841 5225 puras
2881 5168 3109 5219 manus,
3155 5154 3277 5211 sine
3324 5155 3401 5209 ira
3456 5162 3513 5209 et

1920 5246 2349 5317 disceptatione,
2391 5238 2443 5301 in
2475 5244 2662 5303 habitu
2695 5254 2889 5301 ornato
2919 5261 3041 5302 cum
3077 5247 3407 5304 verecundia
3455 5254 3511 5302 et

1921 5342 2240 5410 sobrietate,
2255 5351 2538 5400 ornantem
2555 5356 2615 5397 se
2630 5356 2736 5397 non
2760 5342 2812 5397 in
2838 5344 2991 5398 tortis
3011 5344 3254 5398 crinibus
3269 5352 3358 5396 aut
3373 5356 3507 5396 auro

1916 5444 2011 5491 aut
2039 5434 2347 5504 margaritis
2392 5443 2481 5489 aut
2513 5442 2665 5490 veste
2707 5432 2974 5505 pretiosa,
3008 5434 3101 5490 sed
3131 5433 3216 5489 his
3245 5448 3363 5502 quae
3418 5446 3509 5487 ca-

1917 5526 2116 5582 stitatis
2157 5535 2211 5582 ct
2261 5527 2416 5583 bona:
2461 5526 2892 5583 conversationis
2940 5527 3198 5583 docerent
3235 5523 3504 5596 gratiam,

1916 5634 2076 5675 orare
2117 5619 2389 5675 dicentem
2432 5639 2444 5673 :
2482 5617 2758 5675 Osculetur
2790 5636 2869 5674 me
2903 5619 2966 5673 ab
3014 5617 3191 5673 osculo
3240 5617 3344 5672 oris
3385 5617 3510 5686 sui;

1915 5713 2160 5785 quoniam
2185 5716 2377 5786 optima
2398 5713 2553 5769 ubera
2578 5724 2668 5771 tua
2696 5731 2851 5788 super
2885 5714 3079 5769 vinum.
3124 5712 3244 5769 Jam
3291 5711 3512 5768 volebat

1917 5806 2201 5867 adhaerere
2237 5808 2454 5871 Christo
2500 5823 2664 5880 caro,
2709 5809 2821 5891 jam
2864 5804 3154 5868 festinabat
3200 5805 3510 5877 lnnubere;
