4040 6546
544 368 685 430 1855
1547 371 2090 432 COMMENTARIUS
2129 371 2194 428 IN
2233 371 2532 430 CANTICA
2568 369 2836 431 CANTlC.

547 494 606 540 ut
644 490 795 540 esset
850 494 991 540 unus
1042 481 1299 555 spiritus,
1331 490 1389 539 et
1438 480 1589 539 fieret
1617 497 1745 538 caro
1787 483 1990 540 Christi
2021 498 2140 554 qum
2167 482 2374 554 Atiam
2433 481 2619 550 habet,
2675 483 2904 554 gratiam
2936 481 3099 539 habet

539 583 659 632 erat
687 583 814 632 ante
848 575 1169 631 meretricis.
1205 573 1506 642 Osculetur,
1553 574 1762 646 inquit,
1812 591 1891 630 me
1923 591 1942 629 :
1973 589 2133 629 oscu-

541 669 685 726 latur
737 683 837 725 nos
884 668 978 724 Dei
1019 667 1299 734 Verbum,
1349 665 1564 736 quando
1613 683 1832 725 sensum
1880 677 2126 725 nostrum

550 762 779 835 spiritus
801 760 1122 833 cognitionis
1155 758 1443 816 illuminat.

618 856 678 912 4.
719 865 745 894 α
771 855 937 928 Igitur
977 855 1062 911 vel
1106 855 1353 912 Ecclesia
1391 863 1478 912 est
1496 855 1706 928 jamdiu
1738 857 2008 928 promisso
2037 857 2141 914 sibi

550 965 649 1021 per
676 948 970 1021 prophetas
996 947 1276 1005 Dominico
1305 950 1541 1006 adventu
1573 967 1670 1022 per
1708 963 1952 1022 tempora
1977 952 2144 1008 multa

547 1056 847 1112 suspensa,
880 1041 964 1098 vel
990 1042 1169 1098 anima
1199 1058 1320 1114 quae
1350 1043 1570 1100 elevans
1611 1059 1672 1101 se
1699 1061 1730 1101 a
1773 1059 2004 1116 corpore
2045 1047 2141 1102 ab-

545 1125 742 1183 dicatis
779 1127 990 1182 luxuria
1035 1137 1198 1198 atque
1227 1129 1469 1196 deliciis,
1508 1130 1988 1202 voluptatibusque
2025 1145 2145 1186 car-

549 1219 798 1286 nalibus,
832 1229 991 1275 exuta
1022 1235 1238 1292 quoque
1268 1221 1635 1278 sollicitudine
1683 1224 2024 1279 saecularium
2058 1239 2146 1278 va-

3761 372 3894 433 i356

3152 498 3166 537 ε
3215 491 3414 540 tamen
3460 479 3519 536 in
3569 477 3673 536 illo
3707 479 3890 540 laetitia

2243 575 2546 644 saecularis,
2575 575 2627 631 in
2657 585 2710 632 te
2739 583 2918 632 autem
2943 575 3265 647 jucunditas
3296 571 3579 645 spiritalis
3607 583 3728 628 est.
3772 573 3883 631 Jam

2246 681 2371 727 tunc
2398 686 2531 742 ergo
2571 671 2829 728 Salomon
2862 671 3155 727 inducebat
3195 670 3432 742 nuptias
3461 667 3551 723 vel
3584 665 3812 724 Christi
3853 682 3896 726 et

2246 763 2528 829 Ecclesiae,
2569 764 2654 820 vel
2683 765 2904 835 spiritus
2930 774 2984 821 et
3011 765 3196 820 carnis
3222 774 3276 819 et
3320 763 3554 818 animas.
3595 772 3617 799 ι’
3654 761 3737 817 Et
3769 772 3894 820 tam-

2245 873 2405 927 quam
2437 857 2746 928 dcspiciens
2767 872 2958 913 omnes
2977 857 3362 928 jncnnditates
3395 864 3456 912 et
3478 855 3894 913 delectationes

2245 965 2395 1015 suas,
2423 950 2739 1006 cmlestibus
2780 949 3007 1020 cupiens
3057 950 3334 1006 inhzerere
3364 947 3686 1016 mandatis,
3741 950 3824 1004 ait
3874 969 3886 1005 :

2246 1044 2510 1115 quoniam
2561 1043 2765 1114 optima
2813 1053 3079 1116 praecepta
3129 1053 3601 1100 testamentorum
3666 1052 3890 1098 tuorum

2245 1153 2412 1209 super
2432 1154 2648 1194 omnem
2679 1141 3048 1211 appetentiam
3077 1141 3285 1207 carnis,
3310 1151 3367 1196 ct
3395 1140 3590 1195 saeculi
3620 1140 3893 1210 volupta-

2249 1241 2388 1298 tem;
2414 1233 2737 1288 meminerat
2757 1233 2902 1288 enim
2926 1248 2984 1289 se
3015 1234 3066 1288 in
3085 1232 3197 1288 Eva
3221 1243 3349 1288 ante
3371 1233 3453 1288 sic
3481 1234 3745 1303 lapsam,
3766 1231 3888 1286 dum

2247 1326 2577 1396 voluptatem
2635 1327 2881 1396 corporis
2929 1325 3148 1396 praefert
3189 1326 3466 1382 mandatis
3526 1326 3888 1382 calestibns.

2249 1416 2274 1456 ἀ
2298 1420 2604 1476 Ostendens
2633 1422 2814 1491 itaque
2845 1436 2953 1476 non
2984 1420 3154 1475 solam
3178 1424 3420 1491 speciem
3447 1420 3651 1485 Verbi,
3688 1429 3753 1475 et
3780 1421 3889 1474 vul-

548 1311 806 1377 nitatum,
831 1311 1152 1382 jamdudum
1181 1312 1510 1370 infnsionem
1543 1315 1647 1370 sibi
1675 1315 1874 1371 divinte
1907 1331 2147 1387 praesen-

548 1406 638 1461 tia:
665 1413 720 1462 et
745 1408 974 1478 gratiam
1010 1407 1168 1463 Verbi
1198 1407 1456 1464 salutaris
1485 1417 1721 1480 exoptet,
1753 1409 2147 1466 commacerari

550 1513 670 1553 eam
701 1497 848 1570 quod
877 1513 1002 1553 sero
1033 1498 1248 1565 veniat,
1276 1507 1332 1554 et
1355 1499 1614 1571 afﬂigitur
1646 1518 1662 1568 ;
1694 1501 1815 1557 ideo
1845 1502 1997 1573 quasi
2027 1501 2148 1556 vul-

552 1599 740 1647 nerata
768 1590 1086 1658 charitatis,
1114 1607 1238 1647 cum
1272 1607 1452 1648 moras
1482 1593 1600 1664 ejus
1629 1593 1772 1651 ferre
1803 1609 1908 1650 non
1936 1595 2147 1666 possit,

554 1699 826 1739 conversa
858 1683 926 1739 ad
969 1684 1187 1741 Patrem
1214 1727 1229 1752 ,
1285 1700 1476 1757 rogare
1538 1696 1594 1741 ut
1645 1687 1823 1742 mittat
1871 1687 1972 1742 sibi
2005 1687 2150 1743 Deus

552 1775 794 1858 Verbum
816 1818 832 1845 ,
855 1785 911 1834 et
952 1791 1170 1832 causam
1204 1793 1307 1850 qua
1345 1780 1416 1834 sit
1446 1779 1518 1834 ita
1551 1781 1838 1851 impatiens
1863 1780 2151 1838 declarare

551 1869 826 1926 dicentem
859 1889 871 1925 :
918 1871 1190 1927 Osculatur
1224 1889 1304 1928 me
1346 1873 1409 1928 ab
1451 1875 1644 1930 osculis
1673 1876 1780 1930 oris
1808 1877 1908 1930 sui.

628 1964 683 2020 5.
726 1963 844 2019 Non
873 1981 1037 2020 unum
1065 1965 1311 2021 osculum
1353 1967 1583 2037 quaerit,
1616 1967 1713 2025 sed
1743 1967 1895 2038 plura
1923 1967 2108 2023 oscula
2132 2008 2148 2034 ,

2250 1523 2360 1570 tum
2385 1515 2699 1587 quemdam,
2733 1515 2830 1571 sed
2880 1516 3058 1571 omnia
3109 1516 3372 1571 interiora
3426 1515 3554 1586 ejus
3601 1515 3884 1586 diligere,

2249 1607 2498 1679 adjungit
2523 1607 2588 1662 ad
2621 1607 2931 1664 osculorum
2961 1609 3189 1678 gratiam
3226 1627 3240 1661 :
3272 1608 3415 1676 Quia
3466 1609 3646 1674 bona,
3683 1608 3880 1678 inquit,

2250 1703 2409 1756 ubera
2451 1711 2539 1755 tua
2564 1717 2718 1772 super
2761 1701 2958 1768 uinum,
2991 1710 3040 1755 et
3087 1700 3216 1755 odor
3240 1711 3641 1774 unguentorum
3673 1709 3880 1754 tuorum

2251 1811 2408 1863 super
2448 1795 2620 1848 omnia
2669 1803 2927 1848 aromata.
2958 1793 3056 1848 llla
3099 1793 3348 1848 osculum
3381 1793 3684 1863 poposcit,
3743 1791 3876 1847 Deus

2251 1883 2492 1941 Verbum
2521 1900 2581 1941 se
2607 1886 2655 1942 ei
2685 1895 2834 1942 totus
2859 1885 3089 1953 infudit,
3121 1895 3175 1941 et
3204 1885 3434 1941 nudavit
3464 1886 3515 1942 ei
3547 1886 3736 1941 ubera
3767 1902 3873 1948 sua,

2254 1977 2358 2035 boc
2382 1989 2498 2047 est,
2529 1979 2782 2051 dogmata
2813 1993 2910 2034 sua
2950 1988 3007 2034 et
3057 1979 3336 2034 interioris
3367 1978 3672 2050 sapientia:
3724 1978 3876 2034 disci-

555 2067 615 2114 υῑ
643 2058 975 2115 lle-“ideer
1006 2074 1163 2116 suum
1205 2061 1377 2130 βοεδίῑ
1405 2063 1631 2132 “ille”?
1658 2078 1674 2129 ἰ
1703 2077 1823 2135 (illiﬁ
1852 2062 1999 2118 enim
2031 2061 2150 2117 dm“
2179 2105 2228 2167 Β
2253 2077 2514 2150 plinas,et
2541 2083 2938 2147 unguentorum
2965 2088 3186 2130 suorum
3213 2074 3362 2130 dulci
3385 2073 3561 2129 odore
3587 2073 3873 2144 fragravit:

560 2155 678 2225 git,
723 2171 830 2210 non
856 2165 940 2211 est
967 2157 1124 2211 unius
1171 2157 1343 2212 osculi
1397 2158 1666 2228 parcitate
1718 2167 1976 2214 contenta
2004 2200 2019 2224 ,
2052 2157 2148 2214 sed

2265 2172 2452 2243 quibus
2477 2179 2634 2240 capta
2654 2169 2782 2224 dicit
2797 2169 3102 2224 uberiorem
3116 2182 3238 2222 esse
3253 2167 3669 2238 jucunditatem
3687 2166 3873 2221 divin:

557 2247 789 2322 plurima
833 2249 1040 2321 exigit,
1090 2249 1245 2321 plura
1278 2250 1512 2306 vindicat
1541 2293 1557 2318 ,
1610 2263 1662 2308 et
1702 2254 1773 2308 ita
1817 2269 1877 2310 se
1919 2253 2154 2323 amplius

561 2341 764 2396 dilecto
827 2342 1214 2399 commendare
1279 2345 1584 2400 consuevit.
1651 2345 1892 2416 Denique
1946 2346 2034 2400 illa
2099 2345 2156 2401 in

557 2432 854 2504 Evangelia
885 2434 965 2489 sic
996 2436 1221 2504 probata
1249 2443 1363 2503 est,
1401 2436 1537 2503 Quia
1568 2453 1669 2491 non
1701 2436 1916 2492 cessavit
1935 2479 1950 2505 ,
1981 2436 2158 2507 inquit

560 2525 826 2583 Dominus
847 2568 862 2592 ,
898 2527 1127 2582 osculari
1157 2527 1314 2600 pedes
1344 2545 1482 2584 meos
1502 2571 1516 2595 ,
1549 2539 1598 2584 et
1625 2530 1743 2584 ideo
1788 2530 2006 2585 remissa
2036 2538 2158 2585 sunt

557 2621 607 2675 ei
633 2629 845 2691 peccata
875 2621 1060 2687 multa,
1088 2623 1212 2692 quia
1237 2623 1422 2678 dilexit
1463 2622 1720 2696 nmltum(
1753 2623 1882 2678 Luc.
1915 2640 1986 2679 vn
2007 2666 2023 2691 ,
2046 2623 2117 2679 46
2142 2665 2154 2687 .

555 2713 695 2783 47).
733 2715 878 2786 Ergo
917 2726 971 2771 ct
1011 2717 1127 2773 haec
1157 2718 1338 2774 anima
1390 2720 1576 2775 oscula
1605 2718 1766 2776 Verbi
1803 2721 1972 2775 multa
2013 2720 2158 2776 desi-

559 2807 750 2876 derat,
800 2820 861 2866 ut
909 2811 1247 2868 illuminetnr
1293 2814 1490 2869 divina:
1533 2815 1859 2886 cognitionis
1901 2815 2156 2880 lumine;

562 2902 667 2960 hoc
691 2911 776 2958 est
801 2905 946 2959 enim
990 2906 1240 2960 osculum
1273 2906 1459 2973 Verbi,
1517 2907 1701 2963 lumen
1734 2908 1945 2964 scilicet
1974 2907 2162 2978 cogni-

560 2997 726 3053 tionis
754 3012 945 3053 sacrae.
978 2997 1273 3055 Osculatur
1325 3000 1470 3054 enim
1530 3014 1629 3055 nos
1676 3000 1822 3055 Deus
1878 2998 2113 3055 Verbum
2141 3040 2158 3066 ,

559 3091 778 3163 quando
805 3107 902 3148 cor
959 3103 1204 3149 nostrum
1235 3103 1291 3149 et
1337 3094 1513 3164 ipsum
1573 3094 1870 3165 principale
1923 3093 2161 3149 hominis

565 3188 804 3259 Spiritus
831 3187 1029 3244 divina:
1079 3188 1406 3260 cognitionis
1463 3189 1781 3258 illuminat;
1823 3204 1931 3260 quo
1980 3189 2160 3243 anima

562 3277 761 3334 donata
800 3279 1082 3336 charitatis
1107 3282 1334 3352 pignore
1355 3281 1612 3352 nuptiali,
1633 3281 1757 3336 lzeta
1802 3293 1965 3352 atque
1993 3297 2162 3338 ovans

563 3370 741 3426 dicit:
785 3371 857 3427 οε
904 3389 1074 3426 meum
1122 3372 1303 3440 aperui
1360 3382 1407 3427 et
1461 3372 1618 3427 eduxi
1670 3373 1912 3436 spiritum
1959 3372 2157 3442 (Psal.

2256 2264 2604 2336 Cognitionis,
2623 2277 2782 2334 quam
2808 2262 2912 2317 laeti
2922 2260 3048 2316 tiam
3063 2261 3240 2315 omnis
3251 2274 3536 2330 corporea:
3551 2259 3867 2330 voluptatis.

2331 2363 2386 2417 8.
2431 2371 2454 2397 θ
2491 2359 2827 2434 Unguentum
2854 2357 3174 2413 exinanitum
3215 2356 3296 2410 vel
3321 2356 3494 2410 oleant
3521 2353 3766 2422 effusum
3793 2370 3870 2408 no-

2259 2473 2373 2511 men
2398 2465 2570 2522 tuum;
2621 2458 2721 2509 hoc
2757 2461 2867 2518 est,
2921 2461 3065 2508 totus
3109 2450 3403 2506 immundis
3458 2448 3869 2520 impuritatibus

2259 2549 2599 2605 diversorum
2635 2546 2933 2602 facinorum
2967 2543 3170 2600 fetebat
3191 2543 3280 2598 hic
3301 2541 3566 2609 mundus,
3593 2555 3749 2597 nunc
3775 2541 3867 2612 spi-

2262 2653 2346 2700 rat
2374 2643 2573 2714 ubique
2603 2643 2848 2698 suavitas
2874 2639 3170 2711 ptldicitim,
3206 2646 3547 2709 unguentum
3596 2636 3755 2704 ﬁdei,
3784 2635 3866 2691 nos

2262 2737 2606 2809 integritatis.
2636 2735 2654 2774 ί
2691 2736 2906 2806 Aspirat
2929 2733 3094 2790 etiam
3122 2733 3172 2787 in
3207 2731 3392 2788 Verbo
3413 2731 3554 2788 odor
3587 2729 3786 2801 gratia:
3822 2739 3865 2787 et

2262 2832 2515 2891 remissio
2542 2841 2912 2904 peccatorum,
2934 2845 3052 2901 qua:
3073 2830 3124 2883 in
3159 2836 3329 2884 t0tum
3351 2826 3552 2883 diffusa
3585 2825 3863 2890 mundum,

2264 2926 2444 2981 omnia
2477 2935 2752 2995 tamquam
2805 2923 3083 2979 exinanito
3134 2920 3370 2993 replevit
3409 2931 3726 2992 unguento,
3757 2919 3862 2989 quia

2266 3037 2364 3092 per
2393 3021 2677 3075 universos
2706 3019 2888 3090 gravis
2941 3016 3160 3072 illuvies
3197 3015 3425 3071 detersa
3480 3015 3748 3069 vitiorum
3777 3022 3862 3068 est.

2267 3125 2293 3164 ε
2327 3115 2787 3182 llocnnguentnm
2819 3109 3168 3179 ,exinanitum
3216 3115 3302 3163 est
3323 3121 3492 3177 supra
3536 3104 3784 3167 Judteos.
3812 3112 3856 3158 et

2265 3210 2553 3267 collectum
2586 3214 2670 3262 est
2695 3203 3013 3277 agentibus:
3048 3200 3386 3258 exinanitum
3411 3199 3698 3265 inJudma,
3723 3206 3774 3252 et
3795 3211 3863 3251 re

2265 3303 2438 3358 doluit
2487 3301 2540 3356 in
2569 3300 2824 3355 omnibus
2859 3297 3040 3352 terris.
3092 3295 3205 3349 lloc
3257 3300 3542 3363 unguento
3579 3299 3747 3344 uncta
3797 3297 3862 3343 est

2267 3396 2454 3461 Maria,
2485 3404 2541 3450 et
2571 3394 2737 3465 Virgo
2759 3393 3031 3463 concepit,
3068 3389 3232 3461 Virgo
3263 3388 3477 3460 peperit
3503 3386 3717 3441 bonum
3746 3385 3860 3438 odo-

558 3464 931 3572 “V'liﬁwll'
966 3463 1221 3520 osculum
1253 3474 1337 3520 θεῖ
1365 3465 1510 3520 “im
1553 3481 1662 3536 q“°
1715 3466 1944 3522 invicem
1975 3481 2161 3521 “man‘
2187 3506 2234 3572 ς
2266 3505 2381 3546 rem
2413 3489 2506 3544 Dei
2539 3463 2732 3543 Filium
2763 3505 2776 3541 :
2822 3486 2924 3541 hoc
2954 3492 3285 3555 unguentum
3313 3481 3550 3538 effusum
3602 3489 3688 3535 est
3720 3491 3861 3548 super

560 3567 650 3624 tes
680 3558 782 3614 sibi
812 3559 1124 3631 adhaerent,
1157 3570 1210 3616 et
1239 3562 1388 3616 velut
1430 3562 1616 3631 gratiae
1647 3563 1922 3618 interioris
1978 3564 2161 3618 suavi-

572 3659 684 3708 tate
716 3652 1017 3722 potiuntur.
1057 3653 1161 3709 Per
1189 3653 1292 3709 hoc
1321 3654 1561 3710 osculum
1590 3654 1832 3710 adlucret
1862 3656 2042 3710 anima
2067 3655 2162 3711 Dei

577 3742 760 3798 Verbo
783 3783 800 3810 ,
840 3743 983 3815 quod
1011 3744 1114 3800 sibi
1144 3745 1366 3816 spiritus
1397 3745 1794 3801 transfunditur
1819 3748 2115 3802 osculantis
2151 3765 2162 3800 :

563 3837 700 3892 sicut
729 3839 893 3893 etiam
927 3839 980 3893 hi
1006 3839 1181 3910 quise
1206 3839 1527 3896 osculantur
1551 3882 1566 3907 ,
1599 3855 1706 3896 non
1737 3849 1865 3897 sunt
1897 3842 2164 3898 labiormn

567 3930 940 3999 prmlibatione
970 3932 1248 3997 contenti,
1284 3932 1380 3990 sed
1406 3933 1657 4005 spiritum
1701 3949 1857 3991 suum
1886 3935 1990 3990 sibi
2023 3934 2166 3991 invi-

574 4037 694 4079 cem
727 4017 980 4100 νίιψηυτ
1019 4025 1328 4082 infundere.

646 4140 859 4215 1549
879 4139 968 4198 6.1’
1025 4141 1301 4198 Osculetur
1324 4159 1404 4198 me
1431 4142 1494 4198 ab
1518 4143 1707 4198 osculis
1735 4142 1841 4198 oris
1867 4141 2071 4200 sui.Vis
2101 4142 2170 4198 ad

567 4233 846 4290 Christum
871 4236 1093 4306 aptare?
1117 4235 1258 4292 Nihil
1274 4236 1500 4306 gratius.
1529 4237 1619 4291 Vis
1639 4235 1706 4291 ad
1729 4237 1964 4292 animam
1997 4238 2170 4292 tuam?

565 4325 711 4383 Nihil
729 4327 1040 4398 jucundius.
1078 4327 1354 4384 Osculetur
1381 4347 1479 4397 me,
1514 4329 1663 4386 videt
1691 4339 1743 4385 te
1766 4329 2025 4386 mundum
2048 4345 2171 4387 esse

568 4420 640 4477 ab
659 4421 805 4476 omni
841 4429 1067 4492 peccato
1085 4465 1102 4491 ,
1135 4423 1260 4495 quia
1286 4422 1487 4479 delicta
1511 4422 1580 4480 de
1610 4431 1751 4478 terra
1775 4433 1932 4489 sunt;
1965 4422 2089 4478 ideo
2117 4429 2172 4480 te

571 4515 931 4572 sacramentis
956 4517 1271 4574 etelestibus
1293 4517 1518 4588 dignum
1546 4515 1776 4586 judicat,
1804 4524 1862 4572 et
1885 4515 2009 4572 ideo
2035 4514 2172 4570 invi-

571 4617 650 4664 tat
673 4610 740 4664 ad
768 4609 998 4668 caeleste
1025 4610 1375 4676 convivium;
1408 4616 1468 4665 ut
1515 4607 1790 4664 Osculatur
1817 4617 1864 4662 te
1891 4609 1957 4662 ab
1982 4607 2173 4663 osculis

568 4703 678 4757 oris
706 4704 808 4759 sui.
857 4703 1062 4761 Tamen
1115 4713 1341 4777 propter
1373 4704 1689 4775 sequentia,
1732 4703 1912 4757 anima
1943 4710 2056 4767 tua,
2086 4700 2172 4756 vel

570 4793 804 4851 humana
831 4797 1096 4864 coitditio,
1129 4797 1214 4852 vel
1263 4796 1509 4854 Ecclesia
1554 4795 1692 4852 vidit
1716 4810 1777 4852 se
1803 4795 1873 4850 ab
1920 4793 2173 4851 omnibus

2271 3599 2461 3655 aquas,
2487 3590 2545 3638 et
2572 3581 2938 3637 sanetilicavit
2983 3594 3151 3650 aquas
3187 3595 3201 3634 :
3253 3577 3360 3633 hoc
3407 3584 3697 3646 unguento
3734 3571 3861 3628 uncti

2267 3690 2393 3735 Sttltl
2419 3689 2528 3734 tres
2560 3677 2733 3748 pueri,
2761 3685 2816 3731 et
2838 3679 3120 3729 humorem
3152 3671 3238 3728 bis
3267 3671 3486 3726 flamma
3523 3667 3858 3731 roravit;boc

2269 3785 2546 3845 unguento
2579 3771 2762 3826 Daniel
2793 3781 2990 3826 unctus
3018 3777 3100 3824 est
3120 3810 3135 3835 ,
3159 3778 3214 3824 et
3240 3767 3460 3822 leonum
3497 3778 3598 3820 ora
3631 3762 3858 3822 mollivit,

2271 3867 2649 3937 feritatemque
2671 3863 2974 3936 permulsit.
3003 3863 3150 3919 Fluit
3177 3861 3280 3917 hoc
3327 3866 3670 3931 unguentum
3697 3857 3855 3927 quoti-

2270 3962 2381 4030 die,
2412 3971 2468 4019 et
2494 3976 2784 4031 numquam
2813 3957 3014 4014 deficit.
3051 3955 3248 4026 Accipe
3265 3969 3363 4010 vas
3391 3963 3570 4019 tuum,
3605 3951 3789 4021 virgo,
3815 3957 3856 4002 et

2271 4055 2492 4124 accede,
2516 4065 2576 4109 ut
2603 4055 2780 4126 possis
2816 4053 2922 4109 hoc
2950 4059 3227 4122 unguento
3258 4048 3458 4120 repleri
3498 4065 3512 4104 :
3541 4047 3729 4116 accipe
3773 4059 3852 4097 un-

2271 4160 2529 4223 guentum
2585 4149 2908 4204 mstimatum
2967 4145 3226 4202 trecentis
3272 4141 3537 4208 denariis,
3571 4140 3666 4196 sed
3707 4136 3853 4210 gratis

2271 4242 2480 4309 datum,
2524 4257 2634 4298 non
2668 4239 2990 4306 venditum,
3043 4248 3101 4294 ut
3148 4251 3341 4293 omnes
3372 4234 3643 4290 haberent
3687 4230 3849 4304 gratis.

2272 4338 2464 4410 Virgo,
2489 4353 2712 4409 ungere;
2748 4336 2858 4392 noli
2887 4333 3197 4392 contristari
3227 4333 3368 4388 sicut
3387 4329 3558 4387 Judas
3577 4371 3593 4394 ,
3625 4329 3741 4400 quia
3771 4326 3851 4381 hoc

2273 4442 2609 4503 unguentum
2640 4429 2959 4498 effunditur,
2991 4428 3087 4485 sed
3113 4427 3389 4499 eonsepeli
3413 4425 3466 4483 in
3494 4435 3552 4481 te
3575 4423 3849 4481 Christum:

2279 4526 2475 4583 claude
2503 4527 2747 4597 sanejvas
2775 4535 2947 4591 tuum,
2969 4538 3037 4579 ne
3063 4530 3396 4595 unguentum
3428 4519 3616 4577 efﬂuat
3648 4516 3850 4574 :elaude

2278 4619 2608 4692 integritatis
2653 4619 2828 4685 clave,
2863 4617 3117 4690 loquendi
3149 4613 3476 4672 verecundia
3504 4655 3520 4678 ,
3554 4609 3847 4667 abstinentia

2276 4715 2574 4788 gloriandi;
2603 4714 2708 4770 hoc
2737 4728 2860 4785 quae
2901 4712 3063 4768 habet
3088 4719 3446 4782 unguentum,
3495 4705 3759 4763 Christum
3783 4715 3850 4758 re.

2275 4809 2405 4882 cipit
2434 4827 2447 4864 :
2486 4808 2812 4880 Unguentum
2835 4805 3154 4862 exinanitum
3174 4820 3360 4859 nomen
3388 4814 3558 4857 tuum.

571 4886 884 4944 mundatam
905 4901 1030 4944 esse
1060 4889 1326 4976 peccatis,
1358 4888 1578 4960 dignam
1624 4903 1748 4959 qua:
1779 4887 1844 4942 ad
1875 4886 2046 4942 altare
2076 4884 2152 4941 De

2349 4907 2406 4964 9.
2446 4905 2628 4976 (Vers.
2658 4903 2742 4976 2.)
2774 4900 2803 4940 ιι
2834 4901 3120 4971 PrOpterea
3160 4898 3564 4954 adolescentuli:
3592 4899 3845 4955 dilexerunt

573 4982 744 5055 possit
772 4981 1053 5039 accedere.
1111 4974 1250 5051 Quid
1291 4991 1377 5038 est
1414 4983 1556 5038 enim
1606 4983 1799 5048 altare,
1847 4981 1948 5036 nisi
1996 4977 2171 5034 forma

571 5077 822 5148 corporis
845 5073 1094 5132 Christi?
1123 5075 1267 5131 Vidit
1293 5085 1635 5132 sacramenta
1657 5075 1951 5143 mirabilia,
1971 5084 2023 5132 et
2051 5073 2130 5129 ait
2155 5091 2170 5130 :

577 5171 860 5227 Osculetur
885 5185 965 5224 me
1003 5171 1068 5224 ab
1111 5171 1302 5226 osculis
1340 5171 1445 5226 oris
1472 5171 1598 5236 sui;
1653 5172 1754 5226 hoc
1783 5179 1897 5237 est,
1931 5169 2176 5226 osculum

574 5265 713 5324 mihi
742 5265 995 5321 Christus
1024 5264 1230 5334 inligat.
1269 5265 1494 5334 Quare?
1522 5265 1646 5337 quia
1677 5281 1691 5318 :

647 5383 702 5437 7.
745 5377 972 5435 Meliora
1021 5378 1179 5434 ubera
1222 5389 1310 5433 tua
1334 5395 1488 5451 super
1516 5381 1722 5448 vinum,
1759 5379 1862 5437 hoc
1901 5387 2016 5447 est,
2069 5393 2178 5435 me-

578 5476 745 5534 liores
766 5487 984 5542 sensus,
1019 5473 1244 5530 meliora
1284 5484 1370 5529 tna
1393 5484 1739 5532 sacramenta
1779 5489 1947 5546 super
1970 5475 2179 5541 vinum,

580 5581 746 5642 super
766 5567 896 5626 illud
925 5567 1109 5623 vinum
1139 5567 1285 5638 quod
1315 5569 1417 5624 etsi
1457 5569 1780 5627 suavitatem
1805 5568 1998 5636 habet,
2044 5568 2183 5625 lasti-

657 5739 684 5769 ι
722 5727 845 5786 Lib.
873 5726 942 5784 de
971 5725 1140 5799 Isaac,
1169 5740 1289 5799 cap.
1322 5727 1378 5783 5.

655 5799 686 5842 δ
709 5801 836 5877 Lib.
864 5799 985 5877 v_de
1006 5797 1254 5877 sacram.
1289 5798 1498 5877 capi}.

659 5883 684 5913 ο
709 5870 767 5930 1η
797 5871 940 5943 psal.
966 5870 1131 5928 cx'vtn
1152 5870 1330 5927 Serm.
1356 5871 1413 5940 l,
1442 5885 1594 5927 num.
1627 5871 1681 5926 5.

657 5941 686 5981 ⁴¹
715 5945 832 6002 Lib.
856 5942 928 6002 de
952 5943 1124 6002 Isaac.
1147 5957 1269 6002 can.
1302 5943 1359 5999 5.

660 5960 686 5981 ἰ
715 5960 832 6002 Ltn.
856 5960 928 6002 ae
953 5960 1124 6015 Isaac,
1147 5960 1269 6014 cap.
1302 5960 1359 5999 ο.

660 6025 683 6052 ⁶
712 6015 768 6074 lii
799 6017 938 6088 psal.
963 6019 1127 6074 cxvm
1159 6018 1336 6073 Serm.
1372 6014 1427 6086 1,
1460 6007 1607 6072 ntim.
1643 6005 1697 6070 ii.

2283 5012 2349 5058 te.
2379 5002 2510 5069 Qua:
2539 5012 2662 5056 sunt
2694 5000 2811 5055 ista:
2835 4996 3278 5061 adolescentulte,
3312 4993 3417 5049 nisi
3468 4992 3659 5048 animze
3685 4994 3838 5063 singu-

2282 5097 2480 5162 lorum,
2504 5109 2623 5166 quas
2647 5092 3021 5162 deposuerunt
3050 5089 3206 5144 istius
3243 5086 3494 5157 corporis
3519 5093 3838 5147 senectutem,

2281 5199 2556 5247 renovata:
2584 5201 2684 5258 per
2713 5185 2974 5257 Spiritum
3012 5182 3294 5239 sanctum?
3330 5180 3340 5216 ί
3382 5179 3702 5252 Unguentum
3730 5176 3839 5245 ellu-

2285 5300 2403 5341 sum
2431 5297 2615 5338 nomen
2642 5291 2815 5344 tuum,
2849 5279 3003 5349 cujus
3024 5277 3231 5332 virtute
3251 5275 3521 5331 sermonis
3543 5274 3670 5329 nihil
3693 5281 3838 5346 potest

2289 5394 2413 5437 esse
2442 5375 2810 5449 praestantius.
2833 5372 2966 5428 Nam
2998 5371 3142 5427 sicut
3170 5369 3436 5425 inclusum
3468 5368 3520 5422 in
3547 5383 3668 5423 vase
3691 5367 3836 5435 aliqua

2289 5483 2619 5547 unguentum
2643 5468 2865 5526 cohibet
2889 5467 3114 5522 odorem
3146 5480 3326 5531 suum,
3355 5464 3444 5535 qui
3475 5462 3612 5519 odor
3630 5459 3834 5534 quamdiu

2292 5567 2434 5623 vasis
2464 5565 2610 5621 illius
2637 5549 2899 5633 angustiis
2941 5569 3231 5617 coercetur
3253 5599 3268 5626 ,
3313 5556 3414 5614 etsi
3445 5557 3516 5612 ad
3561 5555 3720 5630 plures
3751 5567 3832 5609 non

2368 5723 2386 5762 ί
2422 5720 2543 5778 Lib.
2561 5718 2631 5774 de
2659 5717 2832 5783 lsaac,
2860 5729 2982 5785 cap.
3007 5715 3063 5771 5.

2365 5803 2390 5841 κ
2422 5791 2544 5850 Lib.
2573 5790 2642 5846 de
2664 5788 3006 5859 Virginitate,
3033 5785 3276 5859 capt”.

2369 5863 2398 5901 ιι
2425 5863 2541 5920 Lib.
2575 5877 2609 5916 v
2637 5861 2706 5916 de
2731 5856 2977 5917 Sacram.
3000 5872 3123 5930 cap.
3144 5856 3210 5930 ,2.

2375 5933 2388 5972 ί
2423 5935 2541 5992 Lib.
2567 5945 2584 5986 ι
2623 5931 2691 5990 de
2712 5931 2771 5988 S.
2806 5930 2954 6002 Spir.
2980 5944 3105 6001 cap.
3134 5929 3189 5984 8.

3954 3829 3958 4036 l
