  <div class='ocr_page' id='page_1' title='image "/cluster/home/n/w/nwhite01/storage/ocr_20150623/15/hvd.32044015471311/342.png"; bbox 0 0 4148 6362; ppageno 0'>
   <div class='ocr_carea' id='block_1_1' title="bbox 261 295 380 356">
    <p class='ocr_par' dir='ltr' id='par_1_1' title="bbox 261 295 380 356">
     <span class='ocr_line' id='line_1_1' title="bbox 261 295 380 356; baseline -0.05 0"><span class='ocrx_word' id='word_1_1' title='bbox 261 295 380 356; x_wconf 69' lang='grc'><strong>1857</strong></span> 
     </span>
    </p>
   </div>
   <div class='ocr_carea' id='block_1_2' title="bbox 1221 288 2554 352">
    <p class='ocr_par' dir='ltr' id='par_1_2' title="bbox 1221 288 2554 352">
     <span class='ocr_line' id='line_1_2' title="bbox 1221 288 2554 352; baseline -0.002 -4"><span class='ocrx_word' id='word_1_2' title='bbox 1221 291 1266 348; x_wconf 89' lang='grc' dir='ltr'><strong>Ε</strong></span> <span class='ocrx_word' id='word_1_3' title='bbox 1303 291 1616 351; x_wconf 76' lang='lat' dir='ltr'><strong>SCRIPTIS</strong></span> <span class='ocrx_word' id='word_1_4' title='bbox 1657 293 1716 352; x_wconf 91' lang='lat' dir='ltr'><strong>S.</strong></span> <span class='ocrx_word' id='word_1_5' title='bbox 1759 290 2088 350; x_wconf 75' lang='lat' dir='ltr'><strong>AMBllOSll</strong></span> <span class='ocrx_word' id='word_1_6' title='bbox 2125 288 2554 350; x_wconf 83' lang='lat' dir='ltr'><strong>COLLECTUS.</strong></span> 
     </span>
    </p>
   </div>
   <div class='ocr_carea' id='block_1_3' title="bbox 3395 290 3535 351">
    <p class='ocr_par' dir='ltr' id='par_1_3' title="bbox 3395 290 3535 351">
     <span class='ocr_line' id='line_1_3' title="bbox 3395 290 3535 351; baseline -0.007 0"><span class='ocrx_word' id='word_1_7' title='bbox 3395 290 3535 351; x_wconf 67' lang='lat' dir='ltr'><strong>i858</strong></span> 
     </span>
    </p>
   </div>
   <div class='ocr_carea' id='block_1_4' title="bbox 258 403 3536 482">
    <p class='ocr_par' dir='ltr' id='par_1_4' title="bbox 258 403 3536 482">
     <span class='ocr_line' id='line_1_4' title="bbox 258 403 3536 482; baseline -0.001 -17"><span class='ocrx_word' id='word_1_8' title='bbox 258 415 416 482; x_wconf 94' lang='lat' dir='ltr'><strong>potest</strong></span> <span class='ocrx_word' id='word_1_9' title='bbox 443 403 755 476; x_wconf 76' lang='lat' dir='ltr'><strong>pervenire,</strong></span> <span class='ocrx_word' id='word_1_10' title='bbox 782 412 963 462; x_wconf 90' lang='lat' dir='ltr'><strong>tamen</strong></span> <span class='ocrx_word' id='word_1_11' title='bbox 992 406 1098 462; x_wconf 93' lang='lat' dir='ltr'><strong>vim</strong></span> <span class='ocrx_word' id='word_1_12' title='bbox 1127 421 1281 464; x_wconf 90' lang='lat' dir='ltr'><strong>suam</strong></span> <span class='ocrx_word' id='word_1_13' title='bbox 1304 417 1522 465; x_wconf 87' lang='lat' dir='ltr'><strong>servat:</strong></span> <span class='ocrx_word' id='word_1_14' title='bbox 1547 424 1669 466; x_wconf 92' lang='lat' dir='ltr'><strong>cum</strong></span> <span class='ocrx_word' id='word_1_15' title='bbox 1702 422 1834 464; x_wconf 89' lang='lat' dir='ltr'><strong>vero</strong></span> <span class='ocrx_word' id='word_1_16' title='bbox 1860 414 1910 475; x_wconf 78' lang='grc' dir='ltr'>Α</span> <span class='ocrx_word' id='word_1_17' title='bbox 1937 406 2143 463; x_wconf 85' lang='lat' dir='ltr'><strong>debere</strong></span> <span class='ocrx_word' id='word_1_18' title='bbox 2170 406 2455 478; x_wconf 83' lang='lat' dir='ltr'><strong>intelligit,</strong></span> <span class='ocrx_word' id='word_1_19' title='bbox 2488 404 2766 462; x_wconf 80' lang='lat' dir='ltr'><strong>renuntiat</strong></span> <span class='ocrx_word' id='word_1_20' title='bbox 2791 403 3017 471; x_wconf 58' lang='lat' dir='ltr'><strong>saeculo,</strong></span> <span class='ocrx_word' id='word_1_21' title='bbox 3042 403 3255 462; x_wconf 89' lang='lat' dir='ltr'><strong>abducit</strong></span> <span class='ocrx_word' id='word_1_22' title='bbox 3279 419 3339 462; x_wconf 89' lang='lat' dir='ltr'><strong>se</strong></span> <span class='ocrx_word' id='word_1_23' title='bbox 3365 420 3394 460; x_wconf 89' lang='lat' dir='ltr'><strong>a</strong></span> <span class='ocrx_word' id='word_1_24' title='bbox 3419 407 3536 462; x_wconf 83' lang='lat' dir='ltr'><strong>vin-</strong></span> 
     </span>
    </p>
   </div>
   <div class='ocr_carea' id='block_1_5' title="bbox 257 499 1832 573">
    <p class='ocr_par' dir='ltr' id='par_1_5' title="bbox 257 499 1832 573">
     <span class='ocr_line' id='line_1_5' title="bbox 257 499 1832 573; baseline -0.001 -14"><span class='ocrx_word' id='word_1_25' title='bbox 257 503 318 559; x_wconf 90' lang='lat' dir='ltr'><strong>de</strong></span> <span class='ocrx_word' id='word_1_26' title='bbox 346 514 463 556; x_wconf 87' lang='lat' dir='ltr'><strong>vase</strong></span> <span class='ocrx_word' id='word_1_27' title='bbox 490 499 580 555; x_wconf 91' lang='lat' dir='ltr'><strong>illo</strong></span> <span class='ocrx_word' id='word_1_28' title='bbox 609 514 719 570; x_wconf 91' lang='lat' dir='ltr'><strong>quo</strong></span> <span class='ocrx_word' id='word_1_29' title='bbox 758 499 1116 557; x_wconf 82' lang='lat' dir='ltr'><strong>claudebatur</strong></span> <span class='ocrx_word' id='word_1_30' title='bbox 1137 511 1473 573; x_wconf 79' lang='lat' dir='ltr'><strong>unguentum</strong></span> <span class='ocrx_word' id='word_1_31' title='bbox 1501 502 1668 558; x_wconf 87' lang='lat' dir='ltr'><strong>fuerit</strong></span> <span class='ocrx_word' id='word_1_32' title='bbox 1698 501 1832 558; x_wconf 82' lang='lat' dir='ltr'><strong>ell‘u-</strong></span> 
     </span>
    </p>
   </div>
   <div class='ocr_carea' id='block_1_6' title="bbox 257 593 1835 666">
    <p class='ocr_par' dir='ltr' id='par_1_6' title="bbox 257 593 1835 666">
     <span class='ocr_line' id='line_1_6' title="bbox 257 593 1835 666; baseline -0.002 -12"><span class='ocrx_word' id='word_1_33' title='bbox 257 611 384 660; x_wconf 90' lang='lat' dir='ltr'><strong>sum,</strong></span> <span class='ocrx_word' id='word_1_34' title='bbox 412 593 569 664; x_wconf 90' lang='lat' dir='ltr'><strong>longe</strong></span> <span class='ocrx_word' id='word_1_35' title='bbox 595 593 812 666; x_wconf 80' lang='lat' dir='ltr'><strong>lateque</strong></span> <span class='ocrx_word' id='word_1_36' title='bbox 857 594 1115 651; x_wconf 72' lang='lat' dir='ltr'><strong>diffusum</strong></span> <span class='ocrx_word' id='word_1_37' title='bbox 1159 595 1356 652; x_wconf 88' lang='lat' dir='ltr'><strong>dicitur</strong></span> <span class='ocrx_word' id='word_1_38' title='bbox 1389 614 1402 651; x_wconf 91' lang='lat'><strong>:</strong></span> <span class='ocrx_word' id='word_1_39' title='bbox 1433 598 1504 651; x_wconf 89' lang='lat' dir='ltr'><strong>ita</strong></span> <span class='ocrx_word' id='word_1_40' title='bbox 1545 607 1600 653; x_wconf 88' lang='lat' dir='ltr'><strong>et</strong></span> <span class='ocrx_word' id='word_1_41' title='bbox 1629 595 1835 653; x_wconf 80' lang='lat' dir='ltr'><strong>Christi</strong></span> 
     </span>
    </p>
   </div>
   <div class='ocr_carea' id='block_1_7' title="bbox 259 685 1831 761">
    <p class='ocr_par' dir='ltr' id='par_1_7' title="bbox 259 685 1831 761">
     <span class='ocr_line' id='line_1_7' title="bbox 259 685 1831 761; baseline 0.001 -17"><span class='ocrx_word' id='word_1_42' title='bbox 259 693 574 744; x_wconf 89' lang='lat' dir='ltr'><strong>nomenaute</strong></span> <span class='ocrx_word' id='word_1_43' title='bbox 602 685 722 756; x_wconf 83' lang='lat' dir='ltr'><strong>ejus</strong></span> <span class='ocrx_word' id='word_1_44' title='bbox 749 686 1043 744; x_wconf 86' lang='lat' dir='ltr'><strong>adventum</strong></span> <span class='ocrx_word' id='word_1_45' title='bbox 1073 688 1124 742; x_wconf 91' lang='lat' dir='ltr'><strong>in</strong></span> <span class='ocrx_word' id='word_1_46' title='bbox 1156 688 1322 745; x_wconf 81' lang='lat' dir='ltr'><strong>Israel</strong></span> <span class='ocrx_word' id='word_1_47' title='bbox 1352 690 1575 760; x_wconf 90' lang='lat' dir='ltr'><strong>populo,</strong></span> <span class='ocrx_word' id='word_1_48' title='bbox 1597 689 1755 761; x_wconf 90' lang='lat' dir='ltr'><strong>quasi</strong></span> <span class='ocrx_word' id='word_1_49' title='bbox 1776 689 1831 745; x_wconf 91' lang='lat' dir='ltr'><strong>iu</strong></span> 
     </span>
    </p>
   </div>
   <div class='ocr_carea' id='block_1_8' title="bbox 256 778 1836 851">
    <p class='ocr_par' dir='ltr' id='par_1_8' title="bbox 256 778 1836 851">
     <span class='ocr_line' id='line_1_8' title="bbox 256 778 1836 851; baseline 0.001 -14"><span class='ocrx_word' id='word_1_50' title='bbox 256 795 371 837; x_wconf 82' lang='lat' dir='ltr'><strong>vase</strong></span> <span class='ocrx_word' id='word_1_51' title='bbox 397 778 576 851; x_wconf 90' lang='lat' dir='ltr'><strong>aliquo</strong></span> <span class='ocrx_word' id='word_1_52' title='bbox 595 778 908 837; x_wconf 73' lang='lat' dir='ltr'><strong>Judaeorum</strong></span> <span class='ocrx_word' id='word_1_53' title='bbox 931 783 1202 838; x_wconf 88' lang='lat' dir='ltr'><strong>mentibus</strong></span> <span class='ocrx_word' id='word_1_54' title='bbox 1228 782 1622 838; x_wconf 85' lang='lat' dir='ltr'><strong>claudebatur:</strong></span> <span class='ocrx_word' id='word_1_55' title='bbox 1658 780 1836 838; x_wconf 86' lang='lat' dir='ltr'><strong>Notus</strong></span> 
     </span>
    </p>
   </div>
   <div class='ocr_carea' id='block_1_9' title="bbox 257 870 1833 948">
    <p class='ocr_par' dir='ltr' id='par_1_9' title="bbox 257 870 1833 948">
     <span class='ocr_line' id='line_1_9' title="bbox 257 870 1833 948; baseline 0 -19"><span class='ocrx_word' id='word_1_56' title='bbox 257 875 383 930; x_wconf 90' lang='lat' dir='ltr'><strong>enim</strong></span> <span class='ocrx_word' id='word_1_57' title='bbox 405 872 457 926; x_wconf 91' lang='lat' dir='ltr'><strong>in</strong></span> <span class='ocrx_word' id='word_1_58' title='bbox 482 870 678 928; x_wconf 75' lang='lat' dir='ltr'><strong>ludam</strong></span> <span class='ocrx_word' id='word_1_59' title='bbox 715 870 879 938; x_wconf 89' lang='lat' dir='ltr'><strong>Deus,</strong></span> <span class='ocrx_word' id='word_1_60' title='bbox 909 874 967 928; x_wconf 87' lang='lat' dir='ltr'><strong>in</strong></span> <span class='ocrx_word' id='word_1_61' title='bbox 1003 873 1176 929; x_wconf 85' lang='lat' dir='ltr'><strong>Israel</strong></span> <span class='ocrx_word' id='word_1_62' title='bbox 1204 891 1446 948; x_wconf 87' lang='lat' dir='ltr'><strong>magnum</strong></span> <span class='ocrx_word' id='word_1_63' title='bbox 1489 891 1675 930; x_wconf 85' lang='lat' dir='ltr'><strong>nomen</strong></span> <span class='ocrx_word' id='word_1_64' title='bbox 1702 877 1833 945; x_wconf 89' lang='lat' dir='ltr'><strong>ejus.</strong></span> 
     </span>
    </p>
   </div>
   <div class='ocr_carea' id='block_1_10' title="bbox 256 965 1838 1041">
    <p class='ocr_par' dir='ltr' id='par_1_10' title="bbox 256 965 1838 1041">
     <span class='ocr_line' id='line_1_10' title="bbox 256 965 1838 1041; baseline 0.002 -21"><span class='ocrx_word' id='word_1_65' title='bbox 256 965 412 1041; x_wconf 87' lang='lat' dir='ltr'><strong>(Psal.</strong></span> <span class='ocrx_word' id='word_1_66' title='bbox 442 980 604 1034; x_wconf 76' lang='lat' dir='ltr'><strong>Lxxv,</strong></span> <span class='ocrx_word' id='word_1_67' title='bbox 633 967 699 1037; x_wconf 89' lang='grc' dir='ltr'><strong>ι).</strong></span> <span class='ocrx_word' id='word_1_68' title='bbox 727 965 839 1022; x_wconf 91' lang='lat' dir='ltr'><strong>Hoc</strong></span> <span class='ocrx_word' id='word_1_69' title='bbox 868 967 1049 1038; x_wconf 85' lang='lat' dir='ltr'><strong>itaque</strong></span> <span class='ocrx_word' id='word_1_70' title='bbox 1075 982 1270 1023; x_wconf 90' lang='lat' dir='ltr'><strong>nomen</strong></span> <span class='ocrx_word' id='word_1_71' title='bbox 1293 967 1437 1039; x_wconf 91' lang='lat' dir='ltr'><strong>quod</strong></span> <span class='ocrx_word' id='word_1_72' title='bbox 1464 982 1593 1023; x_wconf 90' lang='lat' dir='ltr'><strong>vasa</strong></span> <span class='ocrx_word' id='word_1_73' title='bbox 1621 966 1838 1023; x_wconf 67' lang='lat' dir='ltr'><strong>Iudaeo-</strong></span> 
     </span>
    </p>
   </div>
   <div class='ocr_carea' id='block_1_11' title="bbox 257 1060 1836 1133">
    <p class='ocr_par' dir='ltr' id='par_1_11' title="bbox 257 1060 1836 1133">
     <span class='ocr_line' id='line_1_11' title="bbox 257 1060 1836 1133; baseline -0.001 -15"><span class='ocrx_word' id='word_1_74' title='bbox 257 1079 361 1118; x_wconf 85' lang='lat' dir='ltr'><strong>rum</strong></span> <span class='ocrx_word' id='word_1_75' title='bbox 401 1060 668 1132; x_wconf 90' lang='lat' dir='ltr'><strong>angustiis</strong></span> <span class='ocrx_word' id='word_1_76' title='bbox 710 1062 823 1117; x_wconf 84' lang='lat' dir='ltr'><strong>suis</strong></span> <span class='ocrx_word' id='word_1_77' title='bbox 851 1061 1150 1118; x_wconf 89' lang='lat' dir='ltr'><strong>coercitum</strong></span> <span class='ocrx_word' id='word_1_78' title='bbox 1179 1061 1554 1118; x_wconf 87' lang='lat' dir='ltr'><strong>continebant.</strong></span> <span class='ocrx_word' id='word_1_79' title='bbox 1587 1060 1836 1133; x_wconf 85' lang='lat' dir='ltr'><strong>Magnum</strong></span> 
     </span>
    </p>
   </div>
   <div class='ocr_carea' id='block_1_12' title="bbox 255 1153 1838 1228">
    <p class='ocr_par' dir='ltr' id='par_1_12' title="bbox 255 1153 1838 1228">
     <span class='ocr_line' id='line_1_12' title="bbox 255 1153 1838 1228; baseline 0.001 -19"><span class='ocrx_word' id='word_1_80' title='bbox 255 1154 455 1228; x_wconf 88' lang='lat' dir='ltr'><strong>quidem</strong></span> <span class='ocrx_word' id='word_1_81' title='bbox 485 1163 540 1208; x_wconf 92' lang='lat' dir='ltr'><strong>et</strong></span> <span class='ocrx_word' id='word_1_82' title='bbox 569 1163 694 1210; x_wconf 91' lang='lat' dir='ltr'><strong>tunc</strong></span> <span class='ocrx_word' id='word_1_83' title='bbox 721 1169 944 1221; x_wconf 89' lang='lat' dir='ltr'><strong>nomen,</strong></span> <span class='ocrx_word' id='word_1_84' title='bbox 977 1170 1098 1210; x_wconf 92' lang='lat' dir='ltr'><strong>cum</strong></span> <span class='ocrx_word' id='word_1_85' title='bbox 1144 1153 1484 1210; x_wconf 86' lang='lat' dir='ltr'><strong>inﬁrmorum</strong></span> <span class='ocrx_word' id='word_1_86' title='bbox 1512 1163 1680 1226; x_wconf 90' lang='lat' dir='ltr'><strong>atque</strong></span> <span class='ocrx_word' id='word_1_87' title='bbox 1706 1169 1838 1225; x_wconf 87' lang='lat' dir='ltr'><strong>pau-</strong></span> 
     </span>
    </p>
   </div>
   <div class='ocr_carea' id='block_1_13' title="bbox 255 1247 1840 1320">
    <p class='ocr_par' dir='ltr' id='par_1_13' title="bbox 255 1247 1840 1320">
     <span class='ocr_line' id='line_1_13' title="bbox 255 1247 1840 1320; baseline -0.003 -14"><span class='ocrx_word' id='word_1_88' title='bbox 255 1263 424 1306; x_wconf 89' lang='lat' dir='ltr'><strong>corum</strong></span> <span class='ocrx_word' id='word_1_89' title='bbox 450 1248 684 1303; x_wconf 81' lang='lat' dir='ltr'><strong>haereret</strong></span> <span class='ocrx_word' id='word_1_90' title='bbox 706 1248 989 1320; x_wconf 87' lang='lat' dir='ltr'><strong>angustiis,</strong></span> <span class='ocrx_word' id='word_1_91' title='bbox 1020 1247 1116 1304; x_wconf 91' lang='lat' dir='ltr'><strong>sed</strong></span> <span class='ocrx_word' id='word_1_92' title='bbox 1143 1247 1572 1319; x_wconf 79' lang='lat' dir='ltr'><strong>magnitudinem</strong></span> <span class='ocrx_word' id='word_1_93' title='bbox 1593 1248 1677 1303; x_wconf 91' lang='lat' dir='ltr'><strong>sui</strong></span> <span class='ocrx_word' id='word_1_94' title='bbox 1701 1262 1840 1304; x_wconf 92' lang='lat' dir='ltr'><strong>non-</strong></span> 
     </span>
    </p>
   </div>
   <div class='ocr_carea' id='block_1_14' title="bbox 254 1340 1838 1412">
    <p class='ocr_par' dir='ltr' id='par_1_14' title="bbox 254 1340 1838 1412">
     <span class='ocr_line' id='line_1_14' title="bbox 254 1340 1838 1412; baseline -0.003 -12"><span class='ocrx_word' id='word_1_95' title='bbox 254 1343 368 1400; x_wconf 91' lang='lat' dir='ltr'><strong>dum</strong></span> <span class='ocrx_word' id='word_1_96' title='bbox 401 1357 500 1412; x_wconf 88' lang='lat' dir='ltr'><strong>per</strong></span> <span class='ocrx_word' id='word_1_97' title='bbox 527 1343 694 1398; x_wconf 89' lang='lat' dir='ltr'><strong>corda</strong></span> <span class='ocrx_word' id='word_1_98' title='bbox 729 1342 970 1412; x_wconf 87' lang='lat' dir='ltr'><strong>gentium</strong></span> <span class='ocrx_word' id='word_1_99' title='bbox 998 1342 1128 1398; x_wconf 91' lang='lat' dir='ltr'><strong>etin</strong></span> <span class='ocrx_word' id='word_1_100' title='bbox 1159 1341 1294 1398; x_wconf 89' lang='lat' dir='ltr'><strong>ﬁnes</strong></span> <span class='ocrx_word' id='word_1_101' title='bbox 1319 1341 1486 1397; x_wconf 78' lang='lat' dir='ltr'><strong>totius</strong></span> <span class='ocrx_word' id='word_1_102' title='bbox 1517 1341 1666 1398; x_wconf 89' lang='lat' dir='ltr'><strong>orbis</strong></span> <span class='ocrx_word' id='word_1_103' title='bbox 1698 1340 1838 1396; x_wconf 69' lang='grc' dir='ltr'><strong>εσυ-</strong></span> 
     </span>
    </p>
   </div>
   <div class='ocr_carea' id='block_1_15' title="bbox 252 1435 1840 1510">
    <p class='ocr_par' dir='ltr' id='par_1_15' title="bbox 252 1435 1840 1510">
     <span class='ocr_line' id='line_1_15' title="bbox 252 1435 1840 1510; baseline -0.001 -16"><span class='ocrx_word' id='word_1_104' title='bbox 252 1437 432 1494; x_wconf 86' lang='lat' dir='ltr'><strong>derat:</strong></span> <span class='ocrx_word' id='word_1_105' title='bbox 468 1437 683 1510; x_wconf 79' lang='lat'><strong>1550</strong></span> <span class='ocrx_word' id='word_1_106' title='bbox 711 1445 993 1508; x_wconf 88' lang='lat' dir='ltr'><strong>postquam</strong></span> <span class='ocrx_word' id='word_1_107' title='bbox 1035 1452 1164 1493; x_wconf 90' lang='lat' dir='ltr'><strong>vero</strong></span> <span class='ocrx_word' id='word_1_108' title='bbox 1197 1452 1293 1506; x_wconf 88' lang='lat' dir='ltr'><strong>per</strong></span> <span class='ocrx_word' id='word_1_109' title='bbox 1323 1451 1540 1492; x_wconf 90' lang='lat' dir='ltr'><strong>omnem</strong></span> <span class='ocrx_word' id='word_1_110' title='bbox 1575 1435 1840 1492; x_wconf 90' lang='lat' dir='ltr'><strong>mundum</strong></span> 
     </span>
    </p>
   </div>
   <div class='ocr_carea' id='block_1_16' title="bbox 252 1529 1838 1601">
    <p class='ocr_par' dir='ltr' id='par_1_16' title="bbox 252 1529 1838 1601">
     <span class='ocr_line' id='line_1_16' title="bbox 252 1529 1838 1601; baseline -0.001 -15"><span class='ocrx_word' id='word_1_111' title='bbox 252 1529 546 1587; x_wconf 81' lang='lat' dir='ltr'><strong>suoilluxit</strong></span> <span class='ocrx_word' id='word_1_112' title='bbox 573 1529 842 1596; x_wconf 89' lang='lat' dir='ltr'><strong>adventu,</strong></span> <span class='ocrx_word' id='word_1_113' title='bbox 892 1544 989 1601; x_wconf 90' lang='lat' dir='ltr'><strong>per</strong></span> <span class='ocrx_word' id='word_1_114' title='bbox 1028 1544 1248 1586; x_wconf 89' lang='lat' dir='ltr'><strong>omnem</strong></span> <span class='ocrx_word' id='word_1_115' title='bbox 1300 1530 1488 1600; x_wconf 86' lang='lat' dir='ltr'><strong>utique</strong></span> <span class='ocrx_word' id='word_1_116' title='bbox 1528 1536 1838 1584; x_wconf 87' lang='lat' dir='ltr'><strong>creaturam</strong></span> 
     </span>
    </p>
   </div>
   <div class='ocr_carea' id='block_1_17' title="bbox 253 1621 1838 1692">
    <p class='ocr_par' dir='ltr' id='par_1_17' title="bbox 253 1621 1838 1692">
     <span class='ocr_line' id='line_1_17' title="bbox 253 1621 1838 1692; baseline -0.001 -13"><span class='ocrx_word' id='word_1_117' title='bbox 253 1623 482 1680; x_wconf 91' lang='lat' dir='ltr'><strong>divinum</strong></span> <span class='ocrx_word' id='word_1_118' title='bbox 514 1621 644 1678; x_wconf 91' lang='lat' dir='ltr'><strong>illud</strong></span> <span class='ocrx_word' id='word_1_119' title='bbox 670 1637 827 1679; x_wconf 88' lang='lat' dir='ltr'><strong>suum</strong></span> <span class='ocrx_word' id='word_1_120' title='bbox 854 1637 1056 1678; x_wconf 91' lang='lat' dir='ltr'><strong>nomen</strong></span> <span class='ocrx_word' id='word_1_121' title='bbox 1087 1622 1360 1690; x_wconf 78' lang='lat' dir='ltr'><strong>extendit,</strong></span> <span class='ocrx_word' id='word_1_122' title='bbox 1412 1637 1520 1678; x_wconf 92' lang='lat' dir='ltr'><strong>non</strong></span> <span class='ocrx_word' id='word_1_123' title='bbox 1566 1621 1838 1692; x_wconf 89' lang='lat' dir='ltr'><strong>repletum</strong></span> 
     </span>
    </p>
   </div>
   <div class='ocr_carea' id='block_1_18' title="bbox 252 1716 1837 1789">
    <p class='ocr_par' dir='ltr' id='par_1_18' title="bbox 252 1716 1837 1789">
     <span class='ocr_line' id='line_1_18' title="bbox 252 1716 1837 1789; baseline -0.001 -15"><span class='ocrx_word' id='word_1_124' title='bbox 252 1718 557 1776; x_wconf 88' lang='lat' dir='ltr'><strong>accessione</strong></span> <span class='ocrx_word' id='word_1_125' title='bbox 573 1716 776 1788; x_wconf 90' lang='lat' dir='ltr'><strong>aliqua,</strong></span> <span class='ocrx_word' id='word_1_126' title='bbox 805 1717 1086 1789; x_wconf 85' lang='lat' dir='ltr'><strong>plenitudo</strong></span> <span class='ocrx_word' id='word_1_127' title='bbox 1103 1719 1248 1773; x_wconf 91' lang='lat' dir='ltr'><strong>enim</strong></span> <span class='ocrx_word' id='word_1_128' title='bbox 1266 1718 1443 1773; x_wconf 90' lang='lat' dir='ltr'><strong>nescit</strong></span> <span class='ocrx_word' id='word_1_129' title='bbox 1464 1726 1837 1788; x_wconf 74' lang='lat' dir='ltr'><strong>augmentum;</strong></span> 
     </span>
    </p>
   </div>
   <div class='ocr_carea' id='block_1_19' title="bbox 1937 497 3537 568">
    <p class='ocr_par' dir='ltr' id='par_1_19' title="bbox 1937 497 3537 568">
     <span class='ocr_line' id='line_1_19' title="bbox 1937 497 3537 568; baseline -0.001 -14"><span class='ocrx_word' id='word_1_130' title='bbox 1937 499 2073 554; x_wconf 88' lang='lat' dir='ltr'><strong>culis</strong></span> <span class='ocrx_word' id='word_1_131' title='bbox 2104 498 2318 565; x_wconf 89' lang='lat' dir='ltr'><strong>carnis,</strong></span> <span class='ocrx_word' id='word_1_132' title='bbox 2365 505 2421 555; x_wconf 90' lang='lat' dir='ltr'><strong>et</strong></span> <span class='ocrx_word' id='word_1_133' title='bbox 2448 498 2599 554; x_wconf 79' lang='lat' dir='ltr'><strong>exuit</strong></span> <span class='ocrx_word' id='word_1_134' title='bbox 2628 497 2884 554; x_wconf 90' lang='lat' dir='ltr'><strong>omnibus</strong></span> <span class='ocrx_word' id='word_1_135' title='bbox 2924 497 3261 568; x_wconf 81' lang='lat' dir='ltr'><strong>voluptatum</strong></span> <span class='ocrx_word' id='word_1_136' title='bbox 3286 498 3537 568; x_wconf 34' lang='lat' dir='ltr'><strong>glslarum</strong></span> 
     </span>
    </p>
   </div>
   <div class='ocr_carea' id='block_1_20' title="bbox 1938 590 3540 663">
    <p class='ocr_par' dir='ltr' id='par_1_20' title="bbox 1938 590 3540 663">
     <span class='ocr_line' id='line_1_20' title="bbox 1938 590 3540 663; baseline 0 -17"><span class='ocrx_word' id='word_1_137' title='bbox 1938 592 2186 647; x_wconf 81' lang='lat' dir='ltr'><strong>nexibus.</strong></span> <span class='ocrx_word' id='word_1_138' title='bbox 2223 591 2466 662; x_wconf 89' lang='lat' dir='ltr'><strong>Denique</strong></span> <span class='ocrx_word' id='word_1_139' title='bbox 2491 591 2799 663; x_wconf 88' lang='lat' dir='ltr'><strong>Stephanus</strong></span> <span class='ocrx_word' id='word_1_140' title='bbox 2828 590 3012 648; x_wconf 85' lang='lat' dir='ltr'><strong>Jesum</strong></span> <span class='ocrx_word' id='word_1_141' title='bbox 3041 590 3298 660; x_wconf 86' lang='lat' dir='ltr'><strong>videbat,</strong></span> <span class='ocrx_word' id='word_1_142' title='bbox 3330 599 3386 648; x_wconf 90' lang='lat' dir='ltr'><strong>et</strong></span> <span class='ocrx_word' id='word_1_143' title='bbox 3406 591 3540 662; x_wconf 90' lang='lat' dir='ltr'><strong>lapi-</strong></span> 
     </span>
    </p>
   </div>
   <div class='ocr_carea' id='block_1_21' title="bbox 1937 685 3540 758">
    <p class='ocr_par' dir='ltr' id='par_1_21' title="bbox 1937 685 3540 758">
     <span class='ocr_line' id='line_1_21' title="bbox 1937 685 3540 758; baseline -0.001 -16"><span class='ocrx_word' id='word_1_144' title='bbox 1937 685 2054 742; x_wconf 85' lang='lat' dir='ltr'><strong>dari</strong></span> <span class='ocrx_word' id='word_1_145' title='bbox 2093 702 2201 742; x_wconf 89' lang='lat' dir='ltr'><strong>non</strong></span> <span class='ocrx_word' id='word_1_146' title='bbox 2252 686 2608 754; x_wconf 76' lang='lat' dir='ltr'><strong>formidabat;</strong></span> <span class='ocrx_word' id='word_1_147' title='bbox 2655 685 2826 744; x_wconf 88' lang='lat' dir='ltr'><strong>immo</strong></span> <span class='ocrx_word' id='word_1_148' title='bbox 2852 701 2975 744; x_wconf 89' lang='lat' dir='ltr'><strong>cum</strong></span> <span class='ocrx_word' id='word_1_149' title='bbox 3017 685 3374 758; x_wconf 88' lang='lat' dir='ltr'><strong>lapidaretur,</strong></span> <span class='ocrx_word' id='word_1_150' title='bbox 3431 701 3540 741; x_wconf 91' lang='lat' dir='ltr'><strong>non</strong></span> 
     </span>
    </p>
   </div>
   <div class='ocr_carea' id='block_1_22' title="bbox 1939 779 3540 853">
    <p class='ocr_par' dir='ltr' id='par_1_22' title="bbox 1939 779 3540 853">
     <span class='ocr_line' id='line_1_22' title="bbox 1939 779 3540 853; baseline -0.001 -17"><span class='ocrx_word' id='word_1_151' title='bbox 1939 797 2039 852; x_wconf 90' lang='lat' dir='ltr'><strong>pro</strong></span> <span class='ocrx_word' id='word_1_152' title='bbox 2065 796 2158 850; x_wconf 90' lang='lat' dir='ltr'><strong>se,</strong></span> <span class='ocrx_word' id='word_1_153' title='bbox 2185 780 2284 838; x_wconf 89' lang='lat' dir='ltr'><strong>sed</strong></span> <span class='ocrx_word' id='word_1_154' title='bbox 2318 796 2415 852; x_wconf 87' lang='lat' dir='ltr'><strong>pro</strong></span> <span class='ocrx_word' id='word_1_155' title='bbox 2453 780 2561 838; x_wconf 87' lang='lat' dir='ltr'><strong>illis</strong></span> <span class='ocrx_word' id='word_1_156' title='bbox 2591 797 2621 837; x_wconf 91' lang='lat' dir='ltr'><strong>a</strong></span> <span class='ocrx_word' id='word_1_157' title='bbox 2652 781 2851 853; x_wconf 87' lang='lat' dir='ltr'><strong>quibus</strong></span> <span class='ocrx_word' id='word_1_158' title='bbox 2877 780 3268 850; x_wconf 87' lang='lat' dir='ltr'><strong>perimebatur,</strong></span> <span class='ocrx_word' id='word_1_159' title='bbox 3293 779 3540 852; x_wconf 79' lang='lat' dir='ltr'><strong>rogabat.</strong></span> 
     </span>
    </p>
   </div>
   <div class='ocr_carea' id='block_1_23' title="bbox 1939 875 3541 948">
    <p class='ocr_par' dir='ltr' id='par_1_23' title="bbox 1939 875 3541 948">
     <span class='ocr_line' id='line_1_23' title="bbox 1939 875 3541 948; baseline 0 -17"><span class='ocrx_word' id='word_1_160' title='bbox 1939 875 2141 932; x_wconf 89' lang='lat' dir='ltr'><strong>Paulus</strong></span> <span class='ocrx_word' id='word_1_161' title='bbox 2170 891 2387 947; x_wconf 91' lang='lat' dir='ltr'><strong>quoque</strong></span> <span class='ocrx_word' id='word_1_162' title='bbox 2413 885 2601 947; x_wconf 89' lang='lat' dir='ltr'><strong>raptus</strong></span> <span class='ocrx_word' id='word_1_163' title='bbox 2631 891 2801 948; x_wconf 86' lang='lat' dir='ltr'><strong>usque</strong></span> <span class='ocrx_word' id='word_1_164' title='bbox 2827 875 2895 932; x_wconf 91' lang='lat' dir='ltr'><strong>ad</strong></span> <span class='ocrx_word' id='word_1_165' title='bbox 2920 875 3139 932; x_wconf 88' lang='lat' dir='ltr'><strong>tertium</strong></span> <span class='ocrx_word' id='word_1_166' title='bbox 3166 876 3385 943; x_wconf 71' lang='lat' dir='ltr'><strong>coelum,</strong></span> <span class='ocrx_word' id='word_1_167' title='bbox 3416 889 3541 931; x_wconf 90' lang='lat' dir='ltr'><strong>cum</strong></span> 
     </span>
    </p>
   </div>
   <div class='ocr_carea' id='block_1_24' title="bbox 1939 971 3540 1042">
    <p class='ocr_par' dir='ltr' id='par_1_24' title="bbox 1939 971 3540 1042">
     <span class='ocr_line' id='line_1_24' title="bbox 1939 971 3540 1042; baseline 0 -16"><span class='ocrx_word' id='word_1_168' title='bbox 1939 985 2172 1041; x_wconf 89' lang='lat' dir='ltr'><strong>corpore</strong></span> <span class='ocrx_word' id='word_1_169' title='bbox 2212 980 2361 1027; x_wconf 89' lang='lat' dir='ltr'><strong>esset</strong></span> <span class='ocrx_word' id='word_1_170' title='bbox 2406 972 2493 1027; x_wconf 88' lang='lat' dir='ltr'><strong>vel</strong></span> <span class='ocrx_word' id='word_1_171' title='bbox 2519 971 2639 1027; x_wconf 91' lang='lat' dir='ltr'><strong>sine</strong></span> <span class='ocrx_word' id='word_1_172' title='bbox 2669 985 2900 1041; x_wconf 90' lang='lat' dir='ltr'><strong>corpore</strong></span> <span class='ocrx_word' id='word_1_173' title='bbox 2949 971 3264 1037; x_wconf 89' lang='lat' dir='ltr'><strong>nesciebat,</strong></span> <span class='ocrx_word' id='word_1_174' title='bbox 3317 978 3540 1042; x_wconf 87' lang='lat' dir='ltr'><strong>raptus,</strong></span> 
     </span>
    </p>
   </div>
   <div class='ocr_carea' id='block_1_25' title="bbox 1940 1062 3543 1134">
    <p class='ocr_par' dir='ltr' id='par_1_25' title="bbox 1940 1062 3543 1134">
     <span class='ocr_line' id='line_1_25' title="bbox 1940 1062 3543 1134; baseline 0 -16"><span class='ocrx_word' id='word_1_175' title='bbox 1940 1062 2187 1133; x_wconf 88' lang='lat' dir='ltr'><strong>inquam,</strong></span> <span class='ocrx_word' id='word_1_176' title='bbox 2216 1062 2272 1117; x_wconf 90' lang='lat' dir='ltr'><strong>in</strong></span> <span class='ocrx_word' id='word_1_177' title='bbox 2305 1062 2652 1134; x_wconf 87' lang='lat' dir='ltr'><strong>paradisum,</strong></span> <span class='ocrx_word' id='word_1_178' title='bbox 2681 1079 2839 1120; x_wconf 92' lang='lat' dir='ltr'><strong>usum</strong></span> <span class='ocrx_word' id='word_1_179' title='bbox 2895 1063 3099 1134; x_wconf 90' lang='lat' dir='ltr'><strong>proprii</strong></span> <span class='ocrx_word' id='word_1_180' title='bbox 3118 1064 3230 1133; x_wconf 92' lang='lat' dir='ltr'><strong>jam</strong></span> <span class='ocrx_word' id='word_1_181' title='bbox 3277 1077 3386 1118; x_wconf 91' lang='lat' dir='ltr'><strong>nou</strong></span> <span class='ocrx_word' id='word_1_182' title='bbox 3418 1078 3543 1119; x_wconf 88' lang='lat' dir='ltr'><strong>scn-</strong></span> 
     </span>
    </p>
   </div>
   <div class='ocr_carea' id='block_1_26' title="bbox 1941 1153 3544 1227">
    <p class='ocr_par' dir='ltr' id='par_1_26' title="bbox 1941 1153 3544 1227">
     <span class='ocr_line' id='line_1_26' title="bbox 1941 1153 3544 1227; baseline 0.001 -18"><span class='ocrx_word' id='word_1_183' title='bbox 1941 1155 2111 1210; x_wconf 88' lang='lat' dir='ltr'><strong>tiebat</strong></span> <span class='ocrx_word' id='word_1_184' title='bbox 2137 1155 2405 1225; x_wconf 88' lang='lat' dir='ltr'><strong>corporis,</strong></span> <span class='ocrx_word' id='word_1_185' title='bbox 2458 1165 2514 1212; x_wconf 91' lang='lat' dir='ltr'><strong>et</strong></span> <span class='ocrx_word' id='word_1_186' title='bbox 2543 1155 2774 1212; x_wconf 89' lang='lat' dir='ltr'><strong>audiens</strong></span> <span class='ocrx_word' id='word_1_187' title='bbox 2800 1155 2965 1212; x_wconf 86' lang='lat' dir='ltr'><strong>verba</strong></span> <span class='ocrx_word' id='word_1_188' title='bbox 3009 1155 3104 1211; x_wconf 92' lang='lat' dir='ltr'><strong>Dei</strong></span> <span class='ocrx_word' id='word_1_189' title='bbox 3133 1197 3147 1220; x_wconf 91' lang='lat'><strong>,</strong></span> <span class='ocrx_word' id='word_1_190' title='bbox 3173 1154 3445 1227; x_wconf 90' lang='lat' dir='ltr'><strong>quomodo</strong></span> <span class='ocrx_word' id='word_1_191' title='bbox 3475 1153 3544 1211; x_wconf 87' lang='lat' dir='ltr'><strong>ad</strong></span> 
     </span>
    </p>
   </div>
   <div class='ocr_carea' id='block_1_27' title="bbox 1941 1248 3546 1319">
    <p class='ocr_par' dir='ltr' id='par_1_27' title="bbox 1941 1248 3546 1319">
     <span class='ocr_line' id='line_1_27' title="bbox 1941 1248 3546 1319; baseline 0.001 -16"><span class='ocrx_word' id='word_1_192' title='bbox 1941 1248 2191 1319; x_wconf 88' lang='lat' dir='ltr'><strong>corporis</strong></span> <span class='ocrx_word' id='word_1_193' title='bbox 2220 1248 2570 1305; x_wconf 84' lang='lat' dir='ltr'><strong>inﬁrmitates</strong></span> <span class='ocrx_word' id='word_1_194' title='bbox 2599 1249 2984 1318; x_wconf 91' lang='lat' dir='ltr'><strong>descenderet,</strong></span> <span class='ocrx_word' id='word_1_195' title='bbox 3017 1249 3396 1306; x_wconf 90' lang='lat' dir='ltr'><strong>erubescebat.</strong></span> <span class='ocrx_word' id='word_1_196' title='bbox 3438 1248 3546 1304; x_wconf 84' lang='lat' dir='ltr'><strong>Ita-</strong></span> 
     </span>
    </p>
   </div>
   <div class='ocr_carea' id='block_1_28' title="bbox 1942 1341 3538 1414">
    <p class='ocr_par' dir='ltr' id='par_1_28' title="bbox 1942 1341 3538 1414">
     <span class='ocr_line' id='line_1_28' title="bbox 1942 1341 3538 1414; baseline 0.002 -19"><span class='ocrx_word' id='word_1_197' title='bbox 1942 1357 2049 1412; x_wconf 89' lang='lat' dir='ltr'><strong>que</strong></span> <span class='ocrx_word' id='word_1_198' title='bbox 2073 1341 2253 1397; x_wconf 90' lang='lat' dir='ltr'><strong>sciens</strong></span> <span class='ocrx_word' id='word_1_199' title='bbox 2285 1341 2413 1412; x_wconf 89' lang='lat' dir='ltr'><strong>quid</strong></span> <span class='ocrx_word' id='word_1_200' title='bbox 2439 1341 2668 1398; x_wconf 86' lang='lat' dir='ltr'><strong>vidisset</strong></span> <span class='ocrx_word' id='word_1_201' title='bbox 2688 1341 2742 1397; x_wconf 90' lang='lat' dir='ltr'><strong>in</strong></span> <span class='ocrx_word' id='word_1_202' title='bbox 2765 1341 3043 1414; x_wconf 88' lang='lat' dir='ltr'><strong>paradiso,</strong></span> <span class='ocrx_word' id='word_1_203' title='bbox 3072 1342 3157 1399; x_wconf 89' lang='lat' dir='ltr'><strong>vel</strong></span> <span class='ocrx_word' id='word_1_204' title='bbox 3188 1342 3317 1414; x_wconf 92' lang='lat' dir='ltr'><strong>quid</strong></span> <span class='ocrx_word' id='word_1_205' title='bbox 3349 1343 3538 1398; x_wconf 88' lang='lat' dir='ltr'><strong>audis-</strong></span> 
     </span>
    </p>
   </div>
   <div class='ocr_carea' id='block_1_29' title="bbox 1942 1433 3547 1504">
    <p class='ocr_par' dir='ltr' id='par_1_29' title="bbox 1942 1433 3547 1504">
     <span class='ocr_line' id='line_1_29' title="bbox 1942 1433 3547 1504; baseline 0.002 -16"><span class='ocrx_word' id='word_1_206' title='bbox 1942 1443 2061 1501; x_wconf 90' lang='lat' dir='ltr'><strong>set,</strong></span> <span class='ocrx_word' id='word_1_207' title='bbox 2093 1433 2365 1489; x_wconf 89' lang='lat' dir='ltr'><strong>clamabat</strong></span> <span class='ocrx_word' id='word_1_208' title='bbox 2394 1435 2582 1491; x_wconf 91' lang='lat' dir='ltr'><strong>dicens</strong></span> <span class='ocrx_word' id='word_1_209' title='bbox 2615 1452 2628 1488; x_wconf 93' lang='lat'><strong>:</strong></span> <span class='ocrx_word' id='word_1_210' title='bbox 2667 1435 2810 1504; x_wconf 83' lang='lat' dir='ltr'><strong>Quid</strong></span> <span class='ocrx_word' id='word_1_211' title='bbox 2854 1434 3027 1490; x_wconf 83' lang='lat' dir='ltr'><strong>adhuc</strong></span> <span class='ocrx_word' id='word_1_212' title='bbox 3069 1436 3206 1490; x_wconf 84' lang='lat' dir='ltr'><strong>velut</strong></span> <span class='ocrx_word' id='word_1_213' title='bbox 3232 1435 3456 1491; x_wconf 77' lang='lat' dir='ltr'><strong>viventes</strong></span> <span class='ocrx_word' id='word_1_214' title='bbox 3481 1436 3547 1492; x_wconf 87' lang='lat' dir='ltr'><strong>de</strong></span> 
     </span>
    </p>
   </div>
   <div class='ocr_carea' id='block_1_30' title="bbox 1943 1528 3550 1605">
    <p class='ocr_par' dir='ltr' id='par_1_30' title="bbox 1943 1528 3550 1605">
     <span class='ocr_line' id='line_1_30' title="bbox 1943 1528 3550 1605; baseline 0.004 -24"><span class='ocrx_word' id='word_1_215' title='bbox 1943 1528 2041 1584; x_wconf 82' lang='lat' dir='ltr'><strong>hoc</strong></span> <span class='ocrx_word' id='word_1_216' title='bbox 2063 1530 2255 1585; x_wconf 87' lang='lat' dir='ltr'><strong>mundo</strong></span> <span class='ocrx_word' id='word_1_217' title='bbox 2284 1531 2558 1586; x_wconf 71' lang='lat' dir='ltr'><strong>decernitis</strong></span> <span class='ocrx_word' id='word_1_218' title='bbox 2579 1531 2606 1586; x_wconf 73' lang='lat'><strong><em>7</em></strong></span> <span class='ocrx_word' id='word_1_219' title='bbox 2641 1530 2729 1588; x_wconf 87' lang='lat' dir='ltr'><strong>Ne</strong></span> <span class='ocrx_word' id='word_1_220' title='bbox 2767 1533 3052 1605; x_wconf 83' lang='lat' dir='ltr'><strong>tetigeritis,</strong></span> <span class='ocrx_word' id='word_1_221' title='bbox 3083 1549 3145 1588; x_wconf 85' lang='lat' dir='ltr'><strong>ne</strong></span> <span class='ocrx_word' id='word_1_222' title='bbox 3167 1533 3550 1589; x_wconf 82' lang='lat' dir='ltr'><strong>attaminaveri-</strong></span> 
     </span>
    </p>
   </div>
   <div class='ocr_carea' id='block_1_31' title="bbox 1943 1621 3549 1697">
    <p class='ocr_par' dir='ltr' id='par_1_31' title="bbox 1943 1621 3549 1697">
     <span class='ocr_line' id='line_1_31' title="bbox 1943 1621 3549 1697; baseline 0.003 -22"><span class='ocrx_word' id='word_1_223' title='bbox 1943 1621 2010 1675; x_wconf 90' lang='lat' dir='ltr'><strong>tis</strong></span> <span class='ocrx_word' id='word_1_224' title='bbox 2030 1663 2044 1689; x_wconf 89' lang='lat'><strong>,</strong></span> <span class='ocrx_word' id='word_1_225' title='bbox 2073 1638 2135 1677; x_wconf 89' lang='lat' dir='ltr'><strong>ne</strong></span> <span class='ocrx_word' id='word_1_226' title='bbox 2181 1623 2508 1694; x_wconf 83' lang='lat' dir='ltr'><strong>gustaveritis</strong></span> <span class='ocrx_word' id='word_1_227' title='bbox 2532 1666 2547 1694; x_wconf 94' lang='lat'><strong>,</strong></span> <span class='ocrx_word' id='word_1_228' title='bbox 2595 1641 2714 1696; x_wconf 79' lang='lat' dir='ltr'><strong>qute</strong></span> <span class='ocrx_word' id='word_1_229' title='bbox 2737 1635 2857 1680; x_wconf 87' lang='lat' dir='ltr'><strong>sunt</strong></span> <span class='ocrx_word' id='word_1_230' title='bbox 2885 1626 3060 1680; x_wconf 81' lang='lat' dir='ltr'><strong>omnia</strong></span> <span class='ocrx_word' id='word_1_231' title='bbox 3103 1625 3173 1680; x_wconf 88' lang='lat' dir='ltr'><strong>ad</strong></span> <span class='ocrx_word' id='word_1_232' title='bbox 3199 1627 3549 1697; x_wconf 81' lang='lat' dir='ltr'><strong>corruptelam</strong></span> 
     </span>
    </p>
   </div>
   <div class='ocr_carea' id='block_1_32' title="bbox 1944 1715 3547 1791">
    <p class='ocr_par' dir='ltr' id='par_1_32' title="bbox 1944 1715 3547 1791">
     <span class='ocr_line' id='line_1_32' title="bbox 1944 1715 3547 1791; baseline 0.005 -22"><span class='ocrx_word' id='word_1_233' title='bbox 1944 1715 2060 1785; x_wconf 88' lang='lat' dir='ltr'><strong>ipso</strong></span> <span class='ocrx_word' id='word_1_234' title='bbox 2089 1732 2186 1771; x_wconf 87' lang='lat' dir='ltr'><strong>usu</strong></span> <span class='ocrx_word' id='word_1_235' title='bbox 2231 1715 2459 1790; x_wconf 83' lang='lat' dir='ltr'><strong>(Coloss.</strong></span> <span class='ocrx_word' id='word_1_236' title='bbox 2489 1733 2560 1785; x_wconf 89' lang='grc' dir='ltr'>ιι,</span> <span class='ocrx_word' id='word_1_237' title='bbox 2593 1718 2665 1774; x_wconf 71' lang='lat'><strong>20</strong></span> <span class='ocrx_word' id='word_1_238' title='bbox 2694 1727 2742 1774; x_wconf 90' lang='lat' dir='ltr'><strong>et</strong></span> <span class='ocrx_word' id='word_1_239' title='bbox 2770 1718 2889 1791; x_wconf 73' lang='grc'><strong>21).</strong></span> <span class='ocrx_word' id='word_1_240' title='bbox 2923 1718 3157 1776; x_wconf 82' lang='lat' dir='ltr'><strong>Volebat</strong></span> <span class='ocrx_word' id='word_1_241' title='bbox 3185 1721 3330 1775; x_wconf 88' lang='lat' dir='ltr'><strong>enim</strong></span> <span class='ocrx_word' id='word_1_242' title='bbox 3361 1734 3460 1776; x_wconf 89' lang='lat' dir='ltr'><strong>nos</strong></span> <span class='ocrx_word' id='word_1_243' title='bbox 3491 1719 3547 1777; x_wconf 85' lang='lat' dir='ltr'><strong>in</strong></span> 
     </span>
    </p>
   </div>
   <div class='ocr_carea' id='block_1_33' title="bbox 253 1806 3547 1904">
    <p class='ocr_par' dir='ltr' id='par_1_33' title="bbox 253 1806 3547 1904">
     <span class='ocr_line' id='line_1_33' title="bbox 253 1806 3547 1904; baseline 0.001 -37"><span class='ocrx_word' id='word_1_244' title='bbox 253 1811 339 1868; x_wconf 87' lang='lat' dir='ltr'><strong>sed</strong></span> <span class='ocrx_word' id='word_1_245' title='bbox 363 1811 582 1882; x_wconf 89' lang='lat' dir='ltr'><strong>replens</strong></span> <span class='ocrx_word' id='word_1_246' title='bbox 603 1826 796 1879; x_wconf 88' lang='lat' dir='ltr'><strong>vacua,</strong></span> <span class='ocrx_word' id='word_1_247' title='bbox 824 1819 882 1867; x_wconf 92' lang='lat' dir='ltr'><strong>ut</strong></span> <span class='ocrx_word' id='word_1_248' title='bbox 906 1819 1052 1867; x_wconf 90' lang='lat' dir='ltr'><strong>esset</strong></span> <span class='ocrx_word' id='word_1_249' title='bbox 1078 1810 1398 1866; x_wconf 85' lang='lat' dir='ltr'><strong>admirabile</strong></span> <span class='ocrx_word' id='word_1_250' title='bbox 1416 1825 1616 1866; x_wconf 90' lang='lat' dir='ltr'><strong>nomen</strong></span> <span class='ocrx_word' id='word_1_251' title='bbox 1641 1809 1762 1880; x_wconf 88' lang='lat' dir='ltr'><strong>ejus</strong></span> <span class='ocrx_word' id='word_1_252' title='bbox 1783 1811 1840 1866; x_wconf 90' lang='lat' dir='ltr'><strong>in</strong></span> <span class='ocrx_word' id='word_1_253' title='bbox 1870 1841 1920 1904; x_wconf 76' lang='grc' dir='ltr'>Β</span> <span class='ocrx_word' id='word_1_254' title='bbox 1946 1806 2117 1879; x_wconf 88' lang='lat' dir='ltr'><strong>ﬁgura</strong></span> <span class='ocrx_word' id='word_1_255' title='bbox 2147 1824 2270 1867; x_wconf 89' lang='lat' dir='ltr'><strong>esse</strong></span> <span class='ocrx_word' id='word_1_256' title='bbox 2291 1809 2446 1866; x_wconf 89' lang='lat' dir='ltr'><strong>istius</strong></span> <span class='ocrx_word' id='word_1_257' title='bbox 2471 1811 2696 1879; x_wconf 91' lang='lat' dir='ltr'><strong>mundi,</strong></span> <span class='ocrx_word' id='word_1_258' title='bbox 2721 1828 2828 1868; x_wconf 91' lang='lat' dir='ltr'><strong>non</strong></span> <span class='ocrx_word' id='word_1_259' title='bbox 2863 1814 3208 1882; x_wconf 87' lang='lat' dir='ltr'><strong>possessione</strong></span> <span class='ocrx_word' id='word_1_260' title='bbox 3236 1824 3398 1886; x_wconf 88' lang='lat' dir='ltr'><strong>atque</strong></span> <span class='ocrx_word' id='word_1_261' title='bbox 3427 1828 3547 1884; x_wconf 87' lang='lat' dir='ltr'><strong>usu,</strong></span> 
     </span>
    </p>
   </div>
   <div class='ocr_carea' id='block_1_34' title="bbox 254 1904 1847 1976">
    <p class='ocr_par' dir='ltr' id='par_1_34' title="bbox 254 1904 1847 1976">
     <span class='ocr_line' id='line_1_34' title="bbox 254 1904 1847 1976; baseline -0.001 -15"><span class='ocrx_word' id='word_1_262' title='bbox 254 1905 493 1961; x_wconf 87' lang='lat' dir='ltr'><strong>universa</strong></span> <span class='ocrx_word' id='word_1_263' title='bbox 522 1913 688 1961; x_wconf 88' lang='lat' dir='ltr'><strong>terra.</strong></span> <span class='ocrx_word' id='word_1_264' title='bbox 713 1904 887 1975; x_wconf 83' lang='lat' dir='ltr'><strong>Hujus</strong></span> <span class='ocrx_word' id='word_1_265' title='bbox 908 1904 1068 1976; x_wconf 77' lang='lat' dir='ltr'><strong>igitur</strong></span> <span class='ocrx_word' id='word_1_266' title='bbox 1090 1904 1283 1962; x_wconf 77' lang='lat' dir='ltr'><strong>effusio</strong></span> <span class='ocrx_word' id='word_1_267' title='bbox 1309 1905 1545 1962; x_wconf 89' lang='lat' dir='ltr'><strong>nominis</strong></span> <span class='ocrx_word' id='word_1_268' title='bbox 1567 1905 1847 1961; x_wconf 88' lang='lat' dir='ltr'><strong>abundan-</strong></span> 
     </span>
    </p>
   </div>
   <div class='ocr_carea' id='block_1_35' title="bbox 256 1998 1846 2070">
    <p class='ocr_par' dir='ltr' id='par_1_35' title="bbox 256 1998 1846 2070">
     <span class='ocr_line' id='line_1_35' title="bbox 256 1998 1846 2070; baseline 0.002 -18"><span class='ocrx_word' id='word_1_269' title='bbox 256 2007 351 2053; x_wconf 90' lang='lat' dir='ltr'><strong>tem</strong></span> <span class='ocrx_word' id='word_1_270' title='bbox 379 1998 677 2069; x_wconf 89' lang='lat' dir='ltr'><strong>quamdam</strong></span> <span class='ocrx_word' id='word_1_271' title='bbox 715 1998 1122 2054; x_wconf 78' lang='lat' dir='ltr'><strong>exuberantiam</strong></span> <span class='ocrx_word' id='word_1_272' title='bbox 1172 1999 1498 2070; x_wconf 80' lang='lat' dir='ltr'><strong>gratiarum,</strong></span> <span class='ocrx_word' id='word_1_273' title='bbox 1549 1999 1846 2056; x_wconf 89' lang='lat' dir='ltr'><strong>bonorum-</strong></span> 
     </span>
    </p>
   </div>
   <div class='ocr_carea' id='block_1_36' title="bbox 256 2091 1846 2164">
    <p class='ocr_par' dir='ltr' id='par_1_36' title="bbox 256 2091 1846 2164">
     <span class='ocr_line' id='line_1_36' title="bbox 256 2091 1846 2164; baseline 0.001 -17"><span class='ocrx_word' id='word_1_274' title='bbox 256 2107 352 2163; x_wconf 89' lang='lat' dir='ltr'><strong>que</strong></span> <span class='ocrx_word' id='word_1_275' title='bbox 378 2091 697 2149; x_wconf 70' lang='lat' dir='ltr'><strong>cmlestium</strong></span> <span class='ocrx_word' id='word_1_276' title='bbox 753 2092 1022 2164; x_wconf 87' lang='lat' dir='ltr'><strong>signiﬁcat</strong></span> <span class='ocrx_word' id='word_1_277' title='bbox 1075 2091 1404 2158; x_wconf 84' lang='lat' dir='ltr'><strong>ubertatem,</strong></span> <span class='ocrx_word' id='word_1_278' title='bbox 1445 2107 1516 2149; x_wconf 81' lang='lat' dir='ltr'><strong>ex</strong></span> <span class='ocrx_word' id='word_1_279' title='bbox 1547 2092 1846 2149; x_wconf 89' lang='lat' dir='ltr'><strong>abundanti</strong></span> 
     </span>
    </p>
   </div>
   <div class='ocr_carea' id='block_1_37' title="bbox 255 2181 1850 2256">
    <p class='ocr_par' dir='ltr' id='par_1_37' title="bbox 255 2181 1850 2256">
     <span class='ocr_line' id='line_1_37' title="bbox 255 2181 1850 2256; baseline -0.002 -14"><span class='ocrx_word' id='word_1_280' title='bbox 255 2185 386 2242; x_wconf 84' lang='lat' dir='ltr'><strong>enim</strong></span> <span class='ocrx_word' id='word_1_281' title='bbox 433 2183 727 2256; x_wconf 82' lang='lat' dir='ltr'><strong>superﬂuit</strong></span> <span class='ocrx_word' id='word_1_282' title='bbox 785 2183 1047 2255; x_wconf 90' lang='lat' dir='ltr'><strong>quidquid</strong></span> <span class='ocrx_word' id='word_1_283' title='bbox 1096 2182 1411 2239; x_wconf 85' lang='lat' dir='ltr'><strong>effunditur.</strong></span> <span class='ocrx_word' id='word_1_284' title='bbox 1445 2192 1472 2221; x_wconf 68' lang='grc' dir='ltr'><strong>ιι</strong></span> <span class='ocrx_word' id='word_1_285' title='bbox 1503 2181 1632 2238; x_wconf 81' lang='lat' dir='ltr'><strong>Ideo</strong></span> <span class='ocrx_word' id='word_1_286' title='bbox 1670 2183 1850 2239; x_wconf 86' lang='lat' dir='ltr'><strong>adole-</strong></span> 
     </span>
    </p>
   </div>
   <div class='ocr_carea' id='block_1_38' title="bbox 253 2277 1847 2350">
    <p class='ocr_par' dir='ltr' id='par_1_38' title="bbox 253 2277 1847 2350">
     <span class='ocr_line' id='line_1_38' title="bbox 253 2277 1847 2350; baseline -0.001 -14"><span class='ocrx_word' id='word_1_287' title='bbox 253 2281 487 2338; x_wconf 82' lang='lat' dir='ltr'><strong>scentqu</strong></span> <span class='ocrx_word' id='word_1_288' title='bbox 519 2280 811 2336; x_wconf 76' lang='lat' dir='ltr'><strong>dilexerunt</strong></span> <span class='ocrx_word' id='word_1_289' title='bbox 838 2289 907 2335; x_wconf 87' lang='lat' dir='ltr'><strong>te.</strong></span> <span class='ocrx_word' id='word_1_290' title='bbox 964 2279 1136 2346; x_wconf 88' lang='lat' dir='ltr'><strong>Bona,</strong></span> <span class='ocrx_word' id='word_1_291' title='bbox 1175 2277 1377 2350; x_wconf 87' lang='lat' dir='ltr'><strong>inquit,</strong></span> <span class='ocrx_word' id='word_1_292' title='bbox 1407 2278 1716 2350; x_wconf 87' lang='lat' dir='ltr'><strong>prudentia,</strong></span> <span class='ocrx_word' id='word_1_293' title='bbox 1750 2277 1847 2334; x_wconf 89' lang='lat' dir='ltr'><strong>sed</strong></span> 
     </span>
    </p>
   </div>
   <div class='ocr_carea' id='block_1_39' title="bbox 256 2373 1847 2446">
    <p class='ocr_par' dir='ltr' id='par_1_39' title="bbox 256 2373 1847 2446">
     <span class='ocr_line' id='line_1_39' title="bbox 256 2373 1847 2446; baseline -0.003 -14"><span class='ocrx_word' id='word_1_294' title='bbox 256 2376 416 2434; x_wconf 91' lang='lat' dir='ltr'><strong>dulcis</strong></span> <span class='ocrx_word' id='word_1_295' title='bbox 461 2375 878 2442; x_wconf 85' lang='lat' dir='ltr'><strong>misericordia;</strong></span> <span class='ocrx_word' id='word_1_296' title='bbox 912 2374 1062 2430; x_wconf 92' lang='lat' dir='ltr'><strong>illam</strong></span> <span class='ocrx_word' id='word_1_297' title='bbox 1102 2373 1250 2430; x_wconf 91' lang='lat' dir='ltr'><strong>enim</strong></span> <span class='ocrx_word' id='word_1_298' title='bbox 1275 2375 1432 2446; x_wconf 90' lang='lat' dir='ltr'><strong>pauci</strong></span> <span class='ocrx_word' id='word_1_299' title='bbox 1464 2383 1847 2445; x_wconf 87' lang='lat' dir='ltr'><strong>assequuntur,</strong></span> 
     </span>
    </p>
   </div>
   <div class='ocr_carea' id='block_1_40' title="bbox 254 2466 1851 2538">
    <p class='ocr_par' dir='ltr' id='par_1_40' title="bbox 254 2466 1851 2538">
     <span class='ocr_line' id='line_1_40' title="bbox 254 2466 1851 2538; baseline -0.001 -15"><span class='ocrx_word' id='word_1_300' title='bbox 254 2468 361 2524; x_wconf 57' lang='lat' dir='ltr'><strong>haec</strong></span> <span class='ocrx_word' id='word_1_301' title='bbox 384 2468 450 2525; x_wconf 91' lang='lat' dir='ltr'><strong>ad</strong></span> <span class='ocrx_word' id='word_1_302' title='bbox 474 2483 673 2526; x_wconf 90' lang='lat' dir='ltr'><strong>omnes</strong></span> <span class='ocrx_word' id='word_1_303' title='bbox 699 2467 985 2538; x_wconf 90' lang='lat' dir='ltr'><strong>pervenit:</strong></span> <span class='ocrx_word' id='word_1_304' title='bbox 1012 2475 1238 2538; x_wconf 87' lang='lat' dir='ltr'><strong>propter</strong></span> <span class='ocrx_word' id='word_1_305' title='bbox 1259 2467 1421 2534; x_wconf 92' lang='lat' dir='ltr'><strong>hanc,</strong></span> <span class='ocrx_word' id='word_1_306' title='bbox 1446 2466 1647 2538; x_wconf 89' lang='lat' dir='ltr'><strong>inquit,</strong></span> <span class='ocrx_word' id='word_1_307' title='bbox 1671 2466 1851 2522; x_wconf 87' lang='lat' dir='ltr'><strong>indul-</strong></span> 
     </span>
    </p>
   </div>
   <div class='ocr_carea' id='block_1_41' title="bbox 254 2560 1776 2634">
    <p class='ocr_par' dir='ltr' id='par_1_41' title="bbox 254 2560 1776 2634">
     <span class='ocr_line' id='line_1_41' title="bbox 254 2560 1776 2634; baseline -0.005 -14"><span class='ocrx_word' id='word_1_308' title='bbox 254 2565 480 2634; x_wconf 79' lang='lat' dir='ltr'><strong>gentiam</strong></span> <span class='ocrx_word' id='word_1_309' title='bbox 513 2573 663 2619; x_wconf 91' lang='lat' dir='ltr'><strong>tuam</strong></span> <span class='ocrx_word' id='word_1_310' title='bbox 695 2562 932 2633; x_wconf 89' lang='lat' dir='ltr'><strong>diligunt</strong></span> <span class='ocrx_word' id='word_1_311' title='bbox 955 2572 1007 2617; x_wconf 93' lang='lat' dir='ltr'><strong>te</strong></span> <span class='ocrx_word' id='word_1_312' title='bbox 1033 2561 1230 2616; x_wconf 79' lang='lat' dir='ltr'><strong>animae</strong></span> <span class='ocrx_word' id='word_1_313' title='bbox 1262 2569 1536 2617; x_wconf 73' lang='lat' dir='ltr'><strong>renovata:</strong></span> <span class='ocrx_word' id='word_1_314' title='bbox 1562 2560 1776 2630; x_wconf 89' lang='lat' dir='ltr'><strong>spiritu.</strong></span> 
     </span>
    </p>
   </div>
   <div class='ocr_carea' id='block_1_42' title="bbox 321 2652 1852 2729">
    <p class='ocr_par' dir='ltr' id='par_1_42' title="bbox 321 2652 1852 2729">
     <span class='ocr_line' id='line_1_42' title="bbox 321 2652 1852 2729; baseline -0.004 -17"><span class='ocrx_word' id='word_1_315' title='bbox 321 2655 406 2713; x_wconf 76' lang='lat' dir='ltr'><strong>l0.</strong></span> <span class='ocrx_word' id='word_1_316' title='bbox 449 2655 640 2729; x_wconf 86' lang='lat' dir='ltr'><strong>(Vers.</strong></span> <span class='ocrx_word' id='word_1_317' title='bbox 671 2653 755 2726; x_wconf 77' lang='grc'><strong>5.)</strong></span> <span class='ocrx_word' id='word_1_318' title='bbox 793 2653 822 2693; x_wconf 69' lang='grc' dir='ltr'><strong>ι)</strong></span> <span class='ocrx_word' id='word_1_319' title='bbox 856 2655 1072 2709; x_wconf 76' lang='lat' dir='ltr'><strong>Aura/te</strong></span> <span class='ocrx_word' id='word_1_320' title='bbox 1112 2671 1206 2709; x_wconf 89' lang='lat' dir='ltr'><strong>nos</strong></span> <span class='ocrx_word' id='word_1_321' title='bbox 1238 2663 1353 2724; x_wconf 87' lang='lat' dir='ltr'><strong>post</strong></span> <span class='ocrx_word' id='word_1_322' title='bbox 1379 2663 1462 2719; x_wconf 91' lang='lat' dir='ltr'><strong>te,</strong></span> <span class='ocrx_word' id='word_1_323' title='bbox 1502 2668 1767 2708; x_wconf 83' lang='lat' dir='ltr'><strong>curremus</strong></span> <span class='ocrx_word' id='word_1_324' title='bbox 1797 2652 1852 2706; x_wconf 90' lang='lat' dir='ltr'><strong>in</strong></span> 
     </span>
    </p>
   </div>
   <div class='ocr_carea' id='block_1_43' title="bbox 255 2745 1852 2824">
    <p class='ocr_par' dir='ltr' id='par_1_43' title="bbox 255 2745 1852 2824">
     <span class='ocr_line' id='line_1_43' title="bbox 255 2745 1852 2824; baseline -0.004 -17"><span class='ocrx_word' id='word_1_325' title='bbox 255 2751 455 2807; x_wconf 86' lang='lat' dir='ltr'><strong>odorem</strong></span> <span class='ocrx_word' id='word_1_326' title='bbox 511 2757 899 2824; x_wconf 86' lang='lat' dir='ltr'><strong>unguentorum</strong></span> <span class='ocrx_word' id='word_1_327' title='bbox 943 2758 1171 2803; x_wconf 85' lang='lat' dir='ltr'><strong>tuorum.</strong></span> <span class='ocrx_word' id='word_1_328' title='bbox 1229 2745 1484 2802; x_wconf 88' lang='lat' dir='ltr'><strong>Osculata</strong></span> <span class='ocrx_word' id='word_1_329' title='bbox 1511 2745 1623 2816; x_wconf 90' lang='lat' dir='ltr'><strong>jam</strong></span> <span class='ocrx_word' id='word_1_330' title='bbox 1672 2746 1852 2801; x_wconf 84' lang='lat' dir='ltr'><strong>anima</strong></span> 
     </span>
    </p>
   </div>
   <div class='ocr_carea' id='block_1_44' title="bbox 256 2837 1854 2910">
    <p class='ocr_par' dir='ltr' id='par_1_44' title="bbox 256 2837 1854 2910">
     <span class='ocr_line' id='line_1_44' title="bbox 256 2837 1854 2910; baseline -0.006 -8"><span class='ocrx_word' id='word_1_331' title='bbox 256 2854 430 2902; x_wconf 86' lang='lat' dir='ltr'><strong>sancta</strong></span> <span class='ocrx_word' id='word_1_332' title='bbox 459 2842 707 2900; x_wconf 79' lang='lat' dir='ltr'><strong>Verbum</strong></span> <span class='ocrx_word' id='word_1_333' title='bbox 739 2839 866 2910; x_wconf 89' lang='lat' dir='ltr'><strong>Dei,</strong></span> <span class='ocrx_word' id='word_1_334' title='bbox 915 2841 1138 2897; x_wconf 89' lang='lat' dir='ltr'><strong>modum</strong></span> <span class='ocrx_word' id='word_1_335' title='bbox 1169 2855 1278 2895; x_wconf 88' lang='lat' dir='ltr'><strong>non</strong></span> <span class='ocrx_word' id='word_1_336' title='bbox 1308 2839 1452 2909; x_wconf 90' lang='lat' dir='ltr'><strong>capit</strong></span> <span class='ocrx_word' id='word_1_337' title='bbox 1472 2880 1487 2905; x_wconf 90' lang='lat'><strong>,</strong></span> <span class='ocrx_word' id='word_1_338' title='bbox 1519 2852 1621 2893; x_wconf 91' lang='lat' dir='ltr'><strong>nec</strong></span> <span class='ocrx_word' id='word_1_339' title='bbox 1671 2837 1854 2908; x_wconf 83' lang='lat' dir='ltr'><strong>exple-</strong></span> 
     </span>
    </p>
   </div>
   <div class='ocr_carea' id='block_1_45' title="bbox 259 2931 1854 3003">
    <p class='ocr_par' dir='ltr' id='par_1_45' title="bbox 259 2931 1854 3003">
     <span class='ocr_line' id='line_1_45' title="bbox 259 2931 1854 3003; baseline -0.004 -10"><span class='ocrx_word' id='word_1_340' title='bbox 259 2946 336 2993; x_wconf 92' lang='lat' dir='ltr'><strong>tur</strong></span> <span class='ocrx_word' id='word_1_341' title='bbox 356 2938 551 2993; x_wconf 88' lang='lat' dir='ltr'><strong>dicens</strong></span> <span class='ocrx_word' id='word_1_342' title='bbox 583 2954 597 2990; x_wconf 90' lang='lat'><strong>:</strong></span> <span class='ocrx_word' id='word_1_343' title='bbox 628 2933 826 2991; x_wconf 87' lang='lat' dir='ltr'><strong>Suavis</strong></span> <span class='ocrx_word' id='word_1_344' title='bbox 857 2949 938 3003; x_wconf 92' lang='lat' dir='ltr'><strong>es,</strong></span> <span class='ocrx_word' id='word_1_345' title='bbox 960 2933 1210 2996; x_wconf 91' lang='lat' dir='ltr'><strong>Domine,</strong></span> <span class='ocrx_word' id='word_1_346' title='bbox 1239 2941 1293 2987; x_wconf 90' lang='lat' dir='ltr'><strong>et</strong></span> <span class='ocrx_word' id='word_1_347' title='bbox 1319 2931 1373 2986; x_wconf 91' lang='lat' dir='ltr'><strong>in</strong></span> <span class='ocrx_word' id='word_1_348' title='bbox 1395 2931 1740 3001; x_wconf 87' lang='lat' dir='ltr'><strong>jucunditate</strong></span> <span class='ocrx_word' id='word_1_349' title='bbox 1766 2941 1854 2987; x_wconf 90' lang='lat' dir='ltr'><strong>tua</strong></span> 
     </span>
    </p>
   </div>
   <div class='ocr_carea' id='block_1_46' title="bbox 261 3024 1858 3100">
    <p class='ocr_par' dir='ltr' id='par_1_46' title="bbox 261 3024 1858 3100">
     <span class='ocr_line' id='line_1_46' title="bbox 261 3024 1858 3100; baseline -0.004 -13"><span class='ocrx_word' id='word_1_350' title='bbox 261 3031 388 3089; x_wconf 89' lang='lat' dir='ltr'><strong>doce</strong></span> <span class='ocrx_word' id='word_1_351' title='bbox 414 3047 504 3087; x_wconf 90' lang='lat' dir='ltr'><strong>me</strong></span> <span class='ocrx_word' id='word_1_352' title='bbox 528 3027 955 3100; x_wconf 78' lang='lat' dir='ltr'><strong>iustiﬁcationes</strong></span> <span class='ocrx_word' id='word_1_353' title='bbox 981 3038 1098 3083; x_wconf 90' lang='lat' dir='ltr'><strong>tuas</strong></span> <span class='ocrx_word' id='word_1_354' title='bbox 1121 3026 1297 3099; x_wconf 88' lang='lat' dir='ltr'><strong>(Psal.</strong></span> <span class='ocrx_word' id='word_1_355' title='bbox 1326 3041 1520 3093; x_wconf 80' lang='lat' dir='ltr'><strong>cxvtu,</strong></span> <span class='ocrx_word' id='word_1_356' title='bbox 1543 3025 1654 3099; x_wconf 73' lang='grc'><strong>12).</strong></span> <span class='ocrx_word' id='word_1_357' title='bbox 1687 3024 1858 3081; x_wconf 88' lang='lat' dir='ltr'><strong>Oscu-</strong></span> 
     </span>
    </p>
   </div>
   <div class='ocr_carea' id='block_1_47' title="bbox 258 3120 1851 3193">
    <p class='ocr_par' dir='ltr' id='par_1_47' title="bbox 258 3120 1851 3193">
     <span class='ocr_line' id='line_1_47' title="bbox 258 3120 1851 3193; baseline -0.003 -13"><span class='ocrx_word' id='word_1_358' title='bbox 258 3125 357 3181; x_wconf 83' lang='lat' dir='ltr'><strong>lata</strong></span> <span class='ocrx_word' id='word_1_359' title='bbox 385 3125 483 3182; x_wconf 88' lang='lat' dir='ltr'><strong>Dei</strong></span> <span class='ocrx_word' id='word_1_360' title='bbox 510 3123 754 3182; x_wconf 79' lang='lat' dir='ltr'><strong>Verbum</strong></span> <span class='ocrx_word' id='word_1_361' title='bbox 777 3123 1119 3193; x_wconf 87' lang='lat' dir='ltr'><strong>concupiscit</strong></span> <span class='ocrx_word' id='word_1_362' title='bbox 1140 3137 1304 3193; x_wconf 91' lang='lat' dir='ltr'><strong>super</strong></span> <span class='ocrx_word' id='word_1_363' title='bbox 1339 3137 1555 3177; x_wconf 89' lang='lat' dir='ltr'><strong>omnem</strong></span> <span class='ocrx_word' id='word_1_364' title='bbox 1579 3120 1851 3188; x_wconf 88' lang='lat' dir='ltr'><strong>decorem,</strong></span> 
     </span>
    </p>
   </div>
   <div class='ocr_carea' id='block_1_48' title="bbox 256 3215 1928 3301">
    <p class='ocr_par' dir='ltr' id='par_1_48' title="bbox 256 3215 1928 3301">
     <span class='ocr_line' id='line_1_48' title="bbox 256 3215 1928 3301; baseline -0.004 -25"><span class='ocrx_word' id='word_1_365' title='bbox 256 3218 427 3290; x_wconf 85' lang='lat' dir='ltr'><strong>diligit</strong></span> <span class='ocrx_word' id='word_1_366' title='bbox 452 3234 628 3291; x_wconf 88' lang='lat' dir='ltr'><strong>super</strong></span> <span class='ocrx_word' id='word_1_367' title='bbox 657 3233 875 3274; x_wconf 90' lang='lat' dir='ltr'><strong>omnem</strong></span> <span class='ocrx_word' id='word_1_368' title='bbox 896 3217 1140 3272; x_wconf 64' lang='lat' dir='ltr'><strong>laetitiam</strong></span> <span class='ocrx_word' id='word_1_369' title='bbox 1167 3257 1184 3283; x_wconf 90' lang='lat'><strong>,</strong></span> <span class='ocrx_word' id='word_1_370' title='bbox 1224 3215 1526 3272; x_wconf 89' lang='lat' dir='ltr'><strong>delectatur</strong></span> <span class='ocrx_word' id='word_1_371' title='bbox 1549 3231 1712 3287; x_wconf 90' lang='lat' dir='ltr'><strong>super</strong></span> <span class='ocrx_word' id='word_1_372' title='bbox 1739 3231 1856 3271; x_wconf 92' lang='lat' dir='ltr'><strong>om-</strong></span> <span class='ocrx_word' id='word_1_373' title='bbox 1882 3236 1928 3301; x_wconf 70' lang='grc' dir='ltr'><strong>ρ</strong></span> 
     </span>
    </p>
   </div>
   <div class='ocr_carea' id='block_1_49' title="bbox 259 3308 1856 3382">
    <p class='ocr_par' dir='ltr' id='par_1_49' title="bbox 259 3308 1856 3382">
     <span class='ocr_line' id='line_1_49' title="bbox 259 3308 1856 3382; baseline -0.001 -14"><span class='ocrx_word' id='word_1_374' title='bbox 259 3312 343 3368; x_wconf 88' lang='lat' dir='ltr'><strong>uia</strong></span> <span class='ocrx_word' id='word_1_375' title='bbox 365 3321 640 3378; x_wconf 89' lang='lat' dir='ltr'><strong>aromata,</strong></span> <span class='ocrx_word' id='word_1_376' title='bbox 671 3311 824 3382; x_wconf 91' lang='lat' dir='ltr'><strong>cupit</strong></span> <span class='ocrx_word' id='word_1_377' title='bbox 851 3309 1165 3379; x_wconf 89' lang='lat' dir='ltr'><strong>frequenter</strong></span> <span class='ocrx_word' id='word_1_378' title='bbox 1194 3308 1400 3376; x_wconf 89' lang='lat' dir='ltr'><strong>videre,</strong></span> <span class='ocrx_word' id='word_1_379' title='bbox 1432 3323 1579 3380; x_wconf 67' lang='lat' dir='ltr'><strong>saepe</strong></span> <span class='ocrx_word' id='word_1_380' title='bbox 1605 3308 1856 3366; x_wconf 90' lang='lat' dir='ltr'><strong>intende-</strong></span> 
     </span>
    </p>
   </div>
   <div class='ocr_carea' id='block_1_50' title="bbox 257 3402 1859 3478">
    <p class='ocr_par' dir='ltr' id='par_1_50' title="bbox 257 3402 1859 3478">
     <span class='ocr_line' id='line_1_50' title="bbox 257 3402 1859 3478; baseline -0.002 -15"><span class='ocrx_word' id='word_1_381' title='bbox 257 3421 334 3473; x_wconf 88' lang='lat' dir='ltr'><strong>re,</strong></span> <span class='ocrx_word' id='word_1_382' title='bbox 365 3407 518 3478; x_wconf 89' lang='lat' dir='ltr'><strong>cupit</strong></span> <span class='ocrx_word' id='word_1_383' title='bbox 538 3404 738 3462; x_wconf 88' lang='lat' dir='ltr'><strong>attrahi</strong></span> <span class='ocrx_word' id='word_1_384' title='bbox 766 3413 826 3460; x_wconf 91' lang='lat' dir='ltr'><strong>ut</strong></span> <span class='ocrx_word' id='word_1_385' title='bbox 864 3405 1019 3476; x_wconf 89' lang='lat' dir='ltr'><strong>sequi</strong></span> <span class='ocrx_word' id='word_1_386' title='bbox 1045 3407 1255 3474; x_wconf 88' lang='lat' dir='ltr'><strong>possit:</strong></span> <span class='ocrx_word' id='word_1_387' title='bbox 1286 3402 1635 3475; x_wconf 84' lang='lat' dir='ltr'><strong>Unguentum,</strong></span> <span class='ocrx_word' id='word_1_388' title='bbox 1664 3404 1859 3475; x_wconf 90' lang='lat' dir='ltr'><strong>inquit,</strong></span> 
     </span>
    </p>
   </div>
   <div class='ocr_carea' id='block_1_51' title="bbox 260 3499 1864 3571">
    <p class='ocr_par' dir='ltr' id='par_1_51' title="bbox 260 3499 1864 3571">
     <span class='ocr_line' id='line_1_51' title="bbox 260 3499 1864 3571; baseline -0.001 -15"><span class='ocrx_word' id='word_1_389' title='bbox 260 3501 584 3557; x_wconf 71' lang='lat' dir='ltr'><strong>exinanitum</strong></span> <span class='ocrx_word' id='word_1_390' title='bbox 604 3517 790 3556; x_wconf 83' lang='lat' dir='ltr'><strong>nomen</strong></span> <span class='ocrx_word' id='word_1_391' title='bbox 812 3510 977 3566; x_wconf 87' lang='lat' dir='ltr'><strong>tuum,</strong></span> <span class='ocrx_word' id='word_1_392' title='bbox 1002 3508 1273 3570; x_wconf 84' lang='lat' dir='ltr'><strong>propterea</strong></span> <span class='ocrx_word' id='word_1_393' title='bbox 1297 3507 1343 3552; x_wconf 89' lang='lat' dir='ltr'><strong>te</strong></span> <span class='ocrx_word' id='word_1_394' title='bbox 1368 3499 1631 3571; x_wconf 84' lang='lat' dir='ltr'><strong>diligimus</strong></span> <span class='ocrx_word' id='word_1_395' title='bbox 1683 3499 1864 3555; x_wconf 88' lang='lat' dir='ltr'><strong>adole-</strong></span> 
     </span>
    </p>
   </div>
   <div class='ocr_carea' id='block_1_52' title="bbox 259 3592 1865 3667">
    <p class='ocr_par' dir='ltr' id='par_1_52' title="bbox 259 3592 1865 3667">
     <span class='ocr_line' id='line_1_52' title="bbox 259 3592 1865 3667; baseline 0.001 -19"><span class='ocrx_word' id='word_1_396' title='bbox 259 3596 554 3662; x_wconf 67' lang='lat' dir='ltr'><strong>scentulis;</strong></span> <span class='ocrx_word' id='word_1_397' title='bbox 585 3605 878 3667; x_wconf 86' lang='lat' dir='ltr'><strong>prOpterea</strong></span> <span class='ocrx_word' id='word_1_398' title='bbox 922 3601 1222 3660; x_wconf 89' lang='lat' dir='ltr'><strong>certamus,</strong></span> <span class='ocrx_word' id='word_1_399' title='bbox 1257 3593 1353 3649; x_wconf 88' lang='lat' dir='ltr'><strong>sed</strong></span> <span class='ocrx_word' id='word_1_400' title='bbox 1399 3592 1865 3665; x_wconf 86' lang='lat' dir='ltr'><strong>comprehendere</strong></span> 
     </span>
    </p>
   </div>
   <div class='ocr_carea' id='block_1_53' title="bbox 261 3687 1862 3762">
    <p class='ocr_par' dir='ltr' id='par_1_53' title="bbox 261 3687 1862 3762">
     <span class='ocr_line' id='line_1_53' title="bbox 261 3687 1862 3762; baseline 0.001 -19"><span class='ocrx_word' id='word_1_401' title='bbox 261 3702 366 3744; x_wconf 88' lang='lat' dir='ltr'><strong>non</strong></span> <span class='ocrx_word' id='word_1_402' title='bbox 405 3704 706 3762; x_wconf 86' lang='lat' dir='ltr'><strong>possumus</strong></span> <span class='ocrx_word' id='word_1_403' title='bbox 739 3706 752 3742; x_wconf 92' lang='lat'><strong>:</strong></span> <span class='ocrx_word' id='word_1_404' title='bbox 786 3687 1004 3745; x_wconf 87' lang='lat' dir='ltr'><strong>attrahe</strong></span> <span class='ocrx_word' id='word_1_405' title='bbox 1032 3703 1161 3756; x_wconf 92' lang='lat' dir='ltr'><strong>nos,</strong></span> <span class='ocrx_word' id='word_1_406' title='bbox 1195 3697 1253 3743; x_wconf 92' lang='lat' dir='ltr'><strong>ut</strong></span> <span class='ocrx_word' id='word_1_407' title='bbox 1281 3689 1549 3758; x_wconf 87' lang='lat' dir='ltr'><strong>possimus</strong></span> <span class='ocrx_word' id='word_1_408' title='bbox 1600 3701 1862 3753; x_wconf 88' lang='lat' dir='ltr'><strong>currere;</strong></span> 
     </span>
    </p>
   </div>
   <div class='ocr_carea' id='block_1_54' title="bbox 264 3779 1863 3852">
    <p class='ocr_par' dir='ltr' id='par_1_54' title="bbox 264 3779 1863 3852">
     <span class='ocr_line' id='line_1_54' title="bbox 264 3779 1863 3852; baseline 0.001 -18"><span class='ocrx_word' id='word_1_409' title='bbox 264 3787 319 3834; x_wconf 89' lang='lat' dir='ltr'><strong>ut</strong></span> <span class='ocrx_word' id='word_1_410' title='bbox 341 3779 514 3838; x_wconf 87' lang='lat' dir='ltr'><strong>odore</strong></span> <span class='ocrx_word' id='word_1_411' title='bbox 560 3790 963 3852; x_wconf 86' lang='lat' dir='ltr'><strong>unguentorum</strong></span> <span class='ocrx_word' id='word_1_412' title='bbox 997 3790 1211 3836; x_wconf 90' lang='lat' dir='ltr'><strong>tuorum</strong></span> <span class='ocrx_word' id='word_1_413' title='bbox 1247 3781 1577 3851; x_wconf 89' lang='lat' dir='ltr'><strong>accipiamus</strong></span> <span class='ocrx_word' id='word_1_414' title='bbox 1608 3782 1863 3837; x_wconf 89' lang='lat' dir='ltr'><strong>virtutem</strong></span> 
     </span>
    </p>
   </div>
   <div class='ocr_carea' id='block_1_55' title="bbox 263 3873 1868 3945">
    <p class='ocr_par' dir='ltr' id='par_1_55' title="bbox 263 3873 1868 3945">
     <span class='ocr_line' id='line_1_55' title="bbox 263 3873 1868 3945; baseline 0.001 -18"><span class='ocrx_word' id='word_1_415' title='bbox 263 3874 547 3945; x_wconf 80' lang='lat' dir='ltr'><strong>sequendi.</strong></span> <span class='ocrx_word' id='word_1_416' title='bbox 581 3874 828 3930; x_wconf 88' lang='lat' dir='ltr'><strong>Festinat</strong></span> <span class='ocrx_word' id='word_1_417' title='bbox 846 3875 1008 3930; x_wconf 89' lang='lat' dir='ltr'><strong>etiam</strong></span> <span class='ocrx_word' id='word_1_418' title='bbox 1040 3873 1258 3929; x_wconf 89' lang='lat' dir='ltr'><strong>interna</strong></span> <span class='ocrx_word' id='word_1_419' title='bbox 1282 3874 1541 3945; x_wconf 87' lang='lat' dir='ltr'><strong>mysteria</strong></span> <span class='ocrx_word' id='word_1_420' title='bbox 1560 3873 1768 3942; x_wconf 87' lang='lat' dir='ltr'><strong>videre,</strong></span> <span class='ocrx_word' id='word_1_421' title='bbox 1788 3874 1868 3945; x_wconf 85' lang='lat' dir='ltr'><strong>ip-</strong></span> 
     </span>
    </p>
   </div>
   <div class='ocr_carea' id='block_1_56' title="bbox 262 3965 1867 4040">
    <p class='ocr_par' dir='ltr' id='par_1_56' title="bbox 262 3965 1867 4040">
     <span class='ocr_line' id='line_1_56' title="bbox 262 3965 1867 4040; baseline -0.001 -18"><span class='ocrx_word' id='word_1_422' title='bbox 262 3979 374 4022; x_wconf 89' lang='lat' dir='ltr'><strong>sam</strong></span> <span class='ocrx_word' id='word_1_423' title='bbox 401 3969 657 4040; x_wconf 88' lang='lat' dir='ltr'><strong>requiem</strong></span> <span class='ocrx_word' id='word_1_424' title='bbox 691 3966 885 4036; x_wconf 85' lang='lat' dir='ltr'><strong>Verbi,</strong></span> <span class='ocrx_word' id='word_1_425' title='bbox 910 3967 1082 4038; x_wconf 89' lang='lat' dir='ltr'><strong>ipsam</strong></span> <span class='ocrx_word' id='word_1_426' title='bbox 1109 3966 1238 4022; x_wconf 91' lang='lat' dir='ltr'><strong>boni</strong></span> <span class='ocrx_word' id='word_1_427' title='bbox 1264 3965 1407 4023; x_wconf 92' lang='lat' dir='ltr'><strong>illius</strong></span> <span class='ocrx_word' id='word_1_428' title='bbox 1437 3967 1636 4023; x_wconf 90' lang='lat' dir='ltr'><strong>summi</strong></span> <span class='ocrx_word' id='word_1_429' title='bbox 1656 3966 1867 4023; x_wconf 81' lang='lat' dir='ltr'><strong>habita-</strong></span> 
     </span>
    </p>
   </div>
   <div class='ocr_carea' id='block_1_57' title="bbox 264 4059 1868 4132">
    <p class='ocr_par' dir='ltr' id='par_1_57' title="bbox 264 4059 1868 4132">
     <span class='ocr_line' id='line_1_57' title="bbox 264 4059 1868 4132; baseline 0.002 -18"><span class='ocrx_word' id='word_1_430' title='bbox 264 4059 496 4130; x_wconf 90' lang='lat' dir='ltr'><strong>tionem,</strong></span> <span class='ocrx_word' id='word_1_431' title='bbox 534 4071 592 4118; x_wconf 90' lang='lat' dir='ltr'><strong>et</strong></span> <span class='ocrx_word' id='word_1_432' title='bbox 625 4061 800 4118; x_wconf 89' lang='lat' dir='ltr'><strong>lucem</strong></span> <span class='ocrx_word' id='word_1_433' title='bbox 841 4060 958 4132; x_wconf 88' lang='lat' dir='ltr'><strong>ejus</strong></span> <span class='ocrx_word' id='word_1_434' title='bbox 998 4069 1054 4116; x_wconf 91' lang='lat' dir='ltr'><strong>et</strong></span> <span class='ocrx_word' id='word_1_435' title='bbox 1079 4060 1381 4116; x_wconf 87' lang='lat' dir='ltr'><strong>claritatem</strong></span> <span class='ocrx_word' id='word_1_436' title='bbox 1427 4061 1481 4116; x_wconf 92' lang='lat' dir='ltr'><strong>in</strong></span> <span class='ocrx_word' id='word_1_437' title='bbox 1509 4061 1603 4116; x_wconf 90' lang='lat' dir='ltr'><strong>illo</strong></span> <span class='ocrx_word' id='word_1_438' title='bbox 1645 4061 1768 4116; x_wconf 88' lang='lat' dir='ltr'><strong>sinu</strong></span> <span class='ocrx_word' id='word_1_439' title='bbox 1801 4075 1868 4117; x_wconf 89' lang='lat' dir='ltr'><strong>ac</strong></span> 
     </span>
    </p>
   </div>
   <div class='ocr_carea' id='block_1_58' title="bbox 264 4151 1868 4228">
    <p class='ocr_par' dir='ltr' id='par_1_58' title="bbox 264 4151 1868 4228">
     <span class='ocr_line' id='line_1_58' title="bbox 264 4151 1868 4228; baseline -0.001 -19"><span class='ocrx_word' id='word_1_440' title='bbox 264 4167 482 4212; x_wconf 84' lang='lat' dir='ltr'><strong>recessu</strong></span> <span class='ocrx_word' id='word_1_441' title='bbox 510 4154 714 4228; x_wconf 90' lang='lat' dir='ltr'><strong>patrio;</strong></span> <span class='ocrx_word' id='word_1_442' title='bbox 745 4153 965 4211; x_wconf 86' lang='lat' dir='ltr'><strong>festinat</strong></span> <span class='ocrx_word' id='word_1_443' title='bbox 987 4153 1178 4208; x_wconf 89' lang='lat' dir='ltr'><strong>audire</strong></span> <span class='ocrx_word' id='word_1_444' title='bbox 1197 4167 1478 4209; x_wconf 90' lang='lat' dir='ltr'><strong>sermones</strong></span> <span class='ocrx_word' id='word_1_445' title='bbox 1506 4151 1648 4224; x_wconf 87' lang='lat' dir='ltr'><strong>ejus,</strong></span> <span class='ocrx_word' id='word_1_446' title='bbox 1672 4159 1868 4210; x_wconf 91' lang='lat' dir='ltr'><strong>etcum</strong></span> 
     </span>
    </p>
   </div>
   <div class='ocr_carea' id='block_1_59' title="bbox 268 4245 1545 4320">
    <p class='ocr_par' dir='ltr' id='par_1_59' title="bbox 268 4245 1545 4320">
     <span class='ocr_line' id='line_1_59' title="bbox 268 4245 1545 4320; baseline -0.002 -16"><span class='ocrx_word' id='word_1_447' title='bbox 268 4249 499 4307; x_wconf 80' lang='lat' dir='ltr'><strong>audierit</strong></span> <span class='ocrx_word' id='word_1_448' title='bbox 530 4265 701 4320; x_wconf 90' lang='lat' dir='ltr'><strong>super</strong></span> <span class='ocrx_word' id='word_1_449' title='bbox 723 4263 944 4306; x_wconf 90' lang='lat' dir='ltr'><strong>omnem</strong></span> <span class='ocrx_word' id='word_1_450' title='bbox 977 4248 1301 4305; x_wconf 85' lang='lat' dir='ltr'><strong>suavitatem</strong></span> <span class='ocrx_word' id='word_1_451' title='bbox 1328 4245 1545 4318; x_wconf 89' lang='lat' dir='ltr'><strong>accipit.</strong></span> 
     </span>
    </p>
   </div>
   <div class='ocr_carea' id='block_1_60' title="bbox 335 4339 1874 4414">
    <p class='ocr_par' dir='ltr' id='par_1_60' title="bbox 335 4339 1874 4414">
     <span class='ocr_line' id='line_1_60' title="bbox 335 4339 1874 4414; baseline -0.003 -15"><span class='ocrx_word' id='word_1_452' title='bbox 335 4345 425 4399; x_wconf 77' lang='grc'><strong>11.</strong></span> <span class='ocrx_word' id='word_1_453' title='bbox 469 4345 682 4400; x_wconf 87' lang='lat' dir='ltr'><strong>Doceat</strong></span> <span class='ocrx_word' id='word_1_454' title='bbox 708 4353 761 4400; x_wconf 91' lang='lat' dir='ltr'><strong>te</strong></span> <span class='ocrx_word' id='word_1_455' title='bbox 791 4343 1056 4414; x_wconf 90' lang='lat' dir='ltr'><strong>propheta</strong></span> <span class='ocrx_word' id='word_1_456' title='bbox 1083 4341 1174 4414; x_wconf 91' lang='lat' dir='ltr'><strong>qui</strong></span> <span class='ocrx_word' id='word_1_457' title='bbox 1202 4340 1462 4412; x_wconf 90' lang='lat' dir='ltr'><strong>gustavit,</strong></span> <span class='ocrx_word' id='word_1_458' title='bbox 1485 4347 1541 4397; x_wconf 86' lang='lat' dir='ltr'><strong>et</strong></span> <span class='ocrx_word' id='word_1_459' title='bbox 1564 4340 1640 4396; x_wconf 87' lang='lat' dir='ltr'><strong>ait</strong></span> <span class='ocrx_word' id='word_1_460' title='bbox 1666 4355 1678 4394; x_wconf 92' lang='lat'><strong>:</strong></span> <span class='ocrx_word' id='word_1_461' title='bbox 1706 4339 1874 4406; x_wconf 82' lang='lat' dir='ltr'><strong>Quam</strong></span> 
     </span>
    </p>
   </div>
   <div class='ocr_carea' id='block_1_61' title="bbox 268 4434 1876 4507">
    <p class='ocr_par' dir='ltr' id='par_1_61' title="bbox 268 4434 1876 4507">
     <span class='ocr_line' id='line_1_61' title="bbox 268 4434 1876 4507; baseline 0 -18"><span class='ocrx_word' id='word_1_462' title='bbox 268 4435 441 4492; x_wconf 84' lang='lat' dir='ltr'><strong>dulcia</strong></span> <span class='ocrx_word' id='word_1_463' title='bbox 467 4437 718 4507; x_wconf 79' lang='lat' dir='ltr'><strong>faucibus</strong></span> <span class='ocrx_word' id='word_1_464' title='bbox 747 4437 872 4492; x_wconf 85' lang='lat' dir='ltr'><strong>meis</strong></span> <span class='ocrx_word' id='word_1_465' title='bbox 901 4435 1054 4492; x_wconf 76' lang='lat' dir='ltr'><strong>verba</strong></span> <span class='ocrx_word' id='word_1_466' title='bbox 1079 4443 1192 4503; x_wconf 89' lang='lat' dir='ltr'><strong>tua,</strong></span> <span class='ocrx_word' id='word_1_467' title='bbox 1225 4450 1382 4505; x_wconf 84' lang='lat' dir='ltr'><strong>super</strong></span> <span class='ocrx_word' id='word_1_468' title='bbox 1401 4434 1502 4489; x_wconf 89' lang='lat' dir='ltr'><strong>mel</strong></span> <span class='ocrx_word' id='word_1_469' title='bbox 1522 4441 1572 4490; x_wconf 87' lang='lat' dir='ltr'><strong>et</strong></span> <span class='ocrx_word' id='word_1_470' title='bbox 1601 4435 1775 4506; x_wconf 79' lang='lat' dir='ltr'><strong>[avum</strong></span> <span class='ocrx_word' id='word_1_471' title='bbox 1797 4434 1876 4489; x_wconf 87' lang='lat' dir='ltr'><strong>ori</strong></span> 
     </span>
    </p>
   </div>
   <div class='ocr_carea' id='block_1_62' title="bbox 269 4517 1877 4602">
    <p class='ocr_par' dir='ltr' id='par_1_62' title="bbox 269 4517 1877 4602">
     <span class='ocr_line' id='line_1_62' title="bbox 269 4517 1877 4602; baseline -0.001 -18"><span class='ocrx_word' id='word_1_472' title='bbox 269 4545 376 4586; x_wconf 88' lang='lat' dir='ltr'><strong>meo</strong></span> <span class='ocrx_word' id='word_1_473' title='bbox 407 4530 599 4602; x_wconf 87' lang='lat' dir='ltr'><strong>(Psal.</strong></span> <span class='ocrx_word' id='word_1_474' title='bbox 626 4517 790 4586; x_wconf 66' lang='lat' dir='ltr'><strong>csvnt</strong></span> <span class='ocrx_word' id='word_1_475' title='bbox 813 4571 829 4596; x_wconf 92' lang='lat'><strong>,</strong></span> <span class='ocrx_word' id='word_1_476' title='bbox 861 4529 1012 4602; x_wconf 74' lang='lat'><strong>105)!</strong></span> <span class='ocrx_word' id='word_1_477' title='bbox 1068 4527 1207 4598; x_wconf 87' lang='lat' dir='ltr'><strong>Quid</strong></span> <span class='ocrx_word' id='word_1_478' title='bbox 1258 4529 1404 4584; x_wconf 91' lang='lat' dir='ltr'><strong>enim</strong></span> <span class='ocrx_word' id='word_1_479' title='bbox 1431 4526 1577 4582; x_wconf 88' lang='lat' dir='ltr'><strong>aliud</strong></span> <span class='ocrx_word' id='word_1_480' title='bbox 1604 4527 1877 4590; x_wconf 86' lang='lat' dir='ltr'><strong>desiderat</strong></span> 
     </span>
    </p>
   </div>
   <div class='ocr_carea' id='block_1_63' title="bbox 1949 1901 3548 1977">
    <p class='ocr_par' dir='ltr' id='par_1_63' title="bbox 1949 1901 3548 1977">
     <span class='ocr_line' id='line_1_63' title="bbox 1949 1901 3548 1977; baseline 0.005 -22"><span class='ocrx_word' id='word_1_481' title='bbox 1949 1909 2008 1956; x_wconf 92' lang='lat' dir='ltr'><strong>ut</strong></span> <span class='ocrx_word' id='word_1_482' title='bbox 2057 1901 2128 1956; x_wconf 88' lang='lat' dir='ltr'><strong>ita</strong></span> <span class='ocrx_word' id='word_1_483' title='bbox 2175 1911 2390 1958; x_wconf 90' lang='lat' dir='ltr'><strong>utamur</strong></span> <span class='ocrx_word' id='word_1_484' title='bbox 2435 1902 2541 1960; x_wconf 84' lang='lat' dir='ltr'><strong>hoc</strong></span> <span class='ocrx_word' id='word_1_485' title='bbox 2574 1904 2777 1961; x_wconf 92' lang='lat' dir='ltr'><strong>mundo</strong></span> <span class='ocrx_word' id='word_1_486' title='bbox 2832 1913 3106 1977; x_wconf 88' lang='lat' dir='ltr'><strong>tamquam</strong></span> <span class='ocrx_word' id='word_1_487' title='bbox 3153 1923 3263 1962; x_wconf 91' lang='lat' dir='ltr'><strong>non</strong></span> <span class='ocrx_word' id='word_1_488' title='bbox 3305 1915 3548 1976; x_wconf 86' lang='lat' dir='ltr'><strong>utamur,</strong></span> 
     </span>
    </p>
   </div>
   <div class='ocr_carea' id='block_1_64' title="bbox 1950 1998 3546 2071">
    <p class='ocr_par' dir='ltr' id='par_1_64' title="bbox 1950 1998 3546 2071">
     <span class='ocr_line' id='line_1_64' title="bbox 1950 1998 3546 2071; baseline 0.006 -23"><span class='ocrx_word' id='word_1_489' title='bbox 1950 1998 2237 2065; x_wconf 82' lang='lat' dir='ltr'><strong>tamquam</strong></span> <span class='ocrx_word' id='word_1_490' title='bbox 2270 2005 2691 2066; x_wconf 68' lang='lat' dir='ltr'><strong>prmtereuntes,</strong></span> <span class='ocrx_word' id='word_1_491' title='bbox 2725 2013 2834 2054; x_wconf 90' lang='lat' dir='ltr'><strong>non</strong></span> <span class='ocrx_word' id='word_1_492' title='bbox 2884 2008 3158 2071; x_wconf 86' lang='lat' dir='ltr'><strong>tamquam</strong></span> <span class='ocrx_word' id='word_1_493' title='bbox 3196 2000 3546 2070; x_wconf 88' lang='lat' dir='ltr'><strong>residentes;</strong></span> 
     </span>
    </p>
   </div>
   <div class='ocr_carea' id='block_1_65' title="bbox 1947 2086 3552 2163">
    <p class='ocr_par' dir='ltr' id='par_1_65' title="bbox 1947 2086 3552 2163">
     <span class='ocr_line' id='line_1_65' title="bbox 1947 2086 3552 2163; baseline 0.007 -24"><span class='ocrx_word' id='word_1_494' title='bbox 1947 2086 2295 2144; x_wconf 88' lang='lat' dir='ltr'><strong>ambulantes</strong></span> <span class='ocrx_word' id='word_1_495' title='bbox 2328 2097 2604 2161; x_wconf 88' lang='lat' dir='ltr'><strong>tamquam</strong></span> <span class='ocrx_word' id='word_1_496' title='bbox 2634 2089 2689 2145; x_wconf 86' lang='lat' dir='ltr'><strong>in</strong></span> <span class='ocrx_word' id='word_1_497' title='bbox 2721 2090 2958 2163; x_wconf 85' lang='lat' dir='ltr'><strong>imagine</strong></span> <span class='ocrx_word' id='word_1_498' title='bbox 2999 2093 3210 2159; x_wconf 66' lang='lat' dir='ltr'><strong>saeculi,</strong></span> <span class='ocrx_word' id='word_1_499' title='bbox 3245 2095 3428 2150; x_wconf 92' lang='lat' dir='ltr'><strong>nonin</strong></span> <span class='ocrx_word' id='word_1_500' title='bbox 3454 2109 3552 2150; x_wconf 81' lang='lat' dir='ltr'><strong>cu-</strong></span> 
     </span>
    </p>
   </div>
   <div class='ocr_carea' id='block_1_66' title="bbox 1952 2177 3551 2260">
    <p class='ocr_par' dir='ltr' id='par_1_66' title="bbox 1952 2177 3551 2260">
     <span class='ocr_line' id='line_1_66' title="bbox 1952 2177 3551 2260; baseline 0.008 -28"><span class='ocrx_word' id='word_1_501' title='bbox 1952 2177 2200 2248; x_wconf 66' lang='lat' dir='ltr'><strong>pi‘ditate,</strong></span> <span class='ocrx_word' id='word_1_502' title='bbox 2218 2188 2274 2234; x_wconf 93' lang='lat' dir='ltr'><strong>ut</strong></span> <span class='ocrx_word' id='word_1_503' title='bbox 2297 2181 2641 2238; x_wconf 88' lang='lat' dir='ltr'><strong>velocissima</strong></span> <span class='ocrx_word' id='word_1_504' title='bbox 2659 2181 3028 2254; x_wconf 87' lang='lat' dir='ltr'><strong>disputatione</strong></span> <span class='ocrx_word' id='word_1_505' title='bbox 3057 2186 3229 2257; x_wconf 87' lang='lat' dir='ltr'><strong>ipsam</strong></span> <span class='ocrx_word' id='word_1_506' title='bbox 3258 2186 3551 2260; x_wconf 87' lang='lat' dir='ltr'><strong>imaginem</strong></span> 
     </span>
    </p>
   </div>
   <div class='ocr_carea' id='block_1_67' title="bbox 1949 2273 3554 2354">
    <p class='ocr_par' dir='ltr' id='par_1_67' title="bbox 1949 2273 3554 2354">
     <span class='ocr_line' id='line_1_67' title="bbox 1949 2273 3554 2354; baseline 0.007 -25"><span class='ocrx_word' id='word_1_507' title='bbox 1949 2273 2113 2345; x_wconf 90' lang='lat' dir='ltr'><strong>hujus</strong></span> <span class='ocrx_word' id='word_1_508' title='bbox 2165 2275 2353 2332; x_wconf 89' lang='lat' dir='ltr'><strong>mundi</strong></span> <span class='ocrx_word' id='word_1_509' title='bbox 2397 2284 2759 2335; x_wconf 87' lang='lat' dir='ltr'><strong>transeamus.</strong></span> <span class='ocrx_word' id='word_1_510' title='bbox 2795 2279 3042 2353; x_wconf 90' lang='lat' dir='ltr'><strong>Denique</strong></span> <span class='ocrx_word' id='word_1_511' title='bbox 3084 2281 3201 2354; x_wconf 92' lang='lat' dir='ltr'><strong>ipse</strong></span> <span class='ocrx_word' id='word_1_512' title='bbox 3228 2283 3335 2340; x_wconf 90' lang='lat' dir='ltr'><strong>ﬁde</strong></span> <span class='ocrx_word' id='word_1_513' title='bbox 3362 2283 3554 2340; x_wconf 91' lang='lat' dir='ltr'><strong>ambu-</strong></span> 
     </span>
    </p>
   </div>
   <div class='ocr_carea' id='block_1_68' title="bbox 1951 2367 3558 2448">
    <p class='ocr_par' dir='ltr' id='par_1_68' title="bbox 1951 2367 3558 2448">
     <span class='ocr_line' id='line_1_68' title="bbox 1951 2367 3558 2448; baseline 0.008 -27"><span class='ocrx_word' id='word_1_514' title='bbox 1951 2367 2101 2437; x_wconf 88' lang='lat' dir='ltr'><strong>lans,</strong></span> <span class='ocrx_word' id='word_1_515' title='bbox 2152 2386 2260 2426; x_wconf 92' lang='lat' dir='ltr'><strong>non</strong></span> <span class='ocrx_word' id='word_1_516' title='bbox 2292 2372 2497 2441; x_wconf 89' lang='lat' dir='ltr'><strong>specie,</strong></span> <span class='ocrx_word' id='word_1_517' title='bbox 2531 2374 2986 2444; x_wconf 87' lang='lat' dir='ltr'><strong>peregrinabatur</strong></span> <span class='ocrx_word' id='word_1_518' title='bbox 3014 2391 3044 2430; x_wconf 91' lang='lat' dir='ltr'><strong>a</strong></span> <span class='ocrx_word' id='word_1_519' title='bbox 3075 2391 3330 2448; x_wconf 90' lang='lat' dir='ltr'><strong>corpore,</strong></span> <span class='ocrx_word' id='word_1_520' title='bbox 3363 2377 3558 2434; x_wconf 89' lang='lat' dir='ltr'><strong>aderat</strong></span> 
     </span>
    </p>
   </div>
   <div class='ocr_carea' id='block_1_69' title="bbox 1951 2461 3555 2539">
    <p class='ocr_par' dir='ltr' id='par_1_69' title="bbox 1951 2461 3555 2539">
     <span class='ocr_line' id='line_1_69' title="bbox 1951 2461 3555 2539; baseline 0.007 -23"><span class='ocrx_word' id='word_1_521' title='bbox 1951 2461 2064 2517; x_wconf 92' lang='lat' dir='ltr'><strong>Deo</strong></span> <span class='ocrx_word' id='word_1_522' title='bbox 2099 2480 2112 2516; x_wconf 89' lang='lat'><strong>:</strong></span> <span class='ocrx_word' id='word_1_523' title='bbox 2145 2470 2202 2519; x_wconf 89' lang='lat' dir='ltr'><strong>et</strong></span> <span class='ocrx_word' id='word_1_524' title='bbox 2228 2478 2350 2520; x_wconf 92' lang='lat' dir='ltr'><strong>cum</strong></span> <span class='ocrx_word' id='word_1_525' title='bbox 2373 2474 2520 2520; x_wconf 90' lang='lat' dir='ltr'><strong>esset</strong></span> <span class='ocrx_word' id='word_1_526' title='bbox 2547 2466 2600 2520; x_wconf 91' lang='lat' dir='ltr'><strong>in</strong></span> <span class='ocrx_word' id='word_1_527' title='bbox 2628 2465 2822 2537; x_wconf 89' lang='lat' dir='ltr'><strong>terris&#39;,</strong></span> <span class='ocrx_word' id='word_1_528' title='bbox 2854 2484 2959 2524; x_wconf 91' lang='lat' dir='ltr'><strong>non</strong></span> <span class='ocrx_word' id='word_1_529' title='bbox 2991 2469 3046 2524; x_wconf 92' lang='lat' dir='ltr'><strong>in</strong></span> <span class='ocrx_word' id='word_1_530' title='bbox 3079 2471 3349 2539; x_wconf 87' lang='lat' dir='ltr'><strong>terrenis,</strong></span> <span class='ocrx_word' id='word_1_531' title='bbox 3373 2471 3468 2528; x_wconf 88' lang='lat' dir='ltr'><strong>sed</strong></span> <span class='ocrx_word' id='word_1_532' title='bbox 3497 2471 3555 2528; x_wconf 90' lang='lat' dir='ltr'><strong>in</strong></span> 
     </span>
    </p>
   </div>
   <div class='ocr_carea' id='block_1_70' title="bbox 1949 2554 3558 2636">
    <p class='ocr_par' dir='ltr' id='par_1_70' title="bbox 1949 2554 3558 2636">
     <span class='ocr_line' id='line_1_70' title="bbox 1949 2554 3558 2636; baseline 0.007 -27"><span class='ocrx_word' id='word_1_533' title='bbox 1949 2554 2272 2612; x_wconf 73' lang='lat' dir='ltr'><strong>ccelestibus</strong></span> <span class='ocrx_word' id='word_1_534' title='bbox 2311 2558 2767 2615; x_wconf 89' lang='lat' dir='ltr'><strong>conversabatur.</strong></span> <span class='ocrx_word' id='word_1_535' title='bbox 2801 2560 2946 2633; x_wconf 88' lang='lat' dir='ltr'><strong>Ergo</strong></span> <span class='ocrx_word' id='word_1_536' title='bbox 2993 2561 3171 2618; x_wconf 90' lang='lat' dir='ltr'><strong>anima</strong></span> <span class='ocrx_word' id='word_1_537' title='bbox 3203 2573 3390 2620; x_wconf 88' lang='lat' dir='ltr'><strong>nostra</strong></span> <span class='ocrx_word' id='word_1_538' title='bbox 3433 2581 3558 2636; x_wconf 77' lang='lat' dir='ltr'><strong>qua:</strong></span> 
     </span>
    </p>
   </div>
   <div class='ocr_carea' id='block_1_71' title="bbox 1950 2647 3558 2729">
    <p class='ocr_par' dir='ltr' id='par_1_71' title="bbox 1950 2647 3558 2729">
     <span class='ocr_line' id='line_1_71' title="bbox 1950 2647 3558 2729; baseline 0.008 -27"><span class='ocrx_word' id='word_1_539' title='bbox 1950 2647 2064 2704; x_wconf 90' lang='lat' dir='ltr'><strong>Deo</strong></span> <span class='ocrx_word' id='word_1_540' title='bbox 2088 2649 2202 2703; x_wconf 92' lang='lat' dir='ltr'><strong>vult</strong></span> <span class='ocrx_word' id='word_1_541' title='bbox 2230 2652 2694 2723; x_wconf 89' lang='lat' dir='ltr'><strong>appropinquare,</strong></span> <span class='ocrx_word' id='word_1_542' title='bbox 2717 2654 2896 2711; x_wconf 90' lang='lat' dir='ltr'><strong>elevet</strong></span> <span class='ocrx_word' id='word_1_543' title='bbox 2917 2671 2976 2712; x_wconf 91' lang='lat' dir='ltr'><strong>se</strong></span> <span class='ocrx_word' id='word_1_544' title='bbox 3005 2670 3036 2710; x_wconf 89' lang='lat' dir='ltr'><strong>a</strong></span> <span class='ocrx_word' id='word_1_545' title='bbox 3060 2672 3315 2727; x_wconf 91' lang='lat' dir='ltr'><strong>corpore,</strong></span> <span class='ocrx_word' id='word_1_546' title='bbox 3339 2672 3558 2729; x_wconf 84' lang='lat' dir='ltr'><strong>semper</strong></span> 
     </span>
    </p>
   </div>
   <div class='ocr_carea' id='block_1_72' title="bbox 1952 2739 3558 2823">
    <p class='ocr_par' dir='ltr' id='par_1_72' title="bbox 1952 2739 3558 2823">
     <span class='ocr_line' id='line_1_72' title="bbox 1952 2739 3558 2823; baseline 0.008 -27"><span class='ocrx_word' id='word_1_547' title='bbox 1952 2739 2034 2796; x_wconf 91' lang='lat' dir='ltr'><strong>illi</strong></span> <span class='ocrx_word' id='word_1_548' title='bbox 2060 2756 2275 2799; x_wconf 92' lang='lat' dir='ltr'><strong>summo</strong></span> <span class='ocrx_word' id='word_1_549' title='bbox 2320 2745 2468 2800; x_wconf 90' lang='lat' dir='ltr'><strong>bono</strong></span> <span class='ocrx_word' id='word_1_550' title='bbox 2493 2746 2802 2817; x_wconf 73' lang='lat' dir='ltr'><strong>adhaereat,</strong></span> <span class='ocrx_word' id='word_1_551' title='bbox 2835 2749 2918 2805; x_wconf 91' lang='lat' dir='ltr'><strong>illi</strong></span> <span class='ocrx_word' id='word_1_552' title='bbox 2946 2750 3092 2808; x_wconf 91' lang='lat' dir='ltr'><strong>bono</strong></span> <span class='ocrx_word' id='word_1_553' title='bbox 3118 2751 3264 2823; x_wconf 92' lang='lat' dir='ltr'><strong>quod</strong></span> <span class='ocrx_word' id='word_1_554' title='bbox 3311 2760 3395 2809; x_wconf 87' lang='lat' dir='ltr'><strong>est</strong></span> <span class='ocrx_word' id='word_1_555' title='bbox 3418 2751 3558 2808; x_wconf 89' lang='lat' dir='ltr'><strong>divi-</strong></span> 
     </span>
    </p>
   </div>
   <div class='ocr_carea' id='block_1_73' title="bbox 1954 2835 3559 2914">
    <p class='ocr_par' dir='ltr' id='par_1_73' title="bbox 1954 2835 3559 2914">
     <span class='ocr_line' id='line_1_73' title="bbox 1954 2835 3559 2914; baseline 0.009 -26"><span class='ocrx_word' id='word_1_556' title='bbox 1954 2849 2115 2900; x_wconf 92' lang='lat' dir='ltr'><strong>num,</strong></span> <span class='ocrx_word' id='word_1_557' title='bbox 2147 2835 2291 2907; x_wconf 91' lang='lat' dir='ltr'><strong>quod</strong></span> <span class='ocrx_word' id='word_1_558' title='bbox 2333 2846 2418 2893; x_wconf 91' lang='lat' dir='ltr'><strong>est</strong></span> <span class='ocrx_word' id='word_1_559' title='bbox 2465 2853 2718 2910; x_wconf 90' lang='lat' dir='ltr'><strong>semper,</strong></span> <span class='ocrx_word' id='word_1_560' title='bbox 2752 2851 2806 2897; x_wconf 90' lang='lat' dir='ltr'><strong>et</strong></span> <span class='ocrx_word' id='word_1_561' title='bbox 2834 2842 2977 2913; x_wconf 92' lang='lat' dir='ltr'><strong>quod</strong></span> <span class='ocrx_word' id='word_1_562' title='bbox 3019 2853 3138 2899; x_wconf 89' lang='lat' dir='ltr'><strong>erat</strong></span> <span class='ocrx_word' id='word_1_563' title='bbox 3179 2845 3248 2900; x_wconf 93' lang='lat' dir='ltr'><strong>ab</strong></span> <span class='ocrx_word' id='word_1_564' title='bbox 3298 2844 3474 2914; x_wconf 90' lang='lat' dir='ltr'><strong>initio,</strong></span> <span class='ocrx_word' id='word_1_565' title='bbox 3503 2855 3559 2902; x_wconf 90' lang='lat' dir='ltr'><strong>et</strong></span> 
     </span>
    </p>
   </div>
   <div class='ocr_carea' id='block_1_74' title="bbox 1954 2927 3562 3007">
    <p class='ocr_par' dir='ltr' id='par_1_74' title="bbox 1954 2927 3562 3007">
     <span class='ocr_line' id='line_1_74' title="bbox 1954 2927 3562 3007; baseline 0.007 -25"><span class='ocrx_word' id='word_1_566' title='bbox 1954 2927 2099 2998; x_wconf 92' lang='lat' dir='ltr'><strong>quod</strong></span> <span class='ocrx_word' id='word_1_567' title='bbox 2131 2936 2253 2984; x_wconf 89' lang='lat' dir='ltr'><strong>erat</strong></span> <span class='ocrx_word' id='word_1_568' title='bbox 2276 2931 2417 3001; x_wconf 91' lang='lat' dir='ltr'><strong>apud</strong></span> <span class='ocrx_word' id='word_1_569' title='bbox 2449 2931 2615 2987; x_wconf 91' lang='lat' dir='ltr'><strong>Deum</strong></span> <span class='ocrx_word' id='word_1_570' title='bbox 2641 2931 2700 3006; x_wconf 88' lang='lat'><strong>(1</strong></span> <span class='ocrx_word' id='word_1_571' title='bbox 2728 2931 2891 2990; x_wconf 83' lang='lat' dir='ltr'><strong>Joan.</strong></span> <span class='ocrx_word' id='word_1_572' title='bbox 2922 2934 3007 3007; x_wconf 84' lang='grc' dir='ltr'><strong>ι),</strong></span> <span class='ocrx_word' id='word_1_573' title='bbox 3042 2935 3146 2992; x_wconf 92' lang='lat' dir='ltr'><strong>hoc</strong></span> <span class='ocrx_word' id='word_1_574' title='bbox 3174 2946 3279 3004; x_wconf 91' lang='lat' dir='ltr'><strong>est,</strong></span> <span class='ocrx_word' id='word_1_575' title='bbox 3309 2936 3402 2994; x_wconf 91' lang='lat' dir='ltr'><strong>Dei</strong></span> <span class='ocrx_word' id='word_1_576' title='bbox 3424 2937 3562 2994; x_wconf 91' lang='lat' dir='ltr'><strong>Ver-</strong></span> 
     </span>
    </p>
   </div>
   <div class='ocr_carea' id='block_1_75' title="bbox 1955 3019 3560 3103">
    <p class='ocr_par' dir='ltr' id='par_1_75' title="bbox 1955 3019 3560 3103">
     <span class='ocr_line' id='line_1_75' title="bbox 1955 3019 3560 3103; baseline 0.009 -28"><span class='ocrx_word' id='word_1_577' title='bbox 1955 3019 2082 3076; x_wconf 90' lang='lat' dir='ltr'><strong>bum</strong></span> <span class='ocrx_word' id='word_1_578' title='bbox 2119 3038 2133 3076; x_wconf 90' lang='lat'><strong>:</strong></span> <span class='ocrx_word' id='word_1_579' title='bbox 2182 3022 2360 3094; x_wconf 91' lang='lat' dir='ltr'><strong>ipsum</strong></span> <span class='ocrx_word' id='word_1_580' title='bbox 2408 3035 2494 3080; x_wconf 91' lang='lat' dir='ltr'><strong>est</strong></span> <span class='ocrx_word' id='word_1_581' title='bbox 2524 3025 2656 3082; x_wconf 91' lang='lat' dir='ltr'><strong>illud</strong></span> <span class='ocrx_word' id='word_1_582' title='bbox 2701 3026 2943 3084; x_wconf 90' lang='lat' dir='ltr'><strong>divinum</strong></span> <span class='ocrx_word' id='word_1_583' title='bbox 2963 3071 2978 3096; x_wconf 89' lang='lat'><strong>,</strong></span> <span class='ocrx_word' id='word_1_584' title='bbox 3009 3027 3077 3086; x_wconf 88' lang='lat' dir='ltr'><strong>In</strong></span> <span class='ocrx_word' id='word_1_585' title='bbox 3106 3047 3210 3103; x_wconf 86' lang='lat' dir='ltr'><strong>quo</strong></span> <span class='ocrx_word' id='word_1_586' title='bbox 3239 3031 3478 3101; x_wconf 77' lang='lat' dir='ltr'><strong>vivimus,</strong></span> <span class='ocrx_word' id='word_1_587' title='bbox 3511 3042 3560 3089; x_wconf 87' lang='lat' dir='ltr'><strong>et</strong></span> 
     </span>
    </p>
   </div>
   <div class='ocr_carea' id='block_1_76' title="bbox 1957 3121 3041 3198">
    <p class='ocr_par' dir='ltr' id='par_1_76' title="bbox 1957 3121 3041 3198">
     <span class='ocr_line' id='line_1_76' title="bbox 1957 3121 3041 3198; baseline 0.008 -26"><span class='ocrx_word' id='word_1_588' title='bbox 1957 3133 2160 3187; x_wconf 88' lang='lat' dir='ltr'><strong>sumus,</strong></span> <span class='ocrx_word' id='word_1_589' title='bbox 2191 3128 2239 3173; x_wconf 90' lang='lat' dir='ltr'><strong>et</strong></span> <span class='ocrx_word' id='word_1_590' title='bbox 2267 3136 2530 3176; x_wconf 85' lang='lat' dir='ltr'><strong>movemur</strong></span> <span class='ocrx_word' id='word_1_591' title='bbox 2559 3121 2701 3194; x_wconf 85' lang='lat' dir='ltr'><strong>(Act.</strong></span> <span class='ocrx_word' id='word_1_592' title='bbox 2732 3139 2843 3178; x_wconf 83' lang='lat' dir='ltr'><strong>xvn</strong></span> <span class='ocrx_word' id='word_1_593' title='bbox 2864 3165 2880 3192; x_wconf 94' lang='lat'><strong>,</strong></span> <span class='ocrx_word' id='word_1_594' title='bbox 2909 3123 2980 3181; x_wconf 73' lang='grc'><strong>28</strong></span> <span class='ocrx_word' id='word_1_595' title='bbox 2999 3123 3041 3198; x_wconf 90' lang='grc'><strong>).</strong></span> 
     </span>
    </p>
   </div>
   <div class='ocr_carea' id='block_1_77' title="bbox 2033 3209 3565 3288">
    <p class='ocr_par' dir='ltr' id='par_1_77' title="bbox 2033 3209 3565 3288">
     <span class='ocr_line' id='line_1_77' title="bbox 2033 3209 3565 3288; baseline 0.01 -23"><span class='ocrx_word' id='word_1_596' title='bbox 2033 3210 2115 3269; x_wconf 80' lang='grc'><strong>15.</strong></span> <span class='ocrx_word' id='word_1_597' title='bbox 2165 3209 2444 3267; x_wconf 86' lang='lat' dir='ltr'><strong>Curremus</strong></span> <span class='ocrx_word' id='word_1_598' title='bbox 2462 3215 2513 3269; x_wconf 90' lang='lat' dir='ltr'><strong>in</strong></span> <span class='ocrx_word' id='word_1_599' title='bbox 2531 3214 2739 3270; x_wconf 87' lang='lat' dir='ltr'><strong>odorem</strong></span> <span class='ocrx_word' id='word_1_600' title='bbox 2762 3227 3144 3288; x_wconf 87' lang='lat' dir='ltr'><strong>unguentorum</strong></span> <span class='ocrx_word' id='word_1_601' title='bbox 3159 3228 3387 3278; x_wconf 88' lang='lat' dir='ltr'><strong>tuorum.</strong></span> <span class='ocrx_word' id='word_1_602' title='bbox 3407 3219 3565 3280; x_wconf 82' lang='lat' dir='ltr'><strong>Hunc</strong></span> 
     </span>
    </p>
   </div>
   <div class='ocr_carea' id='block_1_78' title="bbox 1959 3303 3561 3386">
    <p class='ocr_par' dir='ltr' id='par_1_78' title="bbox 1959 3303 3561 3386">
     <span class='ocr_line' id='line_1_78' title="bbox 1959 3303 3561 3386; baseline 0.007 -28"><span class='ocrx_word' id='word_1_603' title='bbox 1959 3303 2184 3360; x_wconf 89' lang='lat' dir='ltr'><strong>odorem</strong></span> <span class='ocrx_word' id='word_1_604' title='bbox 2216 3305 2422 3377; x_wconf 79' lang='lat' dir='ltr'><strong>fragrat</strong></span> <span class='ocrx_word' id='word_1_605' title='bbox 2466 3307 2646 3364; x_wconf 91' lang='lat' dir='ltr'><strong>anima</strong></span> <span class='ocrx_word' id='word_1_606' title='bbox 2675 3325 2797 3380; x_wconf 81' lang='lat' dir='ltr'><strong>qua:</strong></span> <span class='ocrx_word' id='word_1_607' title='bbox 2823 3309 3047 3368; x_wconf 87' lang='lat' dir='ltr'><strong>Christo</strong></span> <span class='ocrx_word' id='word_1_608' title='bbox 3093 3314 3309 3385; x_wconf 87' lang='lat' dir='ltr'><strong>aperire</strong></span> <span class='ocrx_word' id='word_1_609' title='bbox 3337 3314 3561 3386; x_wconf 88' lang='lat' dir='ltr'><strong>incipit,</strong></span> 
     </span>
    </p>
   </div>
   <div class='ocr_carea' id='block_1_79' title="bbox 1959 3400 3566 3478">
    <p class='ocr_par' dir='ltr' id='par_1_79' title="bbox 1959 3400 3566 3478">
     <span class='ocr_line' id='line_1_79' title="bbox 1959 3400 3566 3478; baseline 0.007 -24"><span class='ocrx_word' id='word_1_610' title='bbox 1959 3409 2020 3454; x_wconf 94' lang='lat' dir='ltr'><strong>ut</strong></span> <span class='ocrx_word' id='word_1_611' title='bbox 2045 3400 2279 3471; x_wconf 91' lang='lat' dir='ltr'><strong>accipiat</strong></span> <span class='ocrx_word' id='word_1_612' title='bbox 2307 3402 2538 3472; x_wconf 91' lang='lat' dir='ltr'><strong>primum</strong></span> <span class='ocrx_word' id='word_1_613' title='bbox 2571 3403 2795 3460; x_wconf 92' lang='lat' dir='ltr'><strong>odorem</strong></span> <span class='ocrx_word' id='word_1_614' title='bbox 2829 3405 3129 3462; x_wconf 75' lang='lat' dir='ltr'><strong>Dominica:</strong></span> <span class='ocrx_word' id='word_1_615' title='bbox 3158 3408 3472 3478; x_wconf 87' lang='lat' dir='ltr'><strong>sepulturae,</strong></span> <span class='ocrx_word' id='word_1_616' title='bbox 3508 3418 3566 3465; x_wconf 87' lang='lat' dir='ltr'><strong>et</strong></span> 
     </span>
    </p>
   </div>
   <div class='ocr_carea' id='block_1_80' title="bbox 1962 3493 3567 3571">
    <p class='ocr_par' dir='ltr' id='par_1_80' title="bbox 1962 3493 3567 3571">
     <span class='ocr_line' id='line_1_80' title="bbox 1962 3493 3567 3571; baseline 0.006 -22"><span class='ocrx_word' id='word_1_617' title='bbox 1962 3493 2180 3560; x_wconf 88' lang='lat' dir='ltr'><strong>credat,</strong></span> <span class='ocrx_word' id='word_1_618' title='bbox 2213 3495 2337 3566; x_wconf 90' lang='lat' dir='ltr'><strong>quia</strong></span> <span class='ocrx_word' id='word_1_619' title='bbox 2367 3511 2497 3552; x_wconf 91' lang='lat' dir='ltr'><strong>caro</strong></span> <span class='ocrx_word' id='word_1_620' title='bbox 2527 3496 2648 3567; x_wconf 91' lang='lat' dir='ltr'><strong>ejus</strong></span> <span class='ocrx_word' id='word_1_621' title='bbox 2676 3513 2788 3553; x_wconf 95' lang='lat' dir='ltr'><strong>non</strong></span> <span class='ocrx_word' id='word_1_622' title='bbox 2815 3497 2951 3554; x_wconf 90' lang='lat' dir='ltr'><strong>vidit</strong></span> <span class='ocrx_word' id='word_1_623' title='bbox 2987 3500 3396 3571; x_wconf 88' lang='lat' dir='ltr'><strong>corruptionem</strong></span> <span class='ocrx_word' id='word_1_624' title='bbox 3422 3542 3438 3570; x_wconf 90' lang='lat'><strong>,</strong></span> <span class='ocrx_word' id='word_1_625' title='bbox 3463 3516 3567 3559; x_wconf 91' lang='lat' dir='ltr'><strong>nec</strong></span> 
     </span>
    </p>
   </div>
   <div class='ocr_carea' id='block_1_81' title="bbox 1963 3588 3570 3660">
    <p class='ocr_par' dir='ltr' id='par_1_81' title="bbox 1963 3588 3570 3660">
     <span class='ocr_line' id='line_1_81' title="bbox 1963 3588 3570 3660; baseline 0.005 -16"><span class='ocrx_word' id='word_1_626' title='bbox 1963 3588 2135 3644; x_wconf 91' lang='lat' dir='ltr'><strong>odore</strong></span> <span class='ocrx_word' id='word_1_627' title='bbox 2154 3588 2337 3660; x_wconf 89' lang='lat' dir='ltr'><strong>aliquo</strong></span> <span class='ocrx_word' id='word_1_628' title='bbox 2364 3589 2557 3647; x_wconf 91' lang='lat' dir='ltr'><strong>mortis</strong></span> <span class='ocrx_word' id='word_1_629' title='bbox 2581 3593 2846 3648; x_wconf 89' lang='lat' dir='ltr'><strong>emarcuit</strong></span> <span class='ocrx_word' id='word_1_630' title='bbox 2873 3610 2885 3646; x_wconf 90' lang='lat'><strong>:</strong></span> <span class='ocrx_word' id='word_1_631' title='bbox 2915 3592 3010 3650; x_wconf 91' lang='lat' dir='ltr'><strong>sed</strong></span> <span class='ocrx_word' id='word_1_632' title='bbox 3036 3597 3224 3650; x_wconf 86' lang='lat' dir='ltr'><strong>aeterni</strong></span> <span class='ocrx_word' id='word_1_633' title='bbox 3247 3597 3390 3653; x_wconf 91' lang='lat' dir='ltr'><strong>illius</strong></span> <span class='ocrx_word' id='word_1_634' title='bbox 3416 3595 3570 3652; x_wconf 85' lang='lat' dir='ltr'><strong>ﬂoris</strong></span> 
     </span>
    </p>
   </div>
   <div class='ocr_carea' id='block_1_82' title="bbox 1964 3685 3573 3758">
    <p class='ocr_par' dir='ltr' id='par_1_82' title="bbox 1964 3685 3573 3758">
     <span class='ocr_line' id='line_1_82' title="bbox 1964 3685 3573 3758; baseline 0.006 -21"><span class='ocrx_word' id='word_1_635' title='bbox 1964 3691 2021 3738; x_wconf 92' lang='lat' dir='ltr'><strong>et</strong></span> <span class='ocrx_word' id='word_1_636' title='bbox 2049 3697 2272 3753; x_wconf 88' lang='lat' dir='ltr'><strong>semper</strong></span> <span class='ocrx_word' id='word_1_637' title='bbox 2303 3685 2535 3741; x_wconf 89' lang='lat' dir='ltr'><strong>virentis</strong></span> <span class='ocrx_word' id='word_1_638' title='bbox 2560 3685 2732 3741; x_wconf 92' lang='lat' dir='ltr'><strong>odore</strong></span> <span class='ocrx_word' id='word_1_639' title='bbox 2757 3685 2977 3743; x_wconf 90' lang='lat' dir='ltr'><strong>condita</strong></span> <span class='ocrx_word' id='word_1_640' title='bbox 3000 3689 3258 3744; x_wconf 79' lang='lat' dir='ltr'><strong>surrexit.</strong></span> <span class='ocrx_word' id='word_1_641' title='bbox 3289 3689 3573 3758; x_wconf 86' lang='lat' dir='ltr'><strong>Quomodo</strong></span> 
     </span>
    </p>
   </div>
   <div class='ocr_carea' id='block_1_83' title="bbox 1966 3773 3569 3850">
    <p class='ocr_par' dir='ltr' id='par_1_83' title="bbox 1966 3773 3569 3850">
     <span class='ocr_line' id='line_1_83' title="bbox 1966 3773 3569 3850; baseline 0.004 -20"><span class='ocrx_word' id='word_1_642' title='bbox 1966 3773 2113 3830; x_wconf 88' lang='lat' dir='ltr'><strong>enim</strong></span> <span class='ocrx_word' id='word_1_643' title='bbox 2143 3785 2359 3846; x_wconf 90' lang='lat' dir='ltr'><strong>poterat</strong></span> <span class='ocrx_word' id='word_1_644' title='bbox 2389 3776 2473 3832; x_wconf 92' lang='lat' dir='ltr'><strong>vel</strong></span> <span class='ocrx_word' id='word_1_645' title='bbox 2507 3776 2561 3832; x_wconf 92' lang='lat' dir='ltr'><strong>in</strong></span> <span class='ocrx_word' id='word_1_646' title='bbox 2595 3791 2762 3832; x_wconf 86' lang='lat' dir='ltr'><strong>carne</strong></span> <span class='ocrx_word' id='word_1_647' title='bbox 2799 3793 3161 3847; x_wconf 89' lang='lat' dir='ltr'><strong>marcescere,</strong></span> <span class='ocrx_word' id='word_1_648' title='bbox 3189 3779 3345 3850; x_wconf 91' lang='lat' dir='ltr'><strong>cujus</strong></span> <span class='ocrx_word' id='word_1_649' title='bbox 3369 3794 3569 3837; x_wconf 90' lang='lat' dir='ltr'><strong>nomen</strong></span> 
     </span>
    </p>
   </div>
   <div class='ocr_carea' id='block_1_84' title="bbox 1973 3867 3572 3945">
    <p class='ocr_par' dir='ltr' id='par_1_84' title="bbox 1973 3867 3572 3945">
     <span class='ocr_line' id='line_1_84' title="bbox 1973 3867 3572 3945; baseline 0.004 -21"><span class='ocrx_word' id='word_1_650' title='bbox 1973 3867 2304 3941; x_wconf 85' lang='lat' dir='ltr'><strong>Unguentum</strong></span> <span class='ocrx_word' id='word_1_651' title='bbox 2332 3870 2656 3926; x_wconf 76' lang='lat' dir='ltr'><strong>exinanitum</strong></span> <span class='ocrx_word' id='word_1_652' title='bbox 2700 3871 2910 3945; x_wconf 79' lang='lat'><strong>1551</strong></span> <span class='ocrx_word' id='word_1_653' title='bbox 2939 3873 3061 3928; x_wconf 83' lang='lat' dir='ltr'><strong>est?</strong></span> <span class='ocrx_word' id='word_1_654' title='bbox 3091 3871 3402 3929; x_wconf 84' lang='lat' dir='ltr'><strong>Exinanivit</strong></span> <span class='ocrx_word' id='word_1_655' title='bbox 3422 3888 3483 3930; x_wconf 89' lang='lat' dir='ltr'><strong>se</strong></span> <span class='ocrx_word' id='word_1_656' title='bbox 3510 3881 3572 3931; x_wconf 81' lang='lat' dir='ltr'><strong>ut.</strong></span> 
     </span>
    </p>
   </div>
   <div class='ocr_carea' id='block_1_85' title="bbox 1969 3961 3574 4035">
    <p class='ocr_par' dir='ltr' id='par_1_85' title="bbox 1969 3961 3574 4035">
     <span class='ocr_line' id='line_1_85' title="bbox 1969 3961 3574 4035; baseline 0.003 -18"><span class='ocrx_word' id='word_1_657' title='bbox 1969 3963 2206 4035; x_wconf 89' lang='lat' dir='ltr'><strong>spiraret</strong></span> <span class='ocrx_word' id='word_1_658' title='bbox 2234 3961 2366 4028; x_wconf 91' lang='lat' dir='ltr'><strong>tibi;</strong></span> <span class='ocrx_word' id='word_1_659' title='bbox 2395 3978 2614 4035; x_wconf 89' lang='lat' dir='ltr'><strong>semper</strong></span> <span class='ocrx_word' id='word_1_660' title='bbox 2655 3963 2758 4020; x_wconf 92' lang='lat' dir='ltr'><strong>hoc</strong></span> <span class='ocrx_word' id='word_1_661' title='bbox 2786 3973 3126 4035; x_wconf 80' lang='lat' dir='ltr'><strong>unguentum</strong></span> <span class='ocrx_word' id='word_1_662' title='bbox 3151 3975 3298 4031; x_wconf 90' lang='lat' dir='ltr'><strong>erat,</strong></span> <span class='ocrx_word' id='word_1_663' title='bbox 3325 3965 3423 4034; x_wconf 61' lang='lat' dir='ltr'><strong>sed</strong></span> <span class='ocrx_word' id='word_1_664' title='bbox 3455 3975 3574 4022; x_wconf 89' lang='lat' dir='ltr'><strong>erat</strong></span> 
     </span>
    </p>
   </div>
   <div class='ocr_carea' id='block_1_86' title="bbox 1970 4055 3578 4131">
    <p class='ocr_par' dir='ltr' id='par_1_86' title="bbox 1970 4055 3578 4131">
     <span class='ocr_line' id='line_1_86' title="bbox 1970 4055 3578 4131; baseline 0.002 -19"><span class='ocrx_word' id='word_1_665' title='bbox 1970 4055 2115 4128; x_wconf 89' lang='lat' dir='ltr'><strong>apud</strong></span> <span class='ocrx_word' id='word_1_666' title='bbox 2143 4055 2362 4112; x_wconf 87' lang='lat' dir='ltr'><strong>Patrem</strong></span> <span class='ocrx_word' id='word_1_667' title='bbox 2387 4095 2404 4124; x_wconf 89' lang='lat'><strong>,</strong></span> <span class='ocrx_word' id='word_1_668' title='bbox 2435 4067 2556 4113; x_wconf 90' lang='lat' dir='ltr'><strong>erat</strong></span> <span class='ocrx_word' id='word_1_669' title='bbox 2585 4057 2640 4112; x_wconf 91' lang='lat' dir='ltr'><strong>in</strong></span> <span class='ocrx_word' id='word_1_670' title='bbox 2677 4057 2841 4114; x_wconf 88' lang='lat' dir='ltr'><strong>Patre</strong></span> <span class='ocrx_word' id='word_1_671' title='bbox 2863 4099 2879 4126; x_wconf 94' lang='lat'><strong>,</strong></span> <span class='ocrx_word' id='word_1_672' title='bbox 2918 4057 3107 4114; x_wconf 85' lang='lat' dir='ltr'><strong>olebat</strong></span> <span class='ocrx_word' id='word_1_673' title='bbox 3133 4067 3339 4114; x_wconf 91' lang='lat' dir='ltr'><strong>tantum</strong></span> <span class='ocrx_word' id='word_1_674' title='bbox 3367 4059 3578 4131; x_wconf 85' lang='lat' dir='ltr'><strong>angelis</strong></span> 
     </span>
    </p>
   </div>
   <div class='ocr_carea' id='block_1_87' title="bbox 1972 4147 3578 4226">
    <p class='ocr_par' dir='ltr' id='par_1_87' title="bbox 1972 4147 3578 4226">
     <span class='ocr_line' id='line_1_87' title="bbox 1972 4147 3578 4226; baseline 0.006 -22"><span class='ocrx_word' id='word_1_675' title='bbox 1972 4158 2028 4204; x_wconf 89' lang='lat' dir='ltr'><strong>et</strong></span> <span class='ocrx_word' id='word_1_676' title='bbox 2057 4147 2426 4221; x_wconf 86' lang='lat' dir='ltr'><strong>archangelis,</strong></span> <span class='ocrx_word' id='word_1_677' title='bbox 2461 4160 2736 4222; x_wconf 89' lang='lat' dir='ltr'><strong>tamquam</strong></span> <span class='ocrx_word' id='word_1_678' title='bbox 2785 4152 2930 4207; x_wconf 90' lang='lat' dir='ltr'><strong>intra</strong></span> <span class='ocrx_word' id='word_1_679' title='bbox 2958 4167 3055 4208; x_wconf 88' lang='lat' dir='ltr'><strong>vas</strong></span> <span class='ocrx_word' id='word_1_680' title='bbox 3081 4153 3228 4210; x_wconf 86' lang='lat' dir='ltr'><strong>coeli.</strong></span> <span class='ocrx_word' id='word_1_681' title='bbox 3257 4154 3486 4226; x_wconf 87' lang='lat' dir='ltr'><strong>Aperuit</strong></span> <span class='ocrx_word' id='word_1_682' title='bbox 3513 4170 3578 4213; x_wconf 87' lang='lat' dir='ltr'><strong>os</strong></span> 
     </span>
    </p>
   </div>
   <div class='ocr_carea' id='block_1_88' title="bbox 1973 4240 3581 4321">
    <p class='ocr_par' dir='ltr' id='par_1_88' title="bbox 1973 4240 3581 4321">
     <span class='ocr_line' id='line_1_88' title="bbox 1973 4240 3581 4321; baseline 0.003 -22"><span class='ocrx_word' id='word_1_683' title='bbox 1973 4240 2136 4299; x_wconf 86' lang='lat' dir='ltr'><strong>Pater</strong></span> <span class='ocrx_word' id='word_1_684' title='bbox 2185 4243 2416 4299; x_wconf 87' lang='lat' dir='ltr'><strong>dicens:</strong></span> <span class='ocrx_word' id='word_1_685' title='bbox 2445 4243 2580 4299; x_wconf 84' lang='lat' dir='ltr'><strong>Ecce</strong></span> <span class='ocrx_word' id='word_1_686' title='bbox 2614 4245 2766 4317; x_wconf 87' lang='lat' dir='ltr'><strong>posui</strong></span> <span class='ocrx_word' id='word_1_687' title='bbox 2803 4254 2852 4301; x_wconf 92' lang='lat' dir='ltr'><strong>te</strong></span> <span class='ocrx_word' id='word_1_688' title='bbox 2877 4244 2933 4300; x_wconf 83' lang='lat' dir='ltr'><strong>in</strong></span> <span class='ocrx_word' id='word_1_689' title='bbox 2981 4255 3338 4302; x_wconf 79' lang='lat' dir='ltr'><strong>testamentum</strong></span> <span class='ocrx_word' id='word_1_690' title='bbox 3378 4252 3581 4321; x_wconf 84' lang='lat' dir='ltr'><strong>generis</strong></span> 
     </span>
    </p>
   </div>
   <div class='ocr_carea' id='block_1_89' title="bbox 1974 4335 3582 4413">
    <p class='ocr_par' dir='ltr' id='par_1_89' title="bbox 1974 4335 3582 4413">
     <span class='ocr_line' id='line_1_89' title="bbox 1974 4335 3582 4413; baseline 0.005 -23"><span class='ocrx_word' id='word_1_691' title='bbox 1974 4335 2110 4404; x_wconf 89' lang='lat' dir='ltr'><strong>mei,</strong></span> <span class='ocrx_word' id='word_1_692' title='bbox 2160 4336 2216 4392; x_wconf 88' lang='lat' dir='ltr'><strong>in</strong></span> <span class='ocrx_word' id='word_1_693' title='bbox 2257 4336 2424 4392; x_wconf 86' lang='lat' dir='ltr'><strong>lucem</strong></span> <span class='ocrx_word' id='word_1_694' title='bbox 2448 4339 2713 4410; x_wconf 85' lang='lat' dir='ltr'><strong>gentium;</strong></span> <span class='ocrx_word' id='word_1_695' title='bbox 2753 4348 2810 4394; x_wconf 86' lang='lat' dir='ltr'><strong>ut</strong></span> <span class='ocrx_word' id='word_1_696' title='bbox 2860 4342 2931 4395; x_wconf 87' lang='lat' dir='ltr'><strong>sis</strong></span> <span class='ocrx_word' id='word_1_697' title='bbox 2961 4340 3015 4394; x_wconf 90' lang='lat' dir='ltr'><strong>in</strong></span> <span class='ocrx_word' id='word_1_698' title='bbox 3045 4342 3264 4397; x_wconf 85' lang='lat' dir='ltr'><strong>salutem</strong></span> <span class='ocrx_word' id='word_1_699' title='bbox 3307 4358 3468 4413; x_wconf 87' lang='lat' dir='ltr'><strong>usque</strong></span> <span class='ocrx_word' id='word_1_700' title='bbox 3509 4342 3582 4398; x_wconf 88' lang='lat' dir='ltr'><strong>ad</strong></span> 
     </span>
    </p>
   </div>
   <div class='ocr_carea' id='block_1_90' title="bbox 1977 4427 3580 4502">
    <p class='ocr_par' dir='ltr' id='par_1_90' title="bbox 1977 4427 3580 4502">
     <span class='ocr_line' id='line_1_90' title="bbox 1977 4427 3580 4502; baseline 0.006 -20"><span class='ocrx_word' id='word_1_701' title='bbox 1977 4436 2259 4483; x_wconf 72' lang='lat' dir='ltr'><strong>extremum</strong></span> <span class='ocrx_word' id='word_1_702' title='bbox 2286 4431 2455 4500; x_wconf 63' lang='lat' dir='ltr'><strong>,terrte</strong></span> <span class='ocrx_word' id='word_1_703' title='bbox 2483 4427 2656 4502; x_wconf 87' lang='lat' dir='ltr'><strong>(Esai.</strong></span> <span class='ocrx_word' id='word_1_704' title='bbox 2712 4446 2842 4486; x_wconf 69' lang='grc' dir='ltr'>χιιι</span> <span class='ocrx_word' id='word_1_705' title='bbox 2865 4473 2881 4500; x_wconf 86' lang='grc'><em>,</em></span> <span class='ocrx_word' id='word_1_706' title='bbox 2930 4430 3007 4502; x_wconf 83' lang='grc'><strong>6).</strong></span> <span class='ocrx_word' id='word_1_707' title='bbox 3060 4433 3347 4490; x_wconf 89' lang='lat' dir='ltr'><strong>Descendit</strong></span> <span class='ocrx_word' id='word_1_708' title='bbox 3377 4433 3580 4502; x_wconf 87' lang='lat' dir='ltr'><strong>Filius,</strong></span> 
     </span>
    </p>
   </div>
   <div class='ocr_carea' id='block_1_91' title="bbox 1979 4523 3583 4596">
    <p class='ocr_par' dir='ltr' id='par_1_91' title="bbox 1979 4523 3583 4596">
     <span class='ocr_line' id='line_1_91' title="bbox 1979 4523 3583 4596; baseline 0.004 -18"><span class='ocrx_word' id='word_1_709' title='bbox 1979 4523 2186 4595; x_wconf 89' lang='lat' dir='ltr'><strong>repleta</strong></span> <span class='ocrx_word' id='word_1_710' title='bbox 2214 4532 2342 4580; x_wconf 93' lang='lat' dir='ltr'><strong>sunt</strong></span> <span class='ocrx_word' id='word_1_711' title='bbox 2371 4524 2552 4581; x_wconf 89' lang='lat' dir='ltr'><strong>omnia</strong></span> <span class='ocrx_word' id='word_1_712' title='bbox 2583 4539 2724 4581; x_wconf 94' lang='lat' dir='ltr'><strong>novo</strong></span> <span class='ocrx_word' id='word_1_713' title='bbox 2755 4525 2926 4582; x_wconf 90' lang='lat' dir='ltr'><strong>odore</strong></span> <span class='ocrx_word' id='word_1_714' title='bbox 2968 4525 3166 4596; x_wconf 90' lang='lat' dir='ltr'><strong>Verbi,</strong></span> <span class='ocrx_word' id='word_1_715' title='bbox 3194 4529 3459 4584; x_wconf 89' lang='lat' dir='ltr'><strong>eructavit</strong></span> <span class='ocrx_word' id='word_1_716' title='bbox 3486 4543 3583 4585; x_wconf 89' lang='lat' dir='ltr'><strong>cor</strong></span> 
     </span>
    </p>
   </div>
   <div class='ocr_carea' id='block_1_92' title="bbox 271 4620 3584 4705">
    <p class='ocr_par' dir='ltr' id='par_1_92' title="bbox 271 4620 3584 4705">
     <span class='ocr_line' id='line_1_92' title="bbox 271 4620 3584 4705; baseline 0.001 -28"><span class='ocrx_word' id='word_1_717' title='bbox 271 4624 473 4692; x_wconf 90' lang='lat' dir='ltr'><strong>anima,</strong></span> <span class='ocrx_word' id='word_1_718' title='bbox 497 4641 628 4697; x_wconf 74' lang='lat' dir='ltr'><strong>qua:</strong></span> <span class='ocrx_word' id='word_1_719' title='bbox 657 4623 825 4681; x_wconf 91' lang='lat' dir='ltr'><strong>semel</strong></span> <span class='ocrx_word' id='word_1_720' title='bbox 855 4624 1020 4680; x_wconf 83' lang='lat' dir='ltr'><strong>Verbi</strong></span> <span class='ocrx_word' id='word_1_721' title='bbox 1049 4624 1369 4679; x_wconf 87' lang='lat' dir='ltr'><strong>suavitatem</strong></span> <span class='ocrx_word' id='word_1_722' title='bbox 1399 4623 1725 4705; x_wconf 71' lang='lat' dir='ltr'><strong>gustaverit,</strong></span> <span class='ocrx_word' id='word_1_723' title='bbox 1754 4637 1876 4694; x_wconf 73' lang='lat' dir='ltr'><strong>qua:</strong></span> <span class='ocrx_word' id='word_1_724' title='bbox 1902 4641 1958 4703; x_wconf 71' lang='grc' dir='ltr'><strong>Ι)</strong></span> <span class='ocrx_word' id='word_1_725' title='bbox 1981 4620 2160 4676; x_wconf 89' lang='lat' dir='ltr'><strong>Patris</strong></span> <span class='ocrx_word' id='word_1_726' title='bbox 2211 4620 2452 4678; x_wconf 88' lang='lat' dir='ltr'><strong>Verbum</strong></span> <span class='ocrx_word' id='word_1_727' title='bbox 2504 4621 2729 4688; x_wconf 91' lang='lat' dir='ltr'><strong>bonum,</strong></span> <span class='ocrx_word' id='word_1_728' title='bbox 2781 4621 3044 4695; x_wconf 86' lang='lat' dir='ltr'><strong>fragravit</strong></span> <span class='ocrx_word' id='word_1_729' title='bbox 3093 4622 3288 4692; x_wconf 88' lang='lat' dir='ltr'><strong>Filius,</strong></span> <span class='ocrx_word' id='word_1_730' title='bbox 3346 4623 3584 4696; x_wconf 90' lang='lat' dir='ltr'><strong>Spiritus</strong></span> 
     </span>
    </p>
   </div>
   <div class='ocr_carea' id='block_1_93' title="bbox 270 4703 1879 4788">
    <p class='ocr_par' dir='ltr' id='par_1_93' title="bbox 270 4703 1879 4788">
     <span class='ocr_line' id='line_1_93' title="bbox 270 4703 1879 4788; baseline -0.001 -16"><span class='ocrx_word' id='word_1_731' title='bbox 270 4719 440 4773; x_wconf 85' lang='lat' dir='ltr'><strong>semel</strong></span> <span class='ocrx_word' id='word_1_732' title='bbox 471 4719 788 4775; x_wconf 88' lang='lat' dir='ltr'><strong>claritatem</strong></span> <span class='ocrx_word' id='word_1_733' title='bbox 810 4717 930 4788; x_wconf 90' lang='lat' dir='ltr'><strong>ejus</strong></span> <span class='ocrx_word' id='word_1_734' title='bbox 953 4716 1188 4773; x_wconf 88' lang='lat' dir='ltr'><strong>viderit?</strong></span> <span class='ocrx_word' id='word_1_735' title='bbox 1217 4715 1428 4788; x_wconf 82' lang='lat' dir='ltr'><strong>Moyses</strong></span> <span class='ocrx_word' id='word_1_736' title='bbox 1452 4717 1504 4771; x_wconf 90' lang='lat' dir='ltr'><strong>in</strong></span> <span class='ocrx_word' id='word_1_737' title='bbox 1528 4703 1712 4772; x_wconf 84' lang='lat' dir='ltr'><strong>monte</strong></span> <span class='ocrx_word' id='word_1_738' title='bbox 1734 4717 1879 4786; x_wconf 90' lang='lat' dir='ltr'><strong>posi-</strong></span> 
     </span>
    </p>
   </div>
   <div class='ocr_carea' id='block_1_94' title="bbox 272 4808 1882 4882">
    <p class='ocr_par' dir='ltr' id='par_1_94' title="bbox 272 4808 1882 4882">
     <span class='ocr_line' id='line_1_94' title="bbox 272 4808 1882 4882; baseline -0.001 -18"><span class='ocrx_word' id='word_1_739' title='bbox 272 4815 356 4866; x_wconf 95' lang='lat' dir='ltr'><strong>tus</strong></span> <span class='ocrx_word' id='word_1_740' title='bbox 375 4811 746 4882; x_wconf 86' lang='lat' dir='ltr'><strong>quadraginta</strong></span> <span class='ocrx_word' id='word_1_741' title='bbox 768 4809 960 4866; x_wconf 91' lang='lat' dir='ltr'><strong>diebus</strong></span> <span class='ocrx_word' id='word_1_742' title='bbox 989 4809 1188 4881; x_wconf 87' lang='lat' dir='ltr'><strong>Legem</strong></span> <span class='ocrx_word' id='word_1_743' title='bbox 1214 4810 1490 4880; x_wconf 90' lang='lat' dir='ltr'><strong>accipiens</strong></span> <span class='ocrx_word' id='word_1_744' title='bbox 1510 4851 1525 4876; x_wconf 93' lang='lat'><strong>,</strong></span> <span class='ocrx_word' id='word_1_745' title='bbox 1549 4808 1730 4865; x_wconf 91' lang='lat' dir='ltr'><strong>cibum</strong></span> <span class='ocrx_word' id='word_1_746' title='bbox 1758 4823 1882 4864; x_wconf 90' lang='lat' dir='ltr'><strong>cor-</strong></span> 
     </span>
    </p>
   </div>
   <div class='ocr_carea' id='block_1_95' title="bbox 274 4901 1879 4974">
    <p class='ocr_par' dir='ltr' id='par_1_95' title="bbox 274 4901 1879 4974">
     <span class='ocr_line' id='line_1_95' title="bbox 274 4901 1879 4974; baseline 0.001 -18"><span class='ocrx_word' id='word_1_747' title='bbox 274 4902 417 4971; x_wconf 92' lang='lat' dir='ltr'><strong>poris</strong></span> <span class='ocrx_word' id='word_1_748' title='bbox 449 4917 570 4958; x_wconf 90' lang='lat' dir='ltr'><strong>non</strong></span> <span class='ocrx_word' id='word_1_749' title='bbox 620 4902 933 4974; x_wconf 89' lang='lat' dir='ltr'><strong>requirebat</strong></span> <span class='ocrx_word' id='word_1_750' title='bbox 965 4919 978 4956; x_wconf 92' lang='lat'><strong>:</strong></span> <span class='ocrx_word' id='word_1_751' title='bbox 1009 4902 1157 4958; x_wconf 89' lang='lat' dir='ltr'><strong>Elias</strong></span> <span class='ocrx_word' id='word_1_752' title='bbox 1185 4901 1251 4958; x_wconf 91' lang='lat' dir='ltr'><strong>ad</strong></span> <span class='ocrx_word' id='word_1_753' title='bbox 1281 4901 1430 4957; x_wconf 89' lang='lat' dir='ltr'><strong>illam</strong></span> <span class='ocrx_word' id='word_1_754' title='bbox 1485 4901 1751 4957; x_wconf 85' lang='lat' dir='ltr'><strong>festinans</strong></span> <span class='ocrx_word' id='word_1_755' title='bbox 1789 4917 1879 4958; x_wconf 84' lang='lat' dir='ltr'><strong>re-</strong></span> 
     </span>
    </p>
   </div>
   <div class='ocr_carea' id='block_1_96' title="bbox 273 4994 1884 5068">
    <p class='ocr_par' dir='ltr' id='par_1_96' title="bbox 273 4994 1884 5068">
     <span class='ocr_line' id='line_1_96' title="bbox 273 4994 1884 5068; baseline -0.002 -18"><span class='ocrx_word' id='word_1_756' title='bbox 273 4997 478 5064; x_wconf 88' lang='lat' dir='ltr'><strong>quiem,</strong></span> <span class='ocrx_word' id='word_1_757' title='bbox 504 4995 810 5068; x_wconf 89' lang='lat' dir='ltr'><strong>rogabatut</strong></span> <span class='ocrx_word' id='word_1_758' title='bbox 829 4995 1169 5067; x_wconf 75' lang='lat' dir='ltr'><strong>acciperetur</strong></span> <span class='ocrx_word' id='word_1_759' title='bbox 1195 4995 1373 5051; x_wconf 92' lang='lat' dir='ltr'><strong>anima</strong></span> <span class='ocrx_word' id='word_1_760' title='bbox 1396 5010 1491 5051; x_wconf 90' lang='lat' dir='ltr'><strong>sua</strong></span> <span class='ocrx_word' id='word_1_761' title='bbox 1517 5011 1544 5049; x_wconf 89' lang='lat' dir='ltr'><strong>a</strong></span> <span class='ocrx_word' id='word_1_762' title='bbox 1573 5009 1662 5051; x_wconf 91' lang='lat' dir='ltr'><strong>se:</strong></span> <span class='ocrx_word' id='word_1_763' title='bbox 1692 4994 1884 5051; x_wconf 90' lang='lat' dir='ltr'><strong>Petrus</strong></span> 
     </span>
    </p>
   </div>
   <div class='ocr_carea' id='block_1_97' title="bbox 274 5087 1886 5159">
    <p class='ocr_par' dir='ltr' id='par_1_97' title="bbox 274 5087 1886 5159">
     <span class='ocr_line' id='line_1_97' title="bbox 274 5087 1886 5159; baseline 0.002 -20"><span class='ocrx_word' id='word_1_764' title='bbox 274 5087 554 5156; x_wconf 87' lang='lat' dir='ltr'><strong>aspiciens</strong></span> <span class='ocrx_word' id='word_1_765' title='bbox 595 5097 650 5144; x_wconf 88' lang='lat' dir='ltr'><strong>et</strong></span> <span class='ocrx_word' id='word_1_766' title='bbox 675 5087 794 5159; x_wconf 89' lang='lat' dir='ltr'><strong>ipse</strong></span> <span class='ocrx_word' id='word_1_767' title='bbox 821 5087 876 5143; x_wconf 93' lang='lat' dir='ltr'><strong>in</strong></span> <span class='ocrx_word' id='word_1_768' title='bbox 905 5097 1092 5143; x_wconf 88' lang='lat' dir='ltr'><strong>monte</strong></span> <span class='ocrx_word' id='word_1_769' title='bbox 1136 5087 1432 5143; x_wconf 74' lang='lat' dir='ltr'><strong>Dominiete</strong></span> <span class='ocrx_word' id='word_1_770' title='bbox 1467 5087 1886 5143; x_wconf 90' lang='lat' dir='ltr'><strong>resurrectionis</strong></span> 
     </span>
    </p>
   </div>
   <div class='ocr_carea' id='block_1_98' title="bbox 276 5182 1888 5254">
    <p class='ocr_par' dir='ltr' id='par_1_98' title="bbox 276 5182 1888 5254">
     <span class='ocr_line' id='line_1_98' title="bbox 276 5182 1888 5254; baseline -0.002 -15"><span class='ocrx_word' id='word_1_771' title='bbox 276 5183 535 5254; x_wconf 85' lang='lat' dir='ltr'><strong>gloriam,</strong></span> <span class='ocrx_word' id='word_1_772' title='bbox 563 5186 784 5243; x_wconf 88' lang='lat' dir='ltr'><strong>nolebat</strong></span> <span class='ocrx_word' id='word_1_773' title='bbox 809 5183 1403 5252; x_wconf 81' lang='lat' dir='ltr'><strong>descendere,dicens_‘:</strong></span> <span class='ocrx_word' id='word_1_774' title='bbox 1430 5182 1675 5251; x_wconf 88' lang='lat' dir='ltr'><strong>Domine,</strong></span> <span class='ocrx_word' id='word_1_775' title='bbox 1699 5183 1888 5239; x_wconf 84' lang='lat' dir='ltr'><strong>bonum</strong></span> 
     </span>
    </p>
   </div>
   <div class='ocr_carea' id='block_1_99' title="bbox 277 5277 1888 5352">
    <p class='ocr_par' dir='ltr' id='par_1_99' title="bbox 277 5277 1888 5352">
     <span class='ocr_line' id='line_1_99' title="bbox 277 5277 1888 5352; baseline 0.001 -20"><span class='ocrx_word' id='word_1_776' title='bbox 277 5288 348 5333; x_wconf 84' lang='lat' dir='ltr'><strong>est</strong></span> <span class='ocrx_word' id='word_1_777' title='bbox 392 5295 490 5334; x_wconf 90' lang='lat' dir='ltr'><strong>nos</strong></span> <span class='ocrx_word' id='word_1_778' title='bbox 517 5279 608 5334; x_wconf 84' lang='lat' dir='ltr'><strong>hic</strong></span> <span class='ocrx_word' id='word_1_779' title='bbox 630 5297 739 5336; x_wconf 78' lang='lat' dir='ltr'><strong>esse</strong></span> <span class='ocrx_word' id='word_1_780' title='bbox 764 5279 981 5352; x_wconf 80' lang='lat' dir='ltr'><strong>(Matth.</strong></span> <span class='ocrx_word' id='word_1_781' title='bbox 1039 5295 1185 5346; x_wconf 82' lang='lat' dir='ltr'><strong>xvu,</strong></span> <span class='ocrx_word' id='word_1_782' title='bbox 1215 5277 1307 5351; x_wconf 70' lang='grc'><strong>4).</strong></span> <span class='ocrx_word' id='word_1_783' title='bbox 1334 5277 1544 5347; x_wconf 87' lang='lat' dir='ltr'><strong>Quanta</strong></span> <span class='ocrx_word' id='word_1_784' title='bbox 1579 5277 1743 5349; x_wconf 89' lang='lat' dir='ltr'><strong>igitur</strong></span> <span class='ocrx_word' id='word_1_785' title='bbox 1796 5277 1888 5335; x_wconf 86' lang='lat' dir='ltr'><strong>illa</strong></span> 
     </span>
    </p>
   </div>
   <div class='ocr_carea' id='block_1_100' title="bbox 279 5368 1887 5445">
    <p class='ocr_par' dir='ltr' id='par_1_100' title="bbox 279 5368 1887 5445">
     <span class='ocr_line' id='line_1_100' title="bbox 279 5368 1887 5445; baseline 0.001 -19"><span class='ocrx_word' id='word_1_786' title='bbox 279 5368 481 5428; x_wconf 72' lang='lat' dir='ltr'><strong>divina:</strong></span> <span class='ocrx_word' id='word_1_787' title='bbox 541 5374 868 5430; x_wconf 77' lang='lat' dir='ltr'><strong>substantia:</strong></span> <span class='ocrx_word' id='word_1_788' title='bbox 926 5373 1129 5445; x_wconf 88' lang='lat' dir='ltr'><strong>gloria,</strong></span> <span class='ocrx_word' id='word_1_789' title='bbox 1163 5382 1368 5444; x_wconf 89' lang='lat' dir='ltr'><strong>quanta</strong></span> <span class='ocrx_word' id='word_1_790' title='bbox 1399 5372 1566 5428; x_wconf 89' lang='lat' dir='ltr'><strong>Verbi</strong></span> <span class='ocrx_word' id='word_1_791' title='bbox 1611 5371 1778 5440; x_wconf 88' lang='lat' dir='ltr'><strong>dona,</strong></span> <span class='ocrx_word' id='word_1_792' title='bbox 1834 5372 1887 5427; x_wconf 92' lang='lat' dir='ltr'><strong>in</strong></span> 
     </span>
    </p>
   </div>
   <div class='ocr_carea' id='block_1_101' title="bbox 278 5468 1524 5540">
    <p class='ocr_par' dir='ltr' id='par_1_101' title="bbox 278 5468 1524 5540">
     <span class='ocr_line' id='line_1_101' title="bbox 278 5468 1524 5540; baseline 0.001 -19"><span class='ocrx_word' id='word_1_793' title='bbox 278 5478 396 5536; x_wconf 74' lang='lat' dir='ltr'><strong>qua:</strong></span> <span class='ocrx_word' id='word_1_794' title='bbox 443 5468 848 5540; x_wconf 87' lang='lat' dir='ltr'><strong>concupiscunt</strong></span> <span class='ocrx_word' id='word_1_795' title='bbox 880 5477 936 5525; x_wconf 89' lang='lat' dir='ltr'><strong>et</strong></span> <span class='ocrx_word' id='word_1_796' title='bbox 961 5468 1138 5540; x_wconf 86' lang='lat' dir='ltr'><strong>angeli</strong></span> <span class='ocrx_word' id='word_1_797' title='bbox 1168 5468 1524 5538; x_wconf 82' lang='lat' dir='ltr'><strong>prospicere!</strong></span> 
     </span>
    </p>
   </div>
   <div class='ocr_carea' id='block_1_102' title="bbox 347 5562 1886 5636">
    <p class='ocr_par' dir='ltr' id='par_1_102' title="bbox 347 5562 1886 5636">
     <span class='ocr_line' id='line_1_102' title="bbox 347 5562 1886 5636; baseline 0.003 -20"><span class='ocrx_word' id='word_1_798' title='bbox 347 5562 438 5616; x_wconf 74' lang='grc'><strong>12.</strong></span> <span class='ocrx_word' id='word_1_799' title='bbox 482 5563 684 5618; x_wconf 84' lang='lat' dir='ltr'><strong>Anima</strong></span> <span class='ocrx_word' id='word_1_800' title='bbox 714 5565 877 5636; x_wconf 85' lang='lat' dir='ltr'><strong>igitur</strong></span> <span class='ocrx_word' id='word_1_801' title='bbox 897 5580 1021 5635; x_wconf 73' lang='lat' dir='ltr'><strong>qua:</strong></span> <span class='ocrx_word' id='word_1_802' title='bbox 1045 5563 1179 5620; x_wconf 91' lang='lat' dir='ltr'><strong>illud</strong></span> <span class='ocrx_word' id='word_1_803' title='bbox 1207 5563 1385 5631; x_wconf 86' lang='lat' dir='ltr'><strong>videt,</strong></span> <span class='ocrx_word' id='word_1_804' title='bbox 1418 5577 1617 5634; x_wconf 85' lang='lat' dir='ltr'><strong>corpus</strong></span> <span class='ocrx_word' id='word_1_805' title='bbox 1649 5564 1752 5620; x_wconf 90' lang='lat' dir='ltr'><strong>hoc</strong></span> <span class='ocrx_word' id='word_1_806' title='bbox 1779 5579 1886 5620; x_wconf 90' lang='lat' dir='ltr'><strong>non</strong></span> 
     </span>
    </p>
   </div>
   <div class='ocr_carea' id='block_1_103' title="bbox 280 5655 1897 5730">
    <p class='ocr_par' dir='ltr' id='par_1_103' title="bbox 280 5655 1897 5730">
     <span class='ocr_line' id='line_1_103' title="bbox 280 5655 1897 5730; baseline 0.004 -19"><span class='ocrx_word' id='word_1_807' title='bbox 280 5655 542 5728; x_wconf 88' lang='lat' dir='ltr'><strong>requirit,</strong></span> <span class='ocrx_word' id='word_1_808' title='bbox 599 5659 987 5730; x_wconf 90' lang='lat' dir='ltr'><strong>minimamque</strong></span> <span class='ocrx_word' id='word_1_809' title='bbox 1026 5658 1450 5716; x_wconf 89' lang='lat' dir='ltr'><strong>familiaritatem</strong></span> <span class='ocrx_word' id='word_1_810' title='bbox 1490 5673 1610 5714; x_wconf 85' lang='lat' dir='ltr'><strong>cum</strong></span> <span class='ocrx_word' id='word_1_811' title='bbox 1662 5675 1729 5716; x_wconf 87' lang='lat' dir='ltr'><strong>eo</strong></span> <span class='ocrx_word' id='word_1_812' title='bbox 1775 5675 1897 5718; x_wconf 89' lang='lat' dir='ltr'><strong>esse</strong></span> 
     </span>
    </p>
   </div>
   <div class='ocr_carea' id='block_1_104' title="bbox 353 5772 1090 5847">
    <p class='ocr_par' dir='ltr' id='par_1_104' title="bbox 353 5772 1090 5847">
     <span class='ocr_line' id='line_1_104' title="bbox 353 5772 1090 5847; baseline 0.005 -18"><span class='ocrx_word' id='word_1_813' title='bbox 353 5773 380 5847; x_wconf 60' lang='grc' dir='ltr'><em>ῗ</em></span> <span class='ocrx_word' id='word_1_814' title='bbox 411 5773 539 5847; x_wconf 61' lang='grc' dir='ltr'><strong>μὴ.</strong></span> <span class='ocrx_word' id='word_1_815' title='bbox 567 5772 641 5830; x_wconf 87' lang='lat' dir='ltr'><strong>de</strong></span> <span class='ocrx_word' id='word_1_816' title='bbox 667 5775 813 5832; x_wconf 90' lang='lat' dir='ltr'><strong>Isaac</strong></span> <span class='ocrx_word' id='word_1_817' title='bbox 839 5818 853 5844; x_wconf 91' lang='lat'><strong>,</strong></span> <span class='ocrx_word' id='word_1_818' title='bbox 888 5791 1011 5847; x_wconf 89' lang='lat' dir='ltr'><strong>cap.</strong></span> <span class='ocrx_word' id='word_1_819' title='bbox 1036 5777 1090 5833; x_wconf 76' lang='grc'><strong>5.</strong></span> 
     </span>
    </p>
   </div>
   <div class='ocr_carea' id='block_1_105' title="bbox 357 5841 1023 5920">
    <p class='ocr_par' dir='ltr' id='par_1_105' title="bbox 357 5841 1023 5920">
     <span class='ocr_line' id='line_1_105' title="bbox 357 5841 1023 5920; baseline 0.002 -16"><span class='ocrx_word' id='word_1_820' title='bbox 357 5841 386 5884; x_wconf 70' lang='grc' dir='ltr'>δ</span> <span class='ocrx_word' id='word_1_821' title='bbox 410 5845 601 5920; x_wconf 83' lang='lat' dir='ltr'><strong>Epist.</strong></span> <span class='ocrx_word' id='word_1_822' title='bbox 632 5847 694 5904; x_wconf 88' lang='lat' dir='ltr'><strong>ad</strong></span> <span class='ocrx_word' id='word_1_823' title='bbox 735 5841 1023 5907; x_wconf 37' lang='lat' dir='ltr'><strong>Iret&#39;neum.</strong></span> 
     </span>
    </p>
   </div>
   <div class='ocr_carea' id='block_1_106' title="bbox 1981 4714 3582 4790">
    <p class='ocr_par' dir='ltr' id='par_1_106' title="bbox 1981 4714 3582 4790">
     <span class='ocr_line' id='line_1_106' title="bbox 1981 4714 3582 4790; baseline 0.004 -18"><span class='ocrx_word' id='word_1_824' title='bbox 1981 4724 2204 4772; x_wconf 90' lang='lat' dir='ltr'><strong>sanctus</strong></span> <span class='ocrx_word' id='word_1_825' title='bbox 2229 4714 2530 4784; x_wconf 80' lang='lat' dir='ltr'><strong>exhalavit,</strong></span> <span class='ocrx_word' id='word_1_826' title='bbox 2551 4726 2716 4789; x_wconf 88' lang='lat' dir='ltr'><strong>atque</strong></span> <span class='ocrx_word' id='word_1_827' title='bbox 2736 4733 2838 4790; x_wconf 90' lang='lat' dir='ltr'><strong>per</strong></span> <span class='ocrx_word' id='word_1_828' title='bbox 2866 4719 3110 4775; x_wconf 90' lang='lat' dir='ltr'><strong>omnium</strong></span> <span class='ocrx_word' id='word_1_829' title='bbox 3137 4719 3302 4776; x_wconf 89' lang='lat' dir='ltr'><strong>corda</strong></span> <span class='ocrx_word' id='word_1_830' title='bbox 3322 4719 3538 4778; x_wconf 76' lang='lat' dir='ltr'><strong>diﬂ‘udit</strong></span> <span class='ocrx_word' id='word_1_831' title='bbox 3567 4739 3582 4778; x_wconf 91' lang='lat'><strong>:</strong></span> 
     </span>
    </p>
   </div>
   <div class='ocr_carea' id='block_1_107' title="bbox 1983 4808 3589 4894">
    <p class='ocr_par' dir='ltr' id='par_1_107' title="bbox 1983 4808 3589 4894">
     <span class='ocr_line' id='line_1_107' title="bbox 1983 4808 3589 4894; baseline 0.005 -30"><span class='ocrx_word' id='word_1_832' title='bbox 1983 4808 2195 4878; x_wconf 75' lang='lat' dir='ltr'><strong>Diﬁ‘usa</strong></span> <span class='ocrx_word' id='word_1_833' title='bbox 2223 4819 2296 4865; x_wconf 86' lang='lat' dir='ltr'><strong>est</strong></span> <span class='ocrx_word' id='word_1_834' title='bbox 2322 4810 2459 4865; x_wconf 90' lang='lat' dir='ltr'><strong>enim</strong></span> <span class='ocrx_word' id='word_1_835' title='bbox 2480 4810 2709 4868; x_wconf 84' lang='lat' dir='ltr'><strong>charitas</strong></span> <span class='ocrx_word' id='word_1_836' title='bbox 2750 4811 2854 4868; x_wconf 88' lang='lat' dir='ltr'><strong>Dei</strong></span> <span class='ocrx_word' id='word_1_837' title='bbox 2896 4814 2952 4869; x_wconf 85' lang='lat' dir='ltr'><strong>in</strong></span> <span class='ocrx_word' id='word_1_838' title='bbox 2990 4815 3234 4894; x_wconf 73' lang='lat' dir='ltr'><strong>cordibus</strong></span> <span class='ocrx_word' id='word_1_839' title='bbox 3271 4817 3463 4873; x_wconf 84' lang='lat' dir='ltr'><strong>nostris</strong></span> <span class='ocrx_word' id='word_1_840' title='bbox 3495 4833 3589 4890; x_wconf 86' lang='lat' dir='ltr'><strong>per</strong></span> 
     </span>
    </p>
   </div>
   <div class='ocr_carea' id='block_1_108' title="bbox 1987 4902 3591 4979">
    <p class='ocr_par' dir='ltr' id='par_1_108' title="bbox 1987 4902 3591 4979">
     <span class='ocr_line' id='line_1_108' title="bbox 1987 4902 3591 4979; baseline 0.004 -20"><span class='ocrx_word' id='word_1_841' title='bbox 1987 4902 2244 4974; x_wconf 88' lang='lat' dir='ltr'><strong>Spiritum</strong></span> <span class='ocrx_word' id='word_1_842' title='bbox 2267 4910 2500 4958; x_wconf 87' lang='lat' dir='ltr'><strong>sanctum</strong></span> <span class='ocrx_word' id='word_1_843' title='bbox 2529 4902 2773 4977; x_wconf 90' lang='lat' dir='ltr'><strong>(Rom.v,</strong></span> <span class='ocrx_word' id='word_1_844' title='bbox 2797 4905 2892 4978; x_wconf 86' lang='lat'><strong>5).</strong></span> <span class='ocrx_word' id='word_1_845' title='bbox 2921 4906 3043 4979; x_wconf 84' lang='lat' dir='ltr'><strong>Ipse</strong></span> <span class='ocrx_word' id='word_1_846' title='bbox 3071 4907 3166 4965; x_wconf 92' lang='lat' dir='ltr'><strong>Dei</strong></span> <span class='ocrx_word' id='word_1_847' title='bbox 3181 4909 3354 4966; x_wconf 87' lang='lat' dir='ltr'><strong>Filius</strong></span> <span class='ocrx_word' id='word_1_848' title='bbox 3384 4909 3442 4965; x_wconf 88' lang='lat' dir='ltr'><strong>in</strong></span> <span class='ocrx_word' id='word_1_849' title='bbox 3467 4924 3591 4967; x_wconf 86' lang='lat' dir='ltr'><strong>cor-</strong></span> 
     </span>
    </p>
   </div>
   <div class='ocr_carea' id='block_1_109' title="bbox 1989 4999 3592 5074">
    <p class='ocr_par' dir='ltr' id='par_1_109' title="bbox 1989 4999 3592 5074">
     <span class='ocr_line' id='line_1_109' title="bbox 1989 4999 3592 5074; baseline 0.004 -20"><span class='ocrx_word' id='word_1_850' title='bbox 1989 5012 2121 5070; x_wconf 90' lang='lat' dir='ltr'><strong>pore</strong></span> <span class='ocrx_word' id='word_1_851' title='bbox 2180 5007 2453 5070; x_wconf 90' lang='lat' dir='ltr'><strong>tamquam</strong></span> <span class='ocrx_word' id='word_1_852' title='bbox 2515 4999 2570 5055; x_wconf 89' lang='lat' dir='ltr'><strong>in</strong></span> <span class='ocrx_word' id='word_1_853' title='bbox 2615 5015 2746 5057; x_wconf 90' lang='lat' dir='ltr'><strong>vase</strong></span> <span class='ocrx_word' id='word_1_854' title='bbox 2801 5001 3026 5059; x_wconf 90' lang='lat' dir='ltr'><strong>odorem</strong></span> <span class='ocrx_word' id='word_1_855' title='bbox 3076 5003 3255 5074; x_wconf 91' lang='lat' dir='ltr'><strong>primo</strong></span> <span class='ocrx_word' id='word_1_856' title='bbox 3297 5003 3592 5062; x_wconf 85' lang='lat' dir='ltr'><strong>cohibebat</strong></span> 
     </span>
    </p>
   </div>
   <div class='ocr_carea' id='block_1_110' title="bbox 1991 5093 3594 5170">
    <p class='ocr_par' dir='ltr' id='par_1_110' title="bbox 1991 5093 3594 5170">
     <span class='ocr_line' id='line_1_110' title="bbox 1991 5093 3594 5170; baseline 0.004 -22"><span class='ocrx_word' id='word_1_857' title='bbox 1991 5105 2187 5158; x_wconf 90' lang='lat' dir='ltr'><strong>suum,</strong></span> <span class='ocrx_word' id='word_1_858' title='bbox 2244 5093 2536 5163; x_wconf 89' lang='lat' dir='ltr'><strong>opperiens</strong></span> <span class='ocrx_word' id='word_1_859' title='bbox 2579 5101 2794 5166; x_wconf 89' lang='lat' dir='ltr'><strong>tempus</strong></span> <span class='ocrx_word' id='word_1_860' title='bbox 2837 5095 2980 5153; x_wconf 89' lang='lat' dir='ltr'><strong>sicut</strong></span> <span class='ocrx_word' id='word_1_861' title='bbox 3032 5095 3110 5153; x_wconf 87' lang='lat' dir='ltr'><strong>ait</strong></span> <span class='ocrx_word' id='word_1_862' title='bbox 3145 5113 3160 5152; x_wconf 94' lang='lat'><strong>:</strong></span> <span class='ocrx_word' id='word_1_863' title='bbox 3204 5097 3459 5155; x_wconf 87' lang='lat' dir='ltr'><strong>Dominus</strong></span> <span class='ocrx_word' id='word_1_864' title='bbox 3478 5099 3594 5170; x_wconf 62' lang='lat' dir='ltr'><strong>idat</strong></span> 
     </span>
    </p>
   </div>
   <div class='ocr_carea' id='block_1_111' title="bbox 1993 5185 3596 5266">
    <p class='ocr_par' dir='ltr' id='par_1_111' title="bbox 1993 5185 3596 5266">
     <span class='ocr_line' id='line_1_111' title="bbox 1993 5185 3596 5266; baseline 0.008 -28"><span class='ocrx_word' id='word_1_865' title='bbox 1993 5185 2124 5239; x_wconf 85' lang='lat' dir='ltr'><strong>mihi</strong></span> <span class='ocrx_word' id='word_1_866' title='bbox 2165 5185 2398 5257; x_wconf 85' lang='lat' dir='ltr'><strong>linguam</strong></span> <span class='ocrx_word' id='word_1_867' title='bbox 2427 5186 2737 5242; x_wconf 87' lang='lat' dir='ltr'><strong>eruditionis</strong></span> <span class='ocrx_word' id='word_1_868' title='bbox 2759 5229 2776 5255; x_wconf 94' lang='lat'><strong>,</strong></span> <span class='ocrx_word' id='word_1_869' title='bbox 2823 5197 2882 5244; x_wconf 86' lang='lat' dir='ltr'><strong>ut</strong></span> <span class='ocrx_word' id='word_1_870' title='bbox 2921 5190 3085 5246; x_wconf 86' lang='lat' dir='ltr'><strong>sciam</strong></span> <span class='ocrx_word' id='word_1_871' title='bbox 3122 5192 3334 5262; x_wconf 88' lang='lat' dir='ltr'><strong>quando</strong></span> <span class='ocrx_word' id='word_1_872' title='bbox 3359 5202 3596 5266; x_wconf 84' lang='lat' dir='ltr'><strong>oporteat</strong></span> 
     </span>
    </p>
   </div>
   <div class='ocr_carea' id='block_1_112' title="bbox 1991 5280 3598 5356">
    <p class='ocr_par' dir='ltr' id='par_1_112' title="bbox 1991 5280 3598 5356">
     <span class='ocr_line' id='line_1_112' title="bbox 1991 5280 3598 5356; baseline 0.006 -22"><span class='ocrx_word' id='word_1_873' title='bbox 1991 5281 2161 5335; x_wconf 86' lang='lat' dir='ltr'><strong>dicere</strong></span> <span class='ocrx_word' id='word_1_874' title='bbox 2196 5295 2504 5336; x_wconf 88' lang='lat' dir='ltr'><strong>sermonem.</strong></span> <span class='ocrx_word' id='word_1_875' title='bbox 2534 5280 2698 5338; x_wconf 89' lang='lat' dir='ltr'><strong>Venit</strong></span> <span class='ocrx_word' id='word_1_876' title='bbox 2723 5281 2880 5352; x_wconf 92' lang='lat' dir='ltr'><strong>hora,</strong></span> <span class='ocrx_word' id='word_1_877' title='bbox 2905 5285 3123 5355; x_wconf 89' lang='lat' dir='ltr'><strong>aperuit</strong></span> <span class='ocrx_word' id='word_1_878' title='bbox 3165 5302 3250 5356; x_wconf 87' lang='lat' dir='ltr'><strong>os,</strong></span> <span class='ocrx_word' id='word_1_879' title='bbox 3281 5289 3451 5343; x_wconf 82' lang='lat' dir='ltr'><strong>exivit</strong></span> <span class='ocrx_word' id='word_1_880' title='bbox 3496 5305 3598 5344; x_wconf 87' lang='lat' dir='ltr'><strong>uu-</strong></span> 
     </span>
    </p>
   </div>
   <div class='ocr_carea' id='block_1_113' title="bbox 1989 5371 3596 5442">
    <p class='ocr_par' dir='ltr' id='par_1_113' title="bbox 1989 5371 3596 5442">
     <span class='ocr_line' id='line_1_113' title="bbox 1989 5371 3596 5442; baseline 0.007 -15"><span class='ocrx_word' id='word_1_881' title='bbox 1989 5380 2279 5442; x_wconf 89' lang='lat' dir='ltr'><strong>guentum,</strong></span> <span class='ocrx_word' id='word_1_882' title='bbox 2314 5371 2535 5440; x_wconf 92' lang='lat' dir='ltr'><strong>quando</strong></span> <span class='ocrx_word' id='word_1_883' title='bbox 2564 5374 2736 5430; x_wconf 91' lang='lat' dir='ltr'><strong>virtus</strong></span> <span class='ocrx_word' id='word_1_884' title='bbox 2759 5374 2942 5431; x_wconf 84' lang='lat' dir='ltr'><strong>exibat</strong></span> <span class='ocrx_word' id='word_1_885' title='bbox 2970 5375 3039 5432; x_wconf 88' lang='lat' dir='ltr'><strong>de</strong></span> <span class='ocrx_word' id='word_1_886' title='bbox 3068 5391 3156 5434; x_wconf 91' lang='lat' dir='ltr'><strong>eo.</strong></span> <span class='ocrx_word' id='word_1_887' title='bbox 3188 5390 3210 5418; x_wconf 77' lang='grc' dir='ltr'><strong>ο</strong></span> <span class='ocrx_word' id='word_1_888' title='bbox 3246 5379 3314 5435; x_wconf 80' lang='lat' dir='ltr'><strong>Et</strong></span> <span class='ocrx_word' id='word_1_889' title='bbox 3341 5380 3461 5436; x_wconf 92' lang='lat' dir='ltr'><strong>ideo</strong></span> <span class='ocrx_word' id='word_1_890' title='bbox 3489 5379 3596 5438; x_wconf 89' lang='lat' dir='ltr'><strong>ista</strong></span> 
     </span>
    </p>
   </div>
   <div class='ocr_carea' id='block_1_114' title="bbox 1989 5463 3601 5540">
    <p class='ocr_par' dir='ltr' id='par_1_114' title="bbox 1989 5463 3601 5540">
     <span class='ocr_line' id='line_1_114' title="bbox 1989 5463 3601 5540; baseline 0.007 -20"><span class='ocrx_word' id='word_1_891' title='bbox 1989 5463 2214 5520; x_wconf 83' lang='lat' dir='ltr'><strong>feStinat</strong></span> <span class='ocrx_word' id='word_1_892' title='bbox 2235 5463 2305 5519; x_wconf 91' lang='lat' dir='ltr'><strong>ad</strong></span> <span class='ocrx_word' id='word_1_893' title='bbox 2329 5463 2565 5521; x_wconf 89' lang='lat' dir='ltr'><strong>Verbum</strong></span> <span class='ocrx_word' id='word_1_894' title='bbox 2589 5505 2605 5532; x_wconf 95' lang='lat'><strong>,</strong></span> <span class='ocrx_word' id='word_1_895' title='bbox 2633 5474 2690 5522; x_wconf 91' lang='lat' dir='ltr'><strong>et</strong></span> <span class='ocrx_word' id='word_1_896' title='bbox 2718 5476 2873 5538; x_wconf 84' lang='lat' dir='ltr'><strong>rogat</strong></span> <span class='ocrx_word' id='word_1_897' title='bbox 2900 5476 2962 5524; x_wconf 93' lang='lat' dir='ltr'><strong>ut</strong></span> <span class='ocrx_word' id='word_1_898' title='bbox 2999 5471 3328 5540; x_wconf 88' lang='lat' dir='ltr'><strong>attrahatur,</strong></span> <span class='ocrx_word' id='word_1_899' title='bbox 3361 5488 3430 5529; x_wconf 92' lang='lat' dir='ltr'><strong>ne</strong></span> <span class='ocrx_word' id='word_1_900' title='bbox 3454 5472 3601 5531; x_wconf 85' lang='lat' dir='ltr'><strong>forte</strong></span> 
     </span>
    </p>
   </div>
   <div class='ocr_carea' id='block_1_115' title="bbox 1989 5557 3597 5634">
    <p class='ocr_par' dir='ltr' id='par_1_115' title="bbox 1989 5557 3597 5634">
     <span class='ocr_line' id='line_1_115' title="bbox 1989 5557 3597 5634; baseline 0.007 -20"><span class='ocrx_word' id='word_1_901' title='bbox 1989 5557 2432 5630; x_wconf 85' lang='lat' dir='ltr'><strong>derelinquatur;</strong></span> <span class='ocrx_word' id='word_1_902' title='bbox 2477 5560 2602 5631; x_wconf 90' lang='lat' dir='ltr'><strong>quia</strong></span> <span class='ocrx_word' id='word_1_903' title='bbox 2636 5562 2806 5617; x_wconf 90' lang='lat' dir='ltr'><strong>currit</strong></span> <span class='ocrx_word' id='word_1_904' title='bbox 2834 5562 2932 5619; x_wconf 91' lang='lat' dir='ltr'><strong>Dei</strong></span> <span class='ocrx_word' id='word_1_905' title='bbox 2964 5562 3203 5622; x_wconf 82' lang='lat' dir='ltr'><strong>Verbum</strong></span> <span class='ocrx_word' id='word_1_906' title='bbox 3227 5608 3242 5634; x_wconf 93' lang='lat'><strong>,</strong></span> <span class='ocrx_word' id='word_1_907' title='bbox 3268 5575 3325 5624; x_wconf 88' lang='lat' dir='ltr'><strong>et</strong></span> <span class='ocrx_word' id='word_1_908' title='bbox 3370 5583 3480 5623; x_wconf 92' lang='lat' dir='ltr'><strong>non</strong></span> <span class='ocrx_word' id='word_1_909' title='bbox 3510 5576 3597 5625; x_wconf 88' lang='lat' dir='ltr'><strong>est</strong></span> 
     </span>
    </p>
   </div>
   <div class='ocr_carea' id='block_1_116' title="bbox 2001 5654 3605 5735">
    <p class='ocr_par' dir='ltr' id='par_1_116' title="bbox 2001 5654 3605 5735">
     <span class='ocr_line' id='line_1_116' title="bbox 2001 5654 3605 5735; baseline 0.004 -22"><span class='ocrx_word' id='word_1_910' title='bbox 2001 5655 2303 5728; x_wconf 85' lang='lat' dir='ltr'><strong>alligatum.</strong></span> <span class='ocrx_word' id='word_1_911' title='bbox 2327 5654 2573 5727; x_wconf 91' lang='lat' dir='ltr'><strong>Denique</strong></span> <span class='ocrx_word' id='word_1_912' title='bbox 2594 5654 2838 5713; x_wconf 73' lang='lat' dir='ltr'><strong>Exsultat</strong></span> <span class='ocrx_word' id='word_1_913' title='bbox 2859 5667 3120 5731; x_wconf 82' lang='lat' dir='ltr'><strong>tamquam</strong></span> <span class='ocrx_word' id='word_1_914' title='bbox 3138 5661 3287 5735; x_wconf 84' lang='lat' dir='ltr'><strong>gigas</strong></span> <span class='ocrx_word' id='word_1_915' title='bbox 3305 5661 3376 5718; x_wconf 86' lang='lat' dir='ltr'><strong>ad</strong></span> <span class='ocrx_word' id='word_1_916' title='bbox 3391 5677 3605 5720; x_wconf 84' lang='lat' dir='ltr'><strong>curren-</strong></span> 
     </span>
    </p>
   </div>
   <div class='ocr_carea' id='block_1_117' title="bbox 2077 5769 2770 5842">
    <p class='ocr_par' dir='ltr' id='par_1_117' title="bbox 2077 5769 2770 5842">
     <span class='ocr_line' id='line_1_117' title="bbox 2077 5769 2770 5842; baseline -0.004 -15"><span class='ocrx_word' id='word_1_917' title='bbox 2077 5783 2098 5809; x_wconf 70' lang='grc' dir='ltr'><em>ο</em></span> <span class='ocrx_word' id='word_1_918' title='bbox 2133 5770 2252 5827; x_wconf 86' lang='lat' dir='ltr'><strong>Lib.</strong></span> <span class='ocrx_word' id='word_1_919' title='bbox 2277 5769 2346 5828; x_wconf 90' lang='lat' dir='ltr'><strong>de</strong></span> <span class='ocrx_word' id='word_1_920' title='bbox 2372 5769 2542 5837; x_wconf 84' lang='lat' dir='ltr'><strong>Isaac,</strong></span> <span class='ocrx_word' id='word_1_921' title='bbox 2566 5785 2687 5842; x_wconf 91' lang='lat' dir='ltr'><strong>cap.</strong></span> <span class='ocrx_word' id='word_1_922' title='bbox 2717 5771 2770 5830; x_wconf 69' lang='grc' dir='ltr'><strong>ὃ.</strong></span> 
     </span>
    </p>
   </div>
  </div>
