4040 6506
606 320 746 383 18⁸65

583 529 688 587 tire
719 530 891 601 possit
935 532 1084 587 illam
1131 534 1480 605 aSperitatem
1511 554 1525 595 :
1554 539 1695 595 sicut
1738 542 1884 597 enim
1934 545 2187 603 ardorem

583 621 719 678 solis
763 637 872 679 non
922 627 1091 682 sentit
1137 625 1296 697 pellis
1348 627 1716 699 tabernaculi,
1748 649 1814 690 eo
1844 637 1992 706 quod
2033 639 2190 709 pellis

583 717 657 774 sit
685 716 939 774 animalis
967 719 1163 774 mortui
1189 735 1204 786 ;
1235 720 1306 775 ita
1338 719 1458 777 haec
1489 734 1699 779 mortua
1735 737 1996 797 peccato,
2028 733 2191 787 ardo-

583 825 700 866 rem
732 808 939 881 peccati
967 810 1172 868 sentire
1192 826 1300 868 non
1330 823 1544 883 poterat
1572 833 1585 870 :
1617 817 1704 874 vel
1733 820 1855 890 quia
1888 837 1994 876 non
2039 822 2190 878 fran-

581 902 812 974 gebatur
881 904 1335 973 necessitatibus,
1391 908 1478 964 vel
1528 909 1655 978 quia
1721 926 1920 984 corpus
1975 917 2191 991 1554

581 995 894 1052 afflictionis
919 1012 1142 1063 sumus,
1174 1006 1232 1054 et
1259 1009 1489 1057 mortem
1538 1002 1753 1060 Domini
1798 1005 1929 1063 Jcsu
1974 1024 2190 1081 semper

580 1089 634 1146 in
661 1101 893 1161 corpore
922 1099 1111 1147 nostro
1140 1091 1495 1150 circumferre
1521 1095 1805 1154 debemus.

651 1183 745 1238 27.
776 1181 960 1255 (Vers.
990 1187 1074 1256 5.)
1101 1193 1131 1223 ει
1155 1183 1282 1240 Filii
1323 1189 1507 1244 matris
1549 1206 1676 1246 mea:
1701 1204 2057 1266 pugnaverunt
2094 1197 2190 1252 ad-

577 1291 782 1332 versum
822 1292 940 1342 me;
984 1278 1090 1334 hoc
1138 1289 1258 1344 est,
1293 1281 1750 1353 impugnaveruut
1799 1303 1889 1344 me
1939 1292 2188 1360 corporis

577 1372 894 1444 passiones,
944 1371 1126 1429 carnis
1172 1373 1452 1431 illecebrae
1499 1376 1958 1437 decoloraverunt
2002 1402 2017 1438 :
2064 1382 2189 1440 ideo

576 1465 659 1523 sol
681 1465 910 1537 justitiae
953 1465 1088 1522 mihi
1119 1483 1226 1524 non
1254 1467 1468 1525 refulsit
1489 1512 1503 1538 ,
1533 1472 1658 1542 quia
1689 1473 1908 1531 viduata
1937 1477 2190 1546 prtesidio

574 1558 926 1616 devotionem
955 1575 1134 1617 meam
1178 1571 1235 1619 et
1263 1563 1672 1622 observantiam
1720 1567 1935 1637 plenam
1963 1584 2189 1628 servare

576 1667 686 1708 non
736 1653 923 1724 potui,
953 1652 1060 1710 hoc
1101 1663 1187 1710 est
1210 1655 1392 1726 enim,
1423 1658 1626 1714 vineam
1652 1678 1819 1716 meam
1858 1679 1964 1718 non
2012 1675 2188 1720 custo-

579 1747 728 1813 divi,
760 1747 889 1818 quia
919 1747 1108 1818 spinas
1133 1756 1189 1805 et
1215 1764 1321 1805 non
1349 1766 1507 1807 uvam
1533 1755 1724 1820 attuli,
1756 1754 1808 1811 id
1855 1766 1938 1812 est
1978 1756 2187 1815 faciens

579 1852 805 1908 peccata
841 1843 956 1914 'pro
990 1842 1279 1901 fructibus.
1311 1845 1532 1904 Etcum
1580 1847 1650 1904 de
1688 1849 1868 1906 Verbo
1912 1851 2186 1923 loquitur,

1602 332 2144 399 COMMENTARIUS
2184 342 2253 400 IN
2289 345 2589 406 CANTICA
2627 346 2896 409 CANTIC.

585 437 765 508 posita
789 477 804 503 ,
835 437 1247 496 inortiﬂcaverit
1292 447 1472 499 tamen
1516 456 1716 515 corpus
1745 464 1901 504 suum
1925 493 1940 518 ,
1973 469 2042 507 ne
2069 467 2195 509 seu-
2218 467 2273 526 Α

3763 357 3900 422 ’1854

2369 459 2460 515 51.
2500 461 2769 517 Annuntia
2823 463 2956 519 mihi
3000 480 3152 535 quem
3182 468 3372 526 dilexit
3423 469 3614 525 anima
3661 488 3793 529 mea.
3820 475 3899 532 Cur

2294 566 2444 621 quem
2485 553 2673 608 dilexit
2698 555 2874 610 anima
2916 573 3058 626 mea,
3089 558 3254 626 dicis,
3285 571 3343 617 et
3375 576 3493 618 non
3523 579 3696 635 quem
3723 565 3901 637 diligit?

2291 643 2404 699 Cur
2431 644 2688 702 dimisisti
2718 665 2881 720 quem
2913 651 3179 709 tenebas?
3207 653 3471 711 Dilexisti
3506 665 3734 726 patrum
3785 659 3896 726 fide,

2292 739 2524 796 amisisti
2578 743 3005 802 incredulitate:
3041 748 3268 805 tenebas
3314 749 3615 806 charitatis
3665 751 3898 822 vinculis,

2291 833 2522 888 amisisti
2552 835 2716 906 longo
2746 835 2876 894 fune
2901 839 3164 910 perfidiae.
3194 841 3323 898 Ideo
3354 844 3546 900 nescis
3580 844 3676 899 ubi
3709 857 3896 916 pascat,

2291 925 2383 980 ubi
2413 937 2660 995 maneat;
2693 945 2816 984 nam
2831 932 2874 986 si
2896 933 3212 1000 seires,non
3241 951 3552 1006 quaereres.
3578 937 3730 994 Dicis
3753 940 3899 995 enim:

2295 1019 2399 1076 Ubi
2425 1024 2629 1091 pascis,
2664 1025 2753 1079 ubi
2799 1043 2975 1082 manes
3023 1030 3079 1083 in
3127 1033 3389 1088 meridie?
3433 1033 3732 1091 Meridiem
3784 1039 3900 1093 nosti

2289 1125 2414 1168 esse
2441 1113 2743 1172 Ecclesiam
2794 1133 2914 1189 quae
2949 1130 3130 1177 teneat
3159 1122 3475 1192 Christum,
3511 1137 3569 1182 et
3615 1136 3674 1182 tu
3702 1142 3823 1183 eum
3858 1129 3896 1184 in

2290 1208 2542 1264 noctibus
2567 1212 2788 1280 quaeris.
2820 1213 2939 1281 Dic,
2974 1214 3171 1287 inquit,
3201 1218 3356 1286 mihi,
3384 1218 3898 1290 Christe,responde

2295 1301 2380 1355 vel
2416 1313 2638 1374 propter
2666 1305 2718 1360 id
2747 1305 2870 1376 quia
2901 1317 3028 1364 ante
3056 1324 3215 1366 carus
3262 1311 3411 1367 fuisti
3461 1324 3635 1384 atque
3684 1312 3898 1371 dilectus

2289 1393 2458 1460 mihi;
2487 1398 2589 1451 etsi
2617 1412 2748 1469 ergo
2772 1409 2937 1456 tautae
2970 1406 3383 1475 praerogativam
3407 1406 3708 1464 charitatis
3734 1410 3893 1472 amisi,

2289 1493 2348 1538 ut
2375 1495 2556 1542 tamen
2589 1490 2742 1558 quasi
2773 1491 2896 1560 pius
2921 1533 2936 1559 ,
2969 1495 3240 1564 responde
3271 1496 3426 1566 mibi,
3460 1497 3567 1554 Ubi
3596 1501 3798 1570 pascis,
3826 1503 3895 1556 ubi

2287 1580 2503 1633 manes?
2536 1580 2819 1652 Reliquisti
2873 1600 2997 1654 me,
3044 1587 3227 1644 abiisti
3267 1590 3335 1644 ad
3365 1601 3602 1662 gentes,
3631 1595 3893 1650 recessisti

2286 1668 2448 1741 longe
2473 1686 2504 1726 a
2532 1688 2642 1740 me,
2675 1682 2731 1729 et
2758 1675 2870 1731 illis
2899 1677 3124 1749 propior
3153 1680 3331 1736 lactus
3359 1697 3421 1738 es
3449 1698 3482 1738 a
3512 1683 3726 1755 quibus
3753 1685 3892 1757 longe

2285 1778 2429 1820 eras.
2462 1765 2570 1822 Sed
2601 1766 2778 1824 factus
2807 1784 2867 1824 cs
2893 1784 3065 1843 prope
3089 1815 3104 1842 ,
3131 1774 3259 1844 quia
3284 1777 3559 1849 sanguine
3592 1787 3694 1835 tuo
3736 1780 3892 1836 credi-

2285 1856 2506 1916 derunt.
2535 1858 2583 1915 A
2612 1875 2701 1916 me
2744 1864 3026 1920 recessisti
3047 1907 3062 1934 ,
3092 1867 3216 1937 quia
3243 1883 3346 1940 ego
3371 1884 3595 1926 erucem
3647 1888 3759 1927 non
3790 1888 3890 1928 sus.

572 1936 873 1994 irradiante
914 1936 1020 1994 sibi
1045 1937 1198 1995 verbi
1249 1937 1576 2011 splendore,
1605 1955 1865 2000 conversa
1913 1944 1981 2001 ad
2008 1944 2187 2016 ipsum
2218 1943 2266 2004 B
2293 1951 2411 2022 cepi
2445 1960 2503 2006 ut
2542 1955 2729 2011 mundi
2779 1936 3238 2028 redemptionem,
3273 1936 3370 2018 sed
3399 1972 3461 2020 ut
3491 1965 3655 2022 noxii
3685 1966 3886 2023 damna-

575 2028 710 2086 dieit
738 2047 754 2086 :

649 2124 744 2181 28.
787 2123 969 2197 (Vers.
998 2124 1081 2198 6.)
1112 2124 1214 2182 Ubi
1244 2127 1444 2198 pascis,
1471 2126 1558 2182 ubi
1582 2144 1754 2184 manes
1781 2128 1834 2183 in
1860 2130 2186 2187 meridiano?

576 2213 747 2273 Recte
777 2215 934 2284 dicit,
966 2215 1054 2272 ubi
1083 2218 1274 2289 pascis,
1305 2219 1430 2290 quia
1463 2219 1644 2290 regale
1671 2229 1756 2276 est
1782 2221 1878 2277 Dei
1908 2222 2180 2281 Verbum:

574 2310 665 2366 ubi
692 2328 889 2381 manes,
916 2312 1041 2383 quia
1089 2311 1296 2368 morale
1324 2329 1339 2366 :
1371 2313 1427 2366 in
1470 2313 1795 2383 meridiano,
1828 2315 1953 2387 quia
1997 2319 2184 2390 mysti-

571 2426 697 2468 cum
731 2428 745 2464 :
779 2409 1045 2482 siquidem
1085 2409 1314 2465 meridie
1358 2408 1565 2480 Joseph
1612 2425 1735 2466 cum
1766 2411 2022 2469 fratribus
2070 2413 2182 2470 suis

569 2502 624 2560 in
639 2503 892 2560 convivio
917 2503 1246 2560 constitutus
1275 2502 1578 2557 futurorum
1604 2503 1858 2574 mysteria
1875 2513 2178 2575 temporum

569 2598 866 2655 revelabat.
900 2595 1008 2654 Sed
1039 2596 1203 2653 etiam
1236 2594 1409 2651 David
1440 2594 1573 2650 dicit
1614 2613 1627 2648 :
1660 2595 1848 2651 Revela
1890 2597 1958 2651 ad
1992 2596 2177 2653 Domi-

568 2708 693 2748 num
739 2691 896 2747 vitam
941 2699 1083 2746 tuam
1128 2699 1178 2745 et
1220 2706 1375 2756 spera
1422 2689 1477 2743 in
1507 2705 1653 2757 eum,
1682 2700 1732 2746 et
1761 2691 1871 2761 ipse
1910 2693 2101 2762 faciet,
2132 2703 2178 2748 et

565 2786 747 2843 educet
791 2786 926 2840 sicut
951 2784 1126 2839 lumen
1145 2783 1409 2854 justitiam
1453 2792 1624 2848 luant,
1656 2792 1703 2837 et
1739 2782 2002 2854 judicium
2030 2793 2178 2838 tuum

563 2881 697 2936 sicut
726 2879 992 2936 meridiem
1019 2876 1258 2952 (Psalm.
1316 2893 1520 2941 xxxvr,
1552 2874 1647 2948 5).
1689 2877 1759 2933 Et
1809 2881 1926 2948 ipse
1974 2880 2176 2936 Paulus

564 2976 999 3036 circumfulsisse
1027 2975 1132 3032 sibi
1166 2975 1351 3030 lumen
1393 2972 1624 3030 meridie
1662 2975 1926 3039 asseruit,
1959 2974 2176 3046 quando

564 3088 596 3130 a
625 3070 1006 3142 persecutione
1033 3079 1116 3125 est
1144 3082 1451 3124 conversus
1478 3066 1546 3122 ad
1573 3068 1828 3137 gratiam.

635 3167 728 3225 29.
769 3165 1026 3236 Queritur
1055 3179 1185 3236 ergo
1211 3163 1356 3235 quod
1384 3161 1645 3217 derelicta
1681 3163 1789 3226 sit,
1817 3161 1961 3232 quod
2005 3161 2176 3219 desd-

2287 2047 2590 2104 nationem.
2623 2049 2727 2118 Qui
2757 2062 2940 2108 autem
2969 2066 3289 2126 receperunt
3315 2057 3463 2114 sicut
3489 2059 3695 2116 salutis
3723 2073 3888 2117 aucto-

2283 2154 2425 2207 rem,
2457 2141 2508 2195 in
2538 2143 2768 2200 meridie
2796 2156 2952 2212 sunt;
2985 2147 3096 2202 illis
3122 2148 3309 2218 luces,
3339 2151 3446 2207 illis
3473 2152 3726 2225 refulges
3747 2197 3764 2221 ,
3795 2157 3888 2210 illis

2284 2233 2429 2290 calet
2457 2237 2630 2307 gratia
2663 2246 2750 2293 tua
2779 2240 2922 2296 sicut
2949 2243 3226 2301 meridies.
3257 2245 3386 2302 Mihi
3414 2250 3729 2306 matutinus
3753 2266 3882 2321 eras,

2281 2341 2404 2382 eum
2455 2329 2636 2388 adhuc
2679 2333 2963 2390 crederem
2993 2378 3008 2404 ,
3047 2339 3144 2395 sed
3199 2355 3306 2396 non
3358 2343 3660 2401 credebam
3715 2348 3879 2418 plene,

2281 2421 2406 2490 quia
2434 2438 2542 2478 non
2569 2439 2692 2480 sum
2723 2425 2942 2482 inventa
2974 2429 3028 2484 in
3059 2432 3288 2488 meridie
3309 2476 3325 2501 ,
3357 2435 3504 2491 sicut
3532 2437 3749 2510 Joseph
3779 2455 3880 2496 cum

2279 2510 2538 2572 fratribus
2565 2516 2679 2572 suis
2707 2519 2800 2588 qui
2829 2521 3089 2577 tenebant
3131 2525 3419 2582 meridiem
3454 2545 3468 2581 :
3499 2529 3611 2585 illis
3641 2531 3880 2588 meridies

2281 2604 2456 2663 factus
2482 2621 2570 2675 es,
2603 2610 2693 2678 qui
2728 2622 3028 2682 pascuntur
3057 2616 3108 2670 in
3139 2617 3342 2675 divitiis
3372 2621 3500 2688 tuis,
3532 2635 3592 2679 et
3619 2625 3673 2679 in
3707 2635 3760 2681 te
3778 2642 3881 2695 spev

2278 2711 2423 2758 rant.
2451 2703 2578 2759 Ideo
2624 2716 2682 2760 ut
2728 2707 2868 2764 dixit
2909 2711 3082 2768 David
3112 2730 3126 2767 :
3155 2714 3394 2772 Deduces
3423 2735 3605 2774 eorum
3630 2723 3877 2794 justitiam

2276 2806 2538 2864 tamquam
2570 2801 2774 2869 lumen,
2822 2815 2867 2858 et
2889 2806 3160 2877 judicium
3194 2826 3380 2866 eorum
3428 2822 3705 2885 tamquam
3742 2818 3876 2872 meri—

2275 2891 2434 2965 diem(
2465 2892 2670 2950 Psalm.
2701 2913 2892 2968 XXXVI,
2922 2900 3001 2972 6).

2345 2986 2435 3040 52.
2476 2987 2689 3058 Quteris
2735 3008 2867 3064 ergo
2912 3003 3187 3068 tamquam
3233 3001 3412 3058 aliena
3461 3019 3589 3074 quae
3643 3007 3871 3077 proxima

2273 3094 2428 3148 eras,
2459 3091 2736 3156 tamquam
2769 3103 2976 3161 pauper
3023 3108 3143 3163 qua;
3191 3094 3344 3151 dives
3389 3095 3540 3153 fuisti
3575 3117 3589 3152 :
3622 3100 3710 3155 vis
3739 3101 3871 3172 sequi

2273 3188 2392 3244 qua:
2439 3178 2819 3249 praeeedebas,
2851 3195 3015 3254 atque
3061 3186 3269 3242 utinam
3315 3190 3405 3245 vel
3453 3192 3715 3261 sequaris
3753 3208 3872 3263 quos

565 3269 682 3319 tuta
707 3261 780 3316 sit
826 3272 1039 3329 pauper
1086 3272 1156 3313 ex
1205 3255 1408 3324 divite;
1436 3253 1745 3310 abundabat
1769 3253 1915 3309 θιιίω
1943 3270 2173 3311 munere
2205 3339 2245 3356 η
2276 3269 2588 3336 praecedere
2616 3271 2885 3330 debuisti!
2916 3253 3246 3334 Mercenaria
3276 3295 3402 3337 esse
3431 3253 3725 3340 desideras
3763 3253 3868 3356 qua:

562 3351 863 3424 gratiarum
896 3367 911 3404 :
945 3347 1041 3404 sed
1071 3361 1236 3418 egere
1265 3345 1468 3413 coepit,
1501 3345 1592 3400 ubi
1621 3344 1839 3446 divinae.
1867 3348 2170 3417 praesentia:

2279 3372 2403 3418 ante
2431 3367 2802 3422 mercenarios
2828 3369 3152 3441 colligebas;
3181 3373 3538 3430 mercenaria:
3563 3376 3756 3446 itaque
3781 3393 3866 3431 rex

560 3444 665 3501 sibi
693 3443 850 3513 c0pia
880 3442 1142 3511 denegata
1183 3449 1288 3495 est.
1322 3439 1391 3493 Et
1420 3437 1545 3494 ideo
1576 3439 1658 3494 vel
1689 3439 1843 3510 quasi
1884 3456 2168 3497 mercena-

561 3537 644 3594 ria
674 3534 864 3592 haberi
895 3533 1170 3605 postulat,
1201 3546 1323 3602 qua)
1366 3541 1495 3588 ante
1545 3531 1648 3588 sibi
1689 3533 2030 3602 pretiosioris
2076 3549 2170 3592 co-

561 3627 706 3700 pulas
732 3625 961 3700 gratiam
1002 3622 1332 3680 vindicabat.

632 3723 724 3780 30.
763 3719 793 3760 ι’
825 3719 1125 3776 Posuerunt
1178 3734 1258 3772 me
1301 3717 1567 3772 custodem
1614 3717 1672 3773 in
1726 3718 1918 3787 vineis,
1970 3719 2168 3775 vineam

558 3830 726 3872 meam
755 3829 859 3870 non
889 3811 1144 3868 custodiui
1173 3809 1352 3885 (Vers.
1388 3809 1467 3880 5).
1497 3807 1700 3866 Putant
1743 3809 1911 3882 aliqui
1943 3811 2046 3868 hoc
2097 3813 2168 3870 de

555 3908 667 3966 illis
693 3906 800 3964 dici
825 3905 920 3977 qui
946 3903 1288 3977 Synagogam
1321 3902 1387 3958 ad
1417 3902 1551 3974 legis
1587 3912 1860 3975 praecepta
1890 3906 2164 3964 constrin-

556 4013 732 4079 gunt,
765 4013 826 4060 ut
866 4001 1044 4074 legem
1093 4000 1398 4067 custodiat,
1443 3999 1659 4056 vineam
1707 4015 1862 4057 suam
1908 4011 2162 4070 tueatur,

553 4115 716 4174 quam
748 4095 1024 4155 custodire
1072 4109 1179 4150 non
1211 4094 1404 4163 potuit.
1442 4094 1687 4165 Denique
1738 4095 2081 4153 custodiebat
2107 4107 2166 4152 ut

556 4194 765 4253 faceret
794 4206 960 4260 uvas,
993 4190 1122 4247 fecit
1147 4199 1328 4246 autem
1373 4189 1582 4260 spinas.
1614 4189 1747 4259 Quae
1777 4190 1848 4247 sit
1877 4193 2043 4264 igitur
2087 4194 2164 4249 vi—

555 4303 689 4356 nea,
725 4287 875 4343 venit
920 4284 1088 4342 David
1134 4284 1429 4340 testificare
1469 4283 1627 4340 nobis
1675 4282 1905 4354 dicens:
1949 4285 2164 4342 Vineam

553 4381 621 4438 de
650 4379 891 4455 Ai'gypto
922 4377 1272 4445 transtulisti,
1304 4384 1350 4432 et
1377 4377 1573 4448 ejecisti
1601 4388 1775 4450 gentes
1795 4421 1810 4445 ,
1841 4390 1892 4434 et
1915 4379 2163 4451 plantasli

552 4491 669 4531 eam
691 4473 923 4548 (Psalm.
949 4487 1138 4539 Lxxu,
1169 4470 1247 4542 9).
1282 4471 1519 4526 Possunt
1558 4481 1616 4528 et
1643 4473 1878 4543 apostoli
1910 4488 2031 4530 esse
2061 4474 2160 4530 lilii

556 4567 744 4623 matris
771 4566 912 4637 ejus,
940 4564 1034 4636 qui
1064 4578 1192 4619 vere
1220 4563 1679 4633 impugnaverunt
1704 4563 2048 4637 Synagogam
2077 4565 2161 4620 di-

551 4657 1276 4718 centes:Ecceconvertimur
1289 4655 1357 4709 ad
1383 4667 1557 4727 gentes
1577 4672 1596 4710 :
1623 4665 1679 4712 et
1700 4656 2010 4715 nationibus
2036 4674 2160 4715 ver-

2273 3453 2376 3508 ista
2423 3455 2656 3511 dicentis
2704 3468 2833 3514 est:
2865 3459 2951 3515 Ne
3001 3462 3213 3537 1555
3263 3469 3395 3537 forte
3445 3467 3574 3537 ﬁam
3626 3470 3866 3524 circum

2270 3548 2428 3603 micta
2453 3566 2610 3621 super
2638 3569 2817 3625 greges
2847 3555 3104 3612 sodalium
3134 3569 3363 3615 tuorum.
3392 3560 3526 3630 Quae
3571 3565 3865 3636 proselytos

2270 3654 2336 3695 ex
2366 3643 2616 3710 gentibus
2645 3656 2774 3702 ante
2801 3649 3138 3720 suscipiehas
3159 3693 3175 3718 ,
3217 3667 3363 3708 nunc
3392 3654 3509 3726 ipsa
3555 3656 3615 3711 in
3645 3656 3863 3712 nationi-

2270 3731 2373 3787 bus
2410 3734 2492 3790 vis
2523 3751 2622 3806 pro
2650 3740 2942 3812 proselytis
2989 3746 3216 3815 suscipi,
3247 3756 3301 3802 et
3342 3756 3625 3820 tamquam
3671 3751 3860 3808 advena

2268 3828 2608 3898 congregari.
2639 3829 2942 3902 ReSpondit
2994 3835 3229 3894 Verbum
3277 3837 3371 3896 Dei
3416 3840 3618 3899 animae
3663 3844 3862 3902 deside-

2268 3917 2412 3971 ranti
2448 3935 2462 3971 :

2339 4009 2428 4065 55.
2472 4011 2651 4084 (Vers.
2682 4015 2762 4085 7.)
2797 4029 2818 4056 ο
2844 4018 2972 4075 Nisi
2996 4038 3274 4095 cognoscas
3302 4037 3351 4082 te
3378 4027 3568 4084 decora
3594 4031 3735 4086 inter
3763 4050 3859 4086 ma-

2267 4101 2441 4158 lieres.
2483 4105 2660 4165 Nosce
2690 4111 2947 4184 teipsum,
2991 4116 3190 4187 homo,
3227 4130 3332 4177 tua:
3377 4124 3582 4180 animo:
3632 4126 3857 4194 dicitur,

2266 4197 2366 4253 nisi
2396 4204 2717 4272 cognoveris
2743 4215 2795 4263 te
2816 4205 3109 4267 formosam
3137 4214 3190 4269 iu
3215 4216 3560 4275 mulieribus.
3587 4219 3860 4293 Cognosce

2266 4297 2340 4356 te,
2373 4293 2554 4350 anima
2574 4337 2590 4364 ,
2623 4297 2746 4367 quia
2790 4316 2901 4358 non
2927 4302 2997 4359 de
3023 4313 3164 4362 terra
3187 4349 3202 4374 ,
3233 4324 3340 4365 non
3386 4309 3456 4367 de
3485 4311 3600 4368 luto
3628 4329 3721 4380 es,
3747 4316 3854 4386 quia

2264 4381 2564 4444 insufﬂavit
2587 4389 2642 4445 in
2676 4401 2728 4449 te
2757 4393 2926 4464 Deus,
2957 4406 3013 4454 et
3039 4398 3167 4456 fecit
3189 4401 3242 4457 in
3283 4405 3522 4461 animam
3567 4381 3852 4465 viventem.

2263 4475 2412 4544 Opus
2440 4494 2500 4535 es
2543 4484 2890 4553 magnificum
2918 4529 2932 4551 .
2983 4490 3081 4547 Dei
3126 4493 3479 4564 inspiratione
3521 4498 3850 4556 formatum:

2263 4569 2484 4626 Attende
2513 4573 2635 4643 tibi,
2666 4587 2725 4632 ut
2749 4577 2863 4636 Lex
2909 4580 3064 4651 dicit,
3093 4585 3147 4642 id
3174 4595 3259 4643 est
3282 4590 3480 4646 animae
3507 4601 3617 4649 tua:
3649 4613 3662 4647 :
3697 4610 3857 4651 saccu-

2261 4660 2397 4718 laria
2447 4673 2499 4721 te
2545 4677 2603 4723 et
2645 4672 2919 4730 mundana
2965 4693 3073 4733 non
3125 4689 3374 4750 teneant,
3423 4690 3707 4744 terrestria
3753 4705 3851 4745 non

553 4753 683 4811 bum
731 4753 826 4810 Dei
855 4753 1129 4810 seminare
1175 4764 1482 4822 creperum.
1514 4752 1752 4808 Possunt
1795 4762 1852 4810 et
1879 4753 2160 4825 prapheta:
2185 4747 2240 4809 D
2265 4768 2567 4816 morentur.
2596 4761 2680 4820 Ad
2703 4765 2856 4824 illum
2891 4779 3000 4826 tota
3024 4771 3332 4834 intentione
3361 4747 3580 4850 festina,
3610 4798 3680 4840 ex
3709 4785 3852 4856 cujus

551 4845 784 4917 intelligi
827 4845 924 4917 qui
983 4845 1259 4902 monendo
1303 4845 1781 4918 denuntiandoque
1835 4853 1898 4902 ut
1941 4847 2156 4905 vineam

551 4956 709 5001 suam
748 4938 1054 4998 custodiret
1100 4939 1418 5012 Synagoga,
1447 4938 1587 4995 nihil
1617 4940 1993 5009 profecerunt;
2028 4941 2159 4998 fecit

550 5037 697 5094 enim
725 5034 916 5107 spinas
949 5032 1352 5105 improbitatis,
1383 5047 1505 5103 quae
1551 5034 1766 5089 virtutis
1805 5035 2000 5092 uberes
2046 5037 2156 5092 fru-

547 5138 672 5187 ctus
695 5127 910 5184 deferre
932 5125 1196 5182 debuerat
1220 5142 1234 5180 :
1263 5132 1320 5181 et
1346 5123 1470 5180 ideo
1496 5123 1787 5181 confitetur
1816 5128 1959 5197 quod
1985 5143 2155 5201 popu-

549 5220 660 5279 lum
691 5235 849 5278 suum
873 5217 1152 5277 custodire
1177 5232 1284 5274 non
1315 5217 1489 5288 potuit
1519 5219 1824 5291 meritoque
1855 5235 1978 5277 sero
2001 5239 2152 5294 qua:-

545 5316 620 5374 rit
645 5325 868 5382 tenerc,
900 5327 1064 5386 quem
1092 5327 1216 5369 cum
1247 5320 1483 5379 teneret,
1515 5313 1696 5368 amisit
1725 5331 1740 5367 :
1772 5315 1942 5373 multo
1988 5318 2148 5376 dissi-

545 5409 730 5467 milior
776 5407 898 5480 ejus
938 5421 1060 5477 quas
1108 5403 1285 5462 dicit:
1329 5403 1512 5461 Inveni
1557 5422 1708 5478 quem
1755 5408 1926 5484 diligit
1970 5413 2146 5470 anima

542 5521 689 5574 mea,
721 5502 860 5559 tenui
881 5517 1032 5565 eum,
1061 5510 1110 5557 et
1140 5515 1244 5556 non
1286 5498 1574 5570 relinquam
1601 5517 1717 5555 eum
1739 5499 1914 5572 (Cant.
1944 5521 2036 5574 nt,
2063 5506 2141 5580 4).

542 5597 786 5670 Denique
827 5596 920 5653 illa
950 5594 1145 5652 invitat
1188 5594 1243 5650 in
1273 5592 1491 5649 hortum
1519 5607 1678 5651 suum
1703 5611 1995 5668 sponsum;
2029 5600 2146 5658 haec

541 5691 632 5750 ubi
663 5699 850 5765 pascat
867 5688 1184 5762 requirens,
1213 5685 1348 5744 dicit
1372 5686 1438 5742 ad
1465 5687 1640 5756 ipsum
1667 5706 1679 5741 :

613 5816 640 5846 α
663 5806 783 5864 Lib.
811 5805 880 5862 de
906 5804 1073 5866 lsaac,
1103 5818 1226 5873 cap.
1251 5802 1304 5868 4,
1337 5816 1488 5873 num.
1523 5801 1590 5858 15
1621 5808 1676 5856 ct
1699 5817 1813 5873 seq.

613 5878 640 5921 ³
669 5878 727 5938 In
757 5877 892 5951 psal.
925 5887 1088 5934 e'xvm
1118 5871 1296 5934 Sérm.
1328 5871 1386 5942 2,
1415 5889 1563 5930 num.
1598 5873 1691 5930 10.
1719 5937 1726 5945 ,

2261 4850 2622 4922 inspiratione
2667 4861 2923 4918 consistis
2971 4881 2984 4919 :
3032 4863 3272 4937 Grande,
3321 4871 3530 4943 inquit,
3572 4850 3853 4946 homo,vet

2258 4945 2544 5014 pretiosum
2587 4950 2667 5004 vir
2714 4954 3008 5012 misericors
3036 4973 3055 5014 :
3083 4959 3248 5015 uirum
3272 4962 3484 5032 ﬁdelem
3519 4983 3652 5040 opus
3680 4980 3755 5025 est
3780 4971 3854 5025 in.

2259 5041 2426 5096 venire
2452 5041 2640 5115 (Prov.
2658 5063 2750 5116 xx,
2773 5048 2851 5120 6).
2879 5051 3060 5121 Disce,
3091 5056 3276 5125 homo,
3311 5060 3400 5116 ubi
3425 5063 3676 5132 grandis,
3698 5075 3851 5137 atque

2257 5134 2529 5202 pretiosus
2556 5139 2657 5194 sis.
2688 5139 2859 5199 Vilem
2895 5152 2945 5202 le
2975 5156 3119 5203 terra
3147 5149 3508 5224 demonstrat,
3536 5155 3632 5213 sed
3660 5134 3851 5229 glorio-

2257 5238 2375 5281 sum
2424 5229 2593 5288 virtus
2646 5233 2811 5304 facit,
2861 5235 2996 5295 fides
3040 5256 3254 5314 rarum,
3304 5245 3483 5318 imago
3531 5253 3844 5321 pretiosum.

2253 5315 2356 5374 Ubi
2387 5337 2620 5418 namque
2642 5326 2936 5400 quidquam
2969 5342 3077 5390 tam
3109 5315 3438 5408 pretiosum,
3465 5315 3628 5414 quam
3682 5347 3848 5418 imago

2251 5423 2335 5469 est
2367 5414 2498 5471 Dei?
2526 5435 2647 5490 qua:
2694 5422 2790 5480 tibi
2817 5425 2994 5495 primo
3024 5428 3186 5486 ﬁdem
3227 5431 3392 5491 debet
3429 5435 3716 5496 infundere
3737 5482 3752 5506 ,
3791 5414 3846 5494 in

2253 5509 2308 5564 in
2337 5510 2504 5568 corde
2534 5521 2626 5570 tuo
2656 5515 2920 5590 refulgent
2961 5523 3207 5594 quaedam
3245 5529 3484 5586 auctoris
3509 5529 3756 5603 effigies;
3785 5549 3846 5589 ne

2251 5603 2343 5674 qui
2389 5617 2624 5665 mentem
2668 5619 2815 5668 tuam
2845 5615 3183 5692 interrogat,
3221 5638 3331 5680 non
3360 5638 3622 5696 agnoscat
3667 5635 3845 5684 aucto-

2255 5709 2392 5752 rem.
2421 5699 2506 5755 An
2531 5701 2823 5776 quidquam
2853 5719 2960 5765 tam
2994 5714 3324 5785 pretiosum,
3356 5733 3516 5788 quam
3552 5719 3839 5791 humilitas;

2313 5827 2332 5850 υ
2362 5813 2417 5869 In
2445 5815 2585 5872 ΡδειΙ.
2619 5835 2778 5876 cxvtu
2811 5823 2990 5881 Serm.
3028 5827 3113 5893 10,
3145 5845 3290 5886 num.
3331 5833 3411 5890 l0.
