4040 6566
189 404 214 460 1
227 402 330 461 865

1165 403 1208 458 E
1247 400 1560 462 SCRIPTIS
1596 402 1660 461 S.
1701 400 2029 465 AMBROSII
2066 403 2489 466 COLLECTUS.

3350 415 3486 472 l866

187 531 249 577 ut
294 528 541 578 naturam
588 519 834 591 corporis
858 519 1165 592 animaeque
1210 523 1545 593 perspiciens
1565 565 1581 590 ,
1615 524 1787 580 altero
1813 525 1867 585 Α
1895 524 2144 583 bernare.
2175 527 2330 584 Unde
2359 527 2523 582 etiam
2555 524 2607 581 in
2638 525 2780 596 Lege
2808 527 3068 599 scriptum
3112 536 3195 584 est
3225 543 3238 582 ε
3275 529 3492 584 Attende

188 621 244 671 te
289 614 582 686 subjicias,
631 613 802 669 altero
847 628 1228 685 recognoscas.
1280 615 1455 671 Prona
1501 617 1554 671 in
1595 615 1784 673 vilium

187 708 368 766 carnis
417 705 672 763 illecebra
722 705 1156 762 misericordiam
1206 706 1436 773 suadet;
1469 707 1593 778 quia
1643 706 1787 777 quod

187 800 341 856 alteri
369 798 688 867 contuleris,
722 797 822 854 tibi
854 797 1023 853 solvis
1052 815 1066 853 :
1098 798 1358 870 quidquid
1383 815 1411 853 a
1445 809 1496 855 te
1520 799 1786 869 procedit,

185 895 238 950 in
264 904 314 950 te
339 899 589 960 recurrit,
611 900 670 949 et
691 891 950 964 quidquid
974 893 1188 960 feceris,
1212 892 1310 947 tibi
1341 893 1540 949 solvis:
1564 893 1796 964 etquid:

183 986 310 1060 quid
347 986 654 1059 profueris,
704 984 798 1042 tibi
841 985 1077 1056 prolicit.
1110 984 1327 1041 Vivacis
1351 986 1547 1042 animae
1601 987 1784 1057 vigor,

183 1096 372 1138 sensus
392 1079 620 1136 rationis
648 1087 704 1135 et
729 1093 899 1150 capax
937 1079 1242 1136 intellectus
1272 1088 1432 1150 atque
1474 1078 1662 1150 judicii
1682 1122 1695 1146 ,
1729 1088 1790 1135 ut

183 1175 340 1247 digna
363 1175 558 1231 domus
591 1181 741 1230 tanto
793 1170 1097 1228 habitatore
1127 1172 1372 1228 videatur
1393 1213 1409 1238 ,
1439 1189 1548 1229 non
1575 1173 1791 1230 amittat

181 1285 294 1326 sua:
319 1268 736 1342 praerogativam
757 1276 984 1324 naturae.
1004 1277 1030 1307 η
1055 1267 1176 1323 Nisi
1198 1284 1476 1341 cognoscas
1499 1278 1568 1331 te.
1601 1268 1788 1323 decora

181 1363 312 1419 inter
338 1364 602 1420 mulieres.
633 1363 763 1430 Quae
793 1362 1037 1432 quereris
1067 1361 1210 1433 quod
1247 1361 1507 1418 derelicta
1539 1362 1614 1417 sis
1634 1403 1648 1428 ,
1683 1360 1786 1416 nisi

185 1466 242 1514 te
266 1473 588 1531 cognoscas,
619 1458 723 1513 nisi
749 1457 1013 1528 paeniteat
1039 1464 1092 1511 te
1118 1456 1302 1525 lapsus
1334 1457 1408 1511 tui
1434 1497 1448 1522 ,
1478 1455 1580 1510 nisi
1613 1455 1789 1510 inten-

185 1552 391 1610 tionem
419 1553 725 1609 devotionis
751 1551 1044 1622 approbes,
1067 1550 1169 1604 nisi
1201 1549 1333 1605 lides
1355 1559 1444 1605 tua
1471 1559 1527 1605 et
1557 1548 1789 1604 sinceri-

186 1654 268 1704 tas
295 1658 592 1719 augeatur,
625 1646 843 1718 querela
900 1643 1037 1699 nihil
1083 1643 1348 1714 proderit.
1383 1645 1490 1697 Aut
1542 1642 1651 1709 sic,
1683 1643 1790 1698 nisi

187 1755 486 1814 cognoscas
511 1751 564 1796 te
589 1740 712 1810 quia
739 1739 933 1796 decora
961 1753 1042 1806 es,
1073 1737 1174 1793 nisi
1205 1737 1664 1809 pulchritudinem
1694 1753 1789 1793 na-

188 1842 327 1891 tura:
357 1845 461 1890 tua:
490 1847 702 1903 serves,
727 1842 784 1889 et
808 1833 1057 1902 corporis
1079 1841 1132 1887 te
1152 1830 1425 1888 illecebrae
1447 1847 1554 1888 non
1577 1832 1790 1888 demer-

1891 617 2017 684 tibi,
2047 636 2109 673 ne
2135 620 2230 689 fiat
2277 620 2486 674 uerbum
2528 619 2884 675 absconditum
2931 621 2984 675 in
3011 621 3166 676 corde
3192 632 3281 674 tuo
3311 622 3488 693 (Deut.

1889 723 1980 775 xv,
2013 709 2068 780 9)
2102 728 2114 764 :
2148 710 2266 778 tibi,
2303 711 2496 782 inquit,
2522 711 2762 777 attende,
2790 727 2895 767 non
2921 713 3105 783 utique
3131 712 3344 786 1556
3364 714 3495 769 dicit

1889 803 2132 871 pecunia:
2163 814 2268 860 tua:
2290 847 2304 870 ,
2340 821 2446 860 non
2495 808 2933 876 possessionibus
2961 808 3098 876 tuis,
3130 825 3238 863 non
3289 809 3492 864 viribus

1889 897 2134 966 corporis
2156 938 2170 963 ,
2202 896 2296 952 sed
2327 898 2510 953 animo
2546 908 2639 956 tuo
2688 916 2752 958 ac
2782 901 2952 957 menti
2983 910 3108 968 tum,
3139 902 3281 958 unde
3311 903 3490 958 omnia

1889 989 2136 1056 consilia,
2170 990 2341 1060 facta,
2392 993 2862 1066 cogitationesque
2908 1006 3150 1052 manant.
3192 997 3310 1052 Tibi
3361 1013 3491 1068 ergo

1888 1081 2110 1137 attende
2150 1082 2264 1149 ibi,
2300 1084 2391 1140 ubi
2435 1089 2702 1156 potiorem
2735 1104 2856 1146 esse
2906 1099 2957 1145 te
3001 1091 3165 1146 nosti.
3195 1089 3369 1146 Nosce
3410 1099 3486 1146 te~

1890 1172 2089 1244 ipsum,
2120 1175 2262 1246 quod
2295 1176 2531 1249 Apollini
2566 1181 2760 1251 Pythio
2785 1182 3066 1253 assignant
3106 1182 3336 1254 gentiles
3367 1183 3492 1250 viri,

1891 1267 2044 1339 quasi
2096 1271 2214 1340 ipse
2277 1279 2467 1326 auctor
2543 1271 2712 1328 fuerit
2772 1273 2932 1344 hujus
3008 1275 3329 1341 sentcntiae;
3371 1290 3494 1329 cum

1890 1359 1958 1414 de
1985 1368 2173 1416 nostro
2221 1373 2540 1433 usurpatum
2589 1364 2654 1419 ad
2705 1381 2800 1420 sua
2849 1365 3216 1433 transferant,
3251 1376 3305 1422 et
3333 1367 3493 1439 longe

1890 1457 2132 1513 anterior
2169 1457 2380 1530 Moyses
2410 1459 2569 1514 fuerit
2594 1459 2686 1531 qui
2717 1461 2937 1530 scripsit
2976 1461 3173 1517 librum
3219 1463 3495 1518 Deulerm

1891 1553 2093 1620 nomii,
2125 1569 2285 1623 quam
2319 1553 2625 1625 phil080phi
2658 1555 2747 1625 qui
2782 1555 2881 1609 ista
2917 1555 3206 1610 tinxerunt.

1964 1648 2054 1703 57.
2097 1647 2251 1705 Unde
2280 1658 2337 1704 et
2360 1648 2619 1706 Salomon
2667 1650 2945 1705 oraculum
2974 1650 3213 1704 divinum
3237 1660 3459 1708 secutus
3483 1696 3496 1720 ,

1891 1739 2110 1811 scripsit
2140 1742 2193 1796 in
2221 1740 2461 1797 Cauticis
2489 1744 2825 1798 canticorum
2851 1762 2868 1804 :
2895 1741 3017 1797 Nisi
3046 1743 3179 1798 scias
3206 1754 3278 1812 te,
3309 1745 3498 1800 decora

1891 1836 2025 1890 inter
2069 1836 2345 1905 mulieres;
2375 1837 2479 1893 hoc
2509 1847 2628 1904 est,
2664 1839 2765 1895 nisi
2793 1854 3092 1910 cognoscas
3125 1849 3177 1895 te
3207 1841 3493 1896 mortalem

184 1937 335 2002 gant,
351 1944 452 1985 nec
476 1928 861 2000 impedimenta
890 1926 1195 1993 detineant,
1237 1926 1374 1982 nihil
1401 1926 1496 1982 tibi
1525 1938 1790 1983 creaturae
1818 1928 1866 1990 Β
1894 1929 2246 1997 rationalem,
2273 1939 2328 1986 et
2372 1931 2481 1987 cito
2531 1940 2616 1986 tua
2652 1942 2872 2002 peccata
2903 1932 3154 2000 fatearis,
3188 1934 3296 1989 cito
3347 1933 3496 1990 dicas

187 2023 435 2079 melioris
465 2022 717 2078 nobilitas
747 2021 1153 2094 suffragabitur.

257 2119 348 2175 34.
391 2118 677 2191 Cognosce
704 2122 872 2192 igitur
899 2129 951 2175 te
979 2127 1032 2174 et
1057 2127 1266 2174 naturae
1292 2126 1398 2174 tua:
1419 2118 1712 2185 decorem',
1739 2127 1792 2173 et

185 2213 269 2267 exi
297 2211 452 2283 quasi
482 2221 645 2268 exuta
675 2212 906 2268 vinculis
937 2211 1155 2282 pedum,
1189 2221 1244 2267 et
1279 2212 1428 2267 nudo
1455 2220 1640 2268 exerta
1669 2227 1794 2266 ves-

187 2305 318 2375 tigio
339 2345 352 2369 ,
386 2313 446 2361 ut
471 2303 714 2361 carnalia
763 2305 1131 2377 integumenta
1184 2319 1293 2361 non
1342 2305 1547 2361 sentias
1576 2323 1589 2360 :
1623 2306 1793 2359 vesti-

180 2399 326 2469 gium
359 2401 558 2455 mentis
609 2407 716 2454 tuae
744 2401 1053 2470 corporalia
1101 2399 1280 2456 vincla
1329 2415 1436 2455 non
1467 2399 1790 2470 implicent,

187 2500 243 2546 ut
271 2506 366 2563 pes
410 2501 535 2548 tuus
581 2493 871 2564 speciosus
917 2503 1200 2566 appareat.
1228 2493 1390 2549 Tales
1435 2494 1580 2550 enim
1624 2501 1791 2562 sunt,

184 2585 275 2657 qui
302 2585 369 2641 ad
415 2601 646 2658 regnum
694 2587 959 2644 caelorum
987 2586 1418 2642 annoutiandum
1465 2586 1793 2659 eliguntura

180 2679 433 2748 Domino,
468 2679 538 2736 de
574 2680 770 2751 quibus
795 2680 1000 2736 dictum
1029 2690 1112 2736 est
1144 2698 1158 2735 :
1189 2680 1359 2747 Quam
1388 2680 1610 2749 speciosi
1643 2679 1796 2750 pedes

179 2775 659 2849 euangelizandum
703 2791 881 2845 pacem
931 2772 1107 2848 (Esai.
1141 2789 1243 2839 ιιι,
1274 2773 1352 2844 7).
1381 2772 1533 2828 Talis
1580 2773 1797 2845 Moyses

181 2869 266 2924 cui
290 2869 488 2925 dicitur
508 2885 522 2923 :
562 2867 718 2925 Salue
740 2868 1147 2923 calceamentum
1161 2867 1352 2939 pedum
1375 2877 1577 2921 tuorum
1600 2863 1798 2938 (Exod.

182 2976 268 3030 ιιι,
301 2963 391 3035 5);
420 2971 480 3018 ιιι
503 2962 607 3034 qui
651 2971 943 3019 vocaturus
990 2961 1249 3033 populum
1302 2959 1368 3016 ad
1418 2960 1515 3016 Dei
1569 2975 1796 3032 regnum

185 3057 549 3130 procederet,
597 3059 751 3129 prius
799 3057 981 3113 carnis
1026 3057 1292 3128 abjiciens
1335 3055 1598 3120 exuvias,
1652 3053 1797 3110 nudo

187 3154 380 3226 spiritu
425 3154 771 3226 vestigioque
824 3152 1026 3210 mentis
1055 3151 1370 3218 incederet;
1406 3151 1512 3206 hoc
1539 3159 1623 3207 est
1668 3167 1798 3222 ergo

187 3246 329 3317 quod
357 3247 432 3301 ait
465 3264 480 3303 :
516 3245 624 3301 Exi
672 3256 728 3301 tu
770 3246 825 3301 in
873 3245 1235 3300 calceamentis
1283 3259 1498 3316 gregum
1519 3285 1533 3310 ,
1566 3251 1614 3298 et
1647 3258 1800 3315 pasce

188 3339 365 3395 laedas
392 3349 505 3395 tuos
536 3338 591 3394 in
618 3339 963 3394 tabernaculis
990 3347 1282 3409 pastorum.

259 3434 352 3489 55.
394 3433 498 3490 Per
529 3447 722 3505 greges
748 3449 972 3504 regnum
1001 3433 1373 3503 intelligimus,
1404 3445 1472 3487 eo
1503 3432 1645 3504 quod
1690 3445 1791 3501 po-

190 3525 401 3583 testatis
467 3525 542 3582 sit
607 3527 859 3600 gregibus
917 3526 1232 3598 praesidere.
1279 3524 1546 3582 Praesidet
1610 3535 1791 3581 autem

191 3618 562 3691 unusquisque
590 3618 692 3674 sibi
737 3618 968 3692 quadam
1010 3626 1279 3690 potestate
1331 3617 1537 3687 regali,
1569 3617 1614 3672 si
1641 3631 1796 3672 coer-

188 3720 310 3768 ceat
333 3712 386 3767 in
416 3727 477 3769 se
501 3712 749 3784 corporis
775 3713 952 3781 luxus,
979 3722 1035 3770 et
1055 3713 1301 3771 servituti
1331 3712 1542 3784 redigat
1570 3727 1791 3768 carnem

192 3822 388 3874 suam;
437 3807 672 3878 ideoque
705 3805 909 3862 dictum
936 3817 1058 3863 est:
1093 3809 1332 3880 Regnum
1383 3807 1482 3863 Dei
1527 3809 1664 3862 intra
1707 3824 1794 3862 vos

188 3912 284 3956 est.
311 3901 471 3959 Unde
513 3899 743 3973 pulchre
772 3902 848 3956 ait
874 3902 942 3957 ad
969 3904 1233 3958 animam:
1268 3902 1403 3968 Exi,
1439 3903 1490 3958 id
1521 3913 1625 3969 est,
1649 3903 1737 3959 exi
1764 3917 1794 3956 a

187 3995 450 4064 servitio,
477 3996 565 4051 exi
609 4011 639 4050 a
678 3997 860 4052 carnis
910 3996 1142 4066 imperio
1189 4006 1350 4068 atque
1397 3997 1707 4064 dominatu,
1742 4007 1797 4054 et

189 4090 274 4145 exi
304 4106 414 4144 non
446 4090 501 4144 in
546 4104 712 4145 carne
739 4090 835 4146 sed
865 4090 919 4145 in
948 4091 1164 4161 spiritu,
1198 4091 1285 4146 exi
1315 4089 1381 4145 ad
1411 4092 1654 4162 regimen
1696 4107 1794 4162 po—

190 4185 423 4241 testatis.
457 4183 692 4255 Ideoque
722 4183 932 4239 addidit
963 4201 976 4237 :
1002 4183 1170 4239 Pasce
1198 4183 1372 4239 haedos
1393 4193 1529 4252 tuos,
1564 4185 1666 4241 hoc
1687 4193 1793 4252 est,

190 4294 321 4350 rege
347 4293 413 4335 ea
441 4294 564 4350 quae
591 4279 646 4334 in
673 4278 893 4334 sinistra
923 4287 1014 4333 tua
1043 4287 1204 4343 sunt;
1234 4292 1357 4332 nam
1383 4278 1430 4332 si
1460 4293 1569 4333 non
1599 4293 1794 4349 regan-

188 4381 314 4440 tur,
348 4371 507 4428 facile
536 4371 810 4428 labuntur.
844 4369 1049 4428 Coerce
1095 4370 1472 4443 petulantiam,
1517 4371 1794 4428 lasciviam

191 4467 269 4521 tui
300 4467 550 4537 corporis
579 4474 634 4522 et
655 4466 920 4521 luxuriam
945 4465 1398 4533 irrationabilem,
1424 4466 1616 4522 edoma
1642 4467 1794 4524 leves

191 4569 371 4613 motus
398 4575 412 4614 :
447 4573 610 4630 pasce
633 4573 730 4615 eos
761 4575 866 4614 non
893 4559 945 4615 in
975 4557 1258 4630 corporeis
1285 4559 1671 4628 tabernaculis,
1697 4559 1792 4615 sed

193 4651 246 4706 in
281 4650 645 4708 tabernaculis
677 4661 950 4723 pastorum
976 4651 1064 4723 qui
1094 4667 1282 4724 regere
1310 4667 1531 4724 gregem
1556 4663 1788 4719 norunt;

189 4754 322 4800 sunt
345 4746 488 4802 enim
508 4747 772 4812 amabilia
807 4746 1154 4803 tabernacula
1181 4745 1370 4812 Israel,
1397 4748 1538 4803 sicut
1566 4762 1789 4803 nemora

190 4841 568 4898 obumbrantia
612 4859 778 4915 super
823 4844 1058 4910 ﬂumen,
1090 4843 1142 4898 in
1191 4843 1387 4914 quibus
1446 4843 1624 4899 anima
1656 4853 1794 4899 tam-

190 4949 351 5002 quam
377 4933 430 4988 in
459 4938 737 5006 procinctu
765 4938 964 4993 bellico
993 4937 1096 4992 sita
1144 4937 1345 4994 bonam
1386 4946 1604 4994 exercet
1649 4937 1791 4992 mili-

192 5026 348 5090 tiam,
380 5027 629 5083 incursus
651 5030 894 5099 explorat
921 5030 1168 5086 hostiles.

263 5117 355 5173 56.
397 5116 424 5156 ι)
467 5117 587 5173 Nisi
613 5136 799 5174 noscas
843 5131 911 5186 te,
941 5121 1131 5176 decora
1178 5123 1312 5177 inter
1354 5122 1617 5176 mulieres.
1651 5120 1791 5191 Quid

191 5218 280 5266 est
306 5226 366 5265 se
398 5226 657 5278 noscere,
688 5212 789 5267 nisi
837 5224 894 5266 ut
947 5215 1084 5282 sciat
1110 5216 1480 5282 unusquisque
1518 5215 1788 5270 hominem

189 5313 250 5357 se
279 5301 345 5355 ad
378 5300 665 5373 imaginem
689 5309 744 5358 ct
767 5301 1172 5359 similitudinem
1200 5305 1294 5360 Dei
1319 5305 1542 5371 factum,
1566 5307 1793 5362 rationis

188 5409 468 5468 capacem,
500 5398 590 5468 qui
624 5407 824 5454 terram
850 5412 1004 5454 suam
1030 5398 1284 5455 excolere
1309 5409 1582 5469 tamquam
1614 5399 1790 5455 bonus

189 5491 422 5562 agricola
473 5492 670 5548 debeat
711 5500 894 5546 aratro
940 5489 1174 5560 quodam
1221 5501 1276 5545 et
1303 5490 1439 5544 falce
1471 5491 1784 5560 sapientia;

191 5594 246 5640 ut
275 5585 365 5640 vel
395 5586 526 5642 dura
558 5584 852 5652 lindantur,
875 5583 960 5640 vel
993 5583 1318 5638 luxuriantia
1343 5580 1672 5650 recidantur,
1698 5581 1791 5652 qui

191 5676 508 5735 interiorem
542 5679 624 5734 sui
658 5678 958 5749 portionem
988 5673 1159 5732 animi
1188 5673 1418 5744 imperio
1459 5673 1655 5731 debeat
1691 5689 1790 5746 gu-

263 5857 288 5886 “
331 5847 453 5906 Lib.
479 5846 549 5904 de
573 5844 749 5913 Isaac,
770 5860 887 5916 cap.
916 5844 974 5913 4,
1004 5859 1156 5900 num.
1190 5841 1278 5898 l5.

595 5942 871 6003 Ρλτιιοι..
911 5938 1055 6001 XV.

1894 2021 2210 2094 iniquitates
2262 2031 2381 2079 tuas
2411 2024 2841 2095 utjustiliceris,
2875 2026 2981 2081 nisi
3020 2027 3353 2083 convertaris
3379 2069 3393 2094 ,
3443 2034 3499 2084 et

1895 2117 2047 2187 prior
2075 2131 2296 2173 accuses
2324 2117 2521 2175 delicta
2553 2127 2641 2174 tua
2663 2162 2678 2187 ,
2706 2122 2857 2176 venit
2905 2120 3023 2175 dies
3054 2121 3247 2176 mortis
3290 2130 3344 2176 ct
3385 2120 3498 2191 jam

1896 2211 2102 2268 nullum
2143 2213 2524 2269 conversionis
2552 2214 2850 2270 remedium
2880 2223 2992 2281 est;
3026 2215 3345 2286 praeveniris
3371 2216 3498 2272 dum

1895 2306 2126 2376 cogitas.
2181 2306 2432 2362 Accende
2493 2306 2666 2363 facem
2728 2319 2906 2376 tuam,
2960 2308 3274 2380 priusquam
3319 2308 3508 2380 sponsi

1899 2399 1991 2454 tibi
2012 2399 2177 2470 janua
2223 2400 2545 2465 claudatur,
2577 2401 2671 2471 qui
2719 2413 3044 2472 exspectare
3072 2403 3164 2457 diu
3213 2420 3317 2458 non
3366 2403 3508 2459 solet

1898 2492 2254 2564 negligentes.
2287 2491 2407 2548 Nisi
2431 2494 2567 2548 scias
2599 2504 2668 2561 te,
2703 2496 2898 2568 inquit,
2927 2497 3113 2552 decora
3157 2498 3289 2551 inter
3318 2499 3499 2553 mulie-

1897 2602 2017 2653 res;
2061 2594 2118 2642 et
2164 2585 2312 2641 dicas
2355 2603 2367 2640 :
2418 2584 2595 2641 Fusca
2622 2604 2735 2641 sum
2779 2599 2826 2642 et
2877 2589 3112 2644 decora:
3163 2591 3311 2660 fusca
3354 2607 3502 2658 sum,

1897 2683 2018 2749 quia
2051 2679 2299 2751 peccavi,
2331 2679 2551 2744 decora,
2585 2681 2710 2748 quia
2737 2680 2966 2751 diligor,
3001 2683 3123 2752 quia
3173 2698 3344 2753 genus
3381 2699 3502 2739 sum

1897 2771 2158 2840 Abrahae,
2196 2772 2428 2828 electum
2477 2788 2686 2844 genus,
2718 2772 2978 2829 dilectum
3032 2774 3176 2842 Deo;
3222 2774 3354 2830 nihil
3411 2776 3505 2831 tibi

1899 2864 2141 2934 proderit
2187 2874 2400 2935 patrum
2449 2868 2621 2937 gratia
2658 2884 2670 2919 :
2707 2864 2898 2921 Potens
2955 2869 3090 2921 enim
3133 2866 3277 2923 Deus
3323 2877 3397 2922 est
3444 2869 3507 2924 de

1899 2959 2159 3032 lapidibus
2212 2961 2324 3015 istis
2352 2961 2600 3016 suscitare
2646 2961 2784 3031 ﬁlios
2813 2959 3035 3017 Abrahw
3067 2962 3286 3034 (Matth.
3316 2980 3398 3028 ιιι,
3431 2962 3509 3034 9).

1901 3051 1970 3106 Ει
1998 3052 2126 3106 alibi
2160 3053 2212 3107 in
2244 3053 2544 3125 Evangelia
2575 3054 2788 3125 legisti,
2821 3055 2943 3126 quia
2977 3057 3212 3112 Abrahae
3248 3057 3411 3111 tiliam
3446 3057 3510 3112 li-

1899 3145 2047 3215 gavit
2079 3145 2325 3201 diabolus
2369 3146 2627 3217 nequitizc
2676 3163 2792 3203 sua:
2824 3148 3087 3217 vinculis,
3121 3166 3281 3221 quam
3327 3151 3512 3206 Domi-

1902 3253 2005 3293 nus
2053 3239 2216 3294 solvit
2265 3239 2318 3293 in
2351 3237 2442 3294 die
2494 3238 2730 3295 sabbati.
2762 3241 2878 3296 Nisi
2905 3257 3036 3313 ergo
3065 3244 3206 3298 scias
3255 3253 3341 3308 te,
3376 3245 3513 3299 nihil

1825 3319 1870 3385 C
1907 3331 1999 3386 tibi
2036 3332 2299 3401 proderit.
2339 3332 2455 3387 Etsi
2490 3333 2662 3402 dicas,
2699 3334 2933 3390 Abrahm
2962 3352 3080 3391 sum
3113 3336 3222 3391 tilia
3253 3353 3375 3407 qua:
3407 3354 3512 3394 nou

1901 3425 2102 3493 credis,
2133 3441 2254 3496 quae
2283 3441 2527 3482 errorem
2560 3443 2673 3484 non
2705 3430 2968 3501 corrigis;
2995 3430 3269 3485 Abraham
3295 3432 3513 3500 quidem

1899 3519 2176 3587 salvator,
2207 3519 2302 3577 sed
2347 3530 2398 3577 te
2430 3522 2686 3579 nobilitas
2736 3524 2958 3594 generis
2987 3541 3094 3580 non
3123 3525 3372 3596 juvabit,
3403 3526 3512 3582 nisi

1898 3613 2034 3670 ﬁdes
2083 3614 2396 3670 salvaverit.
2428 3616 2546 3671 Non
2577 3625 2628 3672 te
2677 3616 2918 3690 decipiat
2964 3619 3087 3674 data
3136 3622 3382 3690 patribus
3427 3637 3516 3677 re-

1897 3706 2234 3776 promissio,
2285 3723 2392 3762 non
2447 3709 2688 3780 suscipio
2741 3727 3033 3781 personam
3082 3712 3322 3769 hominis
3351 3756 3366 3782 ,
3406 3731 3512 3769 non

1897 3799 2140 3870 suscipio
2191 3801 2604 3871 praerogativam
2669 3805 2922 3874 generis;
2977 3805 3082 3861 nisi
3138 3808 3328 3863 videro
3383 3822 3513 3862 con-

1897 3901 2182 3962 gruentem
2233 3894 2419 3964 generi
2469 3909 2685 3950 morum
2733 3898 3108 3968 nobilitatem,
3143 3910 3201 3955 ut
3250 3900 3345 3954 fiat
3377 3899 3508 3968 justi

1897 3985 2116 4053 generis
2147 3985 2364 4040 electio.

1969 4075 2060 4132 38.
2100 4076 2255 4143 Quod
2301 4078 2346 4132 si
2375 4079 2520 4134 scias
2549 4090 2632 4147 te,
2664 4089 2719 4137 et
2768 4096 3070 4152 cognoscas
3123 4082 3248 4153 quia
3280 4095 3507 4154 peccato

1898 4167 2131 4224 obnoxia
2161 4185 2254 4235 es,
2290 4171 2602 4227 exeundum
2631 4173 2685 4228 in
2715 4175 2988 4231 calcaneis
3019 4191 3242 4248 gregum
3276 4189 3361 4233 est
3387 4179 3504 4233 tibi.

1900 4259 1998 4315 Exi
2029 4276 2157 4332 ergo
2185 4262 2324 4317 nuda
2373 4264 2514 4335 pede
2537 4307 2549 4329 ,
2581 4275 2637 4320 et
2669 4281 2829 4336 pasce
2859 4268 3046 4325 haedos
3079 4281 3199 4324 tuos
3230 4271 3281 4326 in
3317 4271 3500 4326 taber-

1898 4355 2106 4410 naculis
2138 4365 2436 4426 pastorum.
2471 4357 2574 4426 Qui
2621 4359 2741 4416 sine
2773 4370 2997 4431 peccato
3028 4371 3114 4418 est
3135 4404 3150 4428 ,
3182 4377 3351 4434 agnos
3385 4379 3504 4434 pas-

1895 4449 2001 4516 cit,
2029 4463 2158 4505 oves
2190 4451 2399 4520 pascit:
2433 4470 2557 4524 qua:
2606 4464 2787 4512 autem
2843 4465 3068 4526 peccato
3113 4458 3347 4514 obnoxia
3378 4470 3460 4514 est
3487 4503 3500 4525 ,

1898 4551 2085 4612 pascat
2115 4542 2300 4600 haedos
2330 4545 2423 4617 qui
2454 4563 2484 4602 a
2513 4547 2752 4604 sinistris
2792 4562 2949 4616 sunt;
2984 4565 3088 4607 non
3131 4552 3275 4606 enim
3324 4563 3504 4623 potest

1895 4648 2016 4691 esse
2043 4636 2095 4690 in
2129 4637 2351 4693 dextera
2382 4644 2616 4709 pastoris
2647 4643 2794 4697 boni.
2820 4643 3091 4712 Sequatur
3110 4647 3285 4717 magis
3313 4646 3499 4706 dicen-

1897 4728 2184 4797 temfPetro
2213 4748 2228 4784 :
2262 4731 2387 4786 Vetti
2417 4744 2552 4789 retro
2573 4753 2670 4802 me,
2699 4737 2897 4793 Salano
2919 4738 3116 4812 (Marc.
3135 4742 3376 4815 vm,53).
3406 4744 3505 4801 Sc-

1899 4822 2118 4892 quendo
2146 4823 2339 4880 Petrus
2365 4828 2563 4882 meruit
2591 4829 2642 4883 in
2676 4829 2895 4886 dextera
2929 4833 3225 4899 collocari;
3266 4835 3498 4906 ideoque

1815 4887 1872 4949 Ῑ)
1897 4887 1946 4969 ei
1999 4914 2199 4971 dicitur
2229 4935 2242 4971 :
2277 4917 2444 4974 Pasce
2495 4921 2764 4992 agniculos
2811 4940 2947 4980 meos
2984 4887 3349 4996 (lcum-xm:
3363 4887 3493 4999 illi):

1897 5008 2005 5065 Sed
2035 5027 2141 5080 quo
2191 5025 2350 5069 exeat
2377 5015 2538 5070 audi:
2571 5017 2652 5070 Ad
2689 5018 3048 5088 tabernacula,
3081 5024 3289 5095 inquit,
3322 5035 3494 5096 pasto-

1897 5120 2036 5172 rum,
2071 5105 2174 5162 hoc
2203 5116 2287 5164 est
2307 5151 2321 5176 ,
2353 5109 2418 5164 ad
2450 5119 2641 5182 gentes
2662 5155 2675 5178 ,
2707 5114 2773 5169 ad
2803 5115 3226 5186 dispersionem.
3261 5120 3494 5192 Ideoque

1897 5197 2068 5254 dixit:
2106 5199 2402 5256 Percutiam
2429 5213 2688 5272 pastorem
2712 5247 2726 5272 ,
2761 5217 2807 5262 et
2837 5209 3194 5282 dispergentur
3227 5229 3340 5267 oves
3381 5231 3497 5286 gre-

1897 5291 1975 5361 gis
2011 5292 2194 5362 (Zach.
2224 5311 2336 5360 xut,
2373 5296 2458 5366 7);
2492 5307 2549 5352 ut
2595 5299 2874 5368 repleatur
2928 5311 3073 5358 totus
3125 5305 3273 5360 orbis
3319 5314 3494 5362 terra-

1896 5399 2018 5440 rum
2047 5400 2210 5457 grege
2235 5387 2476 5455 Christi,
2506 5389 2819 5460 significans
2850 5401 2976 5450 tunc
3006 5394 3127 5452 fore
3158 5398 3362 5452 salvam
3392 5399 3496 5472 Sy-

1898 5491 2160 5549 nagogam
2180 5520 2195 5543 ,
2227 5495 2350 5534 cum
2400 5495 2462 5538 se
2492 5481 2617 5538 huic
2646 5483 2968 5555 dispersioni
3016 5497 3072 5544 et
3101 5489 3215 5558 ipsa
3243 5491 3494 5546 sociave-

1895 5571 1999 5636 rit,
2031 5585 2150 5642 quie
2182 5571 2414 5642 replevit
2445 5572 2589 5631 hunc
2628 5577 2922 5644 mundum;
2954 5580 3301 5637 tabernacula
3344 5582 3486 5638 enim

1893 5670 2171 5732 pastorum
2201 5673 2328 5720 sunt
2357 5680 2521 5738 regna
2552 5673 2736 5726 terrae.

1965 5845 1995 5888 δ
2022 5847 2079 5906 In
2107 5851 2305 5922 psalm.
2333 5867 2524 5922 cxvut,
2560 5867 2726 5912 serm.
2755 5855 2813 5925 2,
2841 5871 2992 5914 num.
3022 5857 3090 5914 l5
3119 5867 3174 5916 et
3199 5872 3314 5934 seq.
3350 5863 3353 5866 ‘

2688 5949 2773 6014 2‘2
