4148 6362
569 337 707 397 1867
1571 326 2120 390 COMMENTARIUS
2154 324 2226 385 IN
2262 325 2558 385 CAN'I’ICA
2598 320 2873 384 CANTIC.
3723 320 3845 381 l868

636 429 726 484 59.
768 427 951 503 (Vera.
979 423 1061 499 8.)
1084 434 1109 464 ει
1145 424 1303 497 Equo:
1333 440 1457 481 mete
1501 426 1557 479 in
1601 424 1838 479 curribus
1867 423 2162 479 Pharaonis
2188 424 2239 487 Α
2266 425 2321 478 in
2351 440 2492 479 mare
2517 422 2720 493 (Exod.
2746 437 2857 489 xv,
2890 418 2944 495 l)
2965 460 2980 488 ,
3008 420 3101 491 qui
3134 429 3241 475 non
3273 416 3637 490 sequebantur
3662 414 3843 488 legem,

569 520 847 577 assimilavi
899 529 975 583 te,
1004 520 1239 592 proxima
1287 535 1419 573 mea.
1465 517 1524 572 In
1567 533 1676 590 quo
1729 517 1855 573 dum
1904 517 2169 572 velocium
2276 519 2370 575 sed
2402 533 2499 588 per
2527 518 2915 589 sequebantur.

572 629 836 684 equorum
868 614 1048 668 cursui
1079 612 1379 667 similitudo
1409 612 1669 667 Ecclesia:
1691 612 2000 683 comparari
2025 611 2175 666 vide-
2349 613 2439 669 42.
2465 609 2630 682 Equus
2656 612 2850 665 min
2876 608 3110 664 curribus
3148 604 3445 661 Pharaonis
3482 604 3754 661 assimilaoi
3789 613 3848 658 te.

576 719 700 773 tur,
731 704 1031 760 testimatur
1058 704 1211 759 dives
1261 705 1379 774 ejus
1424 704 1615 775 gratia.
1649 703 1765 760 Non
1800 704 1966 776 igitur
2012 718 2172 759 unam
2278 705 2558 761 1’V'irtutits
2586 703 2739 759 labor
2754 700 3277 774 qumritvictoriam,
3303 709 3359 754 ut
3384 714 3494 753 non
3527 698 3691 768 possit
3718 711 3855 767 equa!

576 816 768 874 equam
816 799 998 856 divitis
1049 798 1195 869 regis
1260 798 1528 869 intelligas
1552 842 1567 866 ,
1616 800 1710 855 sed
1772 799 2027 854 absoluto
2079 814 2177 869 pro
2279 797 2358 852 illi
2385 814 2505 866 quae
2530 796 2848 853 Salomonis
2874 804 2958 851 est
2984 794 3325 863 comparari,
3354 792 3520 847 velox
3549 791 3616 846 ad
3646 803 3857 846 curren-

577 894 816 965 eqnitatn
841 934 855 957 ,
886 902 946 946 ut
994 906 1143 963 saepe
1193 891 1468 958 diximus,
1496 893 1670 963 qualis
1719 893 1837 946 ovis
1885 892 2029 945 illius
2059 901 2178 957 est,
2281 893 2442 957 dum,
2471 891 2672 946 habilis
2694 888 2765 944 ad
2789 887 3320 959 partum;quoniam
3367 884 3666 941 fecunditas
3683 884 3859 939 anima:

579 1003 677 1057 pro
704 1001 871 1058 grege
896 985 1101 1039 ovium.
1127 983 1344 1039 Pharao
1374 984 1538 1054 igitur
1563 993 1619 1038 ut
1645 984 2058 1054 potentissimus
2085 997 2177 1039 rex
2282 985 2627 1044 desideratur
2646 995 2706 1039 et
2730 982 3017 1054 quaritur.
3042 981 3168 1036 Hec
3186 993 3323 1052 ergo
3344 993 3481 1050 equa
3506 978 3736 1049 pretiosa
3759 985 3861 1040 est,

580 1091 637 1137 et
664 1080 931 1152 praedives
961 1078 1195 1133 habebat
1221 1092 1392 1148 equos
1420 1086 1668 1149 potentes
1694 1094 1708 1142 ;
1740 1078 1882 1134 unde
1911 1084 1968 1134 et
1993 1076 2182 1148 Scripo
2284 1092 2335 1138 et
2360 1095 2555 1137 currus
2589 1078 2891 1133 Pharaonis
2920 1077 3155 1132 veloces.
3182 1072 3296 1131 Sed
3328 1076 3432 1129 hoc
3460 1074 3583 1129 loco
3607 1072 3680 1128 de
3701 1073 3863 1127 anima

580 1184 701 1231 tura
746 1175 881 1230 dicit
908 1193 921 1227 ε
953 1173 1150 1228 Currus
1185 1171 1481 1228 Pharaonis
1524 1170 1724 1243 (Exod.
1754 1188 1872 1237 xw,
1903 1171 1995 1244 9),
2027 1171 2185 1241 quasi
2284 1174 2576 1232 dicendum
2602 1171 2946 1242 suscepimus
2967 1213 2982 1237 ,
3012 1170 3175 1239 hujus
3199 1183 3358 1240 equae
3379 1182 3505 1239 qua
3518 1168 3717 1224 similis
3737 1165 3868 1222 testi-

580 1266 1023 1340 potentissimum
1054 1279 1229 1336 genus
1272 1263 1338 1317 ad
1386 1262 1655 1319 bellorum
1705 1278 1887 1328 usum,
1917 1271 1975 1319 et.
2003 1262 2185 1318 subsi-
2288 1275 2471 1322 matur
2498 1264 2631 1320 huic
2658 1264 2884 1326 auium,
2914 1264 3019 1318 hoc
3044 1269 3163 1328 est,
3192 1260 3525 1332 prophetica:
3552 1260 3637 1315 vei
3670 1268 3869 1331 aposto-

581 1361 728 1416 dium
765 1359 1046 1429 proeliandi
1083 1358 1366 1427 :deniqne
1411 1357 1497 1410 his
1549 1357 1802 1413 curribus
1845 1357 2059 1413 Pharao
2106 1358 2189 1412 fu-
2290 1357 2408 1413 lica:
2452 1358 2670 1413 virtutis
2711 1374 2726 1409 :
2766 1355 2911 1427 quod
2945 1355 2999 1410 in
3036 1370 3230 1410 eorum
3268 1363 3659 1409 annumeretur
3692 1367 3865 1424 grege,

580 1454 792 1524 gientes
841 1451 1099 1506 Hebraeos
1154 1448 1317 1504 facile
1362 1451 1798 1522 comprehendit.
1852 1449 2005 1506 Sicut
2059 1465 2190 1520 ergo
2289 1452 2380 1523 qui
2403 1450 2735 1507 fecunditate
2758 1450 3168 1519 praedicationis
3212 1464 3328 1505 suae
3355 1450 3526 1504 tutius
3550 1447 3698 1502 orbis
3722 1456 3869 1503 terra-

584 1548 709 1617 equi
739 1546 913 1616 juncti
949 1545 1109 1600 facile
1138 1544 1361 1599 trahunt
1386 1561 1606 1599 currmn
1627 1585 1641 1611 ,
1678 1555 1733 1601 et
1776 1547 2048 1615 patienter
2068 1557 2193 1600 sus-
2292 1560 2413 1601 rum
2444 1546 2622 1615 spatia
2641 1544 3016 1613 repleverunt.
3044 1543 3111 1598 Et
3134 1543 3387 1612 quamvis
3416 1543 3475 1597 in
3498 1554 3725 1612 corpore
3755 1556 3872 1596 con-

585 1642 795 1711 cipiunt
817 1639 1007 1709 jugnm
1027 1681 1040 1703 ,
1074 1647 1130 1694 et
1180 1648 1401 1711 portant
1430 1656 1552 1694 Clllll
1583 1640 1753 1711 gratia
1776 1682 1792 1707 ,
1823 1650 1876 1695 et
1898 1641 2015 1712 jngi
2045 1641 2193 1698 illius
2295 1638 2498 1703 stituti,
2528 1638 2674 1695 nulla
2704 1647 2887 1694 tamen
2907 1652 3103 1693 cursus
3131 1635 3394 1708 spiritalis
3415 1650 3643 1693 sensere
3668 1634 3870 1703 dispen-

586 1735 936 1803 susceptione
966 1744 1355 1787 mansuescunt
1387 1751 1399 1785 :
1439 1732 1518 1789 sic
1559 1743 1611 1787 et
1634 1733 1986 1806 congregatio
2016 1735 2194 1790 natio-
2299 1731 2412 1789 dia.
2456 1730 2691 1802 Ideoque
2722 1729 2973 1785 laudatur
3008 1728 3152 1800 quod
3183 1729 3393 1785 caelesti
3419 1728 3525 1783 sibi
3562 1727 3874 1782 illuminante

589 1844 719 1884 num
770 1826 1065 1898 gentilibus
1118 1827 1381 1881 indomita
1411 1826 1653 1880 moribus
1682 1841 1743 1880 se
1770 1833 1897 1881 ante
1931 1826 2193 1895 jactabat.
2225 1818 2274 1881 Β
2304 1833 2577 1895 praecepto
2597 1864 2613 1891 ,
2642 1824 2755 1894 jam
2798 1824 3046 1893 speciosa
3070 1864 3085 1887 ,
3111 1823 3222 1892 jam
3258 1822 3481 1891 pukahra
3508 1823 3580 1876 sit
3605 1834 3720 1893 qua
3742 1816 3874 1876 vulta

591 1920 694 1977 Ubi
744 1935 872 1974 vero
919 1919 1163 1989 suscepit
1206 1918 1394 1989 jugum
1443 1917 1675 1974 dicentis
1715 1935 1727 1971 :
1783 1916 1973 1973 Tollite
2007 1921 2200 1991 jugtmt
2308 1918 2563 1989 praeferat
2604 1917 2871 1972 castitatis
2910 1916 3201 1983 decorem,
3228 1925 3286 1972 et
3317 1915 3635 1972 redimicula
3670 1914 3877 1972 cervicis

589 2028 758 2070 vneam
785 2030 942 2084 super
990 2029 1078 2067 vos
1099 2056 1114 2078 ,
1145 2014 1266 2080 quia
1298 2013 1403 2065 leve
1432 2021 1540 2076 est;
1573 2022 1620 2066 et
1666 2028 1797 2066 onus
1828 2028 2028 2076 meum,
2079 2012 2202 2083 quia
2307 2012 2490 2078 tollat,
2528 2012 2581 2065 in
2625 2025 2733 2080 qua
2768 2020 2897 2064 sunt
2927 2010 3202 2079 patientiae
3226 2020 3280 2065 et
3303 2009 3620 2066 humilitatis
3647 2009 3874 2080 insignia.

594 2116 833 2165 suaoeest
857 2105 1073 2177 (Matth.
1090 2121 1143 2160 ιιι
1162 2148 1177 2171 ,
1201 2104 1272 2161 29
1295 2115 1340 2158 et
1365 2104 1490 2176 50);
1516 2113 1571 2159 et
1592 2105 1759 2175 coepit
1779 2119 1978 2174 sponsa
1998 2102 2203 2159 Christi
2305 2104 2484 2175 Atque
2511 2103 2715 2159 idcirco
2741 2117 2997 2173 sponsam
3021 2117 3180 2158 suam
3208 2103 3533 2159 collaudatis
3555 2102 3759 2159 dicebat
3788 2119 3799 2154 :

596 2200 890 2257 concordia
935 2210 987 2254 et
1044 2197 1458 2253 mansuetudine
1502 2200 1825 2268 populorum
1870 2210 1992 2253 esse.
2032 2195 2204 2252 subli-
2378 2199 2467 2255 45.
2510 2198 2693 2271 (Vers.
2726 2196 2808 2270 9.)
2851 2209 2875 2237 ε
2903 2197 3075 2263 Quam
3122 2203 3368 2270 speciose
3412 2202 3566 2271 facta
3608 2206 3724 2252 sunt
3758 2208 3879 2267 gena:

594 2295 722 2357 mis.
750 2302 807 2349 et
832 2300 952 2348 toto
977 2290 1319 2347 circumferri
1334 2291 1466 2345 orbe
1488 2332 1503 2355 ,
1535 2299 1806 2363 tamquam
1833 2306 2029 2346 currus
2049 2288 2205 2360 equis
2308 2302 2410 2347 tua:
2435 2292 2568 2347 sicut
2598 2294 2850 2356 turturis,
2882 2292 3057 2347 cervis:
3085 2301 3174 2347 tua
3200 2295 3333 2348 sicut
3350 2292 3680 2348 redimicula.
3710 2290 3880 2347 Vultus

600 2387 887 2443 velocibus
933 2401 1096 2457 supra
1142 2383 1403 2439 mundum
1445 2393 1597 2455 rapta
1647 2383 1893 2440 ascendit
1936 2384 2004 2440 ad
2042 2399 2208 2454 spon-
2309 2388 2533 2443 liberior
2564 2396 2687 2455 est,
2720 2387 2810 2442 ubi
2842 2396 2927 2445 est
2966 2386 3250 2444 cbaritatis
3286 2387 3671 2453 conscientia;
3700 2393 3750 2441 et
3774 2398 3881 2454 por-

606 2497 750 2537 sum.
2311 2491 2429 2537 tare
2465 2479 2654 2552 jugum
2698 2478 2905 2537 Christi
2950 2494 3119 2536 suave
3144 2491 3229 2536 est
3255 2521 3271 2545 ,
3298 2482 3348 2536 si
3396 2488 3705 2537 ornamenta
3747 2486 3882 2548 putes

675 2576 765 2630 tit).
806 2575 982 2631 liabet
1008 2573 1152 2629 enim
1200 2585 1372 2642 equos
1420 2586 1549 2624 suos
1597 2569 1879 2637 Christus,
1917 2570 1987 2625 de
2013 2568 2211 2641 quibus
2312 2575 2542 2631 cervicis
2570 2584 2678 2629 tuae
2716 2588 2869 2640 esse,
2924 2589 3031 2630 non
3072 2589 3263 2630 onera.
3306 2573 3516 2630 Attolle
3556 2588 3682 2644 ergo
3717 2570 3883 2627 oculos

604 2669 737 2727 dicit
780 2666 1045 2739 propheta
1076 2683 1089 2719 :
1119 2663 1393 2718 Immisisti
1437 2663 1492 2717 in
1535 2679 1678 2717 mare
1726 2678 1879 2733 equos
1908 2664 2037 2716 'tuos
2057 2702 2072 2726 ,
2106 2672 2213 2715 ιω-
2315 2682 2530 2737 semper
2559 2667 2624 2723 ad
2656 2666 2946 2723 hominum
2979 2677 3130 2723 ιυωυ
3158 2708 3174 2733 ν
3206 2677 3259 2722 οι
3296 2682 3486 2737 qua.“
3512 2666 3676 2721 Deum
3696 2706 3711 2731 ν
3736 2663 3885 2718 ουτ..

605 2770 778 2822 battles
820 2780 984 2834 aquas
1031 2765 1223 2815 multas
1256 2756 1483 2830 (Habac.
1517 2755 1622 2829 ut);
1660 2772 1728 2813 eo
1780 2757 1924 2828 quod
1968 2756 2211 2829 gentium
2316 2760 2523 2816 venias.
2557 2759 2717 2829 Erige
2746 2760 3046 2824 cervicem,
3079 2760 3401 2816 redimicula
3432 2775 3538 2815 non
3570 2757 3764 2814 vincula
3807 2767 3886 2823 ge-

608 2859 837 2932 populos
876 2857 966 2928 qui
1000 2861 1286 2911 moventur
1316 2859 1374 2905 ut
1403 2865 1558 2922 aquae
1589 2850 1796 2916 multae,
1830 2858 1884 2905 et
1910 2849 2215 2905 excitantur
2316 2852 2431 2908 ris:
2460 2861 2714 2922 mutaque
2750 2853 3006 2909 animalia
3039 2852 3374 2910 redimiculis
3404 2853 3674 2925 gaudent,
3702 2860 3752 2907 et
3770 2848 3885 2919 pln-

606 2955 661 3009 in
713 2951 911 3007 fluctus
973 2961 1236 3018 aquarum
1263 2987 1279 3010 ,
1326 2940 1755 3013 evangelizando
1818 2939 2217 2997 commoverim
2319 2944 2479 3001 lerari
2511 2944 2610 2999 sibi
2645 2946 2816 3016 magis
2837 2987 2851 3009 ,
2882 2961 3045 3015 quam
3074 2945 3271 3002 nodari
3294 2946 3570 3003 videntur.
3604 2945 3752 3002 Gate
3776 2943 3886 2996 sicut

611 3045 872 3115 apostoli,
911 3051 969 3096 ut
1017 3047 1367 3109 assurgentes
1398 3050 1427 3089 a
1461 3034 1697 3090 terrenis
1750 3032 2017 3088 idolorum
2059 3047 2214 3088 cere-
2323 3036 3889 3111 turturis,pcrferantinsigniaverecundius:Redimicalactr-

613 3136 813 3194 moniis
833 3179 847 3203 ,
880 3135 934 3188 in
965 3133 1241 3187 Christum
1263 3128 1570 3186 crederent.
1598 3129 1666 3183 Et
1695 3143 1859 3199 supra
1889 3127 1965 3182 ait
1989 3144 2002 3180 :
2026 3126 2219 3182 Ascen-
2258 3199 2287 3203 _
2325 3130 2728 3188 vicialibertatis
2744 3133 3306 3201 attollantﬁduciam;
3335 3135 3459 3191 leve
3477 3134 3705 3190 estenim
3726 3132 3887 3202 inium

614 3231 736 3285 disti
762 3230 817 3282 in
845 3243 999 3297 equos
1027 3235 1161 3291 tuos,
1193 3224 1449 3294 equitatus
1481 3233 1602 3277 tuus
1631 3222 1847 3277 sanitas.
1876 3220 1921 3276 Ο
1948 3221 2215 3277 bonorum
2241 3199 2290 3264 Ο
2324 3221 2547 3288 Christi,
2582 3234 2636 3277 et
2658 3224 2779 3280 ideo
2809 3225 2994 3281 cervix
3021 3240 3090 3281 eo
3116 3242 3225 3283 non
3254 3199 3547 3297 premitur,
3573 3225 3663 3281 sed
3688 3199 3887 3279 levatur.

615 3335 879 3391 equorum
910 3319 1016 3372 duo
1048 3316 1369 3386 decajngum
1400 3314 1670 3380 mirabile,
1701 3314 1895 3380 quibus
1938 3312 2091 3368 frena
2124 3329 2219 3383 pa-
2400 3317 2491 3371 44.
2534 3316 2714 3387 tVers.
2751 3319 2842 3384 10,
2871 3317 2984 3390 ii.)
3026 3319 3448 3387 Similitudines,
3472 3319 3670 3390 inquit.
3697 3315 3801 3371 auri
3822 3316 3891 3383 [a—

619 3412 699 3469 cis
722 3455 737 3478 ,
774 3411 986 3485 1557
1038 3409 1269 3464 habena:
1300 3418 1425 3462 sunt
1472 3406 1757 3462 charitatis
1789 3424 1802 3459 :
1831 3405 2109 3463 conswicﬁ
2136 3408 2221 3461 in-
2329 3410 2521 3463 ciemus
2562 3410 2689 3474 tibi,
2717 3426 2783 3465 ea:
2824 3410 3238 3467 distinctionibus
3280 3415 3523 3484 argenti,
3553 3411 3717 3485 quoad
3756 3420 3893 3479 aqu

617 3514 703 3561 ter
755 3519 816 3559 se
862 3501 1171 3558 concordiae
1221 3499 1457 3553 vinculis
1480 3539 1495 3561 ,
1530 3508 1582 3551 et
1610 3497 1738 3570 jugo
1772 3497 1894 3553 fidei
1949 3499 2220 3569 subjecti,
2329 3518 2422 3557 res;
2448 3502 2542 3556 erit
2580 3503 2636 3556 in
2668 3502 3013 3560 declinatione
3040 3522 3157 3560 sua.
3194 3504 3270 3561 Ex
3296 3507 3369 3561 iis
3398 3506 3542 3562 enim
3569 3505 3655 3576 qui
3684 3517 3750 3559 ea
3772 3500 3893 3570 Lege

624 3610 858 3671 quatuor
882 3598 1019 3654 rotis
1049 3595 1331 3667 Evangelii
1366 3594 1684 3666 mysterium
1719 3592 1885 3650 totius
1915 3596 2064 3651 orbis
2097 3594 2223 3649 fini-
2332 3603 2461 3649 sunt
2484 3603 2538 3648 et
2565 3595 2881 3666 prophetis,
2915 3597 3263 3655 mediocriter
3284 3608 3417 3654 ante
3446 3596 3774 3655 crediderant
3794 3593 3892 3665 glo-

623 3694 728 3750 bus
759 3691 1117 3756 invehentes,
1150 3690 1351 3744 bonum
1382 3688 1625 3758 aurigam
1655 3696 1937 3759 portantes
1965 3687 2056 3741 Dei
2090 3686 2224 3742 Ver-
2333 3690 2471 3743 riam
2501 3689 2712 3745 Domini
2751 3689 2908 3755 Jesu,
2937 3700 2995 3747 et
3021 3691 3315 3751 bacreditas
3343 3694 3466 3764 ejus
3488 3692 3681 3753 dill'usa
3704 3704 3791 3761 per
3813 3700 3894 3756 μοι

536 3816 538 3820 λ
624 3789 753 3845 bum
789 3806 802 3841 :
834 3785 989 3856 cujus
1035 3783 1249 3854 ﬂagello
1301 3779 1495 3852 fugatae
1542 3789 1667 3835 sunt
1700 3779 1972 3835 illecebrae
2003 3779 2230 3834 saccnla-
2336 3785 2496 3855 pulos
2518 3825 2532 3848 ,
2565 3799 2671 3853 quo
2709 3784 3045 3856 frequentius
3070 3787 3388 3844 examinata
3411 3829 3428 3855 ,
3463 3791 3565 3845 hoc
3584 3785 3797 3855 amplius
3828 3787 3897 3835 est

630 3898 753 3950 res,
783 3880 1172 3937 exterminatus
1220 3876 1405 3930 mundi
1458 3875 1615 3930 istius
1642 3875 1897 3946 princeps
1917 3917 1930 3937 ,
1957 3876 2231 3945 justorum
2339 3877 2589 3947 probata.
2618 3875 2839 3933 Crebrae
2867 3880 3010 3935 enim
3041 3882 3462 3947 persecutiones
3484 3876 3896 3946 Ecolesizeiustoc

631 3989 826 4031 cursus
844 3973 1100 4043 impletus
1123 3969 1285 4026 cst.0
1308 3968 1712 4023 rationabiliutn
1740 3982 2002 4037 equorum
2026 3965 2233 4039 grande
2340 3984 2461 4023 rum
2492 3969 2647 4024 nobis
2676 3970 2862 4026 titulos
2881 4013 2899 4039 ,
2931 3972 3173 4042 martyrii
3204 3971 3462 4029 victorias
3489 3972 3778 4029 ediderunt.
3814 3966 3902 4020 ill-

632 4066 949 4123 certamenl
983 4079 1015 4119 o
1045 4062 1351 4119 mirandum
1404 4061 1755 4133 mysterium!
1790 4059 1929 4115 Rota
1966 4061 2107 4115 intra
2148 4074 2237 4116 ro-
2340 4078 2446 4132 qne
2481 4064 2622 4119 sicut
2666 4082 2855 4121 aurum
2893 4066 3127 4132 bonum,
3161 4067 3241 4121 ira
3287 4067 3533 4129 Emlesia
3566 4080 3687 4122 cura
3727 4064 3896 4123 aliter,

634 4169 742 4213 tam
790 4155 1077 4223 currebat,
1110 4164 1167 4210 et
1207 4170 1313 4209 non
1348 4152 1745 4222 impediebatur
1766 4193 1779 4216 ,
1811 4167 2010 4216 novum
2039 4151 2235 4207 Testa-
2344 4154 2667 4210 detrimenta
2693 4173 2799 4211 non
2826 4157 3011 4225 sentit,
3038 4157 3132 4213 sed
3160 4158 3334 4230 magis
3352 4160 3530 4231 fulgur
3548 4158 3665 4229 ejus
3682 4162 3899 4226 ιιιιειξιιπς

632 4262 876 4308 mentum
930 4256 982 4305 in
1014 4249 1181 4305 veteri
1225 4247 1609 4312 Testamento,
1643 4248 1786 4301 intra
1822 4246 1953 4301 illud
1985 4246 2240 4301 currebat
2344 4245 2519 4302 donec
2553 4246 2801 4305 Christus
2831 4251 3091 4305 veniatin
3135 4266 3360 4323 regnum
3401 4269 3590 4318 suum,
3621 4260 3675 4307 et
3707 4246 3905 4306 reclinet

638 4364 736 4420 per
764 4345 908 4417 quod
956 4342 1401 4399 annuntiabatnr.
1456 4341 1517 4396 ln
1565 4351 1795 4411 quatuor
1842 4350 2021 4410 partes
2064 4339 2234 4404 ibant,
2346 4350 2507 4410 caput
2548 4357 2704 4396 suum
2750 4344 2801 4397 in
2844 4342 3103 4399 Ecclesiae
3139 4344 3267 4401 fide.
3308 4344 3414 4411 Qui
3449 4361 3570 4402 cum
3606 4332 3903 4399 venissetal

637 4453 803 4506 rotre,
833 4449 889 4497 et
937 4455 1045 4494 non
1094 4437 1510 4493 revertebantur
1542 4444 1868 4499 retrorsum;
1902 4434 2025 4505 quia
2075 4433 2238 4503 spiri-
2349 4447 2481 4487 oves
2515 4433 2753 4503 perditas
2788 4435 2984 4493 domus
3010 4437 3211 4504 Israel,
3243 4454 3351 4494 non
3398 4439 3627 4495 habebat
3663 4436 3746 4493 ubi
3769 4436 3908 4501 αβιῑι

640 4546 728 4590 tus
753 4535 876 4587 vitae
902 4540 1020 4587 erat
1050 4531 1101 4584 in
1135 4530 1254 4595 his,
1285 4529 1377 4599 qui
1403 4527 1657 4582 currebat
1693 4527 1746 4580 in
1801 4536 2030 4597 quatuor
2062 4537 2243 4597 partes
2273 4596 2316 4604 _
2351 4543 2507 4583 suum
2537 4530 2830 4587 reclinaret
2855 4548 3031 4588 :nunc
3054 4543 3237 4590 autem
3260 4533 3372 4604 jam
3397 4535 3606 4592 redolet
3622 4526 3907 4595 (idemidem

642 4625 810 4679 totius
850 4621 1033 4677 mundi
1067 4639 1080 4675 :
1112 4628 1167 4675 et.
1193 4596 1316 4675 sine
1331 4618 1632 4674 offensione
1659 4596 1930 4687 currebat,
1959 4596 2080 4691 quia
2102 4618 2243 4676 bona
2273 4596 2327 4657 Ῑ)
2352 4638 2458 4691 que
2483 4621 2617 4676 dicit
2645 4622 2888 4680 Ecclesia
2914 4642 2927 4679 :
2959 4623 3178 4682 Nardus
3199 4596 3312 4681 mea
3359 4628 3504 4685 dedit
3524 4629 3907 4684 adorantium;

644 4734 910 4790 equorum
938 4718 1049 4771 vita
1078 4716 1396 4787 quadrabat.
1429 4713 1738 4769 Currebant
1769 4714 1930 4785 igitur
1958 4715 2104 4786 equi,
2124 4715 2246 4787 quia

647 4833 757 4874 non
784 4815 1088 4872 dormiebat
1117 4815 1205 4885 qui
1238 4812 1561 4869 ascenderat
1589 4828 1778 4885 equos.

720 4911 811 4968 M.
851 4907 1167 4964 Animarum
1202 4908 1366 4976 igitur
1398 4916 1704 4961 nostrarum
1735 4909 1921 4977 auriga
1941 4906 2132 4973 Iesus;
2157 4908 2246 4976 qui

652 5019 753 5061 nos
800 5017 1017 5074 quoque
1061 5001 1177 5055 vult
1216 5000 1514 5054 ascendere
1563 5015 1733 5070 equos
1766 5005 2013 5059 nostros,
2043 4999 2091 5053 id
2134 5008 2246 5068 est,

652 5113 881 5169 corpora
909 5107 1090 5152 nostra
1118 5112 1131 5160 ;
1156 5103 1210 5150 et
1233 5095 1458 5165 vigilare
1485 5108 1701 5162 semper
1727 5107 1797 5146 ne
1822 5091 2032 5145 dicatur
2057 5091 2247 5148 nobis:

655 5194 1073 5250 Dormitavernnt
1095 5192 1183 5262 qui
1207 5189 1710 5256 ascenderuntequox
1732 5184 1959 5258 (Psalm.
1985 5200 2142 5251 uxv,
2170 5187 2249 5258 7).

654 5289 1067 5346 Transeundum
1101 5296 1183 5339 cst
1207 5285 1311 5339 hoc
1344 5299 1493 5337 mare
1525 5280 1782 5351 impigre,
1814 5278 1902 5333 vix
1934 5280 2194 5335 transitur
2220 5296 2253 5337 a

651 5383 1021 5455 vigilantibus.
1054 5378 1113 5433 Si
1156 5378 1277 5448 quis
1315 5384 1498 5430 autem
1531 5372 1842 5439 dormierit,
1875 5372 2106 5428 transire
2144 5388 2251 5428 non

654 5476 882 5547 poterit,
914 5471 1013 5529 sed
1039 5470 1391 5539 demet-gitur.
1421 5476 1477 5520 ut
1508 5465 1793 5538 Egyjititts
1820 5466 1972 5536 cujus
1995 5475 2048 5520 ct
2075 5467 2257 5522 anima
2284 5466 2287 5469 λ

657 5577 711 5623 et
737 5581 936 5636 corpus
959 5562 1187 5618 interiit.
1219 5559 1425 5630 Equum
1448 5557 1591 5615 cnim
1624 5568 1669 5613 et
1695 5574 2013 5613 ascensorem
2041 5559 2256 5633 projecit

729 5709 755 5735 τι
786 5699 840 5749 1η
872 5695 1005 5765 psal.
1037 5708 1203 5749 cxvut
1247 5707 1412 5747 serm.
1441 5692 1496 5758 2,
1533 5693 1797 5765 num.52.

731 5769 758 5809 ι)
781 5764 899 5824 Lib.
925 5766 994 5823 de
1016 5766 1188 5832 Isaac,
1219 5778 1339 5837 cap.
1369 5765 1405 5820 4
1427 5805 1442 5828 .
1477 5780 1625 5823 num.
1652 5764 1741 5820 17.

2350 4726 2407 4771 ct
2430 4715 2562 4771 dicit
2589 4731 2709 4772 cum
2735 4720 3157 4790 prmsumptione
3172 4733 3498 4792 exspectans
3514 4716 3903 4778 retributionem.

2352 4812 2580 4883 Fragrat
2612 4824 2943 4885 unguentum
2973 4815 3540 4889 gratia),in,quovirgo
3558 4809 3910 4887 generavit,et

2352 4902 2614 4958 Dominus
2628 4904 2787 4959 Jesus
2802 4917 3198 4962 sacramentum
3223 4910 3607 4966 incarnationis
3632 4895 3908 4970 assumPSiL

2425 4995 2516 5052 45.
2561 4995 2744 5068 (Vers.
2781 4998 2888 5067 l2,
2932 4998 3046 5071 15.)
3099 4999 3375 5074 Colligatio
3416 5012 3572 5075 gutta!
3613 5002 3762 5072 frater
3793 5002 3912 5046 mm

2358 5090 2515 5156 mihi,
2549 5093 2599 5144 in
2653 5092 2823 5146 medio
2863 5095 3079 5148 uberum
3109 5112 3339 5152 meorum
3376 5097 3629 5160 manebit,
3657 5094 3762 5148 sive
3793 5098 3912 5143 ιονι·

2359 5186 2667 5240 morabitur.
2717 5186 2875 5243 Prius
2903 5189 3122 5260 quidem
3166 5191 3420 5259 dixerat,
3447 5192 3589 5265 quod
3626 5187 3810 5245 uardtts
3832 5190 3911 5235 sua

2358 5278 2600 5335 dedisset
2634 5282 2683 5337 ei
2724 5282 2949 5349 odorem
2991 5284 3216 5352 sponsi;
3248 5297 3305 5343 et
3338 5288 3459 5356 quia
3501 5300 3595 5357 per
3619 5285 3911 5354 unguentum

2359 5389 2463 5443 quo
2486 5386 2707 5429 unxerat
2722 5416 2737 5441 ,
2753 5375 2938 5431 odoris
2952 5375 3066 5447 ejus
3086 5376 3437 5451 fragrantiam
3462 5379 3744 5447 recepisset
3761 5393 3774 5427 :
3792 5377 3914 5423 nunc

2361 5477 2541 5523 autem
2599 5469 2716 5524 ait:
2749 5469 2948 5527 Frater
2992 5486 3148 5529 meus
3196 5473 3328 5529 mihi
3374 5482 3575 5545 guttam
3623 5465 3842 5528 redoleii
3869 5464 3915 5510 οδ

2366 5564 2506 5621 hanc
2552 5580 2658 5622 non
2707 5566 2956 5625 diffusam
3004 5584 3177 5637 neque
3223 5579 3282 5625 ut
3322 5569 3456 5626 libet
3489 5567 3805 5637 dispersam,
3832 5547 3925 5610 3°“
3980 5614 3984 5627 .

2430 5712 2452 5741 ο
2476 5701 2533 5756 ln
2564 5703 2705 5773 psal.
2730 5719 2903 5760 cxvut
2942 5719 3110 5763 serm.
3136 5703 3194 5771 5,
3218 5720 3368 5761 num.
3394 5704 3428 5762 6
3452 5712 3507 5762 et
3532 5716 3643 5785 seq.
