4040 6502
1235 427 1251 428 ,
1515 427 1605 434 --ν
1651 427 1706 436 .,.
1752 427 2076 443 .-.,..,-.νν..
2116 427 2321 446 vv...”

63 427 132 484 ’θ’
157 465 516 536 colligatam
563 482 628 529 et
671 480 1073 544 constrictam,
1105 497 1215 553 quo
1265 486 1476 542 scilicet
1511 489 1643 544 odor
1685 492 1850 560 ipsius
1877 501 1931 558 Α
1958 511 2102 555 recte
2139 502 2268 558 dicit
2309 523 2321 559 :

34 2863 56 2894 ‘5

34 3175 58 3182 n-

34 623 36 646 ⁵
55 611 124 678 P345,

87 1133 103 1146 κ
157 1117 325 1172 enim
361 1124 713 1193 suscipiens
745 1129 1010 1184 Dominus
1037 1130 1225 1201 JeStts,
1258 1134 1542 1189 charitatis
1566 1151 1624 1190 se
1650 1137 1841 1192 vincu-

79 1226 106 1246 εκ
155 1211 242 1267 iis
299 1216 605 1286 illigavit,
649 1231 714 1277 et.
763 1240 869 1277 non
922 1226 1100 1281 solum
1138 1243 1195 1282 se
1229 1229 1485 1284 membris
1531 1232 1738 1286 nostris
1783 1241 1840 1287 et

79 1325 96 1358 ε
157 1309 560 1378 passionibus
620 1318 1005 1380 naturalibus,
1050 1320 1144 1373 sed
1194 1321 1354 1373 etiam
1413 1321 1558 1374 cruci
1608 1322 1837 1391 junxit;

81 1715 94 1734 μ
159 1679 372 1749 gaddi.
405 1681 470 1736 Si
501 1683 702 1738 locum
727 1687 1021 1755 quaerimus
1053 1688 1293 1758 regionis
1311 1689 1596 1759 cujusdam
1629 1709 1750 1761 qua:
1781 1694 1832 1746 in

161 333 318 406 l86‘.)
1213 358 1255 428 Ε
1296 372 1608 434 SCRIPTIS
1651 379 1706 436 s.
1752 381 2076 443 AMBROSH
2113 373 2540 448 consertis.
3408 408 3544 465 £870

2365 505 2607 560 Retribue
2637 525 2778 565 servo
2805 522 2890 566 tuo
2911 555 2926 580 ,
2956 524 3012 568 ut
3059 517 3255 587 vivam,
3298 532 3344 575 et
3382 533 3551 578 custo-

1952 591 2093 646 diam
2123 598 2366 652 mandata
2398 610 2485 652 tua
2515 600 2533 672 (
2560 600 2708 658 Psal.
2744 621 2926 674 cxvut,
2963 609 3066 665 “6
3087 611 3125 681 ).
3156 611 3274 667 Non
3304 614 3465 672 habet
3495 619 3546 673 in

1949 687 2309 745 retributione
2355 692 2483 762 quid
2511 693 2794 764 desperet;
2826 701 2950 770 quia
2983 701 3239 761 Dominus
3264 707 3421 764 Iesus
3452 726 3545 766 ve-

1947 777 2027 830 nit
2057 783 2314 836 mtmdum
2347 785 2592 854 salvare,
2644 805 2749 843 non
2799 791 3047 860 perdere.
3083 795 3208 852 Ideo
3257 800 3543 856 immemor

1946 877 2029 922 est
2054 870 2292 937 injuriae,
2327 891 2537 929 memor
2563 880 2770 948 gratim,
2805 879 2944 939 sicut
2974 885 3024 940 in
3060 891 3380 958 prophetico
3406 892 3546 949 libro

1945 963 2267 1021 testiﬁcatur
2299 971 2413 1037 ipse
2439 970 2664 1027 dicens:
2696 973 2808 1050 Ego
2845 995 2979 1047 sum,
3013 997 3104 1051 ego
3134 1000 3250 1036 sum
3285 987 3370 1054 qui
3398 985 3542 1041 deleo

1943 1055 2239 1125 iniquitates
2274 1071 2390 1115 tuas
2415 1105 2429 1128 ,
2463 1074 2511 1117 et
2543 1082 2736 1120 memor
2767 1085 2869 1123 non
2901 1089 2989 1126 ero
3024 1092 3042 1127 :
3071 1086 3125 1128 tu
3156 1087 3324 1131 autent
3351 1097 3545 1134 memor

1943 1160 2049 1203 esto
2071 1161 2120 1204 et
2139 1153 2456 1222 judicentur,
2483 1156 2567 1211 dic
2591 1169 2645 1211 tu
2675 1162 2820 1232 prius
2847 1165 3144 1234 iniquitates
3173 1179 3288 1224 tuas
3313 1182 3366 1225 ut
3385 1175 3547 1245 justi-

1941 1242 2112 1335 ﬁceﬁs
2161 1244 2330 1316 (Esai.
2361 1265 2489 1303 xutt
2512 1293 2526 1313 ,
2551 1252 2623 1308 25
2651 1264 2698 1306 et
2728 1254 2842 1318 26).
2877 1257 3215 1332 Quicumque
3243 1242 3540 1335 crgovdicit

1937 1334 2256 1405 iniquitates
2284 1354 2409 1394 suas
2437 1341 2568 1405 Deo.
2595 1344 2928 1413 justiticatur
2957 1369 2968 1406 :
2995 1361 3051 1408 et
3078 1334 3406 1427 quicumque
3429 1359 3549 1429 jus—

1939 1428 2197 1496 t-iﬁcatur,
2233 1433 2648 1492 retributionem
2679 1455 2784 1493 non
2811 1442 2986 1509 timet,
3015 1445 3108 1500 sed
3138 1451 3389 1518 exposcit
3415 1455 3542 1524 :qui

1935 1523 2352 1580 retributionem
2386 1542 2494 1582 non
2523 1529 2707 1597 timet,
2739 1533 2892 1588 vivit.

2012 1633 2100 1689 49.
2127 1634 2312 1706 (Vers.
2363 1637 2640 1709 15.16.)ῖ’
2685 1640 2843 1708 Ecce,
2871 1645 3065 1718 inquit,
3119 1655 3380 1720 formosus
3420 1672 3544 1710 con-

1938 1727 2174 1782 sobrinus
2198 1746 2376 1797 meus,
2410 1741 2457 1785 et
2495 1733 2698 1802 quidem
2745 1736 2985 1804 pulcher.
3038 1741 3328 1799 Acclinatio
3371 1757 3547 1801 nostra

1937 1837 2117 1891 opaca,
2143 1823 2308 1877 trabes
2331 1827 2602 1880 domorum
2623 1840 2917 1885 nostrarum
2938 1835 3098 1899 cedri,
3129 1837 3397 1894 lacunaria
3419 1859 3511 1896 nos
3527 1874 3541 1884 -

1941 1920 2018 1964 tra
2039 1916 2285 1984 cupressi.
2313 1915 2520 1970 Laudat
2566 1922 2751 1989 sponsi
2780 1923 3034 1980 decorem
3068 1927 3305 1984 Ecclesia
3334 1971 3350 1997 ,
3380 1948 3538 2002 quem

1939 2007 2055 2076 plus
2080 2009 2634 2080 unusquisquetacito
2661 2014 2840 2070 laudat
2871 2017 3089 2084 all'ectu,
3117 2022 3322 2080 ctlidus
3340 2036 3505 2095 mystr

1937 2099 2142 2152 riorum
2188 2100 2461 2170 interpres
2509 2106 2741 2160 tacendo
2793 2109 2910 2177 plus
2964 2111 3242 2179 prtedicat.
3286 2113 3420 2170 Nam
3449 2113 3500 2186 η’

1937 2208 2133 2248 arcana
2180 2195 2453 2267 divulgat.
2505 2199 2774 2255 imminuit
2823 2201 3024 2259 Christi
3084 2205 3375 2278 decorem;
3420 2212 3539 2268 ideo

1939 2300 2101 2339 nemo
2135 2289 2313 2341 mittat
2358 2294 2680 2361 margaritas
2720 2309 2845 2348 suas
2876 2297 3054 2363 porcis
3081 2340 3096 2362 ,
3147 2316 3214 2355 ne
3240 2303 3548 2360 conculcari

1935 2375 2102 2432 faciat
2132 2394 2451 2437 ornamenta
2494 2387 2754 2455 pretiosa.
2783 2386 2899 2441 Non
2933 2407 3064 2458 ergo
3102 2392 3154 2446 in
3191 2394 3543 2452 tabernaculo

1931 2470 2182 2537 inquaeis
2209 2481 2266 2529 et
2293 2477 2527 2544 garruli;
2556 2479 2680 2544 quia
2731 2481 3072 2552 multiloquio
3113 2497 3393 2554 peccatum
3449 2493 3543 2544 ad-

1937 2565 2201 2620 mittitur:
2256 2568 2352 2622 sed
2383 2570 2435 2623 in
2461 2568 2559 2623 viri
2591 2570 2720 2625 serii
2754 2613 2767 2635 ,
2820 2575 2908 2644 qui
2939 2576 3010 2628 sit
3044 2592 3238 2644 parcus
3267 2579 3488 2650 alloquii
3519 2625 3534 2650 ,

1939 2671 2039 2710 nec
2068 2659 2335 2713 sermonis
2367 2661 2735 2729 intemperans
2763 2703 2776 2724 ,
2810 2673 2864 2717 ct
2910 2666 3197 2722 verborum
3242 2670 3542 2728 sobrietate

1941 2748 2315 2804 temulentiam
2350 2750 2693 2822 loquacitatis
2724 2753 2953 2820 evitans,
2987 2767 3149 2828 caput
3173 2775 3330 2815 suum
3358 2759 3543 2818 Chris—

1939 2849 2028 2894 tus
2058 2843 2301 2897 reclinat.

160 562 484 618 suavitatis
518 567 774 624 densior
807 573 1067 628 reddatttr
1105 585 1162 630 et
1195 578 1596 636 vehementior.
1628 583 1694 636 Et
1727 582 1845 648 hic,

161 650 360 722 inquit
389 697 405 720 ,
449 659 698 735 1558
731 680 859 719 cum
900 667 1024 720 talis
1056 667 1144 732 sit,
1178 669 1667 726 inmediouberum
1698 689 1846 726 meo-

155 760 296 804 rum
317 763 759 811 coturnos-att"
795 767 850 814 et
891 771 1233 824 commanet,
1263 772 1318 818 et
1345 767 1586 834 requiem
1612 781 1672 820 ac
1695 782 1846 821 man-

157 838 400 895 sionem
439 857 611 899 suam
647 848 788 903 facit
818 851 868 903 in
899 851 1019 907 loco
1051 854 1284 920 pectoris
1314 857 1442 910 mei.
1477 866 1499 892 ⁸
1532 856 1839 929 Cottigatio,

156 929 396 1002 inquit,
437 948 621 1007 gutta:
670 944 1019 998 consobrinus
1066 963 1240 1012 meus,
1277 949 1451 1002 botrus
1490 951 1636 1021 cypri
1679 957 1841 1022 frater

157 1038 324 1077 meus
368 1029 514 1082 mihi
538 1071 554 1092 ,
593 1033 748 1087 inter
779 1036 950 1089 media
978 1039 1136 1092 ubera
1163 1056 1272 1093 mea
1297 1042 1594 1110 requiescet.
1631 1042 1841 1113 Corpus

154 1400 426 1472 ideoque
462 1406 626 1461 sicut
657 1408 852 1464 botrus
885 1411 936 1464 in
969 1410 1230 1467 Ecclesiae
1263 1412 1404 1480 ﬁde,
1431 1423 1492 1468 et
1519 1417 1712 1470 morali
1747 1434 1832 1471 re-

156 1491 427 1562 quiescit.
459 1498 681 1566 gratia.

243 1584 350 1640 46.
402 1587 650 1645 Nardus
690 1594 838 1663 cypri
877 1595 1212 1649 consobrinus
1259 1613 1400 1651 meus
1439 1598 1493 1651 in
1525 1600 1682 1652 vineis
1729 1599 1837 1653 En—

164 1770 377 1826 ειιιάιρει
412 1783 512 1829 est
535 1817 550 1838 .
591 1775 754 1832 locus
779 1779 858 1830 sic
881 1778 1076 1833 dicitur
1105 1779 1158 1834 iu
1187 1795 1295 1850 quo
1318 1783 1726 1849 opobalsamum
1747 1785 1830 1854 gi-

165 1865 373 1935 gnitur
403 1884 415 1917 :
452 1868 501 1920 si
529 1868 1079 1939 interpretationem,
1099 1874 1319 1927 teutatio
1343 1872 1534 1928 Latine
1562 1875 1834 1944 signiﬁca-
1864 1897 1912 1956 Β

159 1964 288 2010 tur.
344 1957 410 2010 In
481 1959 603 2013 illis
647 1977 781 2015 vero
814 1963 989 2017 vineis
1031 1964 1234 2034 lignum
1283 1976 1401 2028 est,
1434 1968 1574 2034 quod
1625 1967 1669 2020 si
1715 1968 1835 2037 quis

161 2061 547 2117 .compuugat
566 2094 583 2114 ,
613 2064 952 2122 unguentum
978 2055 1206 2121 emittit,
1234 2056 1320 2111 hic
1349 2056 1556 2112 fructus
1576 2067 1659 2112 est
1682 2060 1832 2130 ligni.

171 2141 238 2197 Si
271 2158 397 2197 non
436 2144 736 2202 incidatur
760 2148 996 2217 lignum,
1033 2164 1140 2202 non
1175 2149 1247 2201 ita
1279 2148 1481 2219 fragrat
1504 2159 1562 2205 et
1587 2150 1831 2216 redolet,

161 2243 308 2290 cum
355 2246 558 2292 autem
608 2251 1000 2309 compunctum
1043 2240 1206 2294 fuerit
1237 2241 1459 2296 artiﬁcis
1488 2259 1648 2297 manu
1669 2285 1683 2310 ,
1711 2253 1836 2300 tunc

170 2327 504 2400 lacrymam
535 2329 802 2386 distillat.
839 2332 988 2387 Sicut
1018 2344 1070 2387 et
1101 2332 1351 2388 Christus
1381 2336 1430 2388 in
1457 2335 1549 2389 illo
1582 2336 1836 2392 teutatio-

172 2420 268 2474 uis
304 2420 468 2491 ligno
508 2423 847 2492 cruciﬁxus,
885 2425 1259 2497 illacrymabat
1290 2428 1584 2496 populum,
1617 2439 1670 2482 ut
1715 2445 1837 2498 pec-

177 2524 312 2570 cata
361 2526 570 2570 nostra
611 2518 871 2583 dilueret,
912 2530 966 2574 et
1001 2521 1069 2574 de
1101 2521 1400 2576 viscetibus
1449 2523 1837 2578 misericordia:

163 2622 300 2666 suae
335 2608 633 2667 fundebat
661 2620 990 2678 unguentum
1015 2612 1202 2667 dicens
1234 2630 1246 2665 :
1279 2611 1460 2679 Pater,
1487 2616 1686 2668 dimitte
1706 2616 1836 2681 illis,

176 2702 311 2768 quia
336 2703 601 2756 nesciunt
634 2704 758 2773 quid
789 2705 987 2772 faciunt
1016 2704 1166 2774 (Luc.
1201 2723 1352 2764 χχιιι.
1378 2706 1492 2778 54).
1529 2707 1680 2762 Tunc
1707 2725 1837 2779 ergo

181 2797 242 2850 in
273 2796 439 2865 ligno
471 2807 844 2867 compunctus
871 2799 1058 2853 lancea
1087 2842 1101 2864 ,
1142 2801 1311 2855 exivit
1342 2807 1406 2855 de
1435 2818 1501 2855 eo
1536 2803 1754 2872 sanguis
1785 2811 1839 2857 et

170 2903 362 2960 aqua,
393 2892 567 2948 resimi
622 2902 893 2962 unguento
944 2893 1179 2958 suavior,
1217 2906 1434 2962 παροινία
1483 2897 1590 2950 lico
1638 2898 1833 2963 hostia,

183 2997 298 3052 per
347 2991 538 3040 totum
595 2985 855 3040 mundum
907 2984 1128 3040 odorem
1178 2987 1618 3042 sanctiﬁcationis
1662 2989 1838 3044 ell'un-
1946 2984 2116 3074 uim"
2155 2984 2470 3074 δὲἑξῗξδξξω
2520 2984 2741 3074 “WE”?
2789 2984 2900 3074 5'8‘.‘

185 3075 362 3132 deus.
402 3079 469 3132 Et
503 3080 668 3149 quasi
702 3079 996 3134 balsamum
1021 3096 1086 3135 ex
1111 3081 1326 3145 arbore,
1352 3083 1430 3136 sic
1460 3085 1626 3136 virtus
1653 3086 1832 3139 exibat

1941 3053 2062 3124 quia
2105 3055 2155 3106 in
2191 3053 2427 3110 Ecclesia
2474 3060 2799 3116 constitutos
2854 3062 3020 3118 virtus
3057 3065 3352 3132 obumbrat
3373 3070 3540 3130 Altis-

183 3186 226 3225 θ
257 3145 556 3241 corpore;
602 3172 747 3228 unde
796 3176 870 3227 an
907 3191 920 3227 ε
958 3173 1136 3228 Semo
1177 3175 1413 3229 vmmem
1444 3178 1507 3228 de
1539 3194 1616 3230 me
1651 3179 1837 3232 exiis“
1941 3145 2230 3248 sitni."llac
2277 3148 2460 3248 iinibra
2496 3148 2660 3204 David
2705 3156 2909 3248 protegi
2942 3158 3292 3226 postulabat,
3324 3175 3392 3216 ne
3414 3179 3538 3218 eum

197 3237 384 3334 (Luc:
409 3281 511 3318 .vttt
536 3305 552 3329 ,
587 3265 702 3335 46).
737 3265 864 3320 inde
911 3267 1320 3335 opobalsamum
1353 3271 1665 3334 expressius
1696 3270 1831 3323 dici-

1943 3252 2037 3305 per
2066 3237 2206 3292 diem
2241 3240 2320 3292 sol
2364 3255 2543 3296 ureret
2579 3285 2592 3307 ,
2646 3245 2728 3298 vel
2755 3245 2878 3302 luna
2917 3263 3018 3317 per
3055 3262 3274 3314 noctem
3306 3254 3539 3325 (Psalm.

197 3365 296 3418 utr
323 3401 337 3423 ,
378 3375 451 3416 co
482 3359 632 3430 quod
662 3362 1081 3430 compun’ctione
1115 3361 1242 3430 ligni
1291 3361 1586 3416 balsamum
1619 3379 1712 3432 per
1743 3379 1831 3420 ca~

1941 3345 2065 3391 cxx,
2095 3329 2169 3401 6).
2198 3331 2346 3386 lianc
2394 3335 2637 3391 umbram
2665 3339 2960 3410 spiritualis
2999 3343 3269 3401 ministrat
3322 3350 3537 3430 1559

1941 3422 2106 3451 (ιη-ηιξ..
2187 3424 2381 3451 unm—1.]-
2416 3428 2594 3451 “an-.-”
2631 3429 2785 3451 l.-_2-_-
2821 3442 2859 3451 _.
2912 3450 2916 3451 ,
3046 3436 3078 3451 ιο
3198 3441 3226 3451 Δ.
3329 3443 3347 3451 ,ι
3420 3445 3429 3451 .

196 3466 444 3506 vernam
479 3455 798 3521 puuCliouis
825 3455 1080 3522 erumpit.

1941 3424 2107 3491 gratia
2136 3466 2148 3487 ,
2186 3424 2384 3479 torrida
2415 3428 2594 3482 saeculi
2629 3429 2788 3498 hujus
2811 3442 2864 3487 et
2895 3436 3080 3494 mundi
3111 3441 3297 3495 testim
3325 3424 3530 3513 fugieti-

2013 2958 2102 3012 50.
2154 2957 2216 3012 Et
2275 2963 2470 3016 merito
2520 2980 2741 3034 opacam
2789 2969 3061 3040 significat
3092 2974 3538 3044 reclinationem;

279 3548 378 3600 Η.
409 3548 797 3617 Compuuctus
825 3549 986 3617 igitur
1015 3548 1208 3612 Iesus,
1241 3551 1464 3607 odorem
1497 3553 1834 3610 remissionis

201 3651 580 3710 peccatorum
629 3653 684 3697 et
729 3643 1116 3713 redemptionis
1161 3644 1366 3700 effudit.
1427 3646 1559 3701 Nam
1603 3658 1656 3702 et
1695 3663 1829 3703 con-

197 3733 447 3793 swictus
499 3744 660 3801 erat,
699 3752 821 3790 cum
875 3737 1107 3792 Verbum
1141 3748 1283 3794 esset
1334 3742 1495 3793 homo
1538 3739 1835 3798 factumet

201 3840 431 3896 pauper
467 3825 642 3884 factus
665 3838 768 3894 est,
793 3844 911 3883 cum
937 3829 1088 3886 dives
1115 3842 1296 3895 esset;
1330 3841 1387 3887 ut
1412 3849 1509 3887 nos
1538 3835 1685 3889 illius
1717 3836 1835 3890 ino-

207 3919 306 3989 pia
333 3919 680 3976 ditaremur:
709 3931 904 3992 potens
929 3933 1066 3989 erat,
1098 3936 1151 3979 et
1180 3925 1586 3995 deSpiciendum
1612 3943 1672 3982 se
1697 3944 1834 3995 prae-

208 4010 362 4078 buit,
415 4012 494 4068 ita
528 4022 587 4068 ut
625 4014 867 4070 Herodes
897 4025 1180 4084 sperneret
1205 4032 1326 4071 eum
1359 4029 1414 4072 et
1456 4019 1702 4072 illudcrel
1733 4022 1780 4073 ei
1817 4039 1828 4073 :

212 4113 430 4158 terram
460 4105 810 4171 movebat,et
844 4107 1083 4162 haerebat
1122 4109 1172 4161 in
1213 4109 1361 4177 ligno
1394 4128 1404 4161 :
1431 4111 1628 4164 ctelutu
1661 4111 1834 4166 obdu-

218 4199 390 4251 cebat
422 4198 686 4262 tenebris,
708 4208 764 4253 et
792 4199 1048 4254 mundmn
1077 4201 1444 4270 cruciﬁgebal,
1470 4212 1520 4257 et
1545 4204 1834 4258 cruciﬁxus

209 4301 343 4348 erat
376 4308 392 4346 :
427 4289 723 4348 inclinabat
750 4303 937 4363 caput,
968 4305 1023 4349 et
1053 4295 1230 4351 exibat
1273 4295 1506 4352 Verbum
1543 4315 1554 4350 :
1589 4299 1834 4354 exinani—

211 4393 313 4444 tus
339 4396 483 4453 erat,
508 4397 563 4441 et
589 4387 833 4457 replebat
853 4390 1038 4445 omnia
1065 4409 1078 4443 :
1103 4391 1384 4447 dest-endit
1403 4394 1566 4460 Deus,
1591 4396 1832 4450 ascendit

220 4477 397 4532 homo
431 4497 445 4532 :
484 4480 712 4536 Verbum
761 4496 889 4538 caro
919 4482 1116 4541 factum
1143 4493 1259 4550 est,
1294 4496 1348 4538 ut
1377 4501 1504 4540 caro
1535 4487 1636 4540 sibi
1672 4487 1828 4542 Verbi

213 4570 429 4632 solium
463 4570 517 4625 in
564 4570 657 4627 Dei
704 4571 928 4630 dextera
979 4573 1276 4629 vindicaret
1323 4593 1336 4630 :
1381 4577 1571 4632 vulnus
1617 4589 1734 4633 erat
1777 4588 1832 4634 et

1939 3513 2101 3570 tibus.
2133 3516 2308 3586 Opaca
2363 3520 2525 3589 igitur
2574 3523 2859 3578 acclinatiu
2889 3527 3092 3584 Christi
3144 3541 3198 3586 et
3233 3533 3490 3598 Ecclesia:
3517 3579 3533 3606 ,

1936 3609 2134 3678 quibus
2163 3611 2256 3666 Dei
2290 3611 2466 3668 Patris
2497 3626 2699 3671 aeterna
2729 3619 2818 3673 illa
2851 3623 3069 3690 requies
3095 3626 3318 3694 aspirat.
3347 3630 3402 3686 ln
3439 3633 3538 3695 hac

1935 3719 2064 3772 ergo
2110 3705 2515 3775 requiescamus
2547 3713 2774 3778 umbra,
2826 3725 3173 3782 peccatorum
3224 3730 3534 3778 nostrorum

1936 3797 2158 3851 aestibus
2207 3798 2410 3867 fatigati
2439 3803 2482 3854 si
2529 3817 2662 3870 quos
2694 3803 2903 3860 adussit
2933 3806 3100 3861 libido
3127 3849 3140 3873 ,
3172 3809 3270 3865 hos
3313 3813 3529 3873 Domini

1935 3903 2064 3942 crux
2101 3889 2400 3959 refrigeret,
2438 3893 2490 3946 in
2520 3908 2620 3962 qua
2650 3909 2709 3948 se
2738 3897 3050 3963 reclinavit,
3101 3909 3157 3954 ut
3206 3912 3391 3959 nostra
3440 3907 3533 3962 de-

1860 4010 1870 4019 ι
1937 3979 2046 4033 bita
2080 3981 2401 4048 susciperet.
2434 3983 2492 4037 Si
2539 3999 2675 4052 quos
2721 3987 2876 4054 culpa
2925 3987 3185 4056 lassavit,
3235 3991 3331 4048 bos
3376 3993 3535 4052 Jesus

1934 4077 2140 4146 gremio
2171 4075 2405 4145 excipiat
2434 4091 2553 4142 suo,
2585 4089 2639 4132 et
2665 4079 2813 4134 molli
2844 4079 3022 4136 foveat
3066 4084 3351 4154 amplexu;
3385 4088 3529 4147 unde

1936 4169 2109 4222 audeo
2136 4167 2319 4222 dicere
2345 4210 2359 4232 ,
2393 4169 2534 4238 quod
2581 4185 2709 4224 caro
2737 4171 2936 4232 Christi
2985 4175 3269 4230 acclinatio
3299 4187 3382 4236 est
3421 4178 3528 4236 Ec-

1935 4259 2135 4314 Clesim.

2007 4364 2096 4418 5i.
2123 4363 2316 4420 Trabes
2338 4366 2608 4419 domorum
2630 4376 2922 4421 nostrarum
2945 4369 3104 4422 cedri.
3133 4367 3292 4426 Cedri
3321 4372 3522 4440 specie,

1933 4457 2200 4526 majorum
2235 4459 2321 4526 qui
2343 4458 2473 4527 justi
2505 4459 2714 4514 fuerunt
2743 4500 2758 4525 ,
2789 4461 2957 4530 gloria
2984 4461 3318 4532 designatur.
3349 4463 3530 4520 Justus

1933 4552 2068 4605 enim
2100 4561 2152 4606 ut
2184 4553 2354 4624 palma
2393 4555 2620 4624 ﬂorebit,
2647 4565 2692 4610 et
2721 4557 2853 4610 sicut
2883 4557 3066 4610 cedrus
3093 4574 3208 4628 qua:
3247 4560 3299 4612 in
3329 4559 3528 4616 Libano

221 4663 435 4722 ﬂuebat
465 4677 796 4738 unguentum
836 4687 849 4721 :
879 4669 1186 4725 scarabaeus
1229 4671 1572 4739 audiebatur.
1603 4682 1658 4729 et
1685 4673 1828 4729 Deus
1853 4671 1907 4732 D
1936 4658 2031 4710 es”
2064 4647 2488 4717 ""‘l'ipﬁmbimr
2510 4647 2732 4718 (P‘al'n'
2770 4653 2879 4715 xc"
2914 4650 3003 4722 15)
3023 4666 3040 4722 ⁵
3076 4651 3217 4706 sicut
3245 4654 3391 4708 enim
3433 4670 3525 4712 ce.

219 4759 647 4824 agnoscebatur.
681 4759 983 4829 Respondit
1009 4773 1059 4814 et
1085 4760 1354 4818 Christus.

288 4847 383 4902 48.
443 4851 634 4922 (Vers.
679 4851 764 4908 14.
785 4850 802 4920 )
825 4851 961 4907 Ecce
998 4854 1130 4908 bona
1159 4871 1234 4919 es,
1265 4857 1502 4923 proxima
1531 4873 1646 4912 mea
1667 4901 1680 4924 ,
1713 4875 1831 4914 ecce

217 4952 270 4990 es
321 4938 467 4997 bona
511 4959 529 4996 :
573 4944 710 4997 oculi
755 4945 827 4998 tui
863 4934 1138 5004 .c‘olumbw.
1190 4947 1454 5015 Quoniam
1503 4963 1828 5020 cognoverat

225 5027 480 5088 Ecclesia
533 5036 850 5106 mysterium
881 5079 892 5100 ,
919 5047 972 5092 ct
995 5055 1098 5109 pro
1129 5039 1294 5094 totius
1344 5040 1526 5095 mundi
1577 5042 1828 5113 redemp—

231 5122 380 5178 tione
407 5125 723 5180 cruciﬁxum
749 5126 1032 5183 Dominum
1062 5130 1245 5186 .lesum
1275 5133 1623 5200 praedicabat,
1651 5149 1830 5189 mere—

231 5223 322 5278 tur
352 5218 539 5274 audire
572 5236 584 5274 :
621 5218 754 5272 Ecce
779 5236 828 5272 es
853 5220 998 5288 bona,
1025 5238 1142 5292 quae
1161 5239 1248 5276 me
1277 5222 1475 5278 bonum
1502 5223 1668 5288 dicis;
1691 5223 1827 5279 Ecce

222 5325 286 5364 ,εδ
319 5309 490 5377 bona,
527 5328 645 5380 qum
690 5311 866 5366 vidisti
910 5313 1091 5381 glori-.c
1137 5330 1270 5370 mea:
1309 5315 1557 5371 deeriretn
1580 5357 1592 5381 ,
1628 5325 1682 5370 et
1711 5317 1824 5384 ipsa

219 5406 477 5472 .Speciosa
511 5421 570 5464 es
599 5415 653 5461 ct
681 5409 901 5461 decora.
946 5405 1081 5473 Quid
1115 5416 1198 5462 est
1226 5419 1402 5462 autem
1433 5409 1617 5463 dicere
1643 5408 1831 5464 Chris-

239 5503 350 5552 tum
383 5516 395 5550 :
424 5498 568 5554 Bona
597 5515 669 5560 es,
703 5498 787 5552 vel
821 5499 1006 5554 decora
1033 5515 1082 5551 es
1105 5539 1120 5564 ,
1151 5499 1253 5552 nisi
1281 5501 1407 5555 illud
1443 5502 1792 5571 Evangelium
1816 5519 1828 5555 :

234 5589 487 5644 Constans
525 5601 665 5655 esto,
717 5591 862 5660 ﬁlia,
906 5593 1120 5644 remissa
1177 5603 1294 5644 sunt
1348 5594 1437 5647 tibi
1482 5603 1692 5663 peccata
1743 5605 1830 5647 tua

237 5681 450 5753 (Matth.
487 5702 544 5740 ιχ
569 5727 583 5751 ,
613 5685 751 5755 22)?
776 5684 922 5755 Ergo
949 5685 1033 5739 cui
1063 5683 1311 5740 Christus
1339 5698 1556 5757 peccata
1585 5687 1828 5755 donavit,

306 5852 327 5875 ίι
358 5840 417 5894 In
453 5842 584 5912 psal.
620 5857 783 5896 cxvut
827 5857 990 5906 St‘l‘lll.
1022 5841 1074 5905 5,
1113 5857 1260 5895 tuun.
1289 5843 1320 5896 8
1348 5852 1399 5898 ct
1421 5861 1535 5919 seq.

1934 4740 2065 4794 drus
2095 4758 2200 4795 non
2232 4744 2528 4811 putrescit,
2566 4741 2636 4796 ita
2669 4757 2770 4798 nec
2796 4744 3062 4818 majorum
3097 4745 3264 4819 gloria
3299 4748 3405 4803 ulla
3429 4763 3523 4805 ve-

1934 4843 2134 4889 tuslate
2162 4836 2544 4903 corrumpitur.

1999 4937 2092 4994 52.
2120 4936 2412 4991 Lacunaria
2440 4946 2611 4994 nostra
2650 4940 2907 5010 cupressi.
2952 4938 3134 4994 Genus
3166 4941 3269 4996 hoc
3315 4943 3525 5000 arboris

1932 5048 2224 5102 numquam
2263 5031 2460 5085 amittit
2484 5030 2813 5086 viriditatem
2841 5049 3023 5100 suam,
3060 5033 3236 5088 hieme
3261 5035 3416 5105 juxta
3445 5046 3524 5091 at-

1928 5140 2034 5194 que
2052 5134 2242 5178 aestate
2273 5140 2479 5179 comam
2523 5127 2692 5194 pascit
2715 5167 2727 5189 ,
2759 5142 2859 5182 nec
2889 5126 3107 5182 diverso
3133 5127 3316 5184 Colore
3351 5140 3523 5186 muta-

1933 5223 2038 5270 tur.
2078 5216 2258 5271 Solam
2294 5218 2431 5271 hanc
2456 5217 2704 5282 arborem
2733 5225 2922 5274 vetitus
2957 5235 3249 5290 numquam
3289 5236 3389 5277 suo
3426 5222 3524 5277 lto-

1930 5322 2062 5366 nore
2075 5308 2365 5377 despoliat,
2397 5308 2509 5362 sola
2535 5324 2826 5379 numquam
2849 5308 3017 5364 veteri
3044 5310 3267 5368 exuitur
3289 5312 3518 5380 amictu,

1928 5410 2020 5456 aut
2045 5418 2185 5455 navo
2212 5399 2345 5456 ﬂore
2378 5401 2625 5456 vestitur.
2661 5402 2751 5457 Sic
2796 5403 3093 5471 apostolica
3133 5419 3348 5473 quoque
3389 5420 3515 5474 gra-

1931 5497 1999 5550 tia
2028 5494 2198 5550 nescit
2227 5493 2492 5550 defectum
2520 5535 2535 5562 ,
2569 5493 2664 5548 sed
2697 5502 2961 5550 vetustate
2995 5497 3076 5550 sui
3114 5496 3291 5552 ﬂoret.
3323 5495 3518 5552 Anima

1930 5605 2058 5659 ergo
2081 5589 2349 5658 corrumpi
2378 5587 2567 5651 nescit,
2593 5601 2711 5656 qum
2730 5586 3050 5642 florentibus
3075 5587 3332 5641 membris
3355 5587 3518 5657 viget,

1931 5698 2147 5753 semper
2173 5680 2393 5751 justitizc
2422 5689 2849 5750 Caeterarumquc
2881 5681 3139 5743 virtutum
3168 5679 3402 5736 culmina
3429 5695 3513 5748 pa.

2013 5841 2035 5879 ι)
2068 5841 2122 5896 ln
2157 5839 2290 5909 psal.
2328 5852 2491 5892 cxvut
2534 5852 2697 5891 serui.
2727 5835 2780 5899 6,
2810 5852 2954 5889 num.
2994 5833 3060 5888 18
3085 5842 3132 5884 el
3163 5847 3276 5903 seq.
