4148 6362
619 259 751 316 1671

1619 260 2173 322 COMMENTARIUS
2209 262 2274 322 IN
2311 263 2614 323 CANTICA
2648 265 2918 324 CANTIC.

3745 267 3859 325 1879.

614 367 767 422 ticnti
814 366 1258 436 magnanimitate
1293 376 1594 436 sustentat;
1625 380 1678 427 et
1707 372 1828 429 ideo
1860 389 1967 429 non
1996 375 2207 443 deﬂuit,
2238 379 2289 438 Α
2317 384 2451 444 tum,
2488 377 2592 445 Qui
2630 380 2687 434 in
2709 380 2832 434 altis
2861 380 3079 442 habitat,
3103 388 3151 435 et
3186 378 3404 435 humilia
3434 380 3628 451 respicit
3667 380 3859 453 (Psalm.

616 475 792 530 neque
816 458 1034 526 deﬁcit;
1082 462 1206 531 quia
1238 461 1371 517 nihil
1426 464 1477 519 in
1525 479 1589 519 ea
1618 463 1877 522 rimusum
1919 479 2002 523 est
2031 484 2095 523 ac
2126 485 2209 524 reo

615 553 841 608 missum
873 593 889 618 ,
930 552 1062 607 nihil
1091 554 1289 611 mobile
1313 596 1329 623 ,
1361 556 1493 610 nihil
1542 557 1811 614 lubricum
1843 603 1856 625 ,
1890 562 2023 616 nihil
2067 562 2210 634 quod

611 642 748 698 vitio
791 643 1060 698 sermonis
1089 659 1155 700 ex
1185 660 1247 699 ea
1276 646 1447 716 possit
1491 646 1714 704 eﬁundi.
1745 649 2000 720 Sequitur
2022 654 2211 722 Eccle-

611 736 690 791 sia
719 738 803 792 vel
836 736 1013 793 ﬁdelis
1040 737 1220 795 anima
1234 770 1262 806 υ,
1290 741 1525 796 animam
1555 742 1678 800 dico
1704 787 1719 813 ,
1767 744 1891 801 ideo
1918 747 2042 818 quia
2076 748 2211 803 nihil

611 839 721 886 tam
751 841 836 887 est
866 833 1050 897 homo,
1081 849 1240 904 quam
1273 835 1473 891 anima.

1078 926 1309 985 CAPUT
1337 929 1740 990 SECUNDUM.

680 1020 735 1077 1.
769 1017 950 1093 (Vers.
986 1020 1039 1087 1,
1062 1018 1146 1091 2.)
1180 1031 1205 1058 οι
1240 1021 1354 1094 Ego
1383 1026 1481 1095 [los
1505 1027 1675 1095 campi
1701 1067 1715 1092 ,
1745 1037 1793 1082 et
1813 1028 1984 1084 lilium
2004 1031 2214 1087 conval-

606 1114 759 1179 lium,
788 1113 921 1168 sicut
952 1114 1120 1169 lilium
1160 1116 1211 1170 in
1243 1118 1413 1171 medio
1440 1119 1741 1188 spinarum;
1781 1122 1833 1177 in
1866 1132 2032 1178 totam
2063 1124 2208 1181 enim

608 1188 809 1263 terrain
844 1207 978 1263 ﬁdes
1010 1210 1191 1280 populi
1227 1211 1502 1268 credentis
1533 1215 1703 1271 exivit
1735 1257 1750 1283 ,
1802 1228 1856 1272 et
1883 1218 1937 1273 in
1970 1221 2211 1291 spatioso

606 1304 792 1374 posuit
823 1304 986 1373 pedes
1026 1321 1155 1361 suos
1183 1306 1469 1375 Chaistus;
1516 1320 1570 1366 et
1598 1310 1721 1367 ideo
1754 1315 1980 1380 pulchre
2017 1317 2091 1370 ait
2113 1317 2212 1372 ﬂo-

603 1413 719 1453 rem
747 1414 808 1454 se
831 1413 953 1455 esse
979 1402 1176 1473 campi.
1213 1400 1340 1455 Flos
1370 1412 1486 1457 erat
1514 1404 1677 1459 etiam
1709 1405 1909 1461 Paulus
1934 1408 2023 1479 qui
2055 1409 2210 1466 diee-

603 1486 725 1543 bat:
750 1487 929 1546 Bonus
954 1490 1083 1545 odor
1113 1490 1305 1546 Christi
1329 1510 1509 1549 sumus
1535 1493 1644 1549 Deo
1671 1494 1740 1568 (ll
1758 1496 1878 1553 Cor.
1910 1516 1970 1567 ιι,
2000 1500 2112 1571 15).
2142 1502 2210 1556 Et

606 1597 735 1639 vere
763 1582 865 1639 ﬂos
892 1626 908 1651 ,
938 1585 1030 1655 qui
1064 1594 1274 1655 poterat
1297 1602 1434 1643 nova
1475 1599 1531 1644 et
1569 1600 1752 1646 vetera
1783 1592 1851 1648 de
1896 1596 1978 1650 sui
2025 1596 2208 1653 cordis

601 1677 853 1749 proferre
877 1677 1155 1736 thesauro.
1180 1679 1208 1719 ιι
1244 1680 1352 1755 Ego
1372 1683 1470 1753 ﬂos
1502 1686 1690 1756 campi.
1726 1685 1795 1741 Et
1823 1687 1962 1745 bene
2002 1688 2102 1745 ﬂos
2123 1700 2208 1747 est

2317 484 2446 535 cxu,
2471 467 2547 542 5).
2572 470 2640 526 Ει
2669 472 2882 542 species
2901 471 3020 543 ejus
3045 472 3188 528 sicut
3216 474 3412 529 cedrus
3433 473 3634 541 Libani,
3655 492 3763 543 qua:
3787 492 3862 530 co-

2316 577 2460 616 mam
2511 564 2776 631 nubibus,
2806 564 3047 620 radicem
3103 567 3265 621 terris
3321 567 3536 635 inserit;
3581 568 3865 638 principium

2315 655 2462 711 enim
2485 657 2603 727 ejus
2621 658 2690 715 de
2710 660 2872 726 coelo,
2904 662 3206 730 posteriora
3236 660 3356 732 ejus
3383 661 3435 717 in
3473 663 3656 730 terris,
3686 663 3867 736 1560

2314 748 2521 805 fructus
2550 750 2692 807 coelo
2735 752 3017 822 proximos
3047 753 3356 810 ediderunt.
3389 753 3636 811 Scrutare
3672 756 3870 824 diligen-

2316 841 2422 895 tius
2445 849 2552 896 tam
2580 841 2783 899 bonum
2824 844 3014 901 ﬂorem
3034 887 3050 911 ,
3087 845 3281 907 necubi
3332 861 3455 902 eum
3486 847 3538 902 in
3567 846 3780 915 pectoris
3806 844 3869 900 tui

2314 931 2562 988 convalle
2583 934 2857 1005 reperias;
2891 935 3186 991 humilibus
3224 935 3369 992 enim
3419 935 3715 1007 frequenter
3738 935 3871 990 inha-

2317 1023 2482 1080 latur.
2509 1028 2669 1082 Amat
2715 1030 2960 1098 generari
2989 1029 3043 1084 in
3088 1028 3260 1084 hortis
3287 1071 3303 1097 ,
3337 1030 3392 1086 in
3420 1030 3608 1101 quibus
3644 1046 3758 1086 eum
3784 1031 3871 1085 Su-

2314 1130 2485 1172 sanna
2514 1117 2643 1173 dum
2667 1118 3064 1191 deambularet,
3098 1121 3336 1179 invenit:
3369 1123 3507 1180 mori
3531 1123 3702 1194 potius
3735 1136 3873 1192 quam

2317 1208 2508 1264 violari
2539 1219 2745 1280 parata.

2386 1302 2440 1358 5.
2471 1301 2499 1340 ἀ
2521 1302 2715 1372 Aliter,
2752 1303 2866 1377 Ego
2895 1308 2994 1377 [los
3023 1309 3194 1380 campi
3219 1351 3236 1376 ,
3265 1320 3312 1364 et
3333 1310 3502 1365 lilium
3549 1308 3832 1365 convallium
3860 1346 3874 1377 ,

2315 1405 2574 1469 tamquam
2605 1399 2774 1454 lilium
2818 1402 2873 1457 in
2920 1403 3091 1458 medio
3113 1404 3406 1475 spinarum.
3453 1405 3592 1462 Ecce
3615 1405 3767 1460 alium
3808 1404 3876 1459 Io-

2311 1506 2435 1548 cum
2458 1492 2510 1548 in
2537 1508 2647 1564 quo
2676 1495 2817 1550 solet
2847 1496 3111 1553 Dominus
3136 1499 3449 1555 conversari
3471 1541 3486 1566 ,
3517 1500 3677 1555 immo
3697 1515 3792 1555 non
3831 1497 3880 1553 in

2313 1602 2444 1651 uno.
2501 1588 2598 1645 sed
2630 1590 2683 1645 in
2742 1590 3026 1662 pluribus:
3075 1592 3226 1665 Ego,
3283 1595 3501 1667 inquit,
3566 1596 3662 1665 ﬂos
3701 1594 3879 1664 campi;

2310 1685 2782 1753 quia.patentem
2851 1686 3254 1758 simplicitatem
3326 1707 3474 1762 parte
3543 1692 3731 1748 mentis
3788 1690 3881 1747 fre-

598 1770 848 1826 Ecclesia
873 1788 994 1842 qua:
1018 1772 1250 1828 fructum
1279 1777 1596 1842 annuntiat,
1626 1778 1728 1835 hoc
1755 1789 1840 1835 est
1864 1822 1880 1847 ,
1917 1780 2200 1839 Dominum

2311 1786 2558 1846 quentat.
2607 1775 2677 1832 Et
2722 1779 2891 1835 lilium
2928 1782 3287 1849 convallium;
3319 1783 3423 1840 ﬂos
3484 1785 3625 1841 enim
3680 1782 3876 1839 humili-

595 1861 782 1918 Jesum
812 1860 1089 1919 Christum
1115 1907 1130 1932 ,
1184 1866 1252 1922 de
1281 1881 1391 1939 quo
1420 1867 1625 1924 dictum
1657 1880 1742 1926 est
1783 1870 1996 1927 Mariae:
2040 1873 2205 1930 Bene-

599 1958 736 2012 dicta
769 1969 824 2012 tu
865 1958 1000 2013 inter
1027 1960 1265 2016 mulieres
1298 2003 1313 2025 .
1364 1972 1412 2016 et
1441 1962 1738 2021 benedictus
1769 1969 1970 2037 fructus
2015 1970 2208 2025 ventris

593 2052 671 2106 tui
695 2049 850 2123 (Luc.
874 2068 913 2118 ι,
938 2051 1054 2124 42).

668 2148 724 2203 ‘2.
754 2148 877 2204 Alio
902 2165 1121 2222 quoque
1159 2166 1323 2208 sensu
1350 2152 1540 2210 ﬂorem
1592 2156 1685 2212 tibi
1735 2157 2052 2216 demonstro
2096 2177 2211 2218 car-

598 2239 838 2309 pendum
868 2283 883 2307 ,
908 2241 1059 2297 illum
1088 2243 1275 2313 utique
1299 2245 1390 2316 qui
1423 2246 1591 2303 dixit:
1640 2248 1757 2321 Ego
1783 2252 1881 2321 ﬂos
1910 2257 2082 2325 campi
2111 2298 2124 2322 ,
2158 2268 2208 2311 et

598 2335 768 2391 lilium
789 2337 1121 2393 convallium.
1157 2339 1411 2411 Plerique
1453 2345 1920 2414 comparationem
1952 2347 2094 2404 hanc
2121 2365 2209 2406 se-

596 2428 834 2484 cundum
881 2439 1132 2485 naturam
1170 2432 1363 2501 ﬂoris,
1411 2446 1466 2490 et
1496 2452 1652 2491 usum
1699 2448 1894 2510 putant
1943 2442 2208 2512 propositi

600 2521 862 2592 germinis
886 2524 1186 2593 aptiorem;
1220 2542 1287 2582 eo
1316 2528 1459 2597 quod
1488 2529 1600 2585 lilia
1648 2531 1852 2587 nullius
1875 2535 2039 2590 annui
2079 2550 2207 2593 usus

600 2615 803 2671 cultum
826 2618 1143 2688 requirant,
1159 2634 1261 2675 nec
1282 2621 1422 2676 sicut
1439 2637 1566 2694 erga
1595 2632 1916 2693 proventum
1935 2625 2205 2684 fructuum

597 2719 920 2765 creterorum
948 2752 962 2776 ,
993 2713 1068 2768 ita
1109 2713 1273 2770 etiam
1303 2731 1430 2789 erga
1469 2720 1875 2789 generationem
1918 2721 2074 2779 istius
2104 2724 2205 2780 ﬂo-

597 2803 696 2871 ris,
724 2804 973 2861 sollicitis
1013 2806 1069 2861 in
1100 2808 1292 2864 orbem
1326 2811 1515 2867 redeat
1546 2812 1703 2869 labor
1733 2825 1884 2871 actus
1914 2817 2205 2887 agricolis;

596 2898 929 2969 quibuslibet
955 2903 1099 2958 enim
1124 2903 1463 2961 siccitatibus
1511 2908 1649 2978 agri,
1682 2923 1845 2965 omne
1876 2909 2009 2964 illud
2060 2910 2205 2982 quod

596 2993 764 3047 alitur
789 2993 844 3049 in
876 2994 1064 3050 ﬂorem
1096 2997 1328 3067 quadam
1368 2999 1569 3054 virtute
1600 3000 1821 3071 genitali
1849 3015 1917 3057 ex
1950 3016 2092 3067 sese,
2127 3010 2207 3058 at-

595 3100 701 3156 que
728 3085 781 3141 in
805 3102 867 3142 se
899 3088 1046 3143 succi
1069 3103 1287 3161 semper
1312 3092 1541 3148 virentis
1566 3094 1870 3161 animatur;
1899 3094 1973 3150 ita
1997 3106 2055 3151 ut
2080 3111 2205 3153 cum

2311 1870 2436 1924 tatis
2474 1878 2558 1925 est
2583 1869 2870 1942 Christus,
2901 1890 3010 1931 non
3044 1876 3273 1933 luxuriae
3293 1919 3308 1944 ,
3337 1894 3443 1933 non
3473 1878 3789 1949 voluptatum
3813 1885 3881 1931 at-

2308 1978 2414 2033 que
2454 1963 2715 2033 lasciviae,
2757 1968 2852 2024 sed
2888 1968 2992 2025 flos
3025 1970 3414 2041 simplicitatis,
3436 1972 3536 2029 ﬂos
3569 1971 3878 2027 humilitatis.

2315 2063 2338 2090 ε
2374 2052 2501 2110 Flos
2525 2054 2754 2113 odorem
2778 2073 2935 2115 suum
2950 2072 2998 2115 et
3019 2064 3265 2118 succisus
3287 2074 3626 2135 reservat,ct
3643 2063 3882 2121 contritus

2307 2148 2631 2213 accumulat,
2668 2165 2770 2206 nec
2795 2150 3017 2208 avulsus
3035 2154 3268 2222 amittit;
3299 2156 3371 2211 ita
3395 2167 3451 2214 et
3481 2158 3728 2213 Dominus
3748 2155 3883 2211 le’sus

2309 2238 2363 2295 in
2396 2240 2491 2295 illo
2520 2241 2761 2313 patibulo
2788 2247 2968 2302 crucis
3010 2262 3113 2305 nec
3158 2250 3430 2308 contritus
3477 2252 3771 2319 emarcuit,
3797 2263 3883 2305 uec

2315 2332 2537 2389 avulsus
2559 2337 2806 2405 evanuit,
2839 2348 2894 2394 et
2922 2338 3013 2394 illa
3040 2341 3244 2399 lancea:
3280 2346 3576 2415 punctione
3628 2345 3879 2410 succisus,

2308 2437 2465 2481 Sacro
2496 2428 2796 2496 speciosior
2820 2429 2923 2486 fusi
2978 2434 3194 2491 cruoris
3239 2437 3425 2494 colore
3451 2438 3721 2505 vernavit,
3760 2433 3883 2492 mori

2310 2516 2427 2588 ipse
2455 2519 2694 2588 nescius,
2726 2530 2783 2578 et
2815 2526 3046 2581 mortuis
3081 2537 3301 2585 :eterna:
3349 2531 3478 2588 vitae
3506 2546 3697 2588 munus
3739 2529 3883 2587 exha-

2311 2609 2450 2666 laus.

2381 2703 2436 2759 6.
2472 2705 2654 2778 (Vers.
2684 2710 2765 2780 5.)
2800 2708 2818 2748 ί
2852 2710 3134 2784 Tamquam
3155 2716 3322 2772 lilium
3350 2719 3407 2773 in
3436 2720 3603 2775 medio
3623 2720 3880 2788 spinarum,

2314 2812 2493 2855 nonne
2516 2801 2658 2858 inter
2683 2807 3005 2874 asperitates
3023 2810 3269 2866 laborum
3300 2814 3761 2886 contritioncsque
3785 2810 3885 2867 aui-

2314 2906 2525 2947 morum
2584 2894 2712 2951 boni
2778 2897 2879 2954 ﬂos
2929 2899 3117 2957 odoris
3174 2905 3453 2976 assurgit;
3504 2908 3627 2978 quia
3674 2904 3885 2962 contrito

2310 2986 2475 3043 corde
2505 2987 2644 3044 Deus
2677 2991 2938 3061 placatur.
2973 2994 3086 3051 Hoc
3113 3006 3197 3052 est
3225 2998 3510 3056 desertum
3531 3043 3546 3068 ,
3579 3000 3700 3056 tilia:
3719 3042 3734 3069 ,
3759 2996 3886 3072 quod

2310 3077 2459 3135 ducit
2485 3081 2553 3136 ad
2602 3098 2867 3155 regnum,
2921 3087 3024 3146 hoc
3058 3101 3143 3147 est
3186 3093 3349 3150 etiam
3401 3096 3714 3165 desertum,
3761 3092 3887 3169 quod

596 3176 850 3233 foliorum
884 3179 1146 3248 puberum
1187 3182 1393 3239 caulem
1435 3183 1624 3240 videas
1653 3189 1861 3242 aruisse
1889 3228 1903 3253 ,
1933 3188 2086 3245 ﬂoris
2118 3199 2197 3245 ta-
2229 3176 2271 3239 Ο
2304 3172 2456 3229 “om
2490 3184 2548 3230 ιη
2577 3176 2772 3247 “lium:
2799 3180 2955 3251 lux”
3009 3184 3143 3241 illud
3171 3188 3315 3259 ιιιιοά
3345 3192 3615 3264 scripuli“
3651 3203 3760 3250 θειε
3788 3190 3888 3247 La”

600 3285 723 3324 men
771 3278 961 3327 natura
1013 3274 1278 3343 virescat;
1320 3276 1672 3332 absconditur
1717 3280 1862 3334 enim
1914 3279 2197 3351 viriditas,

598 3377 704 3415 non
736 3363 1022 3419 amittitur.
1054 3365 1156 3421 Ast
1183 3367 1272 3421 ubi
1304 3370 1487 3424 vernis
1517 3369 1680 3424 fuerit
1715 3383 2008 3441 provocata
2046 3374 2199 3432 blan-

594 3452 766 3520 ditiis,
798 3455 1174 3514 indumentum
1218 3461 1483 3532 germinis
1513 3505 1527 3529 ,
1581 3476 1790 3520 eomam
1821 3466 2006 3537 ﬂoris,
2032 3470 2199 3528 liliive

594 3547 825 3602 resumit
853 3559 1099 3606 ornatus.

663 3639 718 3695 5.
743 3639 879 3695 Illud
906 3642 1069 3697 etiam
1097 3643 1335 3701 delectat
1363 3646 1651 3706 advertere
1676 3694 1690 3720 ,
1722 3652 1847 3723 quia
1884 3670 1993 3711 non
2024 3656 2079 3711 in
2111 3672 2198 3713 as-

594 3733 917 3802 peritatibus
947 3737 1215 3793 montium
1258 3739 1585 3813 incultisque
1625 3743 1886 3802 silvarum
1913 3747 2023 3803 lilia
2049 3790 2065 3818 ,
2099 3749 2197 3806 sed

592 3824 646 3878 in
692 3825 975 3882 hortorum
1034 3829 1354 3887 amoenitate
1412 3846 1766 3904 generantur.
1845 3839 1982 3895 Sunt
2050 3842 2196 3898 enim

591 3913 736 3972 horti
767 3917 985 3989 quidam
1027 3919 1369 3979 diversarum
1404 3928 1649 3995 pomiferi
1703 3931 1962 3987 virtutum
1993 3977 2008 4001 ,
2040 3933 2195 4004 juxta

591 4010 736 4081 quod
788 4010 1052 4083 scriptum
1095 4023 1179 4070 est
1206 4034 1218 4071 :
1249 4016 1452 4074 Hortus
1494 4023 1802 4090 conclusus,
1848 4034 1955 4081 etc.
2017 4026 2192 4102 (Cant.

593 4118 667 4168 tv,
702 4101 814 4172 12),
839 4119 906 4158 eo
938 4106 1081 4177 quod
1109 4107 1198 4163 ubi
1233 4108 1515 4182 integritas
1536 4156 1549 4179 ,
1583 4114 1674 4169 ubi
1714 4118 1957 4186 castitas,
1990 4119 2080 4174 ubi
2111 4137 2198 4177 re-

593 4195 744 4268 ligio,
777 4198 867 4253 ubi
896 4198 1002 4255 ﬁda
1039 4200 1254 4258 silentia
1304 4216 1675 4275 secretorum;
1724 4210 1801 4266 ibi
1845 4212 2066 4269 claritas
2098 4231 2197 4271 au-

590 4288 835 4360 gelorum
860 4298 966 4356 est,
1003 4292 1074 4348 ibi
1099 4294 1473 4353 confessnrum
1508 4300 1699 4368 violae,
1731 4301 1841 4356 lilia
1870 4304 2144 4377 virginum
2177 4351 2193 4378 ,

587 4397 730 4438 rosae
762 4393 1062 4456 martyrum
1095 4390 1421 4447 sunt.‘Bene
1459 4393 1627 4448 lilium
1656 4395 1905 4454 Christus
1936 4409 2041 4469 est,
2067 4403 2193 4472 quia

589 4473 681 4528 ubi
712 4484 1013 4547 martyrum
1045 4482 1297 4553 sanguis,
1329 4482 1401 4539 ibi
1429 4484 1679 4544 Christus
1708 4490 1796 4558 qui
1822 4501 1910 4547 est
1956 4492 2059 4550 ﬂos
2103 4511 2193 4552 su-

2304 3277 2434 3335 tore,
2461 3270 2651 3326 sterilis
2671 3313 2685 3337 ,
2710 3283 2760 3328 et
2785 3278 3009 3347 cxsulta,
3034 3276 3296 3338 desertum
3327 3325 3341 3349 ,
3378 3297 3427 3342 et
3454 3288 3637 3360 ﬂoreat
3661 3295 3713 3342 ul
3739 3285 3886 3342 lilium

2305 3359 2478 3434 (Esai.
2511 3378 2679 3435 xxxv,
2709 3367 2784 3440 i).
2814 3369 2871 3426 In
2894 3370 2995 3428 hoc
3016 3373 3260 3447 deserto,
3292 3378 3443 3448 ﬁlim,
3468 3381 3633 3439 arbor
3654 3381 3742 3437 illa
3765 3380 3887 3435 bona

2300 3453 2584 3515 fructifera
2618 3476 2738 3531 quae
2788 3463 2963 3521 bonos
3014 3466 3225 3527 fructus
3266 3470 3402 3529 facit
3424 3518 3439 3543 ,
3474 3475 3660 3547 incipit
3692 3472 3888 3531 brachia

2299 3548 2568 3607 factorum
2624 3568 2847 3613 suorum
2894 3558 3200 3620 diﬂundere
3231 3606 3248 3632 ,
3303 3567 3575 3624 verticem
3616 3564 3889 3624 divinitatis

2297 3645 2569 3712 attollere,
2595 3648 2758 3717 juxta
2787 3667 2948 3723 quam
2974 3667 3181 3714 nostra:
3208 3658 3351 3731 ligna
3383 3663 3545 3719 silva:
3576 3663 3885 3726 frutescant;

2299 3735 2425 3806 quia
2450 3737 2590 3794 sicut
2610 3742 2774 3798 arbor
2801 3746 2928 3801 mali
2981 3750 3127 3806 inter
3168 3750 3312 3823 ligna
3363 3757 3561 3822 silvae,
3614 3757 3687 3813 ita
3741 3757 3886 3812 frater

2300 3843 2457 3885 meus
2478 3831 2737 3890 inmedio
2781 3837 3051 3909 ﬁliorum;
3088 3853 3145 3898 ut
3174 3845 3368 3903 videns
3401 3848 3509 3906 hoc
3537 3850 3774 3907 Ecclesia
3797 3892 3812 3915 ,
3841 3853 3889 3903 et

2300 3922 2427 4007 ﬁdei
2459 3935 2663 3985 nostra:
2709 3929 2822 4000 jam
2874 3933 2999 3990 laeta
3040 3951 3296 3994 successu
3333 3981 3348 4006 ,
3399 3943 3583 4001 dicat:
3628 3943 3694 4001 In
3732 3940 3890 3999 umbra

2297 4021 2413 4084 eius
2440 4023 2710 4093 concupivi
2730 4035 2780 4081 et
2801 4028 2911 4083 sedi
2934 4070 2951 4097 ,
2980 4039 3028 4085 et
3051 4031 3251 4100 fructus
3285 4039 3405 4109 ejus
3462 4039 3634 4095 dulcis
3660 4041 3713 4095 in
3742 4035 3891 4112 fauci-

2300 4111 2393 4167 bus
2419 4115 2566 4169 meis.
3862 4138 3865 4145 “

2372 4205 2427 4260 7.
2461 4205 2643 4279 (V.ers.
2671 4210 2729 4279 5,
2760 4211 2842 4284 4.)
2866 4223 2891 4263 ις
2922 4214 3058 4273 Nota
3086 4222 3231 4292 quod
3259 4236 3409 4296 saepe
3431 4226 3490 4284 in
3525 4228 3633 4284 hoc
3657 4224 3892 4284 Cantico-

2299 4312 2419 4352 rum
2461 4299 2602 4356 libro
2634 4302 2904 4364 Salomon
2936 4299 3225 4383 triplicem.
3251 4317 3402 4375 illam
3444 4321 3765 4392 sapientiam
3794 4316 3893 4376 evi-

2296 4390 2491 4449 denter
2519 4400 2829 4472 expressit,
2861 4407 3126 4464 moralem
3171 4411 3417 4482 scilicet,
3464 4390 3802 4483 naturalem,
3845 4420 3893 4469 ei

2298 4487 2603 4558 mysticam,
2636 4492 2779 4551 sicut
2807 4497 2860 4552 in
2894 4498 3205 4559 Proverbiis
3233 4504 3487 4578 dixerat;
3523 4521 3586 4568 ut
3630 4509 3893 4581 tripliciter

591 4563 794 4632 blimis,
823 4566 1226 4640 immaculatus,
1257 4574 1534 4643 innoxius,
1568 4581 1617 4633 in
1649 4596 1758 4653 quo
1782 4598 1890 4639 non
1912 4587 2189 4656 spinarum

2303 4577 2400 4632 sibi
2432 4582 2721 4654 scriberet,
2759 4589 2851 4660 qui
2880 4594 3202 4662 sapientiam
3234 4598 3353 4670 ejus
3380 4563 3551 4661 vellet
3577 4563 3783 4661 audire.
3813 4600 3894 4658 Ait

589 4655 829 4713 offendat
857 4664 1123 4732 asperitas
1152 4706 1166 4729 ,
1209 4666 1304 4722 sed
1334 4669 1503 4738 gratia
1542 4671 1870 4733 circumfusa
1921 4655 2185 4739 elarehat.

589 4752 727 4807 Sunt
752 4754 898 4809 enim
928 4758 1101 4825 spina:
1130 4774 1402 4828 rosarum,
1442 4779 1563 4834 qua:
1587 4777 1715 4824 sunt
1747 4778 2014 4829 tormenta
2046 4790 2189 4830 mar-

586 4852 802 4914 tyrum;
833 4861 940 4902 non
970 4848 1131 4906 habet
1169 4854 1354 4923 spinas
1392 4855 1655 4916 inolfensa
1697 4862 1955 4923 divinitas
1987 4908 2001 4934 ,
2065 4884 2187 4941 qua:

588 4946 857 4993 tormenta
880 4956 991 4996 non
1011 4944 1202 4999 sensit.

662 5029 717 5084 4.
754 5042 776 5071 ο
806 5032 1087 5105 Tamquam
1116 5038 1285 5094 lilium
1323 5041 1378 5097 in
1416 5045 1587 5101 medio
1609 5048 1896 5118 spinarum.
1922 5052 2075 5120 Quod
2104 5066 2190 5113 est

590 5121 855 5180 evidentis
916 5127 1095 5183 indicii
1145 5132 1470 5200 spiritalium
1523 5140 1883 5209 nequitiarum
1940 5146 2187 5205 sentibus

590 5218 843 5273 virtutem
874 5220 1133 5289 obsideri,
1164 5226 1309 5283 unde
1333 5227 1568 5287 fructum
1601 5248 1761 5289 nemo
1811 5238 2013 5295 referat
2039 5283 2053 5307 ,
2080 5243 2183 5299 nisi

587 5310 675 5373 qui
709 5320 899 5367 cautus
921 5315 1161 5372 accedat.
1195 5318 1361 5374 Smne
1392 5323 1550 5391 igitur
1576 5325 1690 5379 alas
1735 5327 1889 5401 virgo
1909 5373 1923 5398 ,
1952 5334 2047 5389 sed
2074 5337 2185 5406 spi-

582 5400 752 5457 ritus:
785 5413 844 5459 ut
866 5409 1186 5477 supervoles
1215 5412 1366 5480 vitia,
1397 5415 1438 5467 si
1466 5418 1781 5489 contingere
1819 5428 1972 5497 cupis
1998 5400 2185 5490 Chris-

656 5518 927 5596 f‘lnkpsal.
954 5539 1116 5596 exvut
1142 5540 1307 5583 serm.
1333 5528 1400 5596 5,
1434 5547 1589 5588 num.
1621 5538 1675 5592 7.

653 5590 683 5673 ξ’
862 5595 1206 5673 vn_iu_1_.ue.,
1238 5600 1303 5655 ad
1327 5590 1444 5673 cap.
1475 5620 1571 5661 xu.

584 5664 883 5793 "nemina:
928 5668 998 5725 de
1033 5664 1236 5743 Virg.‘,
1295 5664 1419 5745 cap'.
1453 5676 1505 5744 7,
1540 5693 1691 5738 num.
1726 5684 1794 5742 45
1830 5727 1845 5755 ,
1873 5697 1931 5747 et
1957 5705 2089 5767 cap.
2119 5696 2173 5769 8,

2292 4684 2422 4742 ergo
2441 4672 2494 4729 in
2521 4674 2758 4771 Cantieis
2795 4697 2994 4754 sponsa
3016 4687 3085 4745 de
3113 4704 3317 4762 sponso
3350 4712 3364 4751 :
3399 4696 3545 4754 Ecce
3570 4701 3780 4771 pulcher
3814 4714 3890 4765 et.

2294 4769 2632 4826 consobrinus
2652 4789 2814 4842 meus,
2840 4792 2956 4833 ecce
2973 4782 3192 4854 pulcher
3208 4802 3262 4842 cs
3275 4798 3321 4843 et
3338 4790 3601 4863 decorus;
3634 4792 3892 4851 acclinatio

2293 4870 2470 4916 nostra
2483 4878 2666 4935 opaca,
2683 4868 2852 4924 trabes
2863 4872 3134 4931 domorum
3146 4889 3445 4938 nostrarum
3455 4888 3627 4955 cedri,
3644 4884 3893 4943 lacunaria

2293 4967 2469 5050 nostra
2517 4964 2743 5033 cupressi
2771 4963 2947 5036 (Cant.
2981 4985 3021 5035 ι,
3050 4971 3116 5027 i5
3145 4983 3193 5030 et
3221 4976 3331 5050 16).
3362 4978 3670 5039 Possumus
3702 4983 3801 5037 hoc
3827 4977 3890 5035 de

2292 5049 2588 5108 muralibus
2633 5057 2910 5128 accipere;
2940 5063 3028 5134 ubi
3053 5066 3196 5122 enim
3226 5049 3534 5142 requiescit
3566 5075 3816 5132 Christus
3844 5078 3895 5128 et

2293 5138 2564 5240 Ecclesia,
2596 5147 2697 5203 nisi
2729 5150 2781 5206 in
2814 5156 3073 5223 operibus
3101 5174 3214 5218 sua:
3252 5138 3474 5234 plebis?
3524 5169 3766 5240 Denique
3811 5164 3893 5223 ubi

2292 5232 2624 5303 impudicitia
2649 5282 2666 5307 ,
2702 5242 2794 5298 ubi
2821 5249 3095 5319 superbia,
3126 5254 3215 5309 ubi
3238 5232 3508 5328 iniquitas
3538 5232 3696 5327 erat,
3727 5259 3798 5317 ibi
3824 5257 3894 5314 ait

2291 5328 2553 5388 Dominus
2581 5333 2740 5394 Iesus
2765 5356 2780 5396 :
2806 5339 2980 5400 Filius
3018 5357 3190 5404 autem
3227 5349 3463 5409 hominis
3485 5373 3594 5413 non
3639 5357 3787 5411 habet
3814 5351 3893 5409 ubi

2291 5436 2447 5495 caput
2468 5444 2620 5484 suum
2642 5432 2854 5489 reclinet
2881 5435 3099 5511 (Matth.
3123 5459 3218 5500 vm
3241 5487 3258 5514 ,
3290 5445 3413 5520 20).
3452 5448 3532 5506 De
3562 5445 3892 5508 naturalibus

2355 5558 2385 5653 (Ξ
2412 5558 2995 5653 bibldeyirginitate,
3028 5595 3148 5653 cap.
3174 5584 3226 5651 9,
3262 5603 3415 5645 num.
3441 5590 3537 5649 51.

2361 5634 2532 5727 ειπερ.
2562 5656 2598 5727 t_l
2622 5634 2861 5727 άεβῑξῑτ.
2891 5634 3549 5727 εειίοίόῖὲᾶῥ.’ἐ’ξ”ιῖιῖιῖιζ
3579 5667 3675 5726 39,

2358 5704 2380 5808 ξ
2408 5707 2525 5808 HE.
2553 5712 2620 5808 af
2643 5704 3549 5808 χῖῴξηξιᾳιε,ςὼὶιῖἒῗὶιὲἷιίἶθὲἴξ
3570 5704 3663 5797 ἔξ.

2354 5784 2380 5825 α
2409 5778 2532 5838 Lib.
2554 5783 2622 5843 de
2642 5778 2815 5858 Isaa'c,
2839 5805 2962 5866 cap.
2980 5778 3048 5862 ’4,
3083 5778 3234 5857 tium:
3259 5778 3350 5858 ᾗ.
