4148 6362
308 389 427 444 i873

1303 384 1345 441 Ε
1386 383 1699 442 SCRIPTIS
1739 382 1797 440 S.
1840 381 2167 441 AMBROSII
2205 381 2629 441 COLLECTUS.

3459 387 3594 445 ιδῃ

320 508 484 556 autem
514 496 639 568 quid
664 497 1032 569 accipiamus?
1079 497 1142 552 In
1175 499 1374 564 umbra,
1406 499 1596 570 inquit,
1629 502 1742 572 ejus
1773 513 1896 552 rou-
1926 504 1980 563 Α
2009 497 2304 569 prophetas
2333 507 2387 554 et
2411 498 2707 568 apostolos,
2743 498 2930 554 intima
2955 498 3119 555 corda
3143 499 3446 569 hominum,
3480 517 3608 558 ver-

323 592 474 662 cupivi
496 600 542 645 et
580 593 690 647 sedi
711 634 727 656 ,
757 603 806 647 et
847 594 1046 662 fructus
1071 597 1182 666 ejus
1207 594 1374 648 dulcis
1401 595 1453 647 in
1476 593 1714 665 faucibus
1736 595 1894 662 meis;

323 685 403 757 qui
428 683 566 738 enim
597 693 808 739 terrena
838 685 1271 756 supergreditur,
1292 695 1349 740 et
1371 686 1455 741 cui
1484 687 1755 742 mundana
1787 703 1902 742 mo-

321 778 520 834 riuntur
556 777 833 850 (quoniam
885 779 1226 849 crucifigitur
1255 781 1306 834 ei
1357 780 1589 835 mundus
1618 822 1633 848 ,
1685 791 1739 836 et
1786 781 1900 851 ipse

321 867 534 941 mundo)
558 873 739 925 omnia
786 887 906 941 quae
951 883 1072 926 sunt
1130 872 1230 927 sub
1265 873 1381 928 sole
1408 915 1421 937 ,
1452 873 1649 943 refugit
1675 883 1728 928 et
1770 888 1901 929 con-

320 963 512 1020 tenmit.
547 963 622 1018 De
676 964 919 1036 mysticis
963 981 1179 1036 quoque
1210 967 1318 1021 ait:
1370 965 1693 1022 Introducite
1744 983 1822 1022 me
1848 969 1901 1021 in

316 1059 506 1114 domum
538 1060 668 1124 vini,
698 1061 1058 1115 constituitein
1089 1077 1167 1115 me
1190 1060 1512 1116 cltaritatem.
1541 1062 1754 1117 Etenim
1797 1064 1897 1117 sic-

312 1163 365 1207 ιιι
406 1152 620 1207 vineam
672 1169 826 1209 suam
886 1154 1035 1221 vitis,
1071 1155 1140 1210 ita
1169 1155 1432 1210 Dominus
1455 1155 1612 1211 Jesus
1645 1157 1900 1227 populum

311 1262 454 1301 suum
483 1247 634 1318 quasi
657 1247 784 1303 vitis
814 1255 1015 1304 aeterna
1040 1249 1362 1320 quibusdam
1395 1251 1631 1306 brachiis
1669 1251 1902 1306 charita-

313 1340 374 1395 tis
403 1340 768 1409 amplectitur.

377 1434 427 1488 8.
456 1432 757 1490 Considera
800 1435 1053 1506 singula;
1088 1437 1142 1491 in
1181 1437 1477 1492 moralibus
1520 1436 1622 1492 flos
1647 1446 1730 1493 est
1761 1437 1904 1494 inter

311 1527 484 1600 spinas
517 1527 691 1584 lilium
717 1569 732 1594 ,
763 1529 903 1584 sicut
935 1529 1053 1595 ipse
1088 1530 1198 1584 ait:
1236 1528 1350 1602 Ego
1388 1532 1487 1601 ﬂos
1518 1530 1685 1602 campi
1712 1571 1727 1596 ,
1753 1541 1801 1586 et
1839 1532 1902 1585 li-

309 1621 424 1676 lium
449 1621 768 1675 convallium
807 1620 991 1693 (Sup.,
1021 1638 1070 1676 v.
1105 1623 1182 1692 1).
1231 1621 1289 1676 in
1321 1623 1620 1678 moralibus
1653 1640 1781 1692 ergo
1802 1623 1903 1680 flos

308 1720 403 1778 est,
425 1713 572 1768 sicut
605 1713 658 1768 in
692 1713 1028 1768 naturalibus
1065 1721 1146 1770 sol
1172 1714 1397 1784 justitiae
1428 1757 1444 1782 ,
1477 1717 1566 1786 qui
1613 1716 1796 1771 oriens
1841 1724 1902 1771 et

308 1821 596 1877 resurgens
641 1806 956 1872 illuminat,
1003 1807 1260 1863 occidens
1291 1807 1595 1864 obumbrat.
1649 1808 1791 1864 Cave
1837 1824 1905 1865 ne

307 1900 392 1955 tibi
421 1899 638 1955 occidat
667 1942 681 1966 ,
717 1901 841 1970 quia
870 1901 1133 1971 scriptum
1165 1908 1280 1956 est:
1317 1901 1412 1956 Sol
1442 1918 1545 1956 non
1573 1902 1776 1956 occidat
1818 1919 1906 1957 su-

2004 592 2198 647 borunt
2231 591 2501 647 suavitate
2553 592 2844 647 mulcebat.
2895 592 3004 648 Sed
3056 609 3165 648 non
3198 594 3373 648 solum
3422 594 3600 659 odor,

2006 701 2191 740 verum
2224 685 2384 739 etiam
2435 685 2589 741 cibus
2620 685 2804 740 suavis
2852 687 2902 740 in
2938 687 3082 741 malo
3114 697 3198 742 est
3231 706 3244 740 :
3277 703 3408 760 ergo
3448 688 3603 744 cibus

2005 783 2184 836 suavis
2209 791 2289 836 est
2318 781 2585 835 Christus.

2080 876 2166 929 15.
2212 875 2277 929 1η
2308 875 2483 929 umbra
2514 879 2628 948 ejus
2659 877 2960 945 concupiui,
2997 886 3043 930 et
3075 876 3224 943 sedi;
3252 876 3426 946 legem
3455 877 3600 932 enim

2006 979 2326 1039 acceperat,
2364 970 2502 1024 hanc
2542 970 2904 1040 seqnehatur,
2957 970 3096 1024 hanc
3127 971 3381 1026 currebat
3407 971 3549 1026 viam
3587 990 3600 1025 :

2005 1063 2058 1118 in
2110 1063 2228 1133 lege
2276 1064 2456 1132 itaque
2502 1065 2898 1134 requiescens,
2933 1065 2986 1118 in
3037 1065 3224 1120 umbra
3275 1065 3472 1120 Christi
3522 1079 3608 1120 rc-

2006 1156 2343 1228 qniescebat.
2375 1158 2520 1210 Bona
2547 1158 2758 1220 umbra,
2794 1173 2918 1227 qum
2948 1172 3048 1212 nos
3071 1159 3138 1212 ab
3167 1159 3468 1229 iniquitatis
3490 1157 3607 1213 sole

2006 1249 2284 1305 defendit!
2319 1248 2416 1305 Cui
2450 1262 2629 1304 autem
2675 1251 2895 1304 dubium
2945 1252 3086 1322 quod
3137 1253 3220 1306 lex
3273 1251 3369 1306 Dei
3416 1251 3604 1306 umbra

2008 1345 2077 1398 sit
2108 1343 2343 1398 Christi?
2373 1343 2513 1412 Quid
2545 1353 2626 1398 est
2660 1343 2745 1398 lex
2774 1343 2882 1398 diei
2917 1344 3066 1412 festi,
3113 1346 3413 1399 neomeniie
3435 1386 3448 1410 ,
3483 1345 3608 1399 sab-

2007 1436 2277 1500 batorum,
2308 1435 2410 1488 nisi
2445 1435 2632 1489 umbra
2664 1435 3004 1490 futurorum?
3030 1435 3129 1503 Qui
3154 1436 3274 1491 dies
3302 1435 3600 1491 secundum

2010 1526 2184 1596 legem
2210 1526 2378 1598 Moysi
2415 1545 2426 1578 ;
2460 1525 2527 1583 Ut
2552 1527 2765 1582 videam
2795 1543 2888 1581 sex
2926 1527 3044 1582 dies
3066 1571 3081 1594 ,
3115 1538 3171 1583 et
3203 1529 3399 1583 iterum
3443 1529 3610 1599 septi-

2011 1636 2158 1674 mum
2202 1621 2347 1676 diem
2374 1662 2388 1687 ,
2440 1630 2496 1675 et
2547 1622 2626 1676 sic
2676 1632 2932 1691 perpetua
2967 1623 3200 1677 sarcula?
3229 1621 3362 1689 Quis
3404 1623 3610 1678 mensis

2009 1712 2310 1768 secundum
2359 1713 2533 1784 legem
2584 1714 2790 1786 Moysi,
2827 1722 2884 1769 ut
2915 1715 3096 1769 sciens
3132 1730 3412 1782 mensem,
3444 1716 3612 1770 sciam

2013 1806 2240 1876 primam
2269 1808 2474 1861 mensis
2499 1807 2865 1872 neomeniam,
2910 1815 2965 1861 ct
3007 1822 3135 1862 vero
3176 1817 3366 1862 sancta
3399 1809 3450 1863 in
3485 1824 3616 1864 neo-

2013 1898 2211 1953 meniis
2239 1897 2556 1953 offerenda?
2584 1899 2716 1968 Quis
2748 1900 3046 1954 secundum
3098 1900 3271 1971 legem
3318 1901 3488 1974 Moysi
3514 1917 3613 1957 an-

307 2011 389 2066 per
411 1995 742 2049 iracundiam
782 2005 1000 2050 vestram
1042 1994 1261 2068 (Ephes.
1287 2013 1360 2063 tv,
1384 1995 1498 2066 26).
1551 1997 1607 2051 In
1664 1998 1906 2070 mysticis
1940 1991 1984 2050 Β
2014 2009 2146 2058 nus,
2199 2009 2294 2048 sex
2328 1994 2436 2048 illis
2486 1994 2679 2048 diebus
2729 2005 2982 2050 constans
3031 1995 3100 2050 de
3128 1997 3324 2066 quibus
3349 1995 3425 2049 ait
3457 2015 3470 2049 :
3507 1995 3614 2051 Sex

305 2088 538 2143 charitas
565 2097 689 2156 est,
744 2089 870 2160 quia
903 2089 1186 2159 plenitudo
1230 2090 1365 2160 legis
1397 2100 1479 2145 est
1517 2089 1789 2146 Christus.
1842 2092 1908 2146 Et

307 2179 419 2235 ideo
469 2180 721 2236 Ecclesia
769 2197 890 2252 qua:
938 2180 1112 2252 diligit
1153 2179 1430 2237 Christum
1456 2225 1471 2250 ,
1513 2183 1794 2239 vulnerata
1825 2195 1909 2240 est

305 2272 591 2329 charitate.

368 2367 421 2421 9.
449 2365 740 2422 l‘Pulchre
779 2367 941 2422 etiam
971 2367 1144 2423 lilium
1202 2367 1400 2424 dicitur
1447 2367 1723 2433 Ecclesia;
1770 2370 1910 2425 sicut

304 2460 437 2516 enim
459 2461 642 2518 lilium
690 2461 854 2533 fulget
879 2504 892 2528 ,
925 2462 994 2517 ita
1025 2463 1186 2518 etiam
1219 2462 1506 2533 splendent
1532 2479 1696 2534 opera
1749 2478 1900 2518 sanc-

307 2562 498 2608 torum.
538 2553 917 2610 Pulcherrima
975 2556 1138 2610 etiam
1166 2555 1371 2611 dictum
1405 2565 1523 2611 est:
1563 2556 1758 2610 Litium
1783 2573 1907 2611 con-

305 2646 547 2713 vallium;
576 2647 700 2718 quia
728 2649 779 2703 in
827 2647 1124 2703 humilibus
1164 2650 1335 2720 magis
1361 2649 1540 2704 elucet
1565 2650 1761 2719 gratia.
1797 2648 1904 2706 Sed

306 2736 400 2794 hoc
447 2741 626 2795 lilium
661 2742 712 2795 in
760 2741 940 2796 medio
975 2741 1298 2811 spinarum,
1344 2741 1447 2797 hoc
1475 2750 1596 2809 est,
1649 2743 1787 2798 inter
1816 2743 1909 2798 Ju-

305 2830 446 2888 dxeos
475 2843 528 2889 et
560 2832 872 2898 haereticos,
900 2834 1002 2889 hoc
1033 2843 1116 2889 est
1147 2835 1287 2890 inter
1333 2834 1725 2890 sollicitudines
1747 2835 1908 2906 hujus

306 2926 486 2981 seculi
519 2968 535 2992 ,
571 2942 694 2996 qua:
716 2936 957 2982 mentem
990 2927 1225 2982 hominis
1272 2927 1621 2999 animumque
1646 2944 1909 3000 compun-

305 3029 449 3090 gunt.
487 3020 794 3076 Possumus
817 3022 982 3077 etiam
1026 3021 1184 3077 aliter
1213 3023 1463 3092 accipere
1485 3064 1498 3089 ,
1531 3024 1652 3094 quia
1679 3022 1816 3078 sicut
1845 3023 1911 3077 li—

303 3111 425 3167 lium
456 3113 608 3170 inter
631 3115 813 3184 spinas
839 3115 1045 3171 eminet
1075 3155 1090 3179 ,
1137 3115 1209 3169 ita
1242 3129 1405 3184 super
1437 3130 1629 3170 omnes
1671 3131 1910 3172 conven-

307 3212 386 3258 tus
406 3204 657 3261 Ecclesia
685 3206 776 3260 Dei
809 3207 1060 3277 refulget.

372 3299 459 3354 10.
505 3299 703 3356 Refert
755 3301 917 3356 etiam
964 3301 1314 3358 considerare
1344 3343 1358 3368 ,
1417 3302 1560 3373 quod
1586 3303 1688 3359 hoc
1737 3303 1908 3360 lilium

2010 2087 2159 2139 anuis
2203 2088 2385 2140 serviet
2433 2085 2724 2148 Hebrceus,
2760 2098 2804 2140 et
2855 2088 3072 2157 septimo
3123 2104 3261 2141 anno
3309 2088 3612 2142 liberabitur

2011 2178 2195 2249 (Deut.
2233 2195 2335 2246 xv,
2367 2178 2488 2250 te);
2523 2189 2580 2234 ut
2612 2180 2964 2234 inveniantur
2995 2195 3088 2234 sex
3128 2180 3255 2234 anni
3285 2181 3483 2251 quibus
3517 2181 3619 2236 ali-

2010 2271 2132 2342 quis
2164 2281 2422 2342 operatur
2457 2284 2655 2328 terram
2687 2314 2701 2339 ,
2735 2275 2969 2344 septimo
2999 2283 3179 2328 autem
3208 2289 3353 2328 anno
3381 2274 3610 2330 remittit

2014 2365 2162 2419 illam
2213 2365 2508 2436 proselytis
2535 2407 2549 2431 ,
2583 2375 2638 2420 et
2669 2365 3004 2436 pauperibus
3029 2407 3042 2430 ,
3091 2375 3146 2420 et
3179 2366 3366 2421 besnis
3411 2368 3615 2422 terrae?

2012 2459 2147 2528 Quis
2178 2462 2445 2530 septimus
2464 2475 2659 2527 annus,
2690 2475 2798 2531 quo
2825 2461 3197 2516 concedantur
3224 2461 3406 2515 omnia
3433 2460 3616 2515 debita

2015 2553 2298 2608 Hebraeis?

2089 2648 2173 2702 lt.
2218 2646 2277 2701 In
2305 2646 2405 2701 hac
2426 2646 2619 2702 umbra
2643 2647 3024 2717 requiescebat
3050 2648 3270 2703 Patrum
3300 2647 3460 2716 ﬁdes,
3486 2665 3612 2721 pro-

2014 2742 2303 2813 plictarum
2338 2750 2527 2795 sancta
2572 2740 2816 2796 devotio.
2853 2741 2947 2796 Dic
2978 2757 3112 2812 ergo
3154 2744 3504 2814 congregatio
3533 2759 3622 2800 rc-

2015 2836 2208 2908 ligiosa
2257 2835 2341 2891 vel
2370 2845 2560 2890 snncta
2592 2837 2772 2890 anima
2800 2855 2813 2891 :
2847 2834 2914 2890 In
2945 2836 3124 2891 umbra
3156 2839 3270 2908 ejus
3312 2839 3582 2908 concupiui
3609 2882 3625 2907 ,

2015 2940 2062 2984 et
2093 2929 2223 2983 sedi.
2259 2928 2460 2985 Umbra
2488 2939 2571 2985 est
2595 2929 2850 2998 jubilzeus
2888 2944 3068 2984 annus
3099 2948 3112 2984 :
3145 2932 3288 3006 quis‘
3307 2930 3452 2984 enim
3501 2932 3620 2998 ejus

2015 3025 2239 3096 mysﬁca
2264 3024 2435 3090 videt,
2455 3035 2515 3079 ut
2541 3024 2679 3079 facie
2700 3023 2767 3078 ad
2795 3024 2988 3078 faciem
3017 3035 3311 3093 cognoscat
3338 3040 3456 3094 qua:
3480 3040 3626 3082 anno

2015 3116 2456 3189 quingentesimo
2504 3116 2830 3186 complenda
2884 3115 3030 3186 Lege
3080 3115 3402 3186 praescripta
3455 3115 3628 3170 sunt?

2015 3214 2215 3270 Umbra
2260 3223 2388 3268 sunt
2439 3212 2556 3266 dies
2609 3211 2732 3266 festi
2763 3210 3060 3266 secundum
3107 3210 3308 3281 Legem
3360 3225 3391 3264 a
3438 3210 3618 3280 primo

2018 3322 2209 3363 mense
2249 3307 2464 3362 decima
2505 3306 2594 3361 die
2624 3306 2828 3360 mensis
2852 3346 2867 3370 ,
2903 3319 3075 3374 usque
3105 3304 3170 3358 ad
3194 3311 3440 3374 quartam
3473 3302 3621 3358 deci-

305 3392 605 3463 splendore
628 3395 1016 3450 circumfusum
1050 3397 1154 3460 sit,
1183 3396 1327 3451 intus
1354 3406 1534 3453 autem
1558 3398 1700 3468 quod
1732 3397 1915 3466 habet,
1945 3399 1990 3461 (ἶ
2026 3421 2170 3461 mam
2198 3446 2213 3471 ,
2245 3413 2302 3458 et
2329 3402 2455 3457 inde
2489 3418 2659 3472 usque
2690 3400 2756 3454 ad
2787 3400 3104 3470 vigesimam
3128 3398 3358 3470 primam
3393 3397 3624 3453 mensis.

305 3488 529 3545 rubeum
563 3491 662 3556 sit,
688 3491 812 3544 boni
831 3501 886 3546 et
900 3491 1074 3560 ipsum
1091 3491 1297 3557 odoris;
1319 3506 1384 3547 eo
1403 3491 1544 3562 quod
1561 3507 1692 3547 caro
1712 3492 1914 3549 Christi

307 3583 446 3639 velut
479 3585 678 3639 morali
707 3583 1012 3640 divinitatis
1026 3585 1350 3641 claritudine
1390 3588 1775 3659 circumsepta,
1799 3603 1916 3646 c03-

306 3673 454 3732 lestis
485 3677 745 3734 habuerit
768 3679 1156 3750 protectionem
1189 3681 1395 3750 gratiae.
1443 3682 1681 3752 Denique
1712 3683 1763 3737 in
1796 3697 1920 3753 pos-

314 3770 613 3826 terioribus
655 3771 764 3828 ait:
799 3769 1090 3826 Fraternas
1132 3788 1270 3825 meus
1325 3773 1614 3840 candidus,
1643 3785 1686 3828 et
1731 3777 1919 3828 rubeus

312 3861 482 3934 (Cant.
517 3881 576 3929 v,
614 3863 740 3936 10):
771 3863 1033 3919 candidus
1082 3865 1326 3920 claritate
1355 3865 1562 3938 1561
1591 3865 1794 3933 divina,
1830 3883 1920 3921 ru-

307 3957 438 4015 beus
465 3959 663 4031 specie
689 3957 892 4014 coloris
925 3958 1167 4026 humani,
1192 3974 1351 4029 quem
1382 3968 1723 4014 sacramento
1746 3961 1920 4014 incar-

305 4056 546 4110 nationis
578 4057 896 4124 assumpsit.
922 4054 1222 4125 Meritoque
1255 4062 1311 4109 et
1332 4054 1504 4124 ipsum
1553 4055 1695 4126 quod
1719 4038 1918 4110 est'ru-

306 4148 458 4204 brum
492 4193 507 4218 ,
545 4151 691 4207 bene
719 4151 849 4217 olet,
883 4150 1009 4221 quia
1035 4165 1162 4204 caro
1193 4149 1388 4206 Christi
1417 4152 1534 4204 sine
1559 4159 1781 4220 peccato
1812 4161 1917 4216 est,

305 4259 462 4314 quam
495 4245 1148 4317 perfidieontrectantes,
1191 4261 1385 4300 manus
1437 4260 1563 4300 suas
1601 4246 1921 4316 inquinave-

306 4348 464 4392 runt:
508 4339 697 4393 sancti
748 4348 1095 4404 venerantes,
1120 4338 1340 4408 pietatis
1371 4337 1539 4392 odore
1592 4340 1919 4408 fragrarunt.

374 4433 465 4489 H.
494 4434 731 4502 Accepit
754 4433 897 4488 hunc
920 4434 1143 4489 odorem
1172 4433 1433 4488 Dominus
1455 4432 1614 4488 Jesus
1633 4432 1924 4502 fragrantis

306 4525 576 4581 Ecclesiae
607 4541 723 4581 sua:
745 4569 759 4593 ,
794 4536 849 4582 et
892 4527 967 4580 ait
998 4546 1008 4580 :
1043 4526 1179 4580 Ecce
1226 4527 1467 4598 proxima
1510 4543 1624 4580 mea
1670 4527 1822 4580 bona.
1859 4527 1926 4582 Et

306 4621 554 4678 Ecclesia
588 4623 725 4678 dicit
763 4622 826 4676 ad
856 4623 1137 4678 Christum
1171 4639 1182 4675 :
1217 4622 1353 4676 Ecce
1388 4639 1438 4676 es
1466 4623 1630 4677 bonus
1658 4626 1923 4694 fraternus

305 4732 466 4784 mens,
497 4733 624 4772 ecce
655 4734 706 4770 es
738 4719 921 4783 bonus,
948 4726 1209 4787 tamquam
1246 4716 1442 4770 malum
1484 4716 1536 4769 in
1569 4716 1725 4787 lignis
1752 4718 1915 4772 silvw.

2021 3499 2152 3568 Quae
2176 3496 2365 3552 umbra
2388 3503 2474 3551 est
2497 3494 2791 3549 celebritas
2821 3493 2912 3548 illa
2938 3493 3082 3548 inter
3107 3493 3338 3562 primunt
3371 3502 3429 3548 et
3460 3491 3628 3561 septi-

2024 3607 2170 3658 mum
2202 3605 2442 3645 mensem
2471 3588 2523 3643 in
2559 3596 2808 3657 tempore
2831 3587 2927 3641 illo
2965 3587 3286 3658 anonymo?
3312 3584 3516 3641 Umbra
3549 3593 3634 3638 est

2023 3684 2362 3741 sanctificata
2381 3683 2606 3738 libertas
2631 3682 2682 3736 in
2704 3680 2954 3736 sabbato.
2982 3679 3188 3736 Umbra
3204 3688 3290 3734 est
3313 3679 3433 3734 dies
3456 3678 3630 3733 festus

2023 3780 2240 3850 septimi
2272 3777 2480 3832 mensis
2511 3778 2848 3843 neomenire,
2885 3784 2940 3830 et
2967 3775 3292 3830 memoriale
3325 3774 3575 3830 tubarum
3604 3814 3621 3838 ,

2024 3872 2240 3940 septimi
2292 3870 2496 3925 mensis
2546 3869 2665 3922 dies
2711 3867 2992 3933 decimus,
3043 3867 3162 3923 dies
3203 3865 3625 3937 propitiationis.

2008 3965 2193 4020 .Vides
2224 3964 2348 4034 quia
2405 3978 2593 4017 monas
2641 3969 2696 4015 et
2742 3959 2945 4022 decas,
2999 3960 3108 4014 duo
3138 3959 3262 4015 fecti
3309 3957 3448 4014 dies.
3496 3957 3630 4012 Item

2025 4061 2246 4129 quintus
2273 4057 2519 4112 decimus
2545 4055 2686 4119 dies,
2708 4052 2826 4106 dies
2851 4052 3354 4109 Tabernacnlorum
3387 4067 3485 4122 per
3505 4058 3634 4106 octo

2026 4154 2188 4209 dies:
2225 4154 2276 4208 in
2309 4153 2500 4208 umbra
2550 4154 2666 4209 haec
2695 4155 2896 4208 omnia.
2947 4151 3004 4207 In
3050 4151 3243 4206 umbra
3288 4150 3461 4220 prima
3512 4146 3634 4202 dies

2026 4257 2240 4312 vocata,
2274 4258 2326 4302 et
2357 4257 2546 4302 octava
2578 4248 2695 4303 dies
2718 4257 2908 4303 vocata
2942 4247 2994 4302 in
3024 4247 3238 4311 umbra,
3278 4260 3400 4316 quae
3427 4258 3629 4300 sceno-

2029 4340 2218 4410 paegiis
2247 4341 2562 4410 praescripta
2596 4340 2898 4396 secundum
2927 4338 3151 4409 Legem.

2100 4434 2185 4489 15.
2231 4434 2516 4489 Constitue
2548 4435 2678 4488 mihi
2708 4434 2923 4502 aliquos
2961 4449 3030 4487 ex
3065 4430 3485 4487 circumcisione
3513 4443 3634 4484 cre-

2025 4527 2244 4593 dentes,
2274 4527 2328 4582 in
2356 4526 2498 4598 Lege
2520 4527 2736 4594 doctos,
2769 4525 3134 4581 observantia:
3159 4524 3410 4579 sollicita!
3441 4523 3592 4576 viros
3615 4562 3632 4585 ,

2029 4630 2083 4674 ct
2108 4635 2250 4674 nunc
2285 4619 2562 4689 Evangelii
2593 4620 2866 4688 agnitione
2895 4617 3257 4680 illnminatos,
3292 4613 3526 4685 spiritali
3551 4627 3639 4669 sa-

2025 4713 2241 4782 ginatas
2270 4712 2437 4780 gratia
2461 4754 2474 4777 ,
2505 4711 2638 4766 dicit
2667 4712 2722 4766 in
2765 4711 2850 4766 his
2881 4712 3123 4766 Ecclesia
3153 4726 3275 4781 qua:
3304 4708 3453 4764 videt
3474 4705 3637 4763 Chri-

306 4808 692 4867 Pulcherrima
719 4810 974 4865 collatio!
1005 4809 1143 4878 Quid
1164 4809 1307 4863 enim
1334 4809 1612 4879 pulchrius
1632 4810 1917 4881 aptiusque
1945 4837 2004 4901 D
2029 4815 2197 4869 stum,
2221 4821 2340 4874 qua:
2369 4819 2632 4876 spoiisnm
2664 4804 2878 4872 recipit,
2913 4820 3035 4874 quia
3057 4804 3183 4859 cibo
3208 4803 3327 4872 ejus
3357 4800 3632 4872 pascitur:

305 4903 406 4958 tlici
436 4911 640 4976 queat,
670 4918 832 4974 quam
868 4913 926 4957 ut
957 4917 1216 4972 sponsum
1245 4901 1428 4956 arbori
1455 4902 1580 4956 mali
1600 4902 1920 4972 comparet?

306 4995 642 5067 llnjusmodi
669 4997 814 5052 enim
851 5011 1068 5065 pomum
1099 4994 1323 5050 odorem
1355 5003 1569 5064 gratum
1617 4994 1781 5050 habet
1813 5039 1827 5062 ,
1865 5006 1921 5052 ut

305 5101 648 5145 ceterorum
675 5105 957 5159 pomorum
980 5087 1327 5158 fragrantiam
1353 5089 1555 5142 vincat.
1587 5088 1656 5142 Et
1674 5087 1926 5145 Christus

305 5185 508 5239 affixus
541 5185 618 5239 ad
646 5185 874 5254 lignum,
909 5184 1049 5238 sicut
1080 5184 1281 5238 malum
1317 5183 1560 5251 pendens
1591 5183 1645 5237 in
1685 5183 1881 5239 arbore
1904 5229 1918 5252 ,

307 5275 512 5331 bonum
569 5275 800 5331 odorem
844 5274 1134 5330 mundana:
1185 5274 1447 5330 fundebat
1489 5275 1923 5355 redemptionis,

306 5384 429 5437 quae
462 5368 688 5440 pecpati
715 5383 937 5438 gravem
962 5366 1193 5422 detersit
1219 5365 1475 5436 fetorem,
1507 5379 1562 5422 et
1590 5377 1924 5438 unguentum

310 5470 471 5529 potus
503 5459 703 5514 vitalis
728 5459 940 5515 effudit.

383 5553 475 5608 12.
522 5551 824 5623 Tamquam
867 5554 1104 5617 malum,
1139 5553 1342 5623 inquit,
1378 5555 1432 5608 in
1460 5555 1614 5626 lignis
1644 5556 1822 5621 silete,
1854 5557 1927 5612 ita

311 5646 671 5701 consobrinus
698 5662 841 5701 meus
880 5647 935 5701 in
957 5645 1130 5702 medio
1162 5645 1427 5718 ﬁliorum;
1454 5661 1522 5703 eo
1566 5647 1710 5718 quod
1760 5663 1927 5720 super

394 5928 419 5955 λ
463 5917 524 5974 in
563 5914 712 5989 psal.
746 5931 912 5973 cxvm
952 5931 1120 5973 serm.
1151 5916 1207 5981 5,
1238 5930 1389 5972 num.
1424 5914 1455 5967 7
1481 5918 1535 5972 et
1555 5930 1670 5986 seq.

2031 4897 2097 4952 In
2121 4897 2303 4952 umbra
2329 4901 2440 4970 ejus
2469 4897 2761 4966 concupiui,
2787 4907 2834 4950 et
2856 4897 2985 4960 sedi,
3011 4906 3059 4948 et
3092 4898 3292 4968 fructus
3320 4897 3434 4964 ejus
3465 4893 3638 4948 dulcis

2027 4993 2080 5046 in
2113 4991 2350 5064 faucibus
2382 4992 2524 5045 meis.
2554 4991 2689 5058 Quis
2719 4989 2930 5046 fructus
2959 4990 3076 5059 ejus
3111 4988 3285 5044 dulcis
3308 5031 3321 5050 ,
3353 4989 3458 5042 nisi
3491 5002 3632 5058 prte-

2031 5088 2234 5143 dicatio
2254 5087 2553 5143 Dominicee
2585 5085 2896 5155 passionis?
2928 5092 2986 5138 ut
3011 5084 3130 5154 ipse
3156 5085 3265 5137 ait:
3299 5080 3437 5136 Ecce
3473 5080 3642 5136 haere-

2033 5185 2169 5239 ditas
2194 5184 2420 5248 Domini,
2453 5183 2550 5251 ﬁlii
2577 5197 2772 5236 merces
2795 5182 2995 5249 fructus
3017 5185 3209 5233 ventris
3233 5174 3409 5246 (Psal.
3437 5189 3605 5230 cxxvr
3623 5215 3640 5241 ,

2031 5279 2111 5350 5),
2144 5278 2276 5346 Quis
2304 5279 2450 5332 enim
2475 5276 2689 5330 dulcior
2715 5273 2919 5329 fructus
2950 5281 3132 5342 potest
3151 5285 3273 5326 esse
3303 5270 3356 5324 in
3387 5266 3638 5323 faucibus

2032 5372 2258 5435 nostris,
2287 5386 2450 5440 quam
2481 5369 2735 5423 remissio
2767 5365 3156 5437 peccatorum?

2106 5463 2195 5519 16.
2240 5461 2267 5500 b
2304 5462 2371 5516 Et
2411 5466 2613 5535 fructus
2640 5463 2756 5533 ejus
2793 5461 2961 5515 dulcis
2988 5459 3187 5532 gutturi
3233 5473 3366 5512 meo.
3398 5455 3493 5510 Est
3521 5452 3635 5524 spi-

2034 5555 2236 5612 rituale
2269 5572 2491 5622 manna,
2523 5555 2629 5611 hoc
2660 5563 2778 5621 est,
2809 5554 2989 5625 pluvia
3023 5551 3286 5624 spiritalis
3315 5549 3603 5620 sapientia
3623 5589 3640 5615 ,

2035 5668 2156 5724 quae
2199 5651 2498 5724 ingeniosis
2539 5661 2595 5708 et
2624 5650 2999 5723 quaerentibus
3029 5647 3095 5704 de
3129 5647 3270 5703 coelo
3301 5643 3638 5712 infunditur,

2107 5916 2134 5954 δ
2186 5916 2428 5988 Epistola
2460 5919 2526 5976 ad
2558 5920 2839 5988 Irenaeum,
2872 5921 2925 5978 in
2957 5935 3076 5986 cap.
3102 5905 3196 5976 xvi
3221 5899 3436 5992 Exodi.
