4040 6502
570 397 713 457 ιιιπθ
1565 395 2113 453 COMMENTARIUS
2150 394 2223 452 IN
2256 394 2548 451 CANTch
2589 392 2869 450 CANTIC.
3770 379 3873 435 1876

562 526 627 572 et
646 516 847 572 irrorat
875 525 1087 573 mentes
1105 516 1341 587 piorum,
1369 520 1426 569 et
1446 511 1703 569 obdulcat
1728 512 1913 568 fauces
1933 516 2165 566 eorum:
2189 512 2242 573 Α
2338 510 2425 564 19.
2470 508 2795 563 Ιηινοάιιοίιε
2825 523 2904 561 me
2942 508 2997 561 in
3028 508 3243 559 domum
3276 504 3417 559 vini.
3454 500 3543 554 De
3568 494 3746 566 copiis
3772 511 3873 565 ρικσ

565 611 659 681 qui
690 610 857 679 igitur
887 609 1221 666 intellexerit
1249 608 1578 664 inlusionem
1607 605 1808 663 divina:
1835 607 2120 676 sapientia:
2145 636 2167 672 ,ε
2270 604 2492 674 paratis,
2527 605 2723 672 qua-rit
2757 601 3014 672 progredi
3043 601 3109 654 ad
3135 601 3305 655 aliam
3332 596 3705 654 mansionem
3731 591 3873 661 inqut

566 704 873 760 delectatur
901 717 1000 759 nec
1028 703 1193 758 alium
1220 703 1402 757 cibum
1423 701 1643 771 qumrit,
1677 716 1777 755 nec
1806 701 1860 754 in
1882 701 2002 755 solo
2027 714 2166 769 pane
2269 698 2654 767 mysteriorum
2686 696 2920 766 gratiam
2963 705 3017 750 ct
3051 696 3263 750 laetitiae
3305 694 3506 763 capiat
3553 688 3873 744 suavitatem.

568 798 706 853 vivit
729 839 744 861 ,
777 796 873 853 sed
907 797 960 850 in
993 796 1139 851 omni
1170 793 1339 849 verbo
1374 793 1486 849 Dei.
1531 792 1633 862 Qui
1659 792 1930 847 curiosior
1961 792 2125 846 fuerit
2147 822 2165 858 ι
2270 790 2405 844 [line
2449 806 2664 861 quoque
2694 806 3027 860 promovens
3072 806 3266 845 verum
3302 791 3413 844 iter
3438 830 3455 855 ,
3492 787 3577 840 ait
3609 800 3626 840 :
3663 782 3877 837 Orﬁum

571 888 768 961 quaerit
812 888 937 958 qnil
982 888 1056 941 sit
1085 885 1218 941 illud
1252 885 1403 955 quod
1430 885 1593 941 melle
1642 882 1863 939 dulcius
1912 884 1986 938 sit
2025 901 2041 937 ει
2084 899 2169 938 re-
2266 886 2323 939 in
2349 901 2427 939 me
2453 886 2807 941 dilectionem.
2857 885 3009 939 Bona
3055 886 3254 940 stativa
3280 926 3295 949 ,
3343 884 3441 938 ubi
3498 876 3878 951 plenitudoest

573 982 808 1053 spondet
836 981 911 1036 illi
954 979 1205 1035 minister
1230 978 1324 1035 Dei
1358 996 1371 1033 :
1398 978 1497 1035 Hic
1525 987 1611 1033 est
1637 976 1793 1048 panis
1821 992 1989 1046 quem
2018 975 2172 1032 dedit
2269 979 2575 1033 charit-itis.
2602 978 2628 1018 ιι
2663 978 2918 1034 Charitas
2951 994 3062 1034 non
3093 987 3275 1049 potest
3300 992 3433 1034 esse
3459 976 3597 1031 sine
3626 974 3767 1037 ﬁde;
3795 983 3880 1027 tres

564 1074 721 1131 vobis
743 1074 1007 1129 Dominus
1036 1070 1390 1127 manducare.
1411 1069 1551 1139 Quid
1572 1071 1645 1126 sit
1669 1070 1775 1125 iste
1795 1069 1973 1140 panis,
2006 1070 2167 1124 audi:
2271 1073 2418 1129 enim
2451 1074 2604 1128 velut
2654 1077 2823 1128 vades
2871 1083 2999 1127 sunt
3028 1073 3291 1128 Ecclesiae
3313 1110 3331 1136 ,
3361 1084 3499 1139 spes
3521 1110 3536 1135 ,
3571 1066 3717 1122 Ides
3736 1109 3749 1125 .
3779 1064 3881 1121 ch-

576 1166 834 1231 Verbttnt,
873 1164 1087 1237 inquit,
1116 1166 1253 1227 quod
1283 1164 1547 1220 ordinauit
1590 1164 1749 1218 Deus.
1798 1163 2012 1236 1562
2046 1163 2174 1219 Haec

571 1274 703 1329 ergo
727 1258 1006 1315 ordinatio
1050 1258 1182 1324 Dei,
1225 1256 1349 1312 haee
1387 1257 1649 1312 alimonia
1679 1257 1778 1312 alit
1818 1258 2061 1311 animam
2085 1270 2174 1310 sa-

567 1353 810 1426 pientis,
854 1363 908 1407 et
952 1351 1229 1407 illuminat
1254 1357 1420 1421 atque
1465 1349 1759 1415 obdulcat,
1810 1348 2174 1419 reSplendens

568 1445 817 1503 veritatis
838 1458 1099 1510 corusco,
1119 1451 1176 1498 ct
1198 1444 1443 1499 mulcens
1468 1455 1739 1512 tamquam
1764 1441 1888 1496 favo
1909 1440 2170 1511 quodam,

567 1542 642 1596 ita
671 1540 1016 1595 diversarum
1048 1539 1319 1593 virtutum
1356 1537 1626 1592 suavitate
1651 1578 1668 1604 ,
1708 1545 1763 1590 et
1802 1548 2057 1591 sermone
2087 1549 2174 1589 sa—

573 1633 814 1703 pientiae.
846 1630 979 1685 Fari
1005 1632 1153 1687 enim
1203 1629 1372 1685 mellis
1401 1644 1663 1684 sermones
1687 1637 1806 1683 sunt
1839 1628 1993 1693 boni,
2031 1627 2176 1683 sicut

569 1726 835 1795 scriptum
851 1733 936 1780 est
954 1726 1006 1778 in
1025 1722 1356 1779 Proverbiis.
1390 1721 1537 1792 Ergo
1560 1721 1650 1776 ubi
1675 1722 1913 1791 gustavit
1939 1722 2174 1776 fructum

570 1817 881 1884 suavitatis,
911 1816 1203 1885 impatiens
1226 1814 1291 1870 ad
1318 1814 1645 1885 perfectiora
1672 1814 1918 1878 festinat,
1940 1813 2169 1869 dicens:

2272 1170 2424 1233 ritas,
2458 1182 2587 1222 curn
2610 1182 2735 1236 spes
2761 1167 3134 1237 praecesserit,
3163 1165 3301 1221 ﬁdes
3331 1163 3565 1220 fundata
3596 1160 3789 1224 fuerit,
3815 1176 3882 1215 or-

2273 1259 2494 1314 dinatur
2519 1259 2785 1325 charitas,
2819 1258 3067 1313 Ecclesia
3098 1260 3413 1328 copulatur.

2345 1352 2435 1406 20.
2464 1364 2484 1389 ο
2520 1352 2838 1420 Con/irmate
2867 1368 2978 1417 me,
3024 1351 3223 1422 inquit,
3261 1352 3320 1405 in
3343 1348 3678 1421 unguentis,
3721 1346 3883 1415 stipati

2274 1462 2356 1501 me
2381 1446 2433 1499 in
2453 1446 2624 1500 malis.
2653 1445 2834 1500 [labes
2857 1445 2993 1499 alias
3018 1444 3358 1508 mansiones,
3385 1442 3459 1497 ad
3476 1455 3627 1513 quas
3658 1439 3882 1495 Ecclesia

2275 1554 2398 1593 enim
2424 1537 2792 1593 delectatione
2819 1538 3085 1592 succedit.
3117 1538 3245 1592 Istat
3267 1536 3598 1591 mansiones
3629 1542 3765 1588 sunt
3786 1547 3884 1588 ers-

2276 1632 2358 1688 cis
2384 1630 2588 1687 Christi
2636 1640 2695 1686 et
2742 1630 3042 1701 sepulturae
3069 1672 3085 1696 ,
3122 1632 3173 1684 in
3221 1629 3431 1700 quibus
3475 1627 3776 1682 vulnerata
3820 1636 3884 1681 est

2278 1725 2521 1780 Ecclesia
2546 1766 2562 1790 ,
2605 1724 2705 1779 sed
2745 1724 2977 1782 vulnere
3024 1725 3343 1789 charitatis;
3377 1723 3590 1777 vulnus
3631 1722 3785 1778 enim
3812 1732 3876 1775 est

2280 1818 2427 1890 quod
2453 1818 2704 1873 Christus
2733 1821 2986 1888 excepit,
3018 1818 3115 1874 sed
3147 1828 3488 1887 unguentum
3519 1826 3613 1873 est
3646 1815 3796 1886 quod
3821 1816 3881 1869 el-

652 1912 739 1967 17.
775 1910 962 1984 (Vere.
1009 1909 1164 1982 4-7.)
1188 1920 1213 1948 ³
1245 1909 1571 1965 lntrodueite
1598 1922 1678 1963 me
1702 1910 1756 1963 in
1797 1908 2011 1963 domum
2032 1910 2173 1974 vini,
2207 1904 2257 1964 B
2284 1908 2441 1964 fudit.
2485 1909 2713 1964 Pomum
2743 1922 2826 1964 est
2855 1909 3001 1980 quod
3037 1908 3327 1979 pependit,
3363 1909 3471 1963 hoc
3514 1922 3752 1977 pomum
3782 1922 3881 1978 gls-

570 2004 869 2058 eonstitttite
891 2003 945 2057 in
967 2019 1048 2057 me
1067 2002 1419 2068 dilectionem,
1438 2002 1742 2072 con/innate
1767 2018 1846 2055 me
1867 2003 1921 2056 in
1948 2017 2178 2073 unguen-

578 2095 645 2149 tis
665 2136 679 2159 ,
708 2095 897 2167 stipate
920 2111 1001 2148 me
1024 2095 1079 2147 in
1102 2094 1289 2159 malis;
1310 2093 1431 2163 quia
1453 2096 1738 2147 uulnerata!
1764 2092 2060 2147 dilectionis
2079 2108 2178 2164 ego

579 2202 711 2240 sum.
749 2185 902 2242 Ltera
942 2187 1056 2258 ejus
1078 2187 1172 2241 sub
1204 2186 1375 2257 capite
1411 2201 1555 2251 meo,
1588 2196 1634 2239 et
1665 2187 1875 2240 dextera
1901 2187 2015 2254 ejus
2034 2201 2178 2239 cont-

581 2277 837 2349 plectetur
875 2295 973 2333 me.
1022 2278 1277 2352 Adjuravi
1302 2292 1390 2332 sos
1409 2318 1424 2343 ,
1451 2277 1578 2347 ﬁlia:
1608 2276 1964 2341 Hierusalem,
1992 2277 2045 2330 in
2075 2277 2181 2331 vir-

582 2370 776 2425 tutibus
812 2380 859 2424 et
887 2370 1285 2441 fortitudinilnts
1323 2370 1439 2441 agri
1460 2402 1479 2436 ,-
1524 2370 1569 2423 si
1618 2370 1989 2423 suscitaseritis
2019 2380 2065 2423 et
2096 2384 2181 2423 re-

577 2462 945 2517 suscitaueritis
997 2462 1363 2527 dilectionem,
1395 2477 1660 2531 usquequo
1704 2462 1942 2516 voluerit.
1988 2460 2181 2517 Merito

579 2556 774 2626 quierit
800 2570 926 2610 eum
950 2597 963 2619 ,
995 2556 1191 2610 merito
1229 2554 1537 2620 desiderat;
1568 2555 1694 2625 quia
1738 2555 1877 2611 bene
1906 2555 2087 2611 omnia
2124 2554 2181 2610 in

578 2646 685 2704 hoc
711 2663 879 2704 cursu
919 2658 1083 2720 autne
1115 2651 1315 2705 itinere
1340 2649 1613 2720 disposuit
1641 2651 1941 2720 imperator
1969 2660 2179 2707 noster.

575 2740 818 2797 Primum
864 2742 1111 2796 omnium
1164 2742 1290 2799 fidei
1352 2742 1711 2799 fundamento
1772 2745 2181 2799 tabernaculum

582 2833 686 2889 hoc
715 2833 1157 2891 eonfirrnandum
1200 2836 1430 2905 putavit.
1466 2836 1673 2892 Deinde
1699 2836 1748 2892 si
1778 2854 1879 2908 qua
1908 2848 1993 2893 est
2025 2838 2183 2893 nobis

578 2942 770 2999 aspera
818 2938 981 3000 atque
1022 2929 1175 2984 arida
1202 2938 1261 2985 et
1298 2938 1572 3001 praerupta
1601 2933 1850 2999 mansio,
1884 2930 2185 3003 Imperator

583 3031 765 3077 tamen
797 3023 903 3078 iste
947 3022 1160 3078 turbata
1190 3023 1487 3089 discernit,
1514 3023 1666 3080 arida
1706 3025 1930 3097 irrigat.
1963 3025 2183 3082 deserta

583 3111 865 3168 fecundat.
895 3114 951 3169 Si
978 3115 1106 3185 quid
1130 3116 1544 3181 amaritudinis,
1567 3118 1757 3187 siquid
1778 3119 2117 3186 tentationis,
2139 3120 2184 3175 si

583 3206 712 3276 quid
728 3208 1065 3262 inﬁrmitatis
1086 3218 1193 3274 est,
1207 3208 1404 3266 ductor
1418 3220 1605 3265 noster
1626 3219 1877 3265 etamara
1894 3221 2184 3282 temperat,

2284 2002 2419 2056 tavit
2444 2001 2685 2057 Ecclesia
2707 2042 2722 2067 ,
2767 2011 2824 2056 et
2864 2002 2938 2056 ait
2966 2020 2980 2056 :
3006 2001 3074 2055 Et
3103 2003 3308 2073 [ructus
3335 2004 3456 2075 ejus
3486 2000 3673 2055 dulcis
3700 2002 3761 2054 in
3783 2009 3881 2070 {n-

2285 2096 2428 2149 cibus
2450 2096 2597 2149 meis.
2629 2095 2698 2150 Et
2729 2107 2781 2149 nt
2820 2096 2965 2151 scias
3009 2095 3133 2166 quia
3179 2111 3401 2164 pomum
3450 2105 3540 2149 est
3596 2094 3879 2155 Densius,

2285 2188 2467 2257 legisti
2508 2200 2670 2257 supra
2708 2206 2720 2240 :
2755 2186 3040 2259 Tamquam
3068 2187 3262 2242 malum
3306 2188 3361 2240 in
3403 2186 3567 2260 lignis
3613 2187 3802 2252 silete,
3828 2188 3880 2239 ita

2286 2280 2625 2335 consobrinus
2664 2298 2827 2335 meus.
2854 2281 2964 2335 Nos
2989 2295 3209 2351 quoque
3238 2281 3443 2334 vulnus
3473 2279 3756 2343 fatemur,
3784 2294 3880 2334 cel

2291 2373 2650 2442 praedicamus
2702 2373 2978 2429 Christum
3022 2374 3377 2438 cruciﬁxum,
3412 2373 3514 2428 sed
3561 2373 3884 2429 bouusodor

2287 2482 2475 2522 sumus
2518 2468 2670 2533 Deo;
2701 2470 2829 2537 quia
2856 2483 2986 2523 crux
3035 2468 3240 2523 Christi
3286 2466 3499 2523 ludatis
3542 2467 3882 2529 scandalum,

2288 2561 2498 2617 Graecis
2524 2562 2759 2617 stultitia
2781 2603 2797 2627 ,
2848 2561 3010 2617 nobis
3032 2573 3212 2616 autem
3247 2561 3424 2616 virtus
3470 2561 3568 2616 Dei
3621 2570 3789 2631 atqu
3814 2575 3882 2616 ss-

2287 2656 2491 2726 pientia
2521 2665 2626 2710 est.
2662 2655 2775 2710 iloc
2806 2655 3039 2711 vulnere
3083 2654 3333 2709 Ecclesia
3382 2654 3755 2718 vulneratur,
3781 2668 3881 2710 eum

2289 2749 2592 2806 Salvatoris
2622 2752 2707 2805 sui
2737 2750 3001 2820 praedicat
3026 2758 3283 2811 mortem,
3310 2748 3411 2802 sed
3442 2749 3549 2802 hoc
3594 2747 3797 2803 vulnus
3820 2760 3882 2803 est

2287 2842 2595 2897 charitatis.
2630 2841 2878 2910 Denique
2899 2842 2989 2911 qui
3021 2856 3128 2896 non
3173 2840 3387 2906 credit,
3414 2851 3584 2909 negat
3614 2858 3630 2893 :
3659 2839 3755 2908 σιιί
3778 2838 3880 2893 (ιὶιὶ-

2287 2935 2395 3007 git,
2438 2935 2753 2990 confitetur.
2785 2932 3117 2988 Manichatus
3160 2942 3345 3002 negat,
3374 2930 3741 2987 Christianus
3764 2929 3881 2984 fate-

2291 3042 2411 3095 tur;
2438 3039 2495 3085 et
2523 3030 2645 3084 ideo
2676 3030 2941 3099 scriptum
2971 3039 3057 3083 est
3105 3047 3123 3082 ε
3173 3027 3405 3082 Utiliora
3442 3026 3673 3080 vulnera
3708 3025 3878 3085 amici,

2288 3141 2444 3191 quam
2474 3123 2768 3177 voluntaria
2798 3121 2982 3176 oscula
3011 3121 3206 3175 inimici
3237 3120 3426 3190 (Prov.
3457 3134 3651 3184 nvrt,
3675 3116 3755 3191 6).
3786 3118 3882 3171 Pul-

2291 3217 2426 3272 chre
2456 3230 2588 3286 ergo
2632 3214 2763 3269 dicit
2807 3213 3049 3268 Ecclesia
3087 3228 3098 3266 :
3138 3212 3277 3279 Quia
3322 3211 3607 3265 uulnerata
3648 3209 3880 3263 chariton

584 3302 2183 3373 etsollicitamiligat;duradissolvitetinvalidaconlirrnat.
2215 3298 2259 3360 C
2292 3326 2386 3381 ego
2406 3325 2541 3364 sum.

662 3414 748 3469 l8.
795 3414 978 3469 Sicubi
1009 3415 1127 3469 vult
1152 3416 1501 3485 requiescere
1544 3431 1642 3471 res
1677 3428 1837 3471 terra!
1876 3420 2187 3474 exercitum

588 3522 771 3571 stium,
799 3523 906 3563 non
941 3507 1236 3578 ignobilem
1261 3509 1443 3563 vicum
1485 3516 1591 3564 non
1623 3511 2024 3567 commeatibus
2048 3511 2189 3567 indi-

590 3606 833 3671 gentem,
859 3610 966 3655 no‘n
984 3616 1215 3657 srerrosa
1242 3610 1298 3658 et
1322 3604 1466 3658 nuda
1483 3604 1821 3674 gignentium
1846 3623 1858 3658 :
1883 3606 1979 3661 sed
1999 3607 2191 3661 urbem

590 3693 841 3749 aediliciis
891 3696 1169 3761 nobilem,
1214 3697 1475 3752 refectam
1507 3698 1562 3755 et
1611 3700 1833 3756 uberem
1863 3704 2145 3771 copiarum
2172 3746 2186 3768 ,

589 3799 685 3843 aut
713 3800 900 3859 agrum
932 3794 1234 3854 smtenum,
1267 3800 1361 3845 aut
1390 3791 1655 3847 virentem
1699 3794 1932 3863 pascuis,
1968 3801 2064 3849 aut
2093 3810 2189 3848 ne-

593 3896 816 3935 morosa
861 3889 917 3936 et
940 3883 1273 3949 campestria
1313 3884 1523 3939 stativis
1571 3898 1877 3956 opportuna
1921 3886 2187 3943 decernit.

594 3978 742 4049 Ergo
769 3978 821 4032 sl
848 3986 1006 4049 reges
1038 3978 1197 4033 terrm
1229 3982 1429 4035 norunt
1457 3982 1747 4037 commoda
1784 3983 2078 4054 providere
2108 3997 2194 4039 se-

592 4071 888 4141 quentibus
910 4085 995 4138 se,
1018 4083 1223 4142 quanto
1247 4074 1421 4142 magis
1444 4072 1585 4129 Deus
1601 4075 1697 4144 qui
1718 4075 1892 4129 bonus
1912 4084 2016 4140 cst,
2040 4077 2195 4130 novit

596 4163 1061 4231 quemadmodum
1088 4165 1368 4234 profutura
1397 4166 1653 4236 disponat
1693 4167 2049 4238 diligentibus
2086 4180 2147 4222 se
2172 4168 2195 4221 'i

598 4257 675 4313 Ae
706 4258 937 4327 primum
965 4257 1012 4312 si
1044 4256 1381 4327 incognitum
1412 4259 1746 4329 carpendum
1770 4269 1853 4315 est
1877 4260 2004 4326 iter,
2028 4260 2195 4315 duces

596 4350 871 4420 eliguntur
921 4350 1170 4416 viarum,
1201 4351 1292 4421 qui
1326 4362 1666 4421 praecurrant
1692 4353 1933 4423 agmini,
1965 4353 2062 4408 sed
2094 4355 2197 4409 hoc

597 4444 960 4513 imperatores
998 4444 1089 4499 isti
1133 4442 1461 4514 iniuriosum
1493 4444 1597 4499 sibi
1641 4445 1978 4499 arbitrantur
2008 4462 2021 4497 :
2055 4445 2198 4502 Deus

596 4541 776 4592 autem
808 4535 1073 4605 praeibat,-
1111 4542 1234 4592 eum
1265 4534 1484 4591 Hebraei
1514 4535 1755 4593 facerent
1785 4536 1927 4602 iter,
1962 4537 2198 4607 denique

598 4628 653 4682 in
682 4629 937 4683 columna
988 4628 1148 4684 nubis
1197 4629 1528 4700 loquebatur
1569 4630 1637 4684 ad
1682 4644 1800 4685 eos.
1835 4628 1907 4683 Et
1953 4640 2011 4685 ιιι
2056 4632 2197 4686 scias

2363 3402 2456 3457 Μ.
2498 3400 2779 3455 Nudemus
2822 3398 3067 3453 membra
3119 3405 3307 3450 nostra
3338 3394 3487 3450 bono
3518 3393 3739 3449 vulneri
3760 3430 3776 3459 ,
3805 3407 3882 3445 ns-

2291 3493 2485 3550 demus
2515 3493 2728 3563 sagittae
2752 3491 2942 3546 electa:
2983 3508 2995 3542 :
3039 3489 3234 3559 sagitta
3267 3488 3386 3542 haec
3415 3487 3677 3542 Clu-istos
3700 3496 3785 3542 est
3812 3486 3881 3551 qui

2292 3588 2428 3643 dicit
2460 3605 2473 3640 :
2512 3584 2699 3640 Posuit
2724 3600 2805 3638 nte
2831 3585 2966 3638 sicut
2997 3584 3241 3653 sagittam
3266 3582 3485 3636 electam
3514 3578 3709 3652 (Esai.
3743 3594 3879 3638 sus.

2293 3682 2387 3752 2);
2419 3682 2619 3737 bonum
2649 3690 2734 3736 est
2759 3692 2891 3750 ergo
2923 3680 3023 3733 hac
3062 3675 3343 3732 vulnerari
3379 3675 3579 3745 sagitta
3600 3714 3619 3739 ,
3654 3690 3764 3728 non
3792 3687 3884 3726 me-
3974 3675 3975 3733 ξ

2295 3775 2495 3831 diceris
2522 3773 2826 3828 mansionis
2853 3772 2954 3827 iste
2977 3784 3287 3840 processus,
3321 3780 3428 3821 non
3455 3780 3657 3821 omnes
3680 3771 3885 3833 possunt

2294 3869 2503 3931 dicere,
2535 3869 2661 3937 mnia
2688 3867 2961 3920 volnerati
2990 3876 3115 3918 sunt
3145 3863 3466 3917 dilectione.
3495 3859 3719 3932 1‘03
3749 3859 3882 3913 Dice

2296 3965 2427 4021 bant
2482 3961 2753 4033 apostoli,
2805 3975 2930 4014 cum
2983 3974 3081 4029 pro
3133 3957 3356 4011 Christo
3406 3957 3792 4023 lapidareutur
3840 3960 3885 4004 et

2296 4056 2577 4112 Christum
2607 4052 2967 4124 praedicarent
3000 4069 3013 4105 :
3046 4050 3264 4105 dicebat
3290 4047 3499 4102 Paulus
3526 4061 3659 4100 cum
3687 4056 3771 4099 ter
3796 4045 3884 4095 vir-

2297 4151 2381 4221 gis
2406 4148 2738 4212 caederetur,
2770 4156 2822 4200 et
2847 4145 2935 4200 die
2975 4159 3039 4198 ac
3069 4152 3231 4198 nocte
3257 4141 3537 4195 Christum
3562 4139 3883 4194 adorandum

2298 4246 2551 4315 gentibus
2578 4241 2885 4312 disputaret
2913 4256 2927 4293 :
2959 4238 3148 4294 dicunt
3181 4237 3283 4292 hoc
3309 4245 3621 4307 martyres,
3650 4234 3746 4305 qui
3781 4231 3884 4286 vol-

2300 4345 2559 4394 nerantur
2602 4352 2702 4407 pro
2749 4335 3000 4398 Christo;
3033 4341 3091 4389 et
3137 4334 3263 4399 quia
3309 4329 3588 4386 vulnerari
3644 4344 3744 4398 pro
3788 4328 3887 4395 ejus

2303 4439 2621 4488 meruerunt
2644 4430 2886 4494 nomine,
2923 4428 3044 4497 plus
3068 4426 3322 4497 diligunt.
3358 4424 3439 4478 Ad
3475 4424 3621 4478 hanc
3649 4436 3784 4492 ergo
3812 4435 3889 4474 ve-

2302 4528 2458 4583 niens
2496 4524 2837 4579 mansionem
2867 4522 3136 4584 Ecclesia,
3169 4520 3237 4574 ad
3271 4519 3416 4573 hunc
3449 4531 3777 4588 processum
3801 4554 3816 4579 ,
3845 4520 3889 4565 ut

2303 4635 2403 4691 pro
2429 4617 2649 4674 Christo
2679 4616 2823 4671 ﬁlios
2851 4628 2981 4670 suos
3011 4612 3238 4678 oderat,
3282 4619 3342 4666 ut
3388 4610 3635 4679 excipiat
3681 4609 3889 4663 vulnera

603 4720 728 4789 quia
762 4721 1024 4790 praeibat,
1060 4720 1236 4787 Deus,
1270 4694 1488 4793 inquit,
1522 4724 1740 4793 praeibat
1777 4724 1899 4779 illos
1931 4724 2200 4779 :interdiu
2229 4694 2279 4754 Ῑ)
2305 4714 2624 4775 eharitatis,
2675 4712 2830 4781 quasi
2892 4712 3032 4764 bona
3082 4708 3206 4763 lidei
3255 4707 3519 4761 alimenta
3574 4704 3888 4776 reperiens.

603 4814 812 4884 quidem
840 4815 895 4869 in
924 4816 1166 4870 columna
1208 4816 1358 4871 nubis
1402 4817 1673 4872 ostendens
1698 4817 1807 4873 iui;
1850 4818 2017 4884 uiam,-
2047 4829 2239 4902 nocm,
2305 4806 2524 4877 pietatis
2546 4807 2753 4859 fructus
2783 4802 3021 4874 gustavit
3043 4801 3185 4868 ipsa,
3215 4811 3270 4855 et
3296 4800 3505 4855 hortari
3531 4810 3771 4854 cancros
3795 4809 3893 4850 cot-

602 4917 779 4961 autem
802 4908 855 4963 in
875 4910 1114 4963 columna
1142 4912 1296 4981 ignis,
1329 4920 1379 4965 et
1404 4927 1505 4966 non
1525 4912 1797 4982 deﬁciebat
1821 4915 2063 4968 columna
2096 4930 2199 4967 nu-

602 5000 680 5055 bis
706 5001 935 5055 interdiu
961 5000 1157 5073 (Exod.
1199 5018 1325 5069 sm,
1356 5003 1422 5057 Si
1454 5014 1502 5058 et
1540 5003 1661 5073 Si).
1696 5006 1842 5061 llanc
1886 5006 2201 5076 preceden-

603 5106 715 5151 tem
768 5096 927 5151 nobis
953 5099 1265 5151 columnam
1306 5112 1547 5168 sequens
1590 5098 1871 5165 Ecclesia,
1926 5104 2032 5155 non
2063 5102 2198 5157 deli-

607 5187 841 5243 cientem
859 5200 927 5244 ne
953 5190 1068 5259 ipsa
1085 5186 1368 5257 deﬁceret,
1392 5189 1582 5244 umbra
1603 5190 1723 5261 ejus
1743 5190 2197 5265 refrigerabatur;

605 5289 663 5336 et
686 5281 812 5337 ideo
839 5281 979 5336 dicit
1021 5299 1033 5336 :
1062 5279 1131 5335 In
1177 5281 1358 5336 umbra
1389 5285 1501 5355 ejus
1542 5287 1843 5353 concupiui,
1876 5296 1924 5340 et
1970 5287 2117 5354 sedi,
2148 5298 2199 5343 et

605 5378 773 5433 dulcis
793 5395 905 5452 qus
927 5380 1127 5450 fructus
1146 5379 1201 5431 in
1230 5379 1469 5449 faucibus
1496 5380 1623 5435 nteit
1652 5379 1841 5452 (Sup.,
1867 5398 1917 5437 ιι
1951 5383 2039 5452 5);
2072 5384 2200 5454 quia

603 5480 635 5520 ιι
672 5470 900 5525 [ιοιιιὶιιο
926 5469 1285 5540 pascebatur,
1315 5478 1371 5527 et
1395 5471 1624 5528 deducta
1664 5473 1721 5528 in
1748 5474 1926 5533 locum
1963 5489 2199 5546 pascuo-

607 5576 726 5620 rum
753 5575 808 5621 ιιι
828 5574 1025 5637 squam
1054 5565 1394 5624 refectionist

690 5870 714 5943 ιζ
757 5863 979 5943 Ιιιυρειιηι.
1014 5884 1176 5943 cum
1210 5884 1382 5943 serm.
1416 5873 1471 5939 5,
1497 5888 1646 5928 num.
1682 5874 1752 5929 15
1781 5886 1835 5943 et
1863 5889 1980 5943 seq.

698 5931 724 5971 ι)
767 5931 883 5992 Μῦς
916 5936 985 5994 de
1018 5940 1358 6020 νιιειηιιεω,
1388 5931 1507 6016 esi».
1539 5944 1594 6012 9,
1627 5948 1778 6001 hum.
1808 5932 1899 6003 δε.

2304 4902 2415 4971 pit,
2445 4899 2639 4954 dicens
2667 4916 2680 4950 :
2715 4897 2929 4952 Gustate
2948 4907 2994 4951 et
3025 4896 3190 4949 uidete
3216 4895 3461 4963 quoniam
3500 4894 3679 4947 suavis
3706 4901 3781 4946 est
3807 4889 3893 4943 Do-

2304 4994 2497 5048 minus.
2529 4992 2596 5047 Et
2620 4990 2830 5046 addidit
2856 4989 3100 5044 Ecclesia
3128 4988 3313 5043 dicere
3346 5005 3359 5039 :

2376 5086 2467 5142 92.
2500 5082 2525 5123 ἀ
2554 5085 2708 5141 Lteva
2754 5089 2865 5159 ejus
2915 5083 3008 5138 sub
3034 5084 3207 5155 capite
3251 5097 3364 5136 meo
3389 5121 3405 5147 ,
3444 5091 3493 5136 et
3540 5082 3761 5136 dextere
3797 5082 3893 5150 ejus

2308 5181 2673 5251 complectetur
2702 5194 2802 5233 me.
2839 5178 2907 5234 Et
2953 5178 3072 5234 istae
3105 5176 3414 5231 mansiones
3455 5184 3585 5228 sunt
3625 5175 3711 5229 ria
3745 5170 3893 5243 regali

2308 5272 2612 5328 incedentis
2662 5271 2958 5336 Ecclesia};
3010 5268 3200 5323 Multa:
3252 5267 3389 5322 enim
3426 5274 3550 5320 sunt
3615 5266 3896 5321 inuasione:

2308 5364 2451 5435 apud
2475 5362 2689 5417 Patrem
2711 5379 2877 5417 meum
2913 5360 3094 5434 (Joan.
3130 5375 3219 5417 ειν
3239 5402 3255 5427 ,
3300 5358 3383 5430 ἃ).
3426 5357 3778 5413 Testilicatnr
3804 5358 3895 5413 Do-

2310 5461 2489 5513 minus
2515 5458 2710 5513 Jesns:
2746 5456 2813 5510 Et
2859 5473 2973 5511 ecce
2997 5456 3140 5510 uenio
3166 5497 3181 5521 ,
3214 5463 3261 5508 et
3300 5468 3510 5508 accerso
3552 5466 3642 5508 eos
3672 5451 3894 5525 (linit).

2312 5550 2456 5606 Bona
2484 5548 2696 5606 mansio
2722 5548 3026 5619 sapientim.
3052 5556 3107 5602 et
3137 5550 3255 5602 sive
3286 5546 3339 5600 in
3369 5545 3502 5599 laeva
3525 5544 3674 5616 ejus,
3703 5546 3819 5600 sire
3849 5544 3895 5597 in

2310 5645 2557 5711 dextera,
2582 5645 2723 5700 bona
2754 5643 2998 5707 mansio;
3025 5640 3154 5713 quia
3189 5641 3277 5695 via
3312 5636 3509 5710 regalis
3531 5648 3638 5695 est.
3673 5637 3897 5708 Ideoque

2396 5885 2417 5913 ο
2450 5874 2505 5929 In
2530 5873 2663 5941 psal.
2694 5888 2862 5929 cxvtn
2904 5887 3071 5927 serm.
3106 5872 3162 5941 5,
3192 5885 3342 5925 num.
3376 5868 3464 5941 [ἐξ.

2392 5943 2416 5981 τι
2460 5947 2516 6002 In
2532 5930 2683 6020 'psal.
2717 5948 2881 6005 ctvnr
2919 5958 3087 6001 serra.
3121 5930 3174 6014 ὅ,
3208 5948 3357 6000 hum.
3391 5930 3481 6007 l9.
