4148 6362
307 345 426 403 1817

1265 343 1307 398 Ε
1346 341 1662 399 ειοιιιιηιδ
1699 341 1764 400 8.
1800 340 2127 400 AMBIOSH
2162 339 2587 402 CCLIJECTUS.

3452 316 3597 400 ιιι-ιδ

304 466 566 536 sapientes
586 463 763 519 nuntii
784 462 1014 520 dicunt:
1054 460 1149 517 Via
1167 462 1333 534 regali
1358 461 1568 529 ibimus,
1593 474 1697 516 non
1720 460 1892 516 δευσ-
1914 466 1970 536 Α
2052 458 2155 523 25.
2201 462 2317 518 Hoc
2343 476 2413 517 eo
2438 461 2712 527 diximus,
2758 468 2820 517 tn
2854 461 3206 531 probaremus
3253 476 3316 515 ea
3347 473 3469 516 esse
3496 472 3595 531 po.

303 570 450 615 tentus
476 556 533 610 in
558 554 795 621 dextera,
810 570 976 623 neque
1002 555 1063 608 iis
1088 554 1325 621 sinistra,
1344 553 1687 624 quoadusque
1713 562 1888 608 trans-

302 665 466 709 eamus
522 650 770 703 terminos
815 658 933 704 tuos
969 645 1164 719 (Num.
1199 663 1271 702 xx
1296 686 1310 712 ,
1344 646 1456 717 l7).
1492 648 1603 702 Hoc
1634 648 1891 702 dixerunt

302 740 443 799 missi
471 741 717 813 atMoyse
748 741 921 796 nuntii
965 741 1033 795 ad
1065 755 1249 813 regem
1280 739 1450 795 Edam
1474 781 1490 806 ,
1524 741 1631 796 hoc
1667 751 1750 795 est
1780 749 1891 796 ter-

301 849 510 901 renum;
542 834 670 905 quia
696 844 918 890 terrena
944 834 1126 889 omnia
1157 835 1276 889 sive
1306 834 1361 888 in
1390 833 1663 901 dextera,
1688 834 1807 891 sive
1835 835 1888 890 in

299 928 539 994 sinistra,
579 928 717 983 tnala
754 936 901 982 sunt.
936 925 1074 982 Mala
1109 927 1322 983 mansio
1360 927 1675 997 insipientia
1700 970 1714 992 ,
1748 929 1888 983 mala

302 1022 510 1080 mansio
553 1022 1006 1090 intemperantia;
1040 1031 1096 1077 et
1128 1020 1253 1076 ideo
1283 1021 1577 1091 pertransit
1607 1021 1705 1075 has
1731 1036 1888 1076 man.

299 1116 475 1170 siones
501 1113 764 1171 Hebraeus
790 1133 804 1168 :
835 1128 945 1170 non
964 1114 1182 1169 divertit
1210 1113 1277 1168 ad
1294 1127 1411 1179 eas,
1438 1113 1535 1169 sed
1562 1116 1891 1184 pertransit;

300 1219 355 1265 ut
381 1207 667 1280 perveniat
693 1206 759 1262 ad
790 1207 1073 1262 sinistram
1099 1207 1381 1276 sapientia!
1409 1216 1464 1261 et
1489 1206 1769 1262 dexteram
1792 1247 1808 1273 ,
1836 1215 1891 1261 et

302 1304 351 1359 iu
375 1299 505 1372 ipsis
536 1309 774 1366 maneat,
806 1299 896 1355 ubi
920 1300 1122 1355 divitia:
1152 1298 1542 1369 simplicitatis,
1572 1300 1663 1354 ubi
1693 1301 1888 1369 gloria,

299 1395 384 1451 ubi
411 1392 697 1463 longitudo
744 1393 867 1448 vita:
895 1404 1001 1448 est.
1033 1390 1334 1461 Longitudo
1361 1392 1505 1446 enim
1532 1391 1651 1445 vita:
1677 1391 1733 1445 in
1768 1391 1893 1445 dea:-

297 1499 399 1544 tera
422 1490 563 1561 ejus,
597 1497 657 1541 ut
678 1486 755 1541 ait
778 1485 1037 1542 Salomon
1074 1504 1089 1542 :
1120 1484 1188 1539 1η
1216 1485 1431 1540 sinistra
1467 1494 1640 1539 autem
1668 1485 1779 1555 ejus
1812 1484 1895 1539 di-

296 1584 425 1638 vitia:
454 1591 506 1635 et
544 1580 717 1652 gloria
764 1579 953 1653 (Prov.
981 1596 1071 1645 tu,
1102 1579 1196 1651 16)
1242 1597 1255 1634 :
1291 1580 1344 1634 in
1372 1580 1606 1639 dextera
1632 1584 1741 1635 vita
1772 1590 1892 1647 est,

298 1678 348 1732 in
376 1674 601 1731 sinistra
632 1674 868 1745 requies.
905 1672 1123 1730 Utinam
1152 1689 1319 1743 super
1342 1675 1624 1729 sinistram
1653 1673 1773 1745 ejus
1802 1691 1893 1731 re-

298 1771 605 1841 quiescam,
634 1785 735 1825 nec
757 1784 996 1836 quaeram
1038 1768 1362 1825 cervicalia!
1397 1767 1487 1825 Va:
1522 1772 1670 1824 enim
1693 1770 1775 1823 his
1807 1770 1896 1834 qui

1996 557 2135 611 tiora
2182 569 2303 625 qua
2332 556 2509 611 futura
2553 564 2699 611 sunt.
2733 554 2979 625 Denique
3016 555 3151 609 lu'va
3181 555 3463 626 sapientia!
3493 556 3599 611 sub

1993 663 2211 719 sponsu:
2235 650 2412 718 capite
2439 659 2554 714 est,
2591 649 2814 705 dextera
2843 657 3027 705 autem
3050 655 3331 719 superior,
3360 662 3485 721 quae
3511 661 3595 704 ιο»

1993 752 2103 796 tam
2131 742 2512 809 complectitur
2539 756 2815 810 sponsam.
2855 740 3043 811 itaque
3068 742 3155 795 illa
3187 742 3342 810 quasi
3365 741 3599 798 fulcrum

1994 841 2081 888 est
2119 834 2319 903 quietis
2349 833 2637 901 pressantis
2658 873 2675 899 ,
2706 850 2814 900 quo
2847 834 3028 887 anima
3059 833 3243 887 innixa
3277 834 3593 903 requiescit.

1996 923 2169 980 Habet
2199 925 2288 981 ubi
2312 926 2541 980 reclim-t
2564 933 2731 995 caput
2758 940 2919 980 suum
2939 966 2955 991 ,
2985 927 3111 995 quia
3135 916 3279 980 laeva
3310 926 3597 996 sapientia!

1994 1020 2198 1073 divitiae
2231 1028 2362 1073 sunt
2401 1028 2453 1074 et
2488 1017 2684 1088 gloria.
2716 1019 2820 1073 l‘rr
2848 1017 2899 1072 id
2931 1030 3141 1087 tempus
3172 1018 3286 1073 limo
3314 1017 3591 1082 mulcent,

1995 1125 2047 1168 et
2073 1126 2142 1168 ex
2173 1121 2329 1182 parte
2351 1112 2549 1166 solatio
2578 1120 2737 1175 sunt,
2767 1119 2822 1166 et
2853 1110 3012 1179 ideo;
3046 1109 3215 1165 Filius
3244 1111 3468 1165 hominis
3490 1126 3595 1165 non

1996 1206 2212 1261 habebat
2241 1206 2331 1261 ubi
2357 1215 2513 1276 caput
2535 1203 2750 1277 1565
2763 1222 2912 1258 suum
2939 1205 3210 1259 reclinaret
3235 1204 3447 1278 (Matth.
3476 1219 3588 1271 vttt,

1995 1300 2124 1371 90);
2156 1301 2280 1370 quia
2316 1314 2435 1353 cum
2460 1298 2599 1352 dives
2630 1309 2786 1364 esset,
2823 1312 3025 1368 pauper
3050 1300 3218 1367 [actus
3251 1306 3327 1351 est
3353 1295 3432 1369 (ll
3463 1294 3586 1352 Cor.

1999 1408 2129 1460 vni,
2161 1392 2241 1465 9).
2289 1392 2402 1449 Nec
2429 1393 2658 1463 gloriam
2696 1392 2931 1460 aliquam
2978 1392 3133 1446 istius
3182 1392 3369 1447 saeculi
3410 1394 3593 1462 requi-

1999 1488 2179 1555 rcbat;
2214 1488 2339 1558 quia
2386 1497 2616 1543 venerat
2644 1502 2751 1541 non
2784 1495 2843 1541 ιιι
2872 1487 2926 1541 in
2956 1487 3239 1557 portione,
3266 1486 3358 1541 sed
3386 1496 3447 1541 ut
3480 1487 3606 1540 uni-

1996 1594 2159 1635 verso
2190 1581 2431 1634 humano
2452 1580 2640 1650 generi
2662 1578 3012 1643 subveniret,
3041 1578 3231 1634 dicens
3264 1597 3277 1631 :
3305 1577 3439 1633 Mihi
3459 1580 3599 1633 imii-

1997 1672 2229 1744 gnamt'm’
2267 1673 2389 1743 quia
2428 1684 2590 1727 totum
2634 1673 2891 1727 hominem
2932 1689 3120 1727 sanum
3150 1672 3247 1741 feci
3290 1673 3345 1726 in
3384 1672 3597 1727 sabbato

1998 1764 2181 1838 (Joan.
2231 1781 2301 1819 vtt
2323 1807 2337 1830 ,
2383 1764 2515 1833 23);
2551 1763 2654 1819 hoc
2682 1774 2767 1817 est
2793 1772 3000 1830 totum,
3030 1780 3137 1818 non
3170 1773 3227 1818 ut
3278 1761 3597 1818 facultatum

293 1871 513 1918 ossuum
540 1861 847 1928 cervicalia,
887 1861 1143 1918 Ezechiel
1173 1861 1305 1917 dicit
1343 1861 1562 1931 (Ezech.
1605 1875 1740 1931 xm,
1775 1860 1891 1932 18).
1920 1872 1976 1937 ,Β
2000 1857 2297 1913 collatione
2323 1858 2549 1922 ditaret,
2586 1873 2692 1911 non
2728 1866 2789 1910 ut
2824 1856 3094 1911 honorum
3124 1856 3457 1927 insignibus,
3489 1872 3599 1911 non

295 1957 396 2014 llas
417 1956 737 2012 mansiones
757 1970 939 2026 praepa
948 1967 1033 2010 rat
1054 1954 1318 2011 Ecclesiae
1339 1970 1456 2011 suae
1475 1955 1653 2011 bonus
1672 1955 1887 2023 ductor,

295 2059 347 2104 et
371 2064 467 2120 per
491 2048 611 2105 vias
629 2048 909 2118 sapientiae
935 2046 1123 2118 dirigit
1148 2047 1252 2102 iter
1272 2049 1414 2116 ejus.
1444 2047 1687 2118 Denique
1708 2048 1893 2103 laudat

293 2143 512 2212 sapiens
542 2142 662 2196 vias
690 2140 812 2211 ejus
838 2158 851 2195 :
893 2139 1001 2196 Vite
1026 2144 1141 2214 ejus
1172 2140 1267 2196 vite
1291 2139 1438 2194 bona:
1458 2181 1475 2205 ,
1520 2148 1573 2194 et
1613 2156 1788 2194 omnes
1811 2156 1894 2195 se-

296 2237 427 2291 mita:
445 2237 569 2309 ejus
597 2235 651 2288 in
672 2250 798 2307 pace
820 2231 1003 2307 (Prov.
1038 2249 1096 2289 ιιι
1118 2273 1135 2300 ,
1167 2231 1283 2305 17).

358 2327 450 2383 25.
478 2336 506 2363 ⁸
534 2325 692 2383 Laeva
722 2328 834 2400 ejus
864 2326 957 2380 sub
989 2334 1143 2396 caput
1178 2341 1390 2392 meum,
1412 2334 1462 2381 et
1499 2325 1711 2381 dextera
1752 2325 1895 2381 illius

295 2421 664 2491 complectetur
692 2436 791 2473 me.
823 2418 951 2474 Htec
999 2419 1243 2489 loquitur
1271 2433 1476 2489 sponsa
1520 2418 1590 2475 de
1634 2416 1892 2486 Christo,

293 2515 468 2569 anima
496 2513 571 2571 de
596 2512 778 2569 Verbo
804 2511 904 2566 Dei
938 2529 952 2563 :
984 2511 1234 2569 Christus
1262 2521 1444 2567 autem
1474 2510 1618 2567 idem
1651 2521 1736 2566 est
1766 2511 1894 2567 Ver-

295 2606 417 2663 bum
450 2606 555 2662 Dei
607 2616 773 2678 atque
815 2605 1111 2675 sapientia.
1140 2605 1308 2661 Beata
1352 2620 1485 2675 ergo
1526 2604 1705 2659 anima
1732 2621 1894 2675 quam

294 2702 677 2773 complectitur
743 2701 1031 2771 sapientia.
1088 2700 1273 2770 Magna
1329 2708 1415 2754 est
1465 2698 1746 2770 sapientiae
1784 2714 1899 2753 ma-

297 2810 392 2851 nus
414 2838 429 2860 .
461 2811 661 2867 magna
689 2794 917 2851 dextera
940 2839 954 2863 ,
997 2805 1166 2851 totam
1195 2793 1580 2864 complectitur
1613 2794 1852 2848 animam
1879 2809 1894 2858 ;

296 2897 400 2944 tota
429 2888 587 2945 enim
634 2889 841 2943 munita
889 2896 1011 2953 est,
1060 2904 1181 2959 quae
1225 2888 1558 2957 desponsata
1586 2885 1773 2943 Verbo
1803 2885 1899 2940 Dei

296 2996 394 3039 est.
428 2983 724 3061 Plenitudo
752 2984 899 3039 enim
934 2984 1222 3055 sapientiae
1242 3023 1258 3045 ,
1304 2984 1501 3039 timere
1532 2981 1702 3037 Deum
1734 2999 1746 3034 :
1778 2998 1899 3053 quae

295 3089 422 3146 ergo
453 3075 632 3131 Deum
667 3076 825 3131 timet
852 3075 1034 3133 anima
1059 3117 1074 3143 ,
1108 3075 1271 3145 pleno
1308 3089 1367 3128 se
1406 3074 1578 3128 munit
1610 3074 1725 3143 ipsa
1763 3088 1902 3143 prae-

297 3166 453 3222 sidio.
483 3164 655 3225 Mittit
675 3170 944 3238 sapientia
981 3170 1170 3225 laevam
1202 3184 1355 3224 suam
1384 3167 1486 3222 sub
1508 3166 1714 3222 collum
1742 3167 1895 3238 ejus,

2000 1963 2059 2007 ut
2091 1951 2282 2023 gloriae
2312 1951 2593 2007 saecularis
2620 1950 2927 2005 cumularet
2950 1961 3274 2020 augmento;
3304 1951 3420 2005 hcc
3452 1952 3597 2005 enim

1996 2062 2105 2101 non
2135 2046 2338 2101 habent
2364 2044 2716 2102 beatitudinis
2738 2052 2794 2099 et
2817 2046 3004 2115 gratiae
3033 2044 3427 2114 plenitudinem
3456 2064 3475 2099 :
3496 2044 3594 2099 sed

1998 2147 2190 2205 totum,
2232 2139 2340 2194 hoc
2361 2149 2476 2206 est,
2506 2139 2653 2210 quod
2686 2137 3082 2208 longitudinem
3114 2140 3238 2192 vitae
3268 2138 3601 2208 complecte-

2000 2239 2147 2286 retur
2176 2240 2421 2287 aeternac.
2458 2230 2646 2300 Neque
2689 2231 2833 2285 enim
2880 2230 3194 2285 communis
3235 2230 3363 2285 vita
3407 2230 3603 2284 similis

2000 2325 2109 2381 vita
2136 2326 2189 2380 in
2212 2325 2433 2381 dextera
2465 2334 2552 2381 est
2574 2326 2880 2394 sapientiae,
2911 2324 3009 2379 sed
3032 2322 3314 2393 longitudo
3340 2322 3467 2377 vitae
3491 2331 3597 2386 est,

2001 2430 2057 2475 ut
2079 2419 2172 2489 qui
2195 2419 2586 2488 accipitvitam
2615 2432 2645 2471 a
2675 2418 2973 2487 sapientia,
3015 2434 3122 2471 non
3147 2418 3495 2488 exiguitatem
3521 2417 3600 2471 vi-

2002 2522 2100 2579 tae,
2151 2511 2249 2567 sed
2276 2511 2699 2582 perpetuitatem
2744 2519 2801 2566 et
2834 2509 3154 2566 mtemitatis
3201 2508 3598 2581 longitudinem

2000 2607 2354 2677 adipiscatur.

2071 2698 2164 2754 26.
2194 2700 2378 2754 Bonus
2405 2698 2637 2754 amictus
2658 2697 2941 2754 aeternitas
2962 2696 3104 2753 vitta.
3135 2695 3163 2735 δ
3188 2696 3375 2768 Itaque
3398 2710 3599 2767 sponsa

2001 2793 2268 2849 malorum
2291 2804 2646 2863 granatorum
2667 2833 2682 2857 ,
2708 2791 2817 2848 hoc
2839 2799 2925 2848 est
2942 2831 2959 2856 ,
2985 2791 3331 2849 diversorum
3357 2797 3415 2846 et
3437 2791 3598 2845 innu-

2002 2886 2349 2942 merabilium
2391 2884 2664 2941 fructuum
2689 2927 2705 2950 ,
2732 2895 2788 2939 et
2826 2884 3099 2954 prtccipue
3129 2881 3259 2939 ﬁdei
3301 2883 3601 2948 odoribus,

2002 2979 2214 3051 gratiae,
2247 2977 2530 3048 sapientiae
2550 2985 2604 3032 et
2626 2977 2812 3047 gloria:
2830 3017 2845 3042 ,
2870 2976 3102 3045 vitaeque
3129 2985 3348 3030 atterite
3369 2972 3603 3029 subnixa

2004 3068 2207 3125 divitiis
2232 3086 2352 3141 qua:
2381 3080 2509 3125 sunt
2529 3070 2671 3125 circa
2697 3069 2976 3124 sinistram
3000 3077 3057 3123 et
3079 3067 3359 3122 dexteram
3383 3067 3605 3137 sponsi,

2004 3180 2102 3235 per
2120 3164 2333 3220 animas
2359 3174 2578 3219 sanctas
2601 3162 2937 3227 laudantium
2960 3162 3441 3233 congregationum
3461 3159 3603 3232 plau-

295 3258 578 3315 dexteratn
610 3271 792 3317 autem
817 3262 871 3316 in
894 3263 1250 3331 complexum
1279 3260 1417 3329 ejus.
1447 3259 1754 3330 Utrumque
1782 3261 1900 3330 qui-
1929 3273 1976 3336 ρ
2007 3259 2156 3313 sibus
2187 3258 2390 3314 excitat
2417 3257 2715 3322 Christum,
2747 3256 2936 3311 dicens
2962 3273 2977 3309 :

299 3349 416 3406 dent
443 3351 734 3409 brachium
774 3354 893 3423 ejus
923 3352 990 3409 ad
1024 3354 1177 3408 utilia
1218 3352 1559 3419 extenditur;
1594 3351 1796 3407 habent
1823 3362 1902 3405 ta-

303 3458 421 3498 men
450 3447 676 3515 propria
710 3461 807 3501 sua
830 3446 1060 3517 singula:
1084 3461 1277 3500 manus
1291 3444 1573 3514 sapientia:
1591 3462 1603 3496 :
1621 3443 1685 3498 In
1700 3444 1907 3499 dextera

299 3536 569 3608 longitudo
601 3539 719 3593 vita:
756 3547 872 3606 est,
906 3539 961 3593 in
990 3539 1205 3592 sinistra
1234 3547 1406 3591 autem
1429 3537 1621 3591 divitia:
1644 3546 1689 3592 et
1709 3536 1899 3611 gloria.

297 3633 461 3692 Bonis
498 3636 694 3705 utique
722 3648 915 3689 manus
930 3642 1166 3703 utroque
1180 3633 1364 3689 dotata
1386 3641 1472 3687 est
1491 3632 1710 3688 dotibus
1730 3650 1746 3693 :
1770 3634 1905 3689 ineo

302 3740 482 3787 tamen
515 3730 723 3786 habent
753 3729 1071 3784 varietatem
1114 3728 1197 3782 sui
1227 3727 1494 3790 muneris,
1518 3726 1667 3799 quod
1687 3738 1740 3783 et
1762 3743 1905 3798 prm-

298 3824 470 3879 sentia
489 3834 548 3879 et
574 3822 756 3877 futura
775 3832 1020 3892 tempora
1037 3820 1531 3891 comprehendunt;
1547 3829 1607 3874 ut
1620 3821 1752 3876 lmva
1769 3836 1908 3892 prae—

299 3918 538 3987 sentium
586 3914 998 3971 remuneratrix
1019 3956 1035 3978 ,
1078 3912 1304 3969 dextera
1333 3913 1643 3968 futurorum
1676 3912 1770 3967 sit.

364 4008 460 4065 24.
502 4010 807 4065 Possumus
839 4010 941 4065 hoc
980 4008 1145 4064 etiam
1178 4008 1247 4064 de
1280 4008 1567 4079 prophetia
1603 4008 1777 4063 sancti
1810 4022 1906 4078 pa-

301 4100 555 4158 triarchze
606 4101 773 4158 Israel
837 4116 1203 4172 cognoscere,
1254 4116 1378 4157 nam
1433 4116 1554 4155 cum
1620 4100 1907 4156 dexteram

299 4208 450 4250 suam
486 4199 769 4269 posuisset
799 4210 965 4266 super
994 4194 1273 4268 Ephraem,
1303 4193 1582 4249 sinistram
1614 4201 1792 4249 autem
1820 4210 1911 4249 su-

303 4301 398 4358 per
436 4290 757 4357 Manassen,
785 4300 840 4345 et
866 4298 1191 4346 convertere
1221 4306 1315 4345 eas
1341 4288 1547 4360 Joseph
1581 4292 1762 4344 astatis
1780 4305 1911 4346 con-

303 4383 641 4441 sideratione
673 4386 977 4446 voluisset;
1021 4397 1079 4440 ut
1108 4384 1392 4441 dexteram
1422 4384 1597 4456 patris
1618 4401 1784 4454 super
1815 4401 1906 4441 ca-

308 4488 400 4548 put
421 4481 683 4551 llanasse
708 4479 945 4535 senioris
968 4479 1067 4534 lilii
1090 4480 1408 4544 collocaret,
1437 4479 1633 4543 noluit,
1660 4490 1715 4534 et
1739 4479 1907 4534 dixit:

304 4569 448 4637 Scio,
473 4572 594 4642 ﬁli,
628 4581 676 4626 et
706 4571 789 4625 hic
812 4573 912 4627 erit
951 4572 1004 4625 in
1038 4572 1291 4645 populum
1316 4612 1333 4637 ,
1375 4582 1420 4625 et
1445 4571 1528 4626 hic
1556 4573 1868 4626 excitabitur
1891 4612 1907 4636 ,

2079 3354 2170 3408 '27.
2199 3365 2221 3393 ο
2238 3353 2491 3419 Adiuravi
2516 3369 2625 3417 vos,
2650 3352 2775 3422 ﬁliae
2795 3350 3149 3415 Hierusalem,
3171 3347 3530 3404 iit-virtutibus
3556 3363 3585 3401 ε

2008 3449 2400 3521 fortitudinibus
2424 3451 2538 3519 agri
2554 3488 2571 3515 ,
2600 3449 2644 3503 si
2668 3446 3041 3502 suscitaveritis
3058 3487 3074 3512 ,
3116 3456 3162 3496 et
3189 3440 3609 3498 resuscitatmitis

2009 3542 2339 3597 dilectionem
2379 3557 2641 3613 usquequo
2682 3538 2921 3594 voluerit.
2954 3536 3098 3608 Ager
3130 3536 3223 3591 ille
3247 3550 3407 3606 quem
3438 3534 3609 3590 bene-

2008 3633 2146 3689 dixit
2171 3634 2464 3699 Dominus,
2495 3648 2602 3688 non
2631 3633 2733 3688 iste
2758 3642 3007 3687 terrenus
3030 3638 3122 3684 aut
3145 3628 3402 3684 horridus
3431 3625 3605 3691 silvis,

2009 3738 2101 3784 aut
2131 3727 2492 3799 confragosus
2521 3726 2885 3791 torrentibus,
2916 3734 3010 3778 aut
3040 3723 3245 3779 inutilis
3270 3722 3494 3784 vitibus,
3518 3729 3612 3773 aut

2011 3821 2303 3878 infecunda
2330 3823 2517 3893 glarea
2561 3836 2811 3884 saxosus,
2836 3828 2927 3873 aut
2953 3818 3191 3881 hiulcus,
3217 3826 3271 3871 et
3294 3814 3480 3870 aridus
3507 3814 3613 3869 sic-

2009 3916 2194 3978 citate.
2228 3924 2320 3970 aut
2348 3914 2616 3983 sanguine
2658 3911 2908 3966 madidus
2929 3951 2943 3976 ,
2975 3919 3067 3964 aut
3092 3908 3342 3965 sentibus
3371 3906 3609 3960 incultus

2012 4022 2064 4066 et
2095 4009 2290 4080 spinis,
2316 4007 2414 4064 sed
2443 4009 2536 4062 ille
2564 4022 2693 4078 ager
2713 4005 2783 4061 de
2810 4021 2918 4075 quo
2940 4005 3204 4059 Dominus
3235 4001 3308 4055 ait
3341 4022 3355 4054 :
3387 3998 3454 4053 Et
3492 4013 3609 4068 spc-

2012 4105 2117 4158 cies
2162 4102 2277 4172 agri
2308 4116 2507 4155 mecum
2534 4110 2609 4154 est
2645 4098 2872 4169 (Psalm.
2904 4112 3030 4153 χιιι
3056 4138 3070 4163 ,
3100 4093 3215 4166 l9).
3253 4096 3312 4149 In
3353 4093 3456 4148 huc
3484 4107 3615 4163 agro

2018 4212 2119 4252 uva
2148 4195 2237 4250 illa
2271 4194 2545 4265 reperitur
2573 4209 2695 4265 quae
2724 4207 2983 4262 expressa
3015 4190 3334 4261 sanguinem
3366 4186 3531 4252 fudit,
3559 4196 3615 4240 et

2015 4288 2275 4345 mundum
2307 4288 2468 4343 diluit
2501 4302 2515 4343 :
2542 4288 2598 4342 in
2624 4286 2729 4342 hoc
2754 4300 2885 4356 agro
2927 4295 3013 4340 est
3046 4286 3181 4339 licus
3229 4283 3319 4337 illa
3360 4281 3464 4336 sub
3511 4294 3616 4349 qua

2012 4383 2185 4438 sanati
2240 4383 2618 4449 requiescent,
2669 4378 2933 4451 spiritalis
2975 4378 3161 4450 gratite
3216 4375 3490 4432 suavitate
3529 4386 3616 4428 re-

2014 4475 2182 4529 creati
2219 4492 2233 4528 :
2264 4474 2317 4528 in
2349 4473 2454 4528 hoc
2483 4486 2616 4543 agro
2651 4482 2733 4527 est
2758 4472 2901 4525 oliva
2932 4470 3025 4525 illa
3066 4467 3347 4524 fructifera
3369 4508 3384 4532 ,
3436 4464 3613 4521 domi-

2016 4567 2153 4623 niese
2201 4568 2376 4622 ﬂuens
2432 4567 2580 4635 pacis
2647 4573 2981 4634 unguentum
3029 4578 3043 4615 :
3084 4558 3137 4615 in
3192 4560 3296 4614 hoc
3343 4573 3474 4628 agro
3520 4556 3621 4611 llo-

304 4665 391 4718 sed
416 4664 591 4737 frater
621 4666 808 4739 junior
848 4667 1017 4738 major
1046 4667 1143 4720 erit
1172 4666 1264 4719 illo
1295 4664 1519 4738 (Cenes.
1548 4683 1710 4722 XLVIII
1729 4709 1742 4731 ,
1780 4667 1906 4738 19).
1938 4674 1988 4734 ι)
2016 4672 2138 4717 rent
2188 4662 2560 4730 utalugranata
2583 4700 2596 4724 ,
2628 4672 2749 4728 quae
2779 4656 3042 4726 plurimos
3086 4652 3297 4711 fructus
3354 4668 3463 4706 uno
3491 4648 3616 4707 fidei

303 4754 358 4812 In
386 4774 498 4830 quo
524 4757 706 4829 major
735 4759 758 4813 ?
784 4759 839 4813 in
869 4774 938 4815 eo
970 4760 1157 4827 utique
1194 4759 1319 4828 quia
1348 4759 1735 4814 benedictione
1767 4774 1909 4830 prte-

305 4846 445 4904 latus
474 4857 601 4916 est,
628 4849 942 4917 dicentibus
986 4850 1224 4919 pOsteris
1263 4849 1518 4920 Ephrmtn
1556 4869 1567 4905 :
1602 4850 1792 4905 Faciat
1823 4868 1910 4906 vos

305 4935 443 4994 Deus
465 4942 609 4995 sicut
638 4942 757 5013 fecit
784 4939 1032 5011 Ephrtcm
1053 4952 1102 4998 et
1127 4942 1408 4999 Manassen
1439 4942 1635 5013 (1ὁὶά.,
1664 4943 1758 5014 20)
1785 4961 1797 4997 :
1828 4944 1909 4999 vel

308 5035 431 5104 quia
464 5050 662 5092 semen
690 5035 812 5108 ejus
841 5036 1131 5095 multitudo
1161 5038 1426 5106 gentium,
1455 5054 1575 5109 qum
1604 5038 1656 5092 in
1682 5037 1787 5091 huc
1812 5052 1914 5092 sa:-

309 5127 432 5184 culo
468 5131 722 5185 laborem
752 5129 917 5210 elegit
940 5170 953 5189 .
986 5129 1218 5185 credens
1260 5130 1314 5185 in
1366 5130 1661 5185 Dominum
1692 5128 1911 5196 Jesum,

312 5232 366 5276 ut
391 5224 833 5279 consolationem
868 5224 1064 5280 habeat
1100 5225 1428 5280 futurorum.
1458 5225 1707 5281 Manasse
1734 5234 1913 5280 autem

311 5331 499 5372 semen
532 5327 623 5373 est
649 5317 881 5389 populus
908 5316 1233 5383 oblivionis,
1263 5318 1352 5388 qui
1403 5318 1679 5388 proprium
1715 5318 1919 5373 oblitus

313 5419 633 5477 auctorem,
665 5396 934 5466 exaltatus
979 5410 1044 5465 ad
1079 5420 1294 5480 tempus
1337 5412 1389 5466 in
1432 5411 1534 5466 hoc
1568 5413 1769 5468 sarculo
1799 5421 1918 5479 est,

315 5501 544 5559 daturus
572 5505 630 5559 in
656 5505 917 5586 reliquum
947 5518 1134 5574 prunas
1153 5519 1380 5577 graves;
1412 5506 1536 5576 quia
1569 5505 1737 5561 Deum
1760 5521 1918 5561 suum

319 5605 372 5650 et
404 5597 699 5653 Dominum
731 5598 1041 5669 denegavit.

396 5816 422 5876 9
463 5806 522 5860 In
558 5807 698 5876 psal.
722 5821 1069 5863 entitserm.
1107 5801 1195 5862 14.
1227 5814 1383 5859 num.’
1407 5801 1485 5876 ’ρι
1505 5813 1557 5856 et
1583 5815 1701 5872 seq.

399 5875 428 5921 δ
470 5877 532 5937 lu
561 5874 704 5951 psal.
730 5893 894 5943 cxvut
925 5892 1092 5938 serta.
1123 5876 1212 5949 19,
1242 5890 1393 5932 num.
1422 5874 1513 5931 26.

2010 4754 2313 4810 munimine
2346 4761 2565 4823 tegunt,
2609 4761 2662 4808 et
2688 4750 2922 4820 quodam
2965 4748 3152 4803 fovent
3179 4745 3461 4802 charitatis
3502 4758 3620 4799 am-

2015 4848 2195 4918 plexu.

2088 4944 2180 5000 28.
2204 4942 2231 4980 ά
2260 4942 2403 5012 Quia
2431 4942 2594 5013 igitur
2641 4939 2913 5012 sapientia
2942 4948 2997 4993 et
3022 4940 3249 4993 honesta
3283 4935 3506 4991 claritas
3554 4934 3624 4989 ita

2020 5037 2261 5109 perlecta
2283 5046 2431 5104 sunt,
2460 5036 2505 5090 si
2533 5036 2774 5091 habeant
2796 5033 3121 5089 charitatcm
3149 5029 3456 5103 (plenitudo
3481 5027 3627 5085 enim

2019 5131 2151 5201 legis
2176 5129 2357 5201 (Rom.
2387 5129 2612 5200 xnt,lO)
2645 5140 2729 5183 est
2757 5124 3029 5197 Charitas)
3058 5124 3319 5181 suscitari
3351 5132 3406 5179 et
3444 5136 3628 5178 resus-

2020 5226 2178 5281 citari
2242 5223 2360 5277 vult
2424 5222 2790 5286 cbaritatem,
2849 5219 3106 5274 suscitari
3165 5219 3218 5272 in
3266 5216 3438 5271 veteri
3496 5214 3630 5270 Tes-

2023 5327 2303 5381 tamento,
2345 5315 2662 5372 rcsuscitari
2718 5315 2772 5369 in
2818 5328 2980 5369 novo.
3023 5311 3278 5367 Charitas
3318 5310 3457 5366 Deus
3504 5318 3626 5375 est,

2026 5420 2083 5467 ut
2112 5412 2363 5480 legimus,
2390 5410 2634 5464 cbaritas
2660 5407 2908 5462 Christus
2936 5416 3019 5462 est
3053 5403 3265 5477 (lJoan.
3295 5419 3370 5468 tv,
3396 5400 3472 5475 8).
3493 5401 3625 5456 Sus.

2022 5504 2222 5561 citatur
2275 5511 2540 5573 tamquam
2581 5501 2703 5565 leo,
2752 5510 2798 5554 et
2853 5498 3056 5552 catulus
3113 5496 3312 5573 leonis;
3373 5502 3428 5548 ut
3473 5491 3629 5547 λιιάο

2024 5597 2270 5653 ascendat
2296 5613 2359 5652 ex
2398 5597 2629 5668 germine
2657 5593 2809 5667 (Gen.
2842 5609 2961 5649 xux
2989 5633 3007 5659 ,
3055 5591 3152 5661 9):
3184 5587 3542 5645 resuscitator
3574 5592 3631 5638 ut

2119 5810 2142 5838 α
2188 5756 2306 5853 Lib.
2334 5815 2370 5854 ll
2400 5772 2470 5854 de
2497 5796 2665 5854 Iacob
2692 5807 2746 5854 et
2775 5797 2880 5850 vita
2912 5795 3097 5858 beata,
3123 5804 3247 5863 cap.
3277 5792 3329 5857 l,
3359 5804 3506 5845 nutu.
3541 5788 3596 5844 ὅ.

2110 5868 2137 5907 (ι
2183 5870 2242 5927 lu
2274 5871 2411 5943 psal.
2437 5886 2601 5927 cxvtn
2650 5885 2816 5930 serm.
2847 5866 2903 5936 5,
2932 5879 3079 5922 num.
3104 5864 3194 5920 20.
