4148 6362
504 311 642 381 liis

1487 317 2042 378 COMMENTARIUS
2080 319 2147 376 IN
2186 316 2486 377 CANTICA
2523 315 2797 376 CANTIC.

3681 318 3820 375 {880

497 439 811 508 dormiens,
843 448 900 495 ut
920 438 1277 507 recumbens;
1308 437 1433 510 quia
1459 451 1572 493 non
1596 435 1859 504 humana,
1890 435 1989 493 sed
2011 449 2111 492 sua
2140 441 2196 502 Α
2218 437 2384 492 corde
2412 434 2588 492 Patris
2619 450 2785 508 super
2829 445 3046 493 sanctos
3083 449 3215 492 suos
3237 477 3254 502 ,
3297 435 3366 493 de
3408 435 3632 493 Oriente
3658 449 3819 508 super

499 542 554 592 et
587 532 765 589 Patris
807 533 1097 602 majestate
1129 530 1428 586 suscitatus
1469 539 1555 586 est
1598 545 1628 586 a
1671 528 1923 586 mortuis.
1960 528 2112 588 Unde

501 630 580 685 ait
621 629 906 700 Scriptura
943 645 956 684 :
991 627 1121 696 Quis
1153 627 1419 682 suscitabit
1445 624 1639 681 illum?
1672 625 1790 681 Non
1839 624 1985 680 enim
2020 639 2115 695 po-

505 731 648 778 terat
680 722 836 778 illum
861 731 954 776 aut
976 721 1204 791 angelus
1224 731 1318 774 aut
1347 719 1598 776 Potestas
1623 719 1892 775 suscitare
1913 718 2114 784 aliena,

505 831 627 875 cum
673 815 790 886 ipse
821 814 960 870 alios
1008 813 1323 870 suscitaret.
1359 812 1505 886 Ergo
1551 828 1672 868 cum
1717 813 1805 868 hic
1845 811 2022 868 dicit:
2055 811 2116 867 Si

513 908 886 964 suscitaveritis
917 917 965 962 et
988 907 1416 961 resuscitaueritis
1465 906 1830 971 dilectionem,
1859 921 2118 978 usquequo

511 1002 725 1056 uoluerit
739 1017 760 1066 ;
787 1000 854 1056 de
876 1001 941 1056 iis
962 1000 1118 1065 dicit,
1133 999 1227 1070 qui
1245 1001 1714 1056 resurrectionem
1738 998 1856 1071 ejus
1877 1014 2119 1070 congrue

509 1107 734 1168 possunt
763 1095 1064 1166 praedicare
1092 1137 1106 1161 ,
1140 1103 1198 1150 ut
1226 1093 1575 1150 audientibus
1608 1094 1862 1151 ardorem
1913 1093 2038 1149 iidei
2066 1104 2121 1150 et

511 1190 818 1246 devotionis
842 1188 1143 1244 accendant
1168 1205 1180 1242 :
1218 1188 1301 1242 vel
1330 1189 1627 1243 suscitatur
1657 1187 1907 1252 Christus
1949 1188 2002 1243 in
2034 1187 2120 1244 bis

512 1285 602 1355 qui
638 1284 874 1352 primum
917 1282 1217 1349 accedunt,
1249 1282 1611 1337 resuscitatur
1639 1282 1694 1336 in
1724 1281 1810 1336 his
1850 1282 1942 1353 qui
1974 1290 2123 1351 post-

505 1394 666 1449 quam
698 1378 1060 1445 accesserint,
1091 1377 1453 1432 dormierunt.
1486 1377 1845 1448 Dormitergo
1867 1376 2122 1433 Christus

511 1475 946 1545 negligentibus,
981 1473 1277 1528 suscitatur
1307 1472 1360 1527 in
1392 1471 1621 1528 sanctis.

586 1566 680 1622 29.
708 1576 734 1604 η
767 1567 917 1622 lianc
946 1565 1132 1637 itaque
1163 1565 1488 1622 charitatem
1530 1565 1758 1620 suscitat
1798 1573 1854 1620 et
1887 1564 2123 1620 resusci-

518 1669 628 1727 tat,
664 1660 838 1716 donec
871 1674 1064 1716 vocem
1108 1659 1226 1730 ejus
1254 1658 1504 1729 accipiat,
1539 1666 1597 1714 et
1636 1658 1979 1727 praesentiam
2005 1658 2123 1728 ejus

519 1763 796 1810 accersat:
833 1753 958 1824 quia
991 1753 1254 1823 quaesitus
1282 1768 1388 1807 non
1414 1752 1590 1807 solum
1619 1753 1800 1817 venit,
1832 1751 1928 1807 sed
1959 1751 2122 1807 etiam

2216 527 2566 584 Occidentem
2592 568 2608 596 ,
2638 528 2706 584 de
2737 527 3127 600 Septentrione
3163 542 3328 600 super
3367 529 3673 586 Meridiem.
3715 529 3822 588 Iste

2218 633 2304 681 est
2333 623 2423 694 qui
2455 624 2703 679 ascendit
2731 639 2897 695 super
2937 623 3226 693 Occasum,
3279 625 3395 696 ipse
3439 641 3606 698 super
3649 627 3824 683 caelos

2220 719 2484 776 caelorum
2514 718 2581 774 ad
2611 718 2914 786 Orientem,
2940 718 3054 790 ipse
3078 718 3325 776 ascendit
3372 735 3536 791 super
3586 728 3823 789 montes,

2221 813 2337 885 ipse
2365 829 2531 886 super
2562 813 2754 870 colles.

2293 906 2384 961 35.
2431 905 2644 961 Utinam
2668 921 2768 977 ego
2799 907 2966 962 miser
2996 905 3195 975 dicam,
3245 906 3392 962 dicat
3439 906 3620 962 anima
3656 921 3780 962 mea
3812 924 3830 965 :

2225 998 2360 1053 Ecce
2383 999 2478 1053 iste
2508 998 2735 1065 advenit,
2767 1008 2822 1054 et
2853 998 3074 1054 advenit
3114 1015 3223 1055 non
3261 1014 3426 1070 super
3447 1009 3688 1065 terrena,
3716 1016 3834 1057 non

2225 1109 2389 1164 super
2407 1092 2580 1148 valles
2611 1133 2626 1158 ,
2679 1091 2775 1148 sed
2826 1091 3083 1149 advenit:
3135 1093 3342 1149 Saliens
3388 1110 3542 1167 super
3589 1104 3836 1162 montes;

2225 1184 2371 1242 Deus
2397 1185 2540 1241 enim
2566 1185 2708 1241 Deus
2733 1188 2997 1241 montium
3019 1195 3120 1252 est,
3149 1202 3255 1242 non
3280 1187 3509 1242 vallium
3540 1205 3554 1242 :
3585 1187 3676 1242 ubi
3698 1201 3836 1258 ergo

2225 1281 2371 1345 salit,
2406 1297 2572 1353 super
2600 1292 2816 1340 montes
2839 1285 2982 1339 salit.
3008 1283 3065 1339 Si
3093 1285 3170 1339 sis
3198 1299 3379 1352 mons,
3406 1284 3532 1339 salit
3559 1299 3726 1356 super
3752 1293 3834 1350 te,

2228 1379 2356 1435 salit
2377 1393 2543 1451 super
2568 1379 2783 1446 Isaiam,
2816 1379 2941 1434 salit
2967 1395 3132 1451 super
3163 1378 3524 1445 Hieremiam,
3577 1379 3701 1434 salit
3742 1394 3844 1434 su-

2230 1488 2328 1543 per
2355 1473 2597 1540 Petrum,
2626 1473 2890 1530 Joannem
2912 1517 2926 1542 ,
2958 1473 3242 1530 Jacobum.
3295 1473 3497 1529 Montes
3525 1474 3580 1529 in
3608 1474 3841 1528 circuitu

2230 1571 2343 1640 ejus
2369 1567 2596 1641 (Psalm.
2624 1583 2807 1636 csxrv,
2839 1567 2936 1639 2):
2979 1569 3024 1624 si
3065 1584 3171 1623 non
3199 1577 3353 1640 potes
3404 1583 3528 1624 esse
3572 1581 3728 1622 mons
3784 1575 3846 1622 ct

2232 1677 2340 1718 non
2371 1663 2656 1734 praevales,
2689 1671 2810 1718 esto
2842 1662 2925 1718 vel
2955 1662 3133 1730 collis,
3171 1672 3229 1718 ut
3278 1677 3443 1733 super
3485 1671 3537 1718 te
3582 1659 3842 1717 Christus

2231 1755 2490 1811 ascendat
2514 1773 2528 1810 :
2550 1765 2602 1810 et
2624 1755 2670 1810 si
2697 1755 2957 1823 transilit,
2975 1765 3031 1810 ut
3052 1763 3106 1811 te
3128 1756 3388 1810 transitus
3406 1754 3526 1826 ejus
3541 1753 3842 1810 custodiat.

519 1849 724 1904 saliens
749 1848 920 1904 venit.
971 1847 1078 1903 Sed
1117 1847 1228 1918 jam
1259 1861 1492 1918 sponsus
1522 1846 1748 1914 aderat,
1774 1857 1833 1901 ut
1869 1848 2128 1918 probaret
2157 1846 2206 1907 B
2305 1850 2396 1906 54.
2443 1847 2687 1903 Diximus
2717 1847 2787 1904 de
2812 1846 3032 1904 Christo
3069 1858 3124 1904 et
3147 1848 3420 1916 Ecclesia,
3476 1848 3722 1904 dicamus
3767 1847 3846 1903 de

521 1943 660 2000 illud
707 1944 852 2014 quod
904 1943 1082 1998 adhuc
1113 1941 1465 2013 loquentibus
1497 1941 1658 1997 nobis
1697 1941 1864 1996 dicit:
1904 1940 2125 1995 Adsum.

520 2035 549 2075 δ
571 2037 764 2105 Adest,
793 2037 916 2109 quia
940 2037 1236 2092 suscitatus
1263 2051 1294 2090 a
1322 2034 1536 2091 ﬁliabus
1563 2035 1736 2102 Judze,
1760 2034 1914 2107 quasi
1940 2049 2130 2091 resus-

519 2132 716 2185 citatus
743 2145 772 2184 a
805 2129 1022 2185 filiabus
1071 2129 1433 2186 Hierusalem.
1469 2128 1633 2185 Audit
1661 2129 1906 2186 Ecclesia
1934 2142 2128 2184 sonum

524 2224 674 2279 vocis
697 2225 814 2294 ejus
845 2233 901 2278 et
926 2224 1058 2280 dicit
1089 2239 1104 2277 :

599 2318 687 2374 50.
726 2317 908 2389 (Vers.
943 2318 1024 2391 8.)
1086 2318 1200 2375 Voa:
1230 2321 1526 2376 consobrini
1557 2322 1687 2388 mei,
1722 2337 1838 2377 ecce
1862 2324 1945 2377 hic
1976 2323 2133 2377 adve-

527 2414 601 2466 nit
622 2414 815 2468 saliens
845 2430 1000 2485 super
1024 2424 1251 2481 montes,
1289 2416 1585 2471 transiliens
1630 2433 1785 2489 super
1805 2416 1983 2472 colles.
2015 2415 2128 2472 Ma-

527 2506 794 2577 nipularis
840 2517 924 2562 est
971 2508 1060 2563 hic
1107 2508 1244 2564 liber
1275 2511 1474 2565 multas
1508 2510 1716 2566 habens
1743 2525 2006 2581 personas
2035 2526 2133 2566 no-

527 2600 683 2667 biles,
717 2601 868 2656 velut
894 2605 1210 2674 manipulus
1241 2605 1609 2678 triumphalis,
1641 2607 1949 2678 multosque
1979 2617 2132 2664 actus

527 2694 842 2765 signiﬁcans
865 2737 881 2763 ,
914 2712 1052 2768 quos
1083 2698 1386 2770 intelligere
1428 2701 1601 2771 magis
1645 2716 1807 2772 quam
1838 2716 2134 2771 expressos

530 2796 721 2845 tenere
753 2803 1066 2858 possumus.
1099 2790 1234 2846 Nam
1266 2791 1420 2863 quasi
1448 2793 1829 2849 advenientem
1871 2809 2133 2864 sponsum

529 2880 766 2938 audierit
795 2896 918 2936 cum
958 2883 1232 2954 aliquibus
1270 2886 1475 2955 pariter
1504 2884 1780 2942 viantibus
1819 2887 2135 2958 colloquen-

529 2983 661 3042 tem,
689 2975 822 3030 dicit
842 2991 1078 3046 Sponsa:
1109 2978 1227 3034 Voa:
1246 2980 1545 3035 consobrini
1574 2983 1694 3036 mei.
1726 2983 1862 3037 Dum
1894 2983 2135 3054 loquitur

529 3080 651 3120 cum
689 3067 904 3124 liliabns
933 3069 1295 3140 Hierusnlem,
1328 3083 1382 3128 et
1410 3083 1564 3146 rogat
1590 3084 1648 3131 ut
1672 3079 1930 3143 excitent,
1966 3088 2020 3133 et
2051 3093 2136 3134 re~

533 3160 799 3215 suscitent
843 3175 1133 3232 sponsum;
1179 3164 1360 3220 subito
1401 3173 1677 3238 tamquam
1725 3168 1794 3224 de
1836 3169 2135 3241 loaginqno

2235 1943 2414 1999 anima
2443 1951 2498 1998 et
2520 1942 2726 1999 Verbo.
2761 1944 2950 1998 Anima
2979 1943 3113 2015 justi
3143 1959 3343 2013 sponsa
3374 1953 3457 1999 est
3503 1943 3688 2008 Verbi,
3719 1943 3847 2000 haec

2234 2038 2280 2092 si
2309 2035 2602 2104 desideret,
2635 2037 2681 2092 si
2707 2036 2913 2107 cupiat,
2939 2036 2985 2092 si
3013 2048 3133 2094 oret
3160 2047 3216 2094 et
3241 2046 3360 2093 oret
3381 2036 3620 2103 assidue,
3643 2045 3694 2092 et
3717 2045 3848 2093 oret

2235 2132 2354 2188 sine
2382 2131 2491 2186 ulla
2522 2130 2935 2202 disceptatione,
2971 2140 3026 2187 et
3056 2142 3163 2187 tota
3195 2131 3438 2188 intendat
3467 2131 3522 2187 in
3547 2131 3787 2188 Verbum
3827 2149 3841 2184 :

2235 2225 2418 2282 subito
2439 2240 2629 2281 vocem
2657 2224 2759 2280 sibi
2778 2224 2992 2280 videtur
3013 2225 3132 2295 ejus
3147 2224 3339 2281 audire
3360 2240 3518 2296 quem
3539 2237 3648 2279 non
3664 2223 3843 2292 videt,

2237 2329 2292 2376 et
2318 2321 2372 2376 in
2403 2319 2598 2376 timore
2627 2333 2823 2376 sensus
2843 2318 3068 2374 odorem
3100 2317 3398 2374 divinitatis
3425 2319 3542 2389 ejus
3566 2320 3842 2390 agnoscit,

2235 2415 2379 2489 quod
2407 2415 2686 2487 patiuntur
2742 2413 3063 2485 plerumque
3111 2413 3201 2484 qui
3245 2413 3383 2470 bene
3433 2412 3680 2469 credunt.
3729 2412 3844 2469 Rc-

2237 2509 2456 2581 pientur
2483 2507 2665 2563 subito
2696 2521 2859 2563 nares
2887 2508 3081 2562 anima:
3114 2506 3343 2578 spiritali
3372 2507 3568 2578 gratia,
3601 2515 3656 2561 et
3671 2507 3844 2562 sentit

2237 2602 2339 2658 sibi
2372 2602 2676 2674 praesentia:
2715 2600 2834 2671 ejus
2860 2600 3047 2655 ﬂatum
3071 2601 3317 2670 aspirare
3337 2614 3499 2670 quem
3527 2600 3719 2671 quierit
3737 2640 3754 2666 ,
3777 2609 3842 2655 et

2237 2697 2368 2753 dicit
2403 2715 2416 2751 :
2449 2696 2590 2752 Ecce
2617 2695 2720 2751 iste
2747 2695 2865 2767 ipse
2891 2704 2977 2752 est
3006 2709 3166 2766 quem
3220 2695 3472 2766 requiro,
3513 2695 3630 2766 ipse
3670 2709 3838 2766 quem

2237 2791 2509 2849 desidero.

2310 2883 2400 2940 55.
2441 2885 2631 2941 Nonne
2658 2899 2780 2940 cum
2813 2882 3016 2954 aliquid
3053 2881 3122 2939 de
3143 2881 3446 2954 Scripturis
3487 2887 3785 2954 cogitamus
3816 2925 3836 2949 ,

2239 2991 2294 3040 et
2321 2980 2763 3051 esplanationem
2794 2979 2911 3051 ejus
2942 2978 3190 3034 invenire
3210 2993 3320 3034 non
3345 2991 3632 3048 possumus
3664 2978 3840 3043 ;dnm

2238 3073 2574 3138 dubitamus,
2603 3071 2730 3126 dum
2755 3071 3071 3142 qttterimtts,
3101 3070 3280 3125 subito
3304 3071 3460 3125 nobis
3480 3071 3633 3143 quasi
3672 3085 3842 3140 super

2241 3176 2476 3234 montes,
2500 3166 2552 3221 id
2578 3173 2681 3226 est.
2709 3165 2970 3220 altissima
2989 3164 3240 3234 dogmata
3261 3162 3495 3231 videtur,
3513 3161 3838 3219 ascendere.

534 3253 713 3308 missae
744 3255 892 3309 vocis
924 3271 1116 3311 sonum
1161 3259 1404 3314 sentiens
1428 3299 1442 3325 ,
1472 3260 1605 3317 dicit
1635 3277 1648 3313 :
1688 3259 1803 3315 Vox
1842 3262 2135 3317 consobrini
2161 3252 2206 3315 C
2241 3259 2446 3315 Deinde
2474 3259 2624 3329 quasi
2654 3271 2820 3327 super
2849 3257 3020 3313 colles
3051 3270 3319 3326 apparens
3343 3254 3528 3320 nobis,
3565 3254 3843 3310 illuminat

533 3352 662 3417 mei,
695 3353 1025 3407 annuntians
1051 3369 1212 3424 quem
1244 3355 1487 3410 nuntiari
1533 3355 1637 3410 sibi
1667 3369 1793 3412 ante
1833 3357 2133 3427 quaerebat.

534 3445 710 3514 Quem
733 3447 987 3516 cupiebat
1016 3449 1086 3502 ab
1116 3449 1241 3504 aliis
1270 3450 1560 3516 suscitari,
1593 3467 1686 3506 sua
1715 3466 1874 3521 prece
1899 3453 2137 3507 resusci-

533 3549 726 3608 tatum,
749 3557 776 3594 a
795 3541 954 3597 Patre
969 3542 1273 3612 venirejam
1287 3545 1540 3610 credens,
1569 3544 1688 3599 Ireta
1707 3544 1839 3600 dicit
1858 3563 1870 3598 :
1886 3545 2002 3601 Vox
2014 3563 2136 3600 con-

534 3634 731 3690 sobrini
777 3636 897 3690 mei.
936 3636 1085 3691 Bene
1131 3636 1360 3700 addidit,
1407 3637 1702 3692 consobrini
1755 3639 1886 3705 mei;
1925 3650 1981 3694 ut
2027 3657 2134 3695 non

537 3727 680 3794 alim,
699 3727 794 3783 sed
818 3728 1150 3784 consobrina
1177 3728 1292 3784 sola
1316 3728 1418 3784 sibi
1446 3729 1567 3801 ejus
1593 3728 1896 3786 vindicaret
1934 3731 2138 3787 adven-

539 3829 671 3874 tum.

616 3915 825 3988 1565
851 3917 941 3971 3i;
987 3916 1142 3985 Ecce,
1175 3918 1369 3988 inquit,
1398 3921 1494 3974 iste
1521 3920 1726 3975 advenit
1753 3965 1768 3989 ,
1818 3921 1994 3976 adhuc
2037 3937 2138 3993 ego

537 4023 660 4063 eum
687 4023 896 4077 quaero,
928 4019 982 4064 et
1011 4010 1100 4064 ille
1123 4011 1236 4079 jam
1265 4012 1413 4066 venit
1449 4029 1461 4064 :
1501 4011 1678 4067 adhuc
1728 4027 1827 4083 ego
1883 4011 2136 4083 suffragia

535 4108 694 4169 capto
721 4111 776 4154 ut
808 4101 1008 4167 veniat,
1039 4109 1094 4156 et
1115 4101 1207 4156 ille
1227 4100 1339 4171 jam
1369 4103 1652 4171 proximus
1674 4112 1755 4158 est
1792 4120 1804 4155 :
1839 4118 1940 4174 ego
1967 4101 2140 4159 susci-

537 4190 640 4245 tari
664 4191 792 4246 mihi
821 4191 1143 4248 charitatem
1172 4192 1352 4263 cupio,
1378 4209 1478 4265 ego
1521 4209 1609 4250 me
1639 4195 1974 4250 vulneratam
2005 4196 2138 4252 cha-

540 4281 715 4337 ritatis
749 4294 901 4353 puto,
943 4293 992 4338 et
1040 4284 1108 4339 ad
1151 4300 1237 4340 me
1288 4285 1404 4355 plus
1435 4286 1549 4355 ipsa
1591 4285 1830 4341 charitas
1874 4288 2137 4344 feSIinat:

545 4391 648 4446 ego
676 4375 810 4443 dixi,
842 4376 1002 4444 veni;
1037 4378 1161 4432 salit
1189 4377 1284 4433 ille
1308 4387 1363 4433 et
1395 4379 1631 4434 transilit
1663 4398 1676 4434 :
1709 4396 1809 4452 ego
1837 4396 1968 4453 rogo
2013 4398 2138 4438 eum

543 4472 737 4526 venire
784 4487 908 4527 cum
967 4473 1168 4544 gratia,
1217 4473 1321 4528 istc
1360 4474 1660 4544 gratiarum
1713 4485 1971 4546 Operatnr
2012 4493 2143 4549 ang-

539 4571 762 4627 menta;
796 4572 850 4618 et
880 4563 1006 4618 dum
1040 4565 1208 4630 venit,
1242 4564 1579 4622 incrementa
1607 4568 1794 4639 gratia:
1822 4584 2006 4624 secum
2049 4585 2142 4626 ve-

2243 3364 2500 3419 mentem,
2531 3362 2590 3406 ut
2617 3351 2868 3406 infundat
2913 3351 3186 3416 sensibus,
3215 3348 3363 3421 quod
3397 3349 3641 3405 invenire
3677 3364 3842 3421 posse

2239 3447 2458 3504 difﬁcile
2480 3446 2801 3515 videbatur}
2834 3461 2964 3517 ergo
2991 3444 3141 3516 quasi
3171 3460 3237 3499 ex
3257 3443 3481 3499 absente
3515 3443 3573 3498 lit
3595 3457 3840 3515 praesens

2238 3543 2480 3600 Verbum
2513 3543 2566 3597 in
2597 3541 2852 3596 cordibus
2881 3542 3102 3596 nostris.
3151 3538 3220 3593 Et
3264 3553 3455 3594 rursus
3484 3553 3607 3593 cum
3635 3538 3838 3609 aliquid

2241 3635 2398 3692 nobis
2425 3634 2818 3690 subobscurum
2859 3618 2964 3698 est,
3007 3641 3280 3704 tamquam
3333 3631 3653 3686 subducitur
3703 3629 3839 3687 Ver-

2240 3730 2389 3797 bum,
2423 3738 2478 3784 et
2507 3737 2782 3799 tamquam
2809 3726 3050 3783 absentis
3079 3725 3374 3782 adventum
3413 3724 3787 3781 desideramus
3819 3740 3836 3790 ;

2240 3835 2296 3882 et
2324 3827 2516 3881 iterum
2543 3831 2793 3895 apparet,
2828 3822 3068 3878 ostendit
3103 3837 3163 3877 se
3193 3820 3350 3876 nobis
3387 3828 3662 3892 tamquam
3699 3835 3840 3890 prmo

2241 3933 2366 3975 sens
2395 3919 2468 3974 sit
2497 3916 2656 3972 nobis
2680 3917 2732 3971 in
2754 3915 2822 3972 iis
2846 3931 2965 3986 quae
2993 3914 3318 3986 requirimus
3348 3911 3762 3983 cognoscendis.

2314 4011 2403 4066 '56.
2446 4009 2584 4067 Salit
2613 4024 2743 4080 ergo
2768 4009 2822 4064 in
2865 4006 3289 4078 uniuscujusque
3315 4005 3480 4062 corde
3500 4004 3836 4077 frequenter,

2244 4105 2480 4162 transilit
2503 4115 2557 4160 et
2579 4105 2692 4160 exit
2711 4112 2764 4160 et
2779 4102 3073 4160 revertitur
3097 4119 3109 4158 :
3135 4101 3180 4156 si
3199 4101 3466 4172 sequaris,
3486 4101 3533 4155 si
3556 4100 3808 4172 requiras
3823 4141 3836 4165 ,

2242 4200 2288 4255 si
2322 4198 2419 4256 tibi
2446 4198 2684 4254 fidelium
2711 4205 2862 4268 grata
2893 4195 3266 4266 disputatione
3293 4193 3576 4249 doctorum
3599 4192 3839 4248 Verbum

2241 4293 2385 4364 quod
2409 4293 2618 4347 exierat
2644 4299 2806 4359 atque
2839 4289 3153 4354 transierat,
3212 4286 3457 4358 postules
3502 4286 3841 4342 resuscitari.

2243 4388 2396 4443 Sicut
2427 4387 2513 4441 illa
2535 4403 2656 4458 quae
2672 4385 2921 4458 quaesivit
2949 4393 3004 4440 et
3034 4383 3262 4447 invenit,
3293 4398 3414 4453 qua:
3439 4381 3581 4437 dixit
3606 4400 3619 4436 :
3652 4379 3846 4437 Frater

2243 4497 2387 4536 mens
2409 4481 2669 4545 transivit,
2695 4481 2868 4534 anima
2886 4495 2999 4534 mea
3027 4479 3185 4533 exivit
3217 4479 3272 4532 in
3315 4476 3465 4531 verba
3511 4480 3624 4550 ejus
3661 4475 3844 4549 (Cant.

2245 4590 2305 4639 ν,
2338 4574 2416 4647 6).
2453 4575 2592 4644 Ergo
2622 4574 2724 4630 etsi
2776 4587 2940 4644 super
2985 4582 3199 4630 montes
3243 4571 3388 4638 salit,
3435 4578 3706 4642 sequere:
3736 4573 3844 4628 etsi

539 4655 639 4722 hit,
670 4663 726 4710 et
749 4656 1018 4713 veniendo
1039 4658 1291 4728 acquirit,
1317 4659 1443 4730 quia
1476 4660 1656 4716 studet
1692 4661 1858 4718 etiam
1888 4663 2005 4732 ipse
2026 4679 2138 4719 suae
2166 4650 2221 4712 D
2245 4681 2409 4739 super
2434 4667 2621 4732 colles,
2651 4680 2900 4736 sequere.
2924 4664 3290 4735 Reperiuntur
3315 4665 3460 4720 enim
3491 4665 3542 4719 in
3566 4664 3844 4720 montibus

542 4751 758 4819 placere
784 4751 1020 4807 dileetze.
1053 4753 1189 4809 Salit
1215 4770 1380 4825 super
1405 4756 1629 4812 excelsa
1657 4798 1672 4823 ,
1698 4767 1756 4812 ut
1787 4759 2049 4814 ascendat
2070 4759 2138 4814 ad

539 4858 792 4912 sponsam
812 4860 826 4910 ;
846 4859 1060 4915 Sponsae
1085 4846 1227 4900 enim
1255 4847 1524 4902 thalamus
1554 4848 1790 4906 tribunal
1809 4859 1892 4904 est
1912 4849 2134 4905 Christi.

541 4939 678 4996 Salit
705 4956 870 5011 super
894 4944 1087 5007 Adam,
1121 4944 1357 4998 transilit
1398 4961 1564 5016 super
1590 4946 1974 5019 Synagogam;
2017 4949 2141 5005 salit

539 5051 706 5105 super
737 5036 963 5104 Gentes,
995 5037 1225 5092 transilit
1257 5053 1420 5108 super
1448 5038 1691 5094 Judzeos.

611 5128 702 5182 5'2.
750 5127 1039 5183 Videamus
1073 5130 1356 5186 salientem
1415 5130 1552 5186 Salit
1591 5132 1658 5186 dc
1697 5133 1836 5188 caelo
1878 5134 1929 5187 in
1968 5135 2142 5207 Virgi-

539 5239 688 5290 nem,
713 5223 782 5278 de
807 5233 960 5277 utero
994 5223 1047 5277 in
1074 5239 1338 5294 praesepe,
1372 5225 1438 5280 de
1463 5224 1702 5281 Jordane
1723 5227 1779 5280 in
1800 5241 2040 5289 crucem.
2071 5231 2140 5284 dc

541 5334 703 5373 cruce
727 5319 778 5372 in
813 5317 1078 5372 tumulum
1110 5360 1124 5386 ,
1171 5321 1222 5374 in
1272 5320 1467 5374 coelum
1511 5321 1580 5376 de
1628 5322 1903 5392 sepulcro.
1954 5322 2135 5379 Proba

543 5411 674 5465 mihi
723 5411 891 5466 David
936 5413 1245 5480 salientem,
1279 5414 1444 5482 proba
1471 5424 1825 5480 currentem;
1878 5427 1935 5470 tu
1988 5417 2136 5472 enim

537 5505 720 5560 dixisti
758 5521 772 5559 :
809 5504 1097 5560 Exsullavit
1126 5515 1178 5560 ut
1205 5509 1352 5579 gigas
1407 5506 1476 5560 ad
1529 5508 1839 5562 currendum
1885 5508 2055 5575 viam,
2105 5526 2137 5563 a

540 5619 740 5657 summo
763 5604 889 5657 caelo
911 5603 1132 5674 egressio
1159 5603 1312 5674 ejus;
1335 5612 1382 5656 et
1411 5618 1655 5657 occursus
1699 5607 1816 5677 ejus
1865 5620 2028 5675 usque
2067 5604 2137 5657 ad

541 5712 790 5750 summum
816 5700 950 5770 ejus,
996 5713 1085 5751 nec
1115 5705 1190 5750 est
1219 5697 1304 5766 qui
1330 5713 1381 5751 se
1407 5696 1689 5752 abscondat
1735 5715 1767 5752 a
1811 5697 1984 5752 calore
2023 5699 2138 5770 ejus

545 5787 717 5858 (Psal.
750 5805 901 5858 xvm,
930 5790 962 5845 6
995 5801 1042 5845 et
1074 5790 1151 5862 7).
1179 5790 1246 5845 Et
1271 5804 1414 5846 nunc
1444 5788 1592 5857 salit,
1623 5801 1834 5848 etnunc
1856 5791 2043 5860 currit,
2071 5790 2138 5847 de

609 5914 636 5942 ⁸
675 5905 792 5961 Lib.
825 5906 895 5960 de
928 5906 1095 5968 Isaac,
1125 5904 1244 5976 cap.
1277 5893 1330 5971 4.
1365 5897 1516 5962 num.
1545 5900 1638 5962 31.

2245 4773 2301 4817 et
2355 4761 2407 4816 in
2450 4759 2680 4816 collibus
2723 4768 3011 4814 venatores
3065 4758 3321 4825 Domini,
3379 4760 3468 4828 qui
3516 4757 3847 4829 investigant

2246 4868 2342 4908 eos
2371 4853 2460 4922 qui
2492 4852 2779 4920 capiuntur
2806 4849 2871 4905 ad
2906 4851 3066 4904 vitam
3097 4867 3112 4916 ;
3142 4850 3221 4905 sic
3243 4850 3388 4904 enim
3415 4849 3556 4905 dixit
3589 4865 3683 4920 per
3713 4849 3846 4906 Hie-

2246 4946 2472 5002 remiam
2505 4945 2648 4999 Deus
2682 4962 2695 4996 :
2729 4942 2861 4998 Ecce
2885 4943 3030 4997 mitto
3052 4943 3238 4998 inultos
3265 4943 3548 5016 piscatores
3580 4951 3627 4998 et
3655 4944 3847 5001 multos

2246 5050 2534 5104 venatores,
2563 5050 2610 5093 et
2630 5037 2954 5092 venabantur
2985 5053 3070 5091 €08
3090 5053 3246 5107 super
3289 5053 3492 5092 omnem
3528 5050 3752 5092 ηιοηιρηι
3795 5048 3848 5093 et

2247 5153 2401 5200 super
2430 5151 2633 5191 omnem
2658 5135 2838 5189 collem
2874 5131 3089 5206 (Jerem.
3135 5149 3246 5199 xvr,
3280 5133 3394 5204 l6).
3441 5132 3516 5188 lbi
3573 5147 3706 5204 ergo
3748 5148 3848 5205 po-

2250 5230 2407 5300 pulus
2436 5229 2530 5284 Dei
2556 5238 2830 5298 qua'ratur
2853 5235 2906 5282 et
2959 5225 3266 5280 inveniatur
3288 5226 3339 5280 in
3369 5223 3512 5280 Petri
3535 5227 3662 5280 etin
3692 5226 3846 5282 Pauli

2246 5323 2514 5385 doctrina,
2537 5321 2731 5392 gratia,
2765 5319 3053 5390 disciplint
3085 5337 3098 5384 ;
3135 5331 3191 5374 ut
3218 5335 3324 5374 non
3356 5318 3408 5373 in
3435 5319 3685 5374 coitvallc
3712 5319 3843 5384 sint,

2247 5415 2338 5471 ubi
2366 5415 2549 5480 ﬂetus,
2583 5414 2677 5469 sed
2709 5415 2761 5468 in
2787 5415 3067 5470 montibus
3102 5432 3131 5469 a
3172 5413 3370 5485 quibus
3406 5428 3846 5484 unumquemque

2243 5508 2494 5564 Christus
2521 5507 2808 5576 illutninat,
2834 5518 2890 5564 et
2918 5523 3040 5564 eum
3065 5507 3284 5563 Petrum
3309 5507 3566 5578 legimus,
3593 5505 3846 5563 Christus

2246 5601 2548 5656 illuminat:
2579 5609 2634 5655 et
2662 5615 2784 5656 cum
2817 5601 3042 5656 Paulum
3083 5600 3332 5670 legimus,
3361 5599 3613 5655 Christus
3643 5599 3846 5655 illumi-

2247 5703 2361 5750 nat.
2411 5693 2634 5750 Curavit
2663 5693 2881 5761 Paulus,
2908 5692 3538 5758 Christusilluminavit;
3581 5693 3840 5764 quoniam

2246 5790 2496 5845 invocato
2519 5788 2730 5844 Domini
2756 5787 2885 5845 Jesu
2916 5779 3158 5856 nomine,
3188 5787 3516 5856 resurrexit,
3563 5786 3720 5859 cujus
3754 5801 3843 5843 sa-

2323 5903 2349 5942 ιι
2391 5887 2446 5959 in
2479 5905 2615 5974 psal.
2642 5894 2803 5960 cxvnt
2843 5921 3008 5960 serm.
3037 5905 3091 5966 ϐ,
3120 5895 3269 5959 num.
3307 5889 3464 5960 543.
