  <div class='ocr_page' id='page_1' title='image "/cluster/home/n/w/nwhite01/storage/ocr_20150623/15/hvd.32044015471311/352.png"; bbox 0 0 4040 6480; ppageno 0'>
   <div class='ocr_carea' id='block_1_1' title="bbox 65 387 209 443">
    <p class='ocr_par' dir='ltr' id='par_1_1' title="bbox 65 387 209 443">
     <span class='ocr_line' id='line_1_1' title="bbox 65 387 209 443; baseline 0.007 -1"><span class='ocrx_word' id='word_1_1' title='bbox 65 387 209 443; x_wconf 68' lang='grc'><strong>881</strong></span> 
     </span>
    </p>
   </div>
   <div class='ocr_carea' id='block_1_2' title="bbox 1117 381 2449 443">
    <p class='ocr_par' dir='ltr' id='par_1_2' title="bbox 1117 381 2449 443">
     <span class='ocr_line' id='line_1_2' title="bbox 1117 381 2449 443; baseline 0.002 -6"><span class='ocrx_word' id='word_1_2' title='bbox 1117 381 1160 437; x_wconf 86' lang='grc' dir='ltr'>Ε</span> <span class='ocrx_word' id='word_1_3' title='bbox 1201 381 1518 440; x_wconf 70' lang='lat' dir='ltr'><strong>SCRll‘TlS</strong></span> <span class='ocrx_word' id='word_1_4' title='bbox 1559 384 1615 442; x_wconf 89' lang='lat' dir='ltr'><strong>S.</strong></span> <span class='ocrx_word' id='word_1_5' title='bbox 1660 383 1986 443; x_wconf 74' lang='lat' dir='ltr'><strong>AMBROSII</strong></span> <span class='ocrx_word' id='word_1_6' title='bbox 2022 383 2449 442; x_wconf 78' lang='lat' dir='ltr'><strong>COLLECTUS.</strong></span> 
     </span>
    </p>
   </div>
   <div class='ocr_carea' id='block_1_3' title="bbox 3300 387 3443 445">
    <p class='ocr_par' dir='ltr' id='par_1_3' title="bbox 3300 387 3443 445">
     <span class='ocr_line' id='line_1_3' title="bbox 3300 387 3443 445; baseline -0.007 0"><span class='ocrx_word' id='word_1_7' title='bbox 3300 387 3443 445; x_wconf 71' lang='grc'><strong>1882</strong></span> 
     </span>
    </p>
   </div>
   <div class='ocr_carea' id='block_1_4' title="bbox 51 493 3444 576">
    <p class='ocr_par' dir='ltr' id='par_1_4' title="bbox 51 493 3444 576">
     <span class='ocr_line' id='line_1_4' title="bbox 51 493 3444 576; baseline 0.002 -22"><span class='ocrx_word' id='word_1_8' title='bbox 51 508 248 554; x_wconf 76' lang='lat' dir='ltr'><strong>tatus</strong></span> <span class='ocrx_word' id='word_1_9' title='bbox 312 507 428 554; x_wconf 80' lang='lat' dir='ltr'><strong>est</strong></span> <span class='ocrx_word' id='word_1_10' title='bbox 484 510 729 552; x_wconf 91' lang='lat' dir='ltr'><strong>munere.</strong></span> <span class='ocrx_word' id='word_1_11' title='bbox 793 493 1094 552; x_wconf 85' lang='lat' dir='ltr'><strong>Suscitavit</strong></span> <span class='ocrx_word' id='word_1_12' title='bbox 1152 505 1424 552; x_wconf 91' lang='lat' dir='ltr'><strong>mortuam</strong></span> <span class='ocrx_word' id='word_1_13' title='bbox 1490 497 1681 554; x_wconf 85' lang='lat' dir='ltr'><strong>Petrus</strong></span> <span class='ocrx_word' id='word_1_14' title='bbox 1723 540 1736 565; x_wconf 94' lang='lat'><strong>,</strong></span> <span class='ocrx_word' id='word_1_15' title='bbox 1767 499 1818 562; x_wconf 80' lang='grc' dir='ltr'>Α</span> <span class='ocrx_word' id='word_1_16' title='bbox 1844 507 1900 555; x_wconf 92' lang='lat' dir='ltr'><strong>et</strong></span> <span class='ocrx_word' id='word_1_17' title='bbox 1932 501 2334 558; x_wconf 93' lang='lat' dir='ltr'><strong>transilientem</strong></span> <span class='ocrx_word' id='word_1_18' title='bbox 2359 515 2477 569; x_wconf 82' lang='lat' dir='ltr'><strong>eos,</strong></span> <span class='ocrx_word' id='word_1_19' title='bbox 2510 501 2601 574; x_wconf 90' lang='lat' dir='ltr'><strong>qui</strong></span> <span class='ocrx_word' id='word_1_20' title='bbox 2627 501 2841 559; x_wconf 87' lang='lat' dir='ltr'><strong>inﬁrmo</strong></span> <span class='ocrx_word' id='word_1_21' title='bbox 2858 501 3024 559; x_wconf 90' lang='lat' dir='ltr'><strong>corde</strong></span> <span class='ocrx_word' id='word_1_22' title='bbox 3039 501 3294 561; x_wconf 90' lang='lat' dir='ltr'><strong>virtutem</strong></span> <span class='ocrx_word' id='word_1_23' title='bbox 3325 505 3444 576; x_wconf 94' lang='lat' dir='ltr'><strong>ejus</strong></span> 
     </span>
    </p>
   </div>
   <div class='ocr_carea' id='block_1_5' title="bbox 52 585 1736 657">
    <p class='ocr_par' dir='ltr' id='par_1_5' title="bbox 52 585 1736 657">
     <span class='ocr_line' id='line_1_5' title="bbox 52 585 1736 657; baseline 0 -10"><span class='ocrx_word' id='word_1_24' title='bbox 52 590 370 648; x_wconf 66' lang='lat' dir='ltr'><strong>lliristus</strong></span> <span class='ocrx_word' id='word_1_25' title='bbox 416 585 782 657; x_wconf 87' lang='lat' dir='ltr'><strong>illuminavit;</strong></span> <span class='ocrx_word' id='word_1_26' title='bbox 813 599 870 647; x_wconf 89' lang='lat' dir='ltr'><strong>et</strong></span> <span class='ocrx_word' id='word_1_27' title='bbox 899 589 1022 647; x_wconf 91' lang='lat' dir='ltr'><strong>ideo</strong></span> <span class='ocrx_word' id='word_1_28' title='bbox 1037 591 1114 645; x_wconf 91' lang='lat' dir='ltr'><strong>ait</strong></span> <span class='ocrx_word' id='word_1_29' title='bbox 1147 608 1161 645; x_wconf 76' lang='grc' dir='ltr'>ε</span> <span class='ocrx_word' id='word_1_30' title='bbox 1191 589 1508 646; x_wconf 83' lang='lat' dir='ltr'><strong>llluminans</strong></span> <span class='ocrx_word' id='word_1_31' title='bbox 1540 602 1595 646; x_wconf 86' lang='lat' dir='ltr'><strong>tu</strong></span> <span class='ocrx_word' id='word_1_32' title='bbox 1625 593 1736 648; x_wconf 85' lang='lat' dir='ltr'><strong>mi-</strong></span> 
     </span>
    </p>
   </div>
   <div class='ocr_carea' id='block_1_6' title="bbox 52 684 1497 758">
    <p class='ocr_par' dir='ltr' id='par_1_6' title="bbox 52 684 1497 758">
     <span class='ocr_line' id='line_1_6' title="bbox 52 684 1497 758; baseline -0.001 -16"><span class='ocrx_word' id='word_1_33' title='bbox 52 688 358 742; x_wconf 62' lang='lat' dir='ltr'><strong>mbiliter</strong></span> <span class='ocrx_word' id='word_1_34' title='bbox 395 705 438 741; x_wconf 88' lang='lat' dir='ltr'><strong>a</strong></span> <span class='ocrx_word' id='word_1_35' title='bbox 462 686 718 742; x_wconf 75' lang='lat' dir='ltr'><strong>montibus</strong></span> <span class='ocrx_word' id='word_1_36' title='bbox 749 687 956 740; x_wconf 81' lang='lat' dir='ltr'><strong>teternis</strong></span> <span class='ocrx_word' id='word_1_37' title='bbox 990 684 1165 758; x_wconf 81' lang='lat' dir='ltr'><strong>(Psal.</strong></span> <span class='ocrx_word' id='word_1_38' title='bbox 1221 703 1384 754; x_wconf 83' lang='lat' dir='ltr'><strong>Lxxv,</strong></span> <span class='ocrx_word' id='word_1_39' title='bbox 1417 687 1497 758; x_wconf 86' lang='lat'><strong>5).</strong></span> 
     </span>
    </p>
   </div>
   <div class='ocr_carea' id='block_1_7' title="bbox 133 779 1733 850">
    <p class='ocr_par' dir='ltr' id='par_1_7' title="bbox 133 779 1733 850">
     <span class='ocr_line' id='line_1_7' title="bbox 133 779 1733 850; baseline 0 -16"><span class='ocrx_word' id='word_1_40' title='bbox 133 781 255 834; x_wconf 76' lang='grc'><strong>57.</strong></span> <span class='ocrx_word' id='word_1_41' title='bbox 317 779 459 834; x_wconf 84' lang='lat' dir='ltr'><strong>Nos</strong></span> <span class='ocrx_word' id='word_1_42' title='bbox 491 779 654 847; x_wconf 76' lang='lat' dir='ltr'><strong>igitur</strong></span> <span class='ocrx_word' id='word_1_43' title='bbox 696 779 786 848; x_wconf 86' lang='lat' dir='ltr'><strong>qui</strong></span> <span class='ocrx_word' id='word_1_44' title='bbox 840 789 1054 835; x_wconf 89' lang='lat' dir='ltr'><strong>montes</strong></span> <span class='ocrx_word' id='word_1_45' title='bbox 1100 793 1222 835; x_wconf 87' lang='lat' dir='ltr'><strong>esse</strong></span> <span class='ocrx_word' id='word_1_46' title='bbox 1271 795 1376 833; x_wconf 90' lang='lat' dir='ltr'><strong>non</strong></span> <span class='ocrx_word' id='word_1_47' title='bbox 1429 794 1733 850; x_wconf 86' lang='lat' dir='ltr'><strong>possumus,</strong></span> 
     </span>
    </p>
   </div>
   <div class='ocr_carea' id='block_1_8' title="bbox 51 872 1734 946">
    <p class='ocr_par' dir='ltr' id='par_1_8' title="bbox 51 872 1734 946">
     <span class='ocr_line' id='line_1_8' title="bbox 51 872 1734 946; baseline 0.001 -19"><span class='ocrx_word' id='word_1_48' title='bbox 51 881 315 929; x_wconf 81' lang='lat' dir='ltr'><strong>stemus</strong></span> <span class='ocrx_word' id='word_1_49' title='bbox 386 872 615 946; x_wconf 78' lang='lat'><strong>1566</strong></span> <span class='ocrx_word' id='word_1_50' title='bbox 643 873 696 928; x_wconf 89' lang='lat' dir='ltr'><strong>in</strong></span> <span class='ocrx_word' id='word_1_51' title='bbox 725 873 1003 929; x_wconf 85' lang='lat' dir='ltr'><strong>montibus</strong></span> <span class='ocrx_word' id='word_1_52' title='bbox 1027 873 1110 928; x_wconf 85' lang='lat' dir='ltr'><strong>vel</strong></span> <span class='ocrx_word' id='word_1_53' title='bbox 1152 873 1204 928; x_wconf 90' lang='lat' dir='ltr'><strong>in</strong></span> <span class='ocrx_word' id='word_1_54' title='bbox 1233 873 1462 928; x_wconf 90' lang='lat' dir='ltr'><strong>collibus</strong></span> <span class='ocrx_word' id='word_1_55' title='bbox 1488 889 1502 938; x_wconf 89' lang='lat'><strong>;</strong></span> <span class='ocrx_word' id='word_1_56' title='bbox 1532 882 1591 928; x_wconf 96' lang='grc' dir='ltr'><strong>ιιι</strong></span> <span class='ocrx_word' id='word_1_57' title='bbox 1615 888 1734 929; x_wconf 92' lang='lat' dir='ltr'><strong>cum</strong></span> 
     </span>
    </p>
   </div>
   <div class='ocr_carea' id='block_1_9' title="bbox 51 967 1732 1039">
    <p class='ocr_par' dir='ltr' id='par_1_9' title="bbox 51 967 1732 1039">
     <span class='ocr_line' id='line_1_9' title="bbox 51 967 1732 1039; baseline 0 -15"><span class='ocrx_word' id='word_1_58' title='bbox 51 968 322 1024; x_wconf 85' lang='lat' dir='ltr'><strong>miserit.</strong></span> <span class='ocrx_word' id='word_1_59' title='bbox 397 969 712 1039; x_wconf 87' lang='lat' dir='ltr'><strong>piscatores</strong></span> <span class='ocrx_word' id='word_1_60' title='bbox 761 983 891 1024; x_wconf 88' lang='lat' dir='ltr'><strong>suos</strong></span> <span class='ocrx_word' id='word_1_61' title='bbox 953 967 1213 1024; x_wconf 80' lang='lat' dir='ltr'><strong>Dominus</strong></span> <span class='ocrx_word' id='word_1_62' title='bbox 1286 977 1342 1024; x_wconf 89' lang='lat' dir='ltr'><strong>et</strong></span> <span class='ocrx_word' id='word_1_63' title='bbox 1403 977 1732 1036; x_wconf 84' lang='lat' dir='ltr'><strong>venatores,</strong></span> 
     </span>
    </p>
   </div>
   <div class='ocr_carea' id='block_1_10' title="bbox 51 1063 1732 1134">
    <p class='ocr_par' dir='ltr' id='par_1_10' title="bbox 51 1063 1732 1134">
     <span class='ocr_line' id='line_1_10' title="bbox 51 1063 1732 1134; baseline 0 -16"><span class='ocrx_word' id='word_1_64' title='bbox 51 1072 122 1120; x_wconf 85' lang='lat' dir='ltr'><strong>ut</strong></span> <span class='ocrx_word' id='word_1_65' title='bbox 194 1072 524 1119; x_wconf 80' lang='lat' dir='ltr'><strong>venentur</strong></span> <span class='ocrx_word' id='word_1_66' title='bbox 576 1077 672 1120; x_wconf 91' lang='lat' dir='ltr'><strong>eos</strong></span> <span class='ocrx_word' id='word_1_67' title='bbox 724 1063 814 1134; x_wconf 88' lang='lat' dir='ltr'><strong>qui</strong></span> <span class='ocrx_word' id='word_1_68' title='bbox 844 1077 1006 1134; x_wconf 83' lang='lat' dir='ltr'><strong>supra</strong></span> <span class='ocrx_word' id='word_1_69' title='bbox 1039 1077 1256 1119; x_wconf 87' lang='lat' dir='ltr'><strong>onmem</strong></span> <span class='ocrx_word' id='word_1_70' title='bbox 1307 1071 1546 1118; x_wconf 84' lang='lat' dir='ltr'><strong>montem</strong></span> <span class='ocrx_word' id='word_1_71' title='bbox 1577 1074 1732 1131; x_wconf 90' lang='lat' dir='ltr'><strong>sunt,</strong></span> 
     </span>
    </p>
   </div>
   <div class='ocr_carea' id='block_1_11' title="bbox 56 1155 1738 1228">
    <p class='ocr_par' dir='ltr' id='par_1_11' title="bbox 56 1155 1738 1228">
     <span class='ocr_line' id='line_1_11' title="bbox 56 1155 1738 1228; baseline 0 -17"><span class='ocrx_word' id='word_1_72' title='bbox 56 1157 163 1212; x_wconf 86' lang='lat' dir='ltr'><strong>vel</strong></span> <span class='ocrx_word' id='word_1_73' title='bbox 199 1170 416 1226; x_wconf 84' lang='lat' dir='ltr'><strong>super</strong></span> <span class='ocrx_word' id='word_1_74' title='bbox 450 1171 670 1212; x_wconf 89' lang='lat' dir='ltr'><strong>omnem</strong></span> <span class='ocrx_word' id='word_1_75' title='bbox 703 1156 901 1212; x_wconf 91' lang='lat' dir='ltr'><strong>collem</strong></span> <span class='ocrx_word' id='word_1_76' title='bbox 929 1197 945 1222; x_wconf 91' lang='lat'><strong>,</strong></span> <span class='ocrx_word' id='word_1_77' title='bbox 980 1155 1032 1211; x_wconf 93' lang='lat' dir='ltr'><strong>id</strong></span> <span class='ocrx_word' id='word_1_78' title='bbox 1065 1164 1172 1221; x_wconf 91' lang='lat' dir='ltr'><strong>est,</strong></span> <span class='ocrx_word' id='word_1_79' title='bbox 1219 1155 1274 1210; x_wconf 91' lang='lat' dir='ltr'><strong>in</strong></span> <span class='ocrx_word' id='word_1_80' title='bbox 1327 1156 1463 1225; x_wconf 82' lang='lat' dir='ltr'><strong>legis</strong></span> <span class='ocrx_word' id='word_1_81' title='bbox 1520 1165 1576 1212; x_wconf 90' lang='lat' dir='ltr'><strong>et</strong></span> <span class='ocrx_word' id='word_1_82' title='bbox 1606 1171 1738 1228; x_wconf 86' lang='lat' dir='ltr'><strong>pro-</strong></span> 
     </span>
    </p>
   </div>
   <div class='ocr_carea' id='block_1_12' title="bbox 52 1247 1737 1322">
    <p class='ocr_par' dir='ltr' id='par_1_12' title="bbox 52 1247 1737 1322">
     <span class='ocr_line' id='line_1_12' title="bbox 52 1247 1737 1322; baseline -0.001 -17"><span class='ocrx_word' id='word_1_83' title='bbox 52 1250 424 1322; x_wconf 85' lang='lat' dir='ltr'><strong>phetarum</strong></span> <span class='ocrx_word' id='word_1_84' title='bbox 493 1249 825 1320; x_wconf 63' lang='lat' dir='ltr'><strong>praeceptis;</strong></span> <span class='ocrx_word' id='word_1_85' title='bbox 887 1258 942 1305; x_wconf 90' lang='lat' dir='ltr'><strong>et</strong></span> <span class='ocrx_word' id='word_1_86' title='bbox 1006 1249 1131 1304; x_wconf 86' lang='lat' dir='ltr'><strong>novi</strong></span> <span class='ocrx_word' id='word_1_87' title='bbox 1179 1257 1237 1304; x_wconf 90' lang='lat' dir='ltr'><strong>et</strong></span> <span class='ocrx_word' id='word_1_88' title='bbox 1289 1247 1489 1304; x_wconf 84' lang='lat' dir='ltr'><strong>veteris</strong></span> <span class='ocrx_word' id='word_1_89' title='bbox 1545 1248 1737 1305; x_wconf 85' lang='lat' dir='ltr'><strong>Testa-</strong></span> 
     </span>
    </p>
   </div>
   <div class='ocr_carea' id='block_1_13' title="bbox 60 1339 1725 1413">
    <p class='ocr_par' dir='ltr' id='par_1_13' title="bbox 60 1339 1725 1413">
     <span class='ocr_line' id='line_1_13' title="bbox 60 1339 1725 1413; baseline -0.001 -16"><span class='ocrx_word' id='word_1_90' title='bbox 60 1342 272 1398; x_wconf 89' lang='lat' dir='ltr'><strong>menti</strong></span> <span class='ocrx_word' id='word_1_91' title='bbox 313 1340 656 1413; x_wconf 81' lang='lat' dir='ltr'><strong>cognitione</strong></span> <span class='ocrx_word' id='word_1_92' title='bbox 699 1355 916 1395; x_wconf 90' lang='lat' dir='ltr'><strong>omnem</strong></span> <span class='ocrx_word' id='word_1_93' title='bbox 939 1339 1200 1396; x_wconf 88' lang='lat' dir='ltr'><strong>habentes</strong></span> <span class='ocrx_word' id='word_1_94' title='bbox 1231 1341 1725 1407; x_wconf 81' lang='lat' dir='ltr'><strong>conversationem,</strong></span> 
     </span>
    </p>
   </div>
   <div class='ocr_carea' id='block_1_14' title="bbox 65 1433 1733 1506">
    <p class='ocr_par' dir='ltr' id='par_1_14' title="bbox 65 1433 1733 1506">
     <span class='ocr_line' id='line_1_14' title="bbox 65 1433 1733 1506; baseline 0 -16"><span class='ocrx_word' id='word_1_95' title='bbox 65 1434 418 1491; x_wconf 86' lang='lat' dir='ltr'><strong>inveniant.</strong></span> <span class='ocrx_word' id='word_1_96' title='bbox 449 1449 548 1490; x_wconf 88' lang='lat' dir='ltr'><strong>nos</strong></span> <span class='ocrx_word' id='word_1_97' title='bbox 582 1442 798 1504; x_wconf 85' lang='lat' dir='ltr'><strong>paratos</strong></span> <span class='ocrx_word' id='word_1_98' title='bbox 818 1475 834 1500; x_wconf 91' lang='lat'><strong>,</strong></span> <span class='ocrx_word' id='word_1_99' title='bbox 868 1443 922 1489; x_wconf 92' lang='lat' dir='ltr'><strong>et</strong></span> <span class='ocrx_word' id='word_1_100' title='bbox 952 1433 1101 1488; x_wconf 85' lang='lat' dir='ltr'><strong>velut</strong></span> <span class='ocrx_word' id='word_1_101' title='bbox 1132 1435 1299 1488; x_wconf 85' lang='lat' dir='ltr'><strong>bonas</strong></span> <span class='ocrx_word' id='word_1_102' title='bbox 1327 1434 1588 1506; x_wconf 77' lang='lat' dir='ltr'><strong>colligant</strong></span> <span class='ocrx_word' id='word_1_103' title='bbox 1619 1434 1733 1505; x_wconf 86' lang='lat' dir='ltr'><strong>spi-</strong></span> 
     </span>
    </p>
   </div>
   <div class='ocr_carea' id='block_1_15' title="bbox 70 1529 1734 1602">
    <p class='ocr_par' dir='ltr' id='par_1_15' title="bbox 70 1529 1734 1602">
     <span class='ocr_line' id='line_1_15' title="bbox 70 1529 1734 1602; baseline 0.002 -18"><span class='ocrx_word' id='word_1_104' title='bbox 70 1544 209 1594; x_wconf 87' lang='lat' dir='ltr'><strong>cas,</strong></span> <span class='ocrx_word' id='word_1_105' title='bbox 246 1538 588 1600; x_wconf 89' lang='lat' dir='ltr'><strong>opportuno</strong></span> <span class='ocrx_word' id='word_1_106' title='bbox 613 1529 761 1584; x_wconf 87' lang='lat' dir='ltr'><strong>missi</strong></span> <span class='ocrx_word' id='word_1_107' title='bbox 791 1543 1060 1585; x_wconf 90' lang='lat' dir='ltr'><strong>messores</strong></span> <span class='ocrx_word' id='word_1_108' title='bbox 1082 1538 1324 1601; x_wconf 89' lang='lat' dir='ltr'><strong>tempore</strong></span> <span class='ocrx_word' id='word_1_109' title='bbox 1349 1547 1363 1593; x_wconf 88' lang='lat'><strong>;</strong></span> <span class='ocrx_word' id='word_1_110' title='bbox 1391 1531 1514 1599; x_wconf 84' lang='lat' dir='ltr'><strong>quia</strong></span> <span class='ocrx_word' id='word_1_111' title='bbox 1538 1530 1582 1585; x_wconf 90' lang='lat' dir='ltr'><strong>si</strong></span> <span class='ocrx_word' id='word_1_112' title='bbox 1611 1531 1734 1602; x_wconf 89' lang='lat' dir='ltr'><strong>quis</strong></span> 
     </span>
    </p>
   </div>
   <div class='ocr_carea' id='block_1_16' title="bbox 74 1621 1734 1696">
    <p class='ocr_par' dir='ltr' id='par_1_16' title="bbox 74 1621 1734 1696">
     <span class='ocr_line' id='line_1_16' title="bbox 74 1621 1734 1696; baseline 0.003 -18"><span class='ocrx_word' id='word_1_113' title='bbox 74 1633 263 1678; x_wconf 81' lang='lat' dir='ltr'><strong>extra</strong></span> <span class='ocrx_word' id='word_1_114' title='bbox 307 1630 572 1677; x_wconf 81' lang='lat' dir='ltr'><strong>montem</strong></span> <span class='ocrx_word' id='word_1_115' title='bbox 617 1631 710 1676; x_wconf 90' lang='lat' dir='ltr'><strong>aut</strong></span> <span class='ocrx_word' id='word_1_116' title='bbox 757 1622 954 1677; x_wconf 92' lang='lat' dir='ltr'><strong>collem</strong></span> <span class='ocrx_word' id='word_1_117' title='bbox 997 1621 1160 1677; x_wconf 89' lang='lat' dir='ltr'><strong>fuerit</strong></span> <span class='ocrx_word' id='word_1_118' title='bbox 1215 1634 1497 1694; x_wconf 87' lang='lat' dir='ltr'><strong>repertus,</strong></span> <span class='ocrx_word' id='word_1_119' title='bbox 1549 1625 1734 1696; x_wconf 81' lang='lat' dir='ltr'><strong>colligi</strong></span> 
     </span>
    </p>
   </div>
   <div class='ocr_carea' id='block_1_17' title="bbox 81 1714 1732 1789">
    <p class='ocr_par' dir='ltr' id='par_1_17' title="bbox 81 1714 1732 1789">
     <span class='ocr_line' id='line_1_17' title="bbox 81 1714 1732 1789; baseline 0.003 -20"><span class='ocrx_word' id='word_1_120' title='bbox 81 1714 261 1770; x_wconf 89' lang='lat' dir='ltr'><strong>velut</strong></span> <span class='ocrx_word' id='word_1_121' title='bbox 301 1715 463 1770; x_wconf 88' lang='lat' dir='ltr'><strong>bona</strong></span> <span class='ocrx_word' id='word_1_122' title='bbox 492 1714 641 1786; x_wconf 88' lang='lat' dir='ltr'><strong>spica</strong></span> <span class='ocrx_word' id='word_1_123' title='bbox 676 1731 784 1770; x_wconf 90' lang='lat' dir='ltr'><strong>non</strong></span> <span class='ocrx_word' id='word_1_124' title='bbox 814 1716 1013 1785; x_wconf 90' lang='lat' dir='ltr'><strong>poterit</strong></span> <span class='ocrx_word' id='word_1_125' title='bbox 1039 1716 1107 1771; x_wconf 90' lang='lat' dir='ltr'><strong>ab</strong></span> <span class='ocrx_word' id='word_1_126' title='bbox 1134 1716 1240 1783; x_wconf 92' lang='lat' dir='ltr'><strong>his,</strong></span> <span class='ocrx_word' id='word_1_127' title='bbox 1271 1719 1360 1788; x_wconf 91' lang='lat' dir='ltr'><strong>qui</strong></span> <span class='ocrx_word' id='word_1_128' title='bbox 1417 1727 1474 1773; x_wconf 92' lang='lat' dir='ltr'><strong>ut</strong></span> <span class='ocrx_word' id='word_1_129' title='bbox 1512 1735 1732 1789; x_wconf 89' lang='lat' dir='ltr'><strong>compa-</strong></span> 
     </span>
    </p>
   </div>
   <div class='ocr_carea' id='block_1_18' title="bbox 83 1809 1732 1886">
    <p class='ocr_par' dir='ltr' id='par_1_18' title="bbox 83 1809 1732 1886">
     <span class='ocr_line' id='line_1_18' title="bbox 83 1809 1732 1886; baseline 0.002 -19"><span class='ocrx_word' id='word_1_130' title='bbox 83 1810 351 1867; x_wconf 83' lang='lat' dir='ltr'><strong>rationis</strong></span> <span class='ocrx_word' id='word_1_131' title='bbox 389 1809 659 1866; x_wconf 79' lang='lat' dir='ltr'><strong>faciamus</strong></span> <span class='ocrx_word' id='word_1_132' title='bbox 682 1809 909 1866; x_wconf 82' lang='lat' dir='ltr'><strong>alterius</strong></span> <span class='ocrx_word' id='word_1_133' title='bbox 929 1813 1284 1879; x_wconf 90' lang='lat' dir='ltr'><strong>mentionem,</strong></span> <span class='ocrx_word' id='word_1_134' title='bbox 1310 1814 1548 1870; x_wconf 85' lang='lat' dir='ltr'><strong>triticum</strong></span> <span class='ocrx_word' id='word_1_135' title='bbox 1576 1832 1604 1870; x_wconf 90' lang='lat' dir='ltr'><strong>a</strong></span> <span class='ocrx_word' id='word_1_136' title='bbox 1640 1832 1732 1886; x_wconf 90' lang='lat' dir='ltr'><strong>pa-</strong></span> 
     </span>
    </p>
   </div>
   <div class='ocr_carea' id='block_1_19' title="bbox 1840 595 3444 670">
    <p class='ocr_par' dir='ltr' id='par_1_19' title="bbox 1840 595 3444 670">
     <span class='ocr_line' id='line_1_19' title="bbox 1840 595 3444 670; baseline 0.004 -21"><span class='ocrx_word' id='word_1_137' title='bbox 1840 607 2040 663; x_wconf 87' lang='lat' dir='ltr'><strong>capere</strong></span> <span class='ocrx_word' id='word_1_138' title='bbox 2097 608 2204 649; x_wconf 92' lang='lat' dir='ltr'><strong>non</strong></span> <span class='ocrx_word' id='word_1_139' title='bbox 2263 603 2550 666; x_wconf 89' lang='lat' dir='ltr'><strong>possunt:</strong></span> <span class='ocrx_word' id='word_1_140' title='bbox 2604 595 2806 652; x_wconf 92' lang='lat' dir='ltr'><strong>deinde</strong></span> <span class='ocrx_word' id='word_1_141' title='bbox 2872 597 3293 670; x_wconf 84' lang='lat' dir='ltr'><strong>prospicientem</strong></span> <span class='ocrx_word' id='word_1_142' title='bbox 3349 614 3444 670; x_wconf 87' lang='lat' dir='ltr'><strong>per</strong></span> 
     </span>
    </p>
   </div>
   <div class='ocr_carea' id='block_1_20' title="bbox 1841 687 3443 760">
    <p class='ocr_par' dir='ltr' id='par_1_20' title="bbox 1841 687 3443 760">
     <span class='ocr_line' id='line_1_20' title="bbox 1841 687 3443 760; baseline 0.004 -19"><span class='ocrx_word' id='word_1_143' title='bbox 1841 687 2128 757; x_wconf 64' lang='lat' dir='ltr'><strong>(enigmata</strong></span> <span class='ocrx_word' id='word_1_144' title='bbox 2157 688 2570 758; x_wconf 89' lang='lat' dir='ltr'><strong>prophetarum,</strong></span> <span class='ocrx_word' id='word_1_145' title='bbox 2596 689 2829 760; x_wconf 83' lang='lat' dir='ltr'><strong>legendo</strong></span> <span class='ocrx_word' id='word_1_146' title='bbox 2857 705 2976 757; x_wconf 90' lang='lat' dir='ltr'><strong>eos,</strong></span> <span class='ocrx_word' id='word_1_147' title='bbox 3008 700 3063 748; x_wconf 89' lang='lat' dir='ltr'><strong>et</strong></span> <span class='ocrx_word' id='word_1_148' title='bbox 3093 692 3326 748; x_wconf 90' lang='lat' dir='ltr'><strong>tenendo</strong></span> <span class='ocrx_word' id='word_1_149' title='bbox 3347 707 3443 748; x_wconf 84' lang='lat' dir='ltr'><strong>eo-</strong></span> 
     </span>
    </p>
   </div>
   <div class='ocr_carea' id='block_1_21' title="bbox 1840 780 3438 852">
    <p class='ocr_par' dir='ltr' id='par_1_21' title="bbox 1840 780 3438 852">
     <span class='ocr_line' id='line_1_21' title="bbox 1840 780 3438 852; baseline 0.003 -18"><span class='ocrx_word' id='word_1_150' title='bbox 1840 794 1960 834; x_wconf 87' lang='lat' dir='ltr'><strong>rum</strong></span> <span class='ocrx_word' id='word_1_151' title='bbox 1992 794 2316 846; x_wconf 89' lang='lat' dir='ltr'><strong>sermones;</strong></span> <span class='ocrx_word' id='word_1_152' title='bbox 2349 780 2495 837; x_wconf 82' lang='lat' dir='ltr'><strong>videt</strong></span> <span class='ocrx_word' id='word_1_153' title='bbox 2523 782 2670 837; x_wconf 90' lang='lat' dir='ltr'><strong>enim</strong></span> <span class='ocrx_word' id='word_1_154' title='bbox 2704 781 3148 852; x_wconf 90' lang='lat' dir='ltr'><strong>prospicientem,</strong></span> <span class='ocrx_word' id='word_1_155' title='bbox 3171 783 3267 839; x_wconf 94' lang='lat' dir='ltr'><strong>sed</strong></span> <span class='ocrx_word' id='word_1_156' title='bbox 3287 783 3438 851; x_wconf 86' lang='lat' dir='ltr'><strong>quasi</strong></span> 
     </span>
    </p>
   </div>
   <div class='ocr_carea' id='block_1_22' title="bbox 1841 870 3441 946">
    <p class='ocr_par' dir='ltr' id='par_1_22' title="bbox 1841 870 3441 946">
     <span class='ocr_line' id='line_1_22' title="bbox 1841 870 3441 946; baseline 0.006 -22"><span class='ocrx_word' id='word_1_157' title='bbox 1841 885 1940 941; x_wconf 91' lang='lat' dir='ltr'><strong>per</strong></span> <span class='ocrx_word' id='word_1_158' title='bbox 1966 870 2287 940; x_wconf 90' lang='lat' dir='ltr'><strong>fenestram,</strong></span> <span class='ocrx_word' id='word_1_159' title='bbox 2327 889 2436 928; x_wconf 93' lang='lat' dir='ltr'><strong>non</strong></span> <span class='ocrx_word' id='word_1_160' title='bbox 2480 875 2634 944; x_wconf 86' lang='lat' dir='ltr'><strong>quasi</strong></span> <span class='ocrx_word' id='word_1_161' title='bbox 2676 873 2851 929; x_wconf 88' lang='lat' dir='ltr'><strong>adhuc</strong></span> <span class='ocrx_word' id='word_1_162' title='bbox 2878 885 3230 946; x_wconf 72' lang='lat' dir='ltr'><strong>przesentem.</strong></span> <span class='ocrx_word' id='word_1_163' title='bbox 3279 876 3441 934; x_wconf 81' lang='lat' dir='ltr'><strong>Videt</strong></span> 
     </span>
    </p>
   </div>
   <div class='ocr_carea' id='block_1_23' title="bbox 1840 964 3438 1040">
    <p class='ocr_par' dir='ltr' id='par_1_23' title="bbox 1840 964 3438 1040">
     <span class='ocr_line' id='line_1_23' title="bbox 1840 964 3438 1040; baseline 0.003 -20"><span class='ocrx_word' id='word_1_164' title='bbox 1840 964 2172 1021; x_wconf 83' lang='lat' dir='ltr'><strong>eminentem</strong></span> <span class='ocrx_word' id='word_1_165' title='bbox 2197 981 2364 1037; x_wconf 90' lang='lat' dir='ltr'><strong>super</strong></span> <span class='ocrx_word' id='word_1_166' title='bbox 2393 967 2549 1024; x_wconf 91' lang='lat' dir='ltr'><strong>retia.</strong></span> <span class='ocrx_word' id='word_1_167' title='bbox 2573 967 2712 1036; x_wconf 85' lang='lat' dir='ltr'><strong>Quid</strong></span> <span class='ocrx_word' id='word_1_168' title='bbox 2733 976 2819 1024; x_wconf 89' lang='lat' dir='ltr'><strong>est</strong></span> <span class='ocrx_word' id='word_1_169' title='bbox 2853 967 2956 1024; x_wconf 90' lang='lat' dir='ltr'><strong>hoc</strong></span> <span class='ocrx_word' id='word_1_170' title='bbox 2974 969 2998 1023; x_wconf 86' lang='lat'><strong>?</strong></span> <span class='ocrx_word' id='word_1_171' title='bbox 3013 968 3126 1026; x_wconf 86' lang='lat' dir='ltr'><strong>Nisi</strong></span> <span class='ocrx_word' id='word_1_172' title='bbox 3153 969 3292 1026; x_wconf 87' lang='lat' dir='ltr'><strong>forte</strong></span> <span class='ocrx_word' id='word_1_173' title='bbox 3313 971 3438 1040; x_wconf 87' lang='lat' dir='ltr'><strong>quia</strong></span> 
     </span>
    </p>
   </div>
   <div class='ocr_carea' id='block_1_24' title="bbox 1840 1060 3438 1137">
    <p class='ocr_par' dir='ltr' id='par_1_24' title="bbox 1840 1060 3438 1137">
     <span class='ocr_line' id='line_1_24' title="bbox 1840 1060 3438 1137; baseline 0.004 -23"><span class='ocrx_word' id='word_1_174' title='bbox 1840 1060 1932 1116; x_wconf 87' lang='lat' dir='ltr'><strong>illa</strong></span> <span class='ocrx_word' id='word_1_175' title='bbox 1963 1063 2100 1116; x_wconf 88' lang='lat' dir='ltr'><strong>retia</strong></span> <span class='ocrx_word' id='word_1_176' title='bbox 2128 1063 2285 1117; x_wconf 92' lang='lat' dir='ltr'><strong>nobis</strong></span> <span class='ocrx_word' id='word_1_177' title='bbox 2313 1071 2462 1128; x_wconf 88' lang='lat' dir='ltr'><strong>sunt,</strong></span> <span class='ocrx_word' id='word_1_178' title='bbox 2490 1079 2597 1117; x_wconf 91' lang='lat' dir='ltr'><strong>non</strong></span> <span class='ocrx_word' id='word_1_179' title='bbox 2629 1063 2704 1118; x_wconf 91' lang='lat' dir='ltr'><strong>illi</strong></span> <span class='ocrx_word' id='word_1_180' title='bbox 2733 1064 2870 1119; x_wconf 90' lang='lat' dir='ltr'><strong>retia</strong></span> <span class='ocrx_word' id='word_1_181' title='bbox 2898 1074 3045 1132; x_wconf 91' lang='lat' dir='ltr'><strong>sunt,</strong></span> <span class='ocrx_word' id='word_1_182' title='bbox 3076 1081 3142 1121; x_wconf 90' lang='lat' dir='ltr'><strong>eo</strong></span> <span class='ocrx_word' id='word_1_183' title='bbox 3165 1065 3308 1137; x_wconf 88' lang='lat' dir='ltr'><strong>quod</strong></span> <span class='ocrx_word' id='word_1_184' title='bbox 3345 1065 3438 1122; x_wconf 87' lang='lat' dir='ltr'><strong>illa</strong></span> 
     </span>
    </p>
   </div>
   <div class='ocr_carea' id='block_1_25' title="bbox 1840 1155 3438 1231">
    <p class='ocr_par' dir='ltr' id='par_1_25' title="bbox 1840 1155 3438 1231">
     <span class='ocr_line' id='line_1_25' title="bbox 1840 1155 3438 1231; baseline 0.006 -24"><span class='ocrx_word' id='word_1_185' title='bbox 1840 1155 2020 1209; x_wconf 90' lang='lat' dir='ltr'><strong>anima</strong></span> <span class='ocrx_word' id='word_1_186' title='bbox 2043 1155 2222 1210; x_wconf 89' lang='lat' dir='ltr'><strong>adhuc</strong></span> <span class='ocrx_word' id='word_1_187' title='bbox 2249 1155 2388 1209; x_wconf 90' lang='lat' dir='ltr'><strong>intra</strong></span> <span class='ocrx_word' id='word_1_188' title='bbox 2419 1155 2698 1210; x_wconf 87' lang='lat' dir='ltr'><strong>sensibilia</strong></span> <span class='ocrx_word' id='word_1_189' title='bbox 2744 1167 2798 1211; x_wconf 93' lang='lat' dir='ltr'><strong>et</strong></span> <span class='ocrx_word' id='word_1_190' title='bbox 2845 1159 3116 1214; x_wconf 89' lang='lat' dir='ltr'><strong>mundana</strong></span> <span class='ocrx_word' id='word_1_191' title='bbox 3165 1158 3267 1225; x_wconf 89' lang='lat' dir='ltr'><strong>sit,</strong></span> <span class='ocrx_word' id='word_1_192' title='bbox 3317 1175 3438 1231; x_wconf 63' lang='lat' dir='ltr'><strong>quae</strong></span> 
     </span>
    </p>
   </div>
   <div class='ocr_carea' id='block_1_26' title="bbox 1839 1248 3439 1326">
    <p class='ocr_par' dir='ltr' id='par_1_26' title="bbox 1839 1248 3439 1326">
     <span class='ocr_line' id='line_1_26' title="bbox 1839 1248 3439 1326; baseline 0.003 -22"><span class='ocrx_word' id='word_1_193' title='bbox 1839 1259 2078 1304; x_wconf 89' lang='lat' dir='ltr'><strong>mentem</strong></span> <span class='ocrx_word' id='word_1_194' title='bbox 2127 1248 2362 1302; x_wconf 87' lang='lat' dir='ltr'><strong>hominis</strong></span> <span class='ocrx_word' id='word_1_195' title='bbox 2404 1263 2602 1318; x_wconf 84' lang='lat' dir='ltr'><strong>capere</strong></span> <span class='ocrx_word' id='word_1_196' title='bbox 2657 1258 2712 1304; x_wconf 91' lang='lat' dir='ltr'><strong>et</strong></span> <span class='ocrx_word' id='word_1_197' title='bbox 2763 1251 2995 1320; x_wconf 88' lang='lat' dir='ltr'><strong>quodam</strong></span> <span class='ocrx_word' id='word_1_198' title='bbox 3047 1251 3169 1308; x_wconf 89' lang='lat' dir='ltr'><strong>sinu</strong></span> <span class='ocrx_word' id='word_1_199' title='bbox 3217 1255 3439 1326; x_wconf 90' lang='lat' dir='ltr'><strong>proprio</strong></span> 
     </span>
    </p>
   </div>
   <div class='ocr_carea' id='block_1_27' title="bbox 1838 1344 2570 1400">
    <p class='ocr_par' dir='ltr' id='par_1_27' title="bbox 1838 1344 2570 1400">
     <span class='ocr_line' id='line_1_27' title="bbox 1838 1344 2570 1400; baseline -0.004 -1"><span class='ocrx_word' id='word_1_200' title='bbox 1838 1351 2241 1399; x_wconf 70' lang='lat' dir='ltr'><strong>consueverunt</strong></span> <span class='ocrx_word' id='word_1_201' title='bbox 2270 1344 2570 1400; x_wconf 82' lang='lat' dir='ltr'><strong>involvere.</strong></span> 
     </span>
    </p>
   </div>
   <div class='ocr_carea' id='block_1_28' title="bbox 1908 1435 3439 1514">
    <p class='ocr_par' dir='ltr' id='par_1_28' title="bbox 1908 1435 3439 1514">
     <span class='ocr_line' id='line_1_28' title="bbox 1908 1435 3439 1514; baseline 0.005 -24"><span class='ocrx_word' id='word_1_202' title='bbox 1908 1435 2000 1490; x_wconf 78' lang='grc'><strong>40.</strong></span> <span class='ocrx_word' id='word_1_203' title='bbox 2032 1435 2114 1490; x_wconf 84' lang='grc' dir='ltr'><strong>Εη</strong></span> <span class='ocrx_word' id='word_1_204' title='bbox 2143 1436 2257 1507; x_wconf 85' lang='lat' dir='ltr'><strong>ipse</strong></span> <span class='ocrx_word' id='word_1_205' title='bbox 2283 1446 2384 1490; x_wconf 85' lang='lat' dir='ltr'><strong>stat</strong></span> <span class='ocrx_word' id='word_1_206' title='bbox 2409 1447 2522 1508; x_wconf 91' lang='lat' dir='ltr'><strong>post</strong></span> <span class='ocrx_word' id='word_1_207' title='bbox 2552 1440 2802 1510; x_wconf 78' lang='lat' dir='ltr'><strong>parietem</strong></span> <span class='ocrx_word' id='word_1_208' title='bbox 2856 1448 3127 1507; x_wconf 86' lang='lat' dir='ltr'><strong>nostrum,</strong></span> <span class='ocrx_word' id='word_1_209' title='bbox 3159 1443 3439 1514; x_wconf 75' lang='lat' dir='ltr'><strong>respiciens</strong></span> 
     </span>
    </p>
   </div>
   <div class='ocr_carea' id='block_1_29' title="bbox 1840 1529 3438 1601">
    <p class='ocr_par' dir='ltr' id='par_1_29' title="bbox 1840 1529 3438 1601">
     <span class='ocr_line' id='line_1_29' title="bbox 1840 1529 3438 1601; baseline 0.006 -21"><span class='ocrx_word' id='word_1_210' title='bbox 1840 1543 1931 1597; x_wconf 87' lang='lat' dir='ltr'><strong>per</strong></span> <span class='ocrx_word' id='word_1_211' title='bbox 1960 1530 2231 1599; x_wconf 75' lang='lat' dir='ltr'><strong>fenestras,</strong></span> <span class='ocrx_word' id='word_1_212' title='bbox 2273 1529 2594 1599; x_wconf 81' lang='lat' dir='ltr'><strong>prospiciens</strong></span> <span class='ocrx_word' id='word_1_213' title='bbox 2635 1546 2725 1601; x_wconf 88' lang='lat' dir='ltr'><strong>per</strong></span> <span class='ocrx_word' id='word_1_214' title='bbox 2756 1533 2905 1587; x_wconf 83' lang='lat' dir='ltr'><strong>retia.</strong></span> <span class='ocrx_word' id='word_1_215' title='bbox 2951 1530 2980 1570; x_wconf 76' lang='grc' dir='ltr'>ι·</span> <span class='ocrx_word' id='word_1_216' title='bbox 3028 1531 3252 1589; x_wconf 82' lang='lat' dir='ltr'><strong>Viderat</strong></span> <span class='ocrx_word' id='word_1_217' title='bbox 3294 1535 3438 1590; x_wconf 90' lang='lat' dir='ltr'><strong>enim</strong></span> 
     </span>
    </p>
   </div>
   <div class='ocr_carea' id='block_1_30' title="bbox 1838 1617 3439 1690">
    <p class='ocr_par' dir='ltr' id='par_1_30' title="bbox 1838 1617 3439 1690">
     <span class='ocr_line' id='line_1_30' title="bbox 1838 1617 3439 1690; baseline 0.007 -18"><span class='ocrx_word' id='word_1_218' title='bbox 1838 1617 2085 1673; x_wconf 85' lang='lat' dir='ltr'><strong>Ecclesia</strong></span> <span class='ocrx_word' id='word_1_219' title='bbox 2112 1621 2197 1675; x_wconf 89' lang='lat' dir='ltr'><strong>vel</strong></span> <span class='ocrx_word' id='word_1_220' title='bbox 2227 1621 2408 1675; x_wconf 88' lang='lat' dir='ltr'><strong>anima</strong></span> <span class='ocrx_word' id='word_1_221' title='bbox 2436 1621 2569 1690; x_wconf 91' lang='lat' dir='ltr'><strong>justi</strong></span> <span class='ocrx_word' id='word_1_222' title='bbox 2595 1621 2886 1678; x_wconf 83' lang='lat' dir='ltr'><strong>salientem</strong></span> <span class='ocrx_word' id='word_1_223' title='bbox 2931 1623 3072 1679; x_wconf 88' lang='lat' dir='ltr'><strong>sicut</strong></span> <span class='ocrx_word' id='word_1_224' title='bbox 3099 1623 3439 1683; x_wconf 90' lang='lat' dir='ltr'><strong>hinnieulum</strong></span> 
     </span>
    </p>
   </div>
   <div class='ocr_carea' id='block_1_31' title="bbox 1837 1714 3440 1791">
    <p class='ocr_par' dir='ltr' id='par_1_31' title="bbox 1837 1714 3440 1791">
     <span class='ocr_line' id='line_1_31' title="bbox 1837 1714 3440 1791; baseline 0.006 -25"><span class='ocrx_word' id='word_1_225' title='bbox 1837 1726 2002 1782; x_wconf 87' lang='lat' dir='ltr'><strong>super</strong></span> <span class='ocrx_word' id='word_1_226' title='bbox 2034 1721 2267 1779; x_wconf 90' lang='lat' dir='ltr'><strong>montes,</strong></span> <span class='ocrx_word' id='word_1_227' title='bbox 2298 1723 2352 1768; x_wconf 91' lang='lat' dir='ltr'><strong>et</strong></span> <span class='ocrx_word' id='word_1_228' title='bbox 2383 1723 2608 1785; x_wconf 92' lang='lat' dir='ltr'><strong>repente</strong></span> <span class='ocrx_word' id='word_1_229' title='bbox 2639 1714 2870 1785; x_wconf 91' lang='lat' dir='ltr'><strong>primum</strong></span> <span class='ocrx_word' id='word_1_230' title='bbox 2897 1715 3168 1787; x_wconf 89' lang='lat' dir='ltr'><strong>aspiciens</strong></span> <span class='ocrx_word' id='word_1_231' title='bbox 3197 1730 3318 1789; x_wconf 89' lang='lat' dir='ltr'><strong>post</strong></span> <span class='ocrx_word' id='word_1_232' title='bbox 3349 1734 3440 1791; x_wconf 85' lang='lat' dir='ltr'><strong>pa-</strong></span> 
     </span>
    </p>
   </div>
   <div class='ocr_carea' id='block_1_32' title="bbox 1836 1805 3438 1881">
    <p class='ocr_par' dir='ltr' id='par_1_32' title="bbox 1836 1805 3438 1881">
     <span class='ocr_line' id='line_1_32' title="bbox 1836 1805 3438 1881; baseline 0.006 -22"><span class='ocrx_word' id='word_1_233' title='bbox 1836 1805 2028 1860; x_wconf 90' lang='lat' dir='ltr'><strong>rietem</strong></span> <span class='ocrx_word' id='word_1_234' title='bbox 2086 1805 2281 1860; x_wconf 91' lang='lat' dir='ltr'><strong>domus</strong></span> <span class='ocrx_word' id='word_1_235' title='bbox 2324 1821 2473 1871; x_wconf 74' lang='lat' dir='ltr'><strong>suze,</strong></span> <span class='ocrx_word' id='word_1_236' title='bbox 2531 1808 2955 1880; x_wconf 88' lang='lat' dir='ltr'><strong>prospicientem</strong></span> <span class='ocrx_word' id='word_1_237' title='bbox 3003 1825 3102 1880; x_wconf 91' lang='lat' dir='ltr'><strong>per</strong></span> <span class='ocrx_word' id='word_1_238' title='bbox 3147 1809 3438 1881; x_wconf 81' lang='lat' dir='ltr'><strong>fenestras,</strong></span> 
     </span>
    </p>
   </div>
   <div class='ocr_carea' id='block_1_33' title="bbox 87 1899 3440 1978">
    <p class='ocr_par' dir='ltr' id='par_1_33' title="bbox 87 1899 3440 1978">
     <span class='ocr_line' id='line_1_33' title="bbox 87 1899 3440 1978; baseline 0.001 -18"><span class='ocrx_word' id='word_1_239' title='bbox 87 1903 204 1960; x_wconf 89' lang='lat' dir='ltr'><strong>leis</strong></span> <span class='ocrx_word' id='word_1_240' title='bbox 236 1919 526 1974; x_wconf 88' lang='lat' dir='ltr'><strong>separare</strong></span> <span class='ocrx_word' id='word_1_241' title='bbox 571 1902 873 1960; x_wconf 91' lang='lat' dir='ltr'><strong>mittentur.</strong></span> <span class='ocrx_word' id='word_1_242' title='bbox 911 1904 1277 1960; x_wconf 90' lang='lat' dir='ltr'><strong>Plurimarum</strong></span> <span class='ocrx_word' id='word_1_243' title='bbox 1327 1906 1488 1977; x_wconf 79' lang='lat' dir='ltr'><strong>igitur</strong></span> <span class='ocrx_word' id='word_1_244' title='bbox 1536 1923 1732 1978; x_wconf 87' lang='lat' dir='ltr'><strong>opera-</strong></span> <span class='ocrx_word' id='word_1_245' title='bbox 1761 1909 1808 1971; x_wconf 74' lang='grc' dir='ltr'><strong>Β</strong></span> <span class='ocrx_word' id='word_1_246' title='bbox 1837 1899 2168 1954; x_wconf 89' lang='lat' dir='ltr'><strong>eminentem</strong></span> <span class='ocrx_word' id='word_1_247' title='bbox 2197 1903 2292 1970; x_wconf 89' lang='lat' dir='ltr'><strong>per</strong></span> <span class='ocrx_word' id='word_1_248' title='bbox 2321 1901 2479 1967; x_wconf 86' lang='lat' dir='ltr'><strong>retia,</strong></span> <span class='ocrx_word' id='word_1_249' title='bbox 2531 1902 2765 1957; x_wconf 77' lang='lat' dir='ltr'><strong>exsultat</strong></span> <span class='ocrx_word' id='word_1_250' title='bbox 2789 1915 2844 1958; x_wconf 88' lang='lat' dir='ltr'><strong>et</strong></span> <span class='ocrx_word' id='word_1_251' title='bbox 2870 1903 3090 1976; x_wconf 88' lang='lat' dir='ltr'><strong>gaudet,</strong></span> <span class='ocrx_word' id='word_1_252' title='bbox 3118 1906 3244 1975; x_wconf 86' lang='lat' dir='ltr'><strong>quia</strong></span> <span class='ocrx_word' id='word_1_253' title='bbox 3271 1909 3440 1964; x_wconf 87' lang='lat' dir='ltr'><strong>etiam</strong></span> 
     </span>
    </p>
   </div>
   <div class='ocr_carea' id='block_1_34' title="bbox 90 1997 1733 2065">
    <p class='ocr_par' dir='ltr' id='par_1_34' title="bbox 90 1997 1733 2065">
     <span class='ocr_line' id='line_1_34' title="bbox 90 1997 1733 2065; baseline 0.002 -13"><span class='ocrx_word' id='word_1_254' title='bbox 90 1997 332 2053; x_wconf 90' lang='lat' dir='ltr'><strong>tionum</strong></span> <span class='ocrx_word' id='word_1_255' title='bbox 386 1997 627 2054; x_wconf 87' lang='lat' dir='ltr'><strong>solertes</strong></span> <span class='ocrx_word' id='word_1_256' title='bbox 669 1998 946 2054; x_wconf 87' lang='lat' dir='ltr'><strong>ministros</strong></span> <span class='ocrx_word' id='word_1_257' title='bbox 993 1998 1254 2054; x_wconf 91' lang='lat' dir='ltr'><strong>Dominus</strong></span> <span class='ocrx_word' id='word_1_258' title='bbox 1305 1999 1511 2065; x_wconf 87' lang='lat' dir='ltr'><strong>habet,</strong></span> <span class='ocrx_word' id='word_1_259' title='bbox 1571 2000 1733 2056; x_wconf 88' lang='lat' dir='ltr'><strong>iidem</strong></span> 
     </span>
    </p>
   </div>
   <div class='ocr_carea' id='block_1_35' title="bbox 93 2090 1735 2165">
    <p class='ocr_par' dir='ltr' id='par_1_35' title="bbox 93 2090 1735 2165">
     <span class='ocr_line' id='line_1_35' title="bbox 93 2090 1735 2165; baseline 0.002 -19"><span class='ocrx_word' id='word_1_260' title='bbox 93 2091 461 2162; x_wconf 88' lang='lat' dir='ltr'><strong>piscatores,</strong></span> <span class='ocrx_word' id='word_1_261' title='bbox 498 2090 662 2147; x_wconf 88' lang='lat' dir='ltr'><strong>iidem</strong></span> <span class='ocrx_word' id='word_1_262' title='bbox 692 2091 857 2146; x_wconf 89' lang='lat' dir='ltr'><strong>etiam</strong></span> <span class='ocrx_word' id='word_1_263' title='bbox 891 2101 1178 2149; x_wconf 90' lang='lat' dir='ltr'><strong>venatores</strong></span> <span class='ocrx_word' id='word_1_264' title='bbox 1206 2104 1364 2160; x_wconf 91' lang='lat' dir='ltr'><strong>sunt,</strong></span> <span class='ocrx_word' id='word_1_265' title='bbox 1395 2106 1558 2165; x_wconf 88' lang='lat' dir='ltr'><strong>atque</strong></span> <span class='ocrx_word' id='word_1_266' title='bbox 1589 2111 1735 2152; x_wconf 88' lang='lat' dir='ltr'><strong>mes-</strong></span> 
     </span>
    </p>
   </div>
   <div class='ocr_carea' id='block_1_36' title="bbox 98 2182 1737 2258">
    <p class='ocr_par' dir='ltr' id='par_1_36' title="bbox 98 2182 1737 2258">
     <span class='ocr_line' id='line_1_36' title="bbox 98 2182 1737 2258; baseline 0.005 -22"><span class='ocrx_word' id='word_1_267' title='bbox 98 2197 294 2238; x_wconf 87' lang='lat' dir='ltr'><strong>sores.</strong></span> <span class='ocrx_word' id='word_1_268' title='bbox 327 2182 390 2238; x_wconf 91' lang='lat' dir='ltr'><strong>Si</strong></span> <span class='ocrx_word' id='word_1_269' title='bbox 421 2182 481 2238; x_wconf 90' lang='lat' dir='ltr'><strong>in</strong></span> <span class='ocrx_word' id='word_1_270' title='bbox 517 2192 760 2255; x_wconf 90' lang='lat' dir='ltr'><strong>tempore</strong></span> <span class='ocrx_word' id='word_1_271' title='bbox 788 2186 980 2241; x_wconf 88' lang='lat' dir='ltr'><strong>messis</strong></span> <span class='ocrx_word' id='word_1_272' title='bbox 1009 2201 1118 2256; x_wconf 92' lang='lat' dir='ltr'><strong>quo</strong></span> <span class='ocrx_word' id='word_1_273' title='bbox 1155 2187 1467 2258; x_wconf 80' lang='lat' dir='ltr'><strong>diriguntur</strong></span> <span class='ocrx_word' id='word_1_274' title='bbox 1496 2189 1584 2243; x_wconf 89' lang='lat' dir='ltr'><strong>isti</strong></span> <span class='ocrx_word' id='word_1_275' title='bbox 1618 2204 1737 2244; x_wconf 79' lang='lat' dir='ltr'><strong>me-</strong></span> 
     </span>
    </p>
   </div>
   <div class='ocr_carea' id='block_1_37' title="bbox 103 2281 1734 2356">
    <p class='ocr_par' dir='ltr' id='par_1_37' title="bbox 103 2281 1734 2356">
     <span class='ocr_line' id='line_1_37' title="bbox 103 2281 1734 2356; baseline 0.006 -25"><span class='ocrx_word' id='word_1_276' title='bbox 103 2284 256 2344; x_wconf 88' lang='lat' dir='ltr'><strong>tere,</strong></span> <span class='ocrx_word' id='word_1_277' title='bbox 293 2287 554 2332; x_wconf 89' lang='lat' dir='ltr'><strong>maturus</strong></span> <span class='ocrx_word' id='word_1_278' title='bbox 583 2288 890 2351; x_wconf 80' lang='lat' dir='ltr'><strong>exspectes,</strong></span> <span class='ocrx_word' id='word_1_279' title='bbox 926 2281 1213 2338; x_wconf 84' lang='lat' dir='ltr'><strong>salientem</strong></span> <span class='ocrx_word' id='word_1_280' title='bbox 1249 2283 1300 2338; x_wconf 92' lang='lat' dir='ltr'><strong>in</strong></span> <span class='ocrx_word' id='word_1_281' title='bbox 1341 2284 1615 2340; x_wconf 89' lang='lat' dir='ltr'><strong>montibus</strong></span> <span class='ocrx_word' id='word_1_282' title='bbox 1643 2300 1734 2356; x_wconf 85' lang='lat' dir='ltr'><strong>po-</strong></span> 
     </span>
    </p>
   </div>
   <div class='ocr_carea' id='block_1_38' title="bbox 103 2371 1732 2438">
    <p class='ocr_par' dir='ltr' id='par_1_38' title="bbox 103 2371 1732 2438">
     <span class='ocr_line' id='line_1_38' title="bbox 103 2371 1732 2438; baseline 0.007 -14"><span class='ocrx_word' id='word_1_283' title='bbox 103 2373 251 2426; x_wconf 88' lang='lat' dir='ltr'><strong>teris</strong></span> <span class='ocrx_word' id='word_1_284' title='bbox 286 2371 520 2438; x_wconf 90' lang='lat' dir='ltr'><strong>intueri,</strong></span> <span class='ocrx_word' id='word_1_285' title='bbox 546 2372 831 2429; x_wconf 88' lang='lat' dir='ltr'><strong>etvidebis</strong></span> <span class='ocrx_word' id='word_1_286' title='bbox 856 2373 1145 2430; x_wconf 88' lang='lat' dir='ltr'><strong>Dominum</strong></span> <span class='ocrx_word' id='word_1_287' title='bbox 1175 2375 1364 2432; x_wconf 85' lang='lat' dir='ltr'><strong>Jesum</strong></span> <span class='ocrx_word' id='word_1_288' title='bbox 1389 2378 1622 2434; x_wconf 88' lang='lat' dir='ltr'><strong>similem</strong></span> <span class='ocrx_word' id='word_1_289' title='bbox 1647 2395 1732 2435; x_wconf 86' lang='lat' dir='ltr'><strong>ca-</strong></span> 
     </span>
    </p>
   </div>
   <div class='ocr_carea' id='block_1_39' title="bbox 107 2465 1732 2541">
    <p class='ocr_par' dir='ltr' id='par_1_39' title="bbox 107 2465 1732 2541">
     <span class='ocr_line' id='line_1_39' title="bbox 107 2465 1732 2541; baseline 0.006 -22"><span class='ocrx_word' id='word_1_290' title='bbox 107 2465 316 2534; x_wconf 91' lang='lat' dir='ltr'><strong>preolo</strong></span> <span class='ocrx_word' id='word_1_291' title='bbox 349 2475 448 2520; x_wconf 88' lang='lat' dir='ltr'><strong>aut</strong></span> <span class='ocrx_word' id='word_1_292' title='bbox 476 2466 704 2536; x_wconf 86' lang='lat' dir='ltr'><strong>hinnulo</strong></span> <span class='ocrx_word' id='word_1_293' title='bbox 734 2483 1018 2524; x_wconf 88' lang='lat' dir='ltr'><strong>cervorum</strong></span> <span class='ocrx_word' id='word_1_294' title='bbox 1060 2485 1227 2541; x_wconf 86' lang='lat' dir='ltr'><strong>super</strong></span> <span class='ocrx_word' id='word_1_295' title='bbox 1257 2483 1471 2528; x_wconf 91' lang='lat' dir='ltr'><strong>montes</strong></span> <span class='ocrx_word' id='word_1_296' title='bbox 1518 2473 1732 2529; x_wconf 82' lang='lat' dir='ltr'><strong>Bethel.</strong></span> 
     </span>
    </p>
   </div>
   <div class='ocr_carea' id='block_1_40' title="bbox 113 2558 1734 2638">
    <p class='ocr_par' dir='ltr' id='par_1_40' title="bbox 113 2558 1734 2638">
     <span class='ocr_line' id='line_1_40' title="bbox 113 2558 1734 2638; baseline 0.007 -26"><span class='ocrx_word' id='word_1_297' title='bbox 113 2558 262 2613; x_wconf 78' lang='lat' dir='ltr'><strong>Solit</strong></span> <span class='ocrx_word' id='word_1_298' title='bbox 291 2559 444 2615; x_wconf 91' lang='lat' dir='ltr'><strong>enim</strong></span> <span class='ocrx_word' id='word_1_299' title='bbox 491 2575 654 2631; x_wconf 87' lang='lat' dir='ltr'><strong>super</strong></span> <span class='ocrx_word' id='word_1_300' title='bbox 689 2562 988 2619; x_wconf 86' lang='lat' dir='ltr'><strong>Ecclesiam</strong></span> <span class='ocrx_word' id='word_1_301' title='bbox 1019 2580 1143 2633; x_wconf 61' lang='lat' dir='ltr'><strong>quae</strong></span> <span class='ocrx_word' id='word_1_302' title='bbox 1190 2576 1274 2620; x_wconf 89' lang='lat' dir='ltr'><strong>est</strong></span> <span class='ocrx_word' id='word_1_303' title='bbox 1319 2567 1516 2622; x_wconf 89' lang='lat' dir='ltr'><strong>domus</strong></span> <span class='ocrx_word' id='word_1_304' title='bbox 1557 2569 1734 2638; x_wconf 89' lang='lat' dir='ltr'><strong>panis,</strong></span> 
     </span>
    </p>
   </div>
   <div class='ocr_carea' id='block_1_41' title="bbox 113 2652 1736 2732">
    <p class='ocr_par' dir='ltr' id='par_1_41' title="bbox 113 2652 1736 2732">
     <span class='ocr_line' id='line_1_41' title="bbox 113 2652 1736 2732; baseline 0.007 -27"><span class='ocrx_word' id='word_1_305' title='bbox 113 2666 188 2707; x_wconf 89' lang='lat' dir='ltr'><strong>eo</strong></span> <span class='ocrx_word' id='word_1_306' title='bbox 220 2653 372 2723; x_wconf 87' lang='lat' dir='ltr'><strong>quod</strong></span> <span class='ocrx_word' id='word_1_307' title='bbox 406 2652 649 2712; x_wconf 88' lang='lat' dir='ltr'><strong>ﬁdelium</strong></span> <span class='ocrx_word' id='word_1_308' title='bbox 685 2657 847 2712; x_wconf 83' lang='lat' dir='ltr'><strong>corda</strong></span> <span class='ocrx_word' id='word_1_309' title='bbox 885 2659 1164 2714; x_wconf 88' lang='lat' dir='ltr'><strong>conﬁrmet</strong></span> <span class='ocrx_word' id='word_1_310' title='bbox 1198 2676 1212 2722; x_wconf 92' lang='lat'><strong>;</strong></span> <span class='ocrx_word' id='word_1_311' title='bbox 1259 2659 1398 2716; x_wconf 90' lang='lat' dir='ltr'><strong>unde</strong></span> <span class='ocrx_word' id='word_1_312' title='bbox 1438 2670 1494 2716; x_wconf 91' lang='lat' dir='ltr'><strong>et</strong></span> <span class='ocrx_word' id='word_1_313' title='bbox 1537 2675 1736 2732; x_wconf 89' lang='lat' dir='ltr'><strong>sponsa</strong></span> 
     </span>
    </p>
   </div>
   <div class='ocr_carea' id='block_1_42' title="bbox 119 2743 510 2802">
    <p class='ocr_par' dir='ltr' id='par_1_42' title="bbox 119 2743 510 2802">
     <span class='ocr_line' id='line_1_42' title="bbox 119 2743 510 2802; baseline -0.003 -1"><span class='ocrx_word' id='word_1_314' title='bbox 119 2743 198 2801; x_wconf 85' lang='lat' dir='ltr'><strong>de</strong></span> <span class='ocrx_word' id='word_1_315' title='bbox 227 2759 296 2798; x_wconf 91' lang='lat' dir='ltr'><strong>eo</strong></span> <span class='ocrx_word' id='word_1_316' title='bbox 327 2744 467 2802; x_wconf 91' lang='lat' dir='ltr'><strong>dicit</strong></span> <span class='ocrx_word' id='word_1_317' title='bbox 498 2763 510 2800; x_wconf 90' lang='lat'><strong>:</strong></span> 
     </span>
    </p>
   </div>
   <div class='ocr_carea' id='block_1_43' title="bbox 203 2837 1740 2918">
    <p class='ocr_par' dir='ltr' id='par_1_43' title="bbox 203 2837 1740 2918">
     <span class='ocr_line' id='line_1_43' title="bbox 203 2837 1740 2918; baseline 0.008 -27"><span class='ocrx_word' id='word_1_318' title='bbox 203 2837 298 2893; x_wconf 79' lang='lat'><strong>‘58.</strong></span> <span class='ocrx_word' id='word_1_319' title='bbox 347 2839 530 2910; x_wconf 76' lang='lat' dir='ltr'><strong>(Vers.</strong></span> <span class='ocrx_word' id='word_1_320' title='bbox 557 2839 640 2912; x_wconf 88' lang='lat'><strong>9.)</strong></span> <span class='ocrx_word' id='word_1_321' title='bbox 672 2841 874 2898; x_wconf 81' lang='lat' dir='ltr'><strong>Similis</strong></span> <span class='ocrx_word' id='word_1_322' title='bbox 889 2855 967 2898; x_wconf 86' lang='lat' dir='ltr'><strong>est</strong></span> <span class='ocrx_word' id='word_1_323' title='bbox 989 2845 1328 2902; x_wconf 81' lang='lat' dir='ltr'><strong>consobrinus</strong></span> <span class='ocrx_word' id='word_1_324' title='bbox 1355 2864 1495 2903; x_wconf 83' lang='lat' dir='ltr'><strong>meus</strong></span> <span class='ocrx_word' id='word_1_325' title='bbox 1539 2866 1740 2918; x_wconf 75' lang='lat' dir='ltr'><strong>caprea:</strong></span> 
     </span>
    </p>
   </div>
   <div class='ocr_carea' id='block_1_44' title="bbox 129 2931 1740 3009">
    <p class='ocr_par' dir='ltr' id='par_1_44' title="bbox 129 2931 1740 3009">
     <span class='ocr_line' id='line_1_44' title="bbox 129 2931 1740 3009; baseline 0.009 -23"><span class='ocrx_word' id='word_1_326' title='bbox 129 2940 223 2986; x_wconf 89' lang='lat' dir='ltr'><strong>aut</strong></span> <span class='ocrx_word' id='word_1_327' title='bbox 272 2931 494 2987; x_wconf 83' lang='lat' dir='ltr'><strong>hinnulo</strong></span> <span class='ocrx_word' id='word_1_328' title='bbox 535 2951 802 2990; x_wconf 81' lang='lat' dir='ltr'><strong>cervorum</strong></span> <span class='ocrx_word' id='word_1_329' title='bbox 832 2977 847 3004; x_wconf 95' lang='lat'><strong>,</strong></span> <span class='ocrx_word' id='word_1_330' title='bbox 881 2953 1032 3009; x_wconf 82' lang='lat' dir='ltr'><strong>super</strong></span> <span class='ocrx_word' id='word_1_331' title='bbox 1083 2949 1280 2994; x_wconf 83' lang='lat' dir='ltr'><strong>montes</strong></span> <span class='ocrx_word' id='word_1_332' title='bbox 1342 2940 1564 3008; x_wconf 80' lang='lat' dir='ltr'><strong>Bethel;</strong></span> <span class='ocrx_word' id='word_1_333' title='bbox 1615 2944 1740 3000; x_wconf 89' lang='lat' dir='ltr'><strong>salit</strong></span> 
     </span>
    </p>
   </div>
   <div class='ocr_carea' id='block_1_45' title="bbox 129 3024 1739 3107">
    <p class='ocr_par' dir='ltr' id='par_1_45' title="bbox 129 3024 1739 3107">
     <span class='ocr_line' id='line_1_45' title="bbox 129 3024 1739 3107; baseline 0.007 -27"><span class='ocrx_word' id='word_1_334' title='bbox 129 3024 286 3080; x_wconf 90' lang='lat' dir='ltr'><strong>enim</strong></span> <span class='ocrx_word' id='word_1_335' title='bbox 316 3040 482 3096; x_wconf 89' lang='lat' dir='ltr'><strong>super</strong></span> <span class='ocrx_word' id='word_1_336' title='bbox 507 3026 833 3096; x_wconf 87' lang='lat' dir='ltr'><strong>Ecclesiam,</strong></span> <span class='ocrx_word' id='word_1_337' title='bbox 861 3045 981 3099; x_wconf 82' lang='lat' dir='ltr'><strong>quae</strong></span> <span class='ocrx_word' id='word_1_338' title='bbox 1011 3041 1092 3086; x_wconf 90' lang='lat' dir='ltr'><strong>est</strong></span> <span class='ocrx_word' id='word_1_339' title='bbox 1123 3031 1316 3088; x_wconf 87' lang='lat' dir='ltr'><strong>domus</strong></span> <span class='ocrx_word' id='word_1_340' title='bbox 1345 3034 1462 3101; x_wconf 90' lang='lat' dir='ltr'><strong>Dei,</strong></span> <span class='ocrx_word' id='word_1_341' title='bbox 1495 3051 1563 3091; x_wconf 93' lang='lat' dir='ltr'><strong>eo</strong></span> <span class='ocrx_word' id='word_1_342' title='bbox 1595 3037 1739 3107; x_wconf 90' lang='lat' dir='ltr'><strong>quod</strong></span> 
     </span>
    </p>
   </div>
   <div class='ocr_carea' id='block_1_46' title="bbox 134 3118 1735 3200">
    <p class='ocr_par' dir='ltr' id='par_1_46' title="bbox 134 3118 1735 3200">
     <span class='ocr_line' id='line_1_46' title="bbox 134 3118 1735 3200; baseline 0.006 -26"><span class='ocrx_word' id='word_1_343' title='bbox 134 3118 386 3175; x_wconf 88' lang='lat' dir='ltr'><strong>fidelium</strong></span> <span class='ocrx_word' id='word_1_344' title='bbox 430 3120 596 3176; x_wconf 89' lang='lat' dir='ltr'><strong>corda</strong></span> <span class='ocrx_word' id='word_1_345' title='bbox 645 3121 952 3179; x_wconf 89' lang='lat' dir='ltr'><strong>conﬁrmet.</strong></span> <span class='ocrx_word' id='word_1_346' title='bbox 1007 3124 1202 3180; x_wconf 83' lang='lat' dir='ltr'><strong>Merito</strong></span> <span class='ocrx_word' id='word_1_347' title='bbox 1251 3128 1393 3182; x_wconf 88' lang='lat' dir='ltr'><strong>sicut</strong></span> <span class='ocrx_word' id='word_1_348' title='bbox 1441 3130 1735 3200; x_wconf 87' lang='lat' dir='ltr'><strong>capreola,</strong></span> 
     </span>
    </p>
   </div>
   <div class='ocr_carea' id='block_1_47' title="bbox 135 3212 1736 3286">
    <p class='ocr_par' dir='ltr' id='par_1_47' title="bbox 135 3212 1736 3286">
     <span class='ocr_line' id='line_1_47' title="bbox 135 3212 1736 3286; baseline 0.006 -19"><span class='ocrx_word' id='word_1_349' title='bbox 135 3212 268 3283; x_wconf 88' lang='lat' dir='ltr'><strong>quia</strong></span> <span class='ocrx_word' id='word_1_350' title='bbox 315 3227 476 3284; x_wconf 90' lang='lat' dir='ltr'><strong>capra</strong></span> <span class='ocrx_word' id='word_1_351' title='bbox 523 3214 574 3269; x_wconf 94' lang='lat' dir='ltr'><strong>in</strong></span> <span class='ocrx_word' id='word_1_352' title='bbox 630 3214 757 3269; x_wconf 90' lang='lat' dir='ltr'><strong>altis</strong></span> <span class='ocrx_word' id='word_1_353' title='bbox 796 3217 1056 3286; x_wconf 84' lang='lat' dir='ltr'><strong>pascitur.</strong></span> <span class='ocrx_word' id='word_1_354' title='bbox 1091 3218 1297 3275; x_wconf 89' lang='lat' dir='ltr'><strong>Dorcas</strong></span> <span class='ocrx_word' id='word_1_355' title='bbox 1335 3220 1534 3277; x_wconf 90' lang='lat' dir='ltr'><strong>dicitur</strong></span> <span class='ocrx_word' id='word_1_356' title='bbox 1573 3239 1602 3276; x_wconf 88' lang='lat' dir='ltr'><strong>a</strong></span> <span class='ocrx_word' id='word_1_357' title='bbox 1653 3223 1736 3277; x_wconf 88' lang='lat' dir='ltr'><strong>vi-</strong></span> 
     </span>
    </p>
   </div>
   <div class='ocr_carea' id='block_1_48' title="bbox 1840 1991 3444 2072">
    <p class='ocr_par' dir='ltr' id='par_1_48' title="bbox 1840 1991 3444 2072">
     <span class='ocr_line' id='line_1_48' title="bbox 1840 1991 3444 2072; baseline 0.008 -27"><span class='ocrx_word' id='word_1_358' title='bbox 1840 1991 1956 2062; x_wconf 89' lang='lat' dir='ltr'><strong>ipsa</strong></span> <span class='ocrx_word' id='word_1_359' title='bbox 2003 2001 2217 2047; x_wconf 90' lang='lat' dir='ltr'><strong>amatur</strong></span> <span class='ocrx_word' id='word_1_360' title='bbox 2245 2009 2272 2047; x_wconf 90' lang='lat' dir='ltr'><strong>a</strong></span> <span class='ocrx_word' id='word_1_361' title='bbox 2301 1992 2539 2064; x_wconf 85' lang='lat' dir='ltr'><strong>Sponso.</strong></span> <span class='ocrx_word' id='word_1_362' title='bbox 2569 1995 2670 2062; x_wconf 81' lang='lat' dir='ltr'><strong>Qui</strong></span> <span class='ocrx_word' id='word_1_363' title='bbox 2706 2005 2978 2068; x_wconf 89' lang='lat' dir='ltr'><strong>tamquam</strong></span> <span class='ocrx_word' id='word_1_364' title='bbox 3011 2009 3066 2054; x_wconf 90' lang='lat' dir='ltr'><strong>et</strong></span> <span class='ocrx_word' id='word_1_365' title='bbox 3104 1998 3224 2072; x_wconf 89' lang='lat' dir='ltr'><strong>ipse</strong></span> <span class='ocrx_word' id='word_1_366' title='bbox 3255 2001 3444 2057; x_wconf 88' lang='lat' dir='ltr'><strong>vulne-</strong></span> 
     </span>
    </p>
   </div>
   <div class='ocr_carea' id='block_1_49' title="bbox 1839 2085 3440 2163">
    <p class='ocr_par' dir='ltr' id='par_1_49' title="bbox 1839 2085 3440 2163">
     <span class='ocr_line' id='line_1_49' title="bbox 1839 2085 3440 2163; baseline 0.007 -25"><span class='ocrx_word' id='word_1_367' title='bbox 1839 2093 1994 2139; x_wconf 86' lang='lat' dir='ltr'><strong>ratur</strong></span> <span class='ocrx_word' id='word_1_368' title='bbox 2012 2085 2295 2140; x_wconf 86' lang='lat' dir='ltr'><strong>charitatis</strong></span> <span class='ocrx_word' id='word_1_369' title='bbox 2311 2085 2534 2153; x_wconf 89' lang='lat' dir='ltr'><strong>decore,</strong></span> <span class='ocrx_word' id='word_1_370' title='bbox 2559 2087 2773 2143; x_wconf 75' lang='lat' dir='ltr'><strong>dilectze</strong></span> <span class='ocrx_word' id='word_1_371' title='bbox 2795 2104 2919 2144; x_wconf 93' lang='lat' dir='ltr'><strong>cum</strong></span> <span class='ocrx_word' id='word_1_372' title='bbox 2943 2091 3174 2160; x_wconf 91' lang='lat' dir='ltr'><strong>primum</strong></span> <span class='ocrx_word' id='word_1_373' title='bbox 3202 2092 3440 2163; x_wconf 85' lang='lat' dir='ltr'><strong>abesset,</strong></span> 
     </span>
    </p>
   </div>
   <div class='ocr_carea' id='block_1_50' title="bbox 1838 2175 3446 2252">
    <p class='ocr_par' dir='ltr' id='par_1_50' title="bbox 1838 2175 3446 2252">
     <span class='ocr_line' id='line_1_50' title="bbox 1838 2175 3446 2252; baseline 0.006 -22"><span class='ocrx_word' id='word_1_374' title='bbox 1838 2175 1904 2231; x_wconf 91' lang='lat' dir='ltr'><strong>ad</strong></span> <span class='ocrx_word' id='word_1_375' title='bbox 1930 2178 2117 2232; x_wconf 91' lang='lat' dir='ltr'><strong>oscula</strong></span> <span class='ocrx_word' id='word_1_376' title='bbox 2151 2187 2368 2249; x_wconf 84' lang='lat' dir='ltr'><strong>rogatus</strong></span> <span class='ocrx_word' id='word_1_377' title='bbox 2397 2177 2636 2234; x_wconf 87' lang='lat' dir='ltr'><strong>adfuerit</strong></span> <span class='ocrx_word' id='word_1_378' title='bbox 2665 2179 2910 2252; x_wconf 86' lang='lat' dir='ltr'><strong>(rogatur</strong></span> <span class='ocrx_word' id='word_1_379' title='bbox 2956 2185 3103 2238; x_wconf 91' lang='lat' dir='ltr'><strong>enim</strong></span> <span class='ocrx_word' id='word_1_380' title='bbox 3145 2200 3268 2239; x_wconf 88' lang='lat' dir='ltr'><strong>cum</strong></span> <span class='ocrx_word' id='word_1_381' title='bbox 3309 2185 3446 2242; x_wconf 89' lang='lat' dir='ltr'><strong>dici-</strong></span> 
     </span>
    </p>
   </div>
   <div class='ocr_carea' id='block_1_51' title="bbox 1841 2270 3434 2353">
    <p class='ocr_par' dir='ltr' id='par_1_51' title="bbox 1841 2270 3434 2353">
     <span class='ocr_line' id='line_1_51' title="bbox 1841 2270 3434 2353; baseline 0.006 -27"><span class='ocrx_word' id='word_1_382' title='bbox 1841 2282 1928 2328; x_wconf 91' lang='lat' dir='ltr'><strong>tur</strong></span> <span class='ocrx_word' id='word_1_383' title='bbox 1974 2270 2149 2344; x_wconf 90' lang='lat' dir='ltr'><strong>(Cant.</strong></span> <span class='ocrx_word' id='word_1_384' title='bbox 2196 2290 2235 2339; x_wconf 92' lang='lat' dir='ltr'><strong>l,</strong></span> <span class='ocrx_word' id='word_1_385' title='bbox 2286 2275 2338 2346; x_wconf 82' lang='grc'><strong>1)</strong></span> <span class='ocrx_word' id='word_1_386' title='bbox 2369 2293 2381 2329; x_wconf 87' lang='lat'><strong>:</strong></span> <span class='ocrx_word' id='word_1_387' title='bbox 2416 2274 2689 2330; x_wconf 85' lang='lat' dir='ltr'><strong>Osculetur</strong></span> <span class='ocrx_word' id='word_1_388' title='bbox 2723 2292 2803 2330; x_wconf 90' lang='lat' dir='ltr'><strong>me</strong></span> <span class='ocrx_word' id='word_1_389' title='bbox 2838 2277 2902 2330; x_wconf 92' lang='lat' dir='ltr'><strong>ab</strong></span> <span class='ocrx_word' id='word_1_390' title='bbox 2933 2279 3123 2333; x_wconf 86' lang='lat' dir='ltr'><strong>osculis</strong></span> <span class='ocrx_word' id='word_1_391' title='bbox 3163 2280 3270 2334; x_wconf 86' lang='lat' dir='ltr'><strong>oris</strong></span> <span class='ocrx_word' id='word_1_392' title='bbox 3306 2280 3434 2353; x_wconf 87' lang='lat' dir='ltr'><strong>sui),</strong></span> 
     </span>
    </p>
   </div>
   <div class='ocr_carea' id='block_1_52' title="bbox 1838 2366 3438 2444">
    <p class='ocr_par' dir='ltr' id='par_1_52' title="bbox 1838 2366 3438 2444">
     <span class='ocr_line' id='line_1_52' title="bbox 1838 2366 3438 2444; baseline 0.004 -23"><span class='ocrx_word' id='word_1_393' title='bbox 1838 2366 2038 2422; x_wconf 91' lang='lat' dir='ltr'><strong>deinde</strong></span> <span class='ocrx_word' id='word_1_394' title='bbox 2074 2383 2264 2438; x_wconf 89' lang='lat' dir='ltr'><strong>preces</strong></span> <span class='ocrx_word' id='word_1_395' title='bbox 2309 2368 2707 2440; x_wconf 84' lang='lat' dir='ltr'><strong>blanditiasque</strong></span> <span class='ocrx_word' id='word_1_396' title='bbox 2737 2385 2953 2440; x_wconf 77' lang='lat' dir='ltr'><strong>sponsa:</strong></span> <span class='ocrx_word' id='word_1_397' title='bbox 2987 2387 3092 2426; x_wconf 92' lang='lat' dir='ltr'><strong>non</strong></span> <span class='ocrx_word' id='word_1_398' title='bbox 3128 2373 3438 2444; x_wconf 87' lang='lat' dir='ltr'><strong>spreverit,</strong></span> 
     </span>
    </p>
   </div>
   <div class='ocr_carea' id='block_1_53' title="bbox 1840 2461 3440 2535">
    <p class='ocr_par' dir='ltr' id='par_1_53' title="bbox 1840 2461 3440 2535">
     <span class='ocr_line' id='line_1_53' title="bbox 1840 2461 3440 2535; baseline 0.003 -19"><span class='ocrx_word' id='word_1_399' title='bbox 1840 2461 2036 2518; x_wconf 88' lang='lat' dir='ltr'><strong>dilecta</strong></span> <span class='ocrx_word' id='word_1_400' title='bbox 2068 2463 2169 2517; x_wconf 86' lang='lat' dir='ltr'><strong>sibi</strong></span> <span class='ocrx_word' id='word_1_401' title='bbox 2194 2462 2360 2518; x_wconf 91' lang='lat' dir='ltr'><strong>ubera</strong></span> <span class='ocrx_word' id='word_1_402' title='bbox 2392 2462 2684 2532; x_wconf 72' lang='lat' dir='ltr'><strong>praebentis</strong></span> <span class='ocrx_word' id='word_1_403' title='bbox 2709 2481 2723 2527; x_wconf 84' lang='lat'><strong>;</strong></span> <span class='ocrx_word' id='word_1_404' title='bbox 2775 2473 2942 2535; x_wconf 87' lang='lat' dir='ltr'><strong>atque</strong></span> <span class='ocrx_word' id='word_1_405' title='bbox 2972 2465 3025 2519; x_wconf 93' lang='lat' dir='ltr'><strong>in</strong></span> <span class='ocrx_word' id='word_1_406' title='bbox 3055 2464 3314 2521; x_wconf 88' lang='lat' dir='ltr'><strong>interiora</strong></span> <span class='ocrx_word' id='word_1_407' title='bbox 3343 2468 3440 2521; x_wconf 77' lang='lat' dir='ltr'><strong>do-</strong></span> 
     </span>
    </p>
   </div>
   <div class='ocr_carea' id='block_1_54' title="bbox 1841 2557 3442 2631">
    <p class='ocr_par' dir='ltr' id='par_1_54' title="bbox 1841 2557 3442 2631">
     <span class='ocr_line' id='line_1_54' title="bbox 1841 2557 3442 2631; baseline 0.004 -21"><span class='ocrx_word' id='word_1_408' title='bbox 1841 2573 1964 2611; x_wconf 89' lang='lat' dir='ltr'><strong>mus</strong></span> <span class='ocrx_word' id='word_1_409' title='bbox 1990 2573 2109 2612; x_wconf 92' lang='lat' dir='ltr'><strong>eam</strong></span> <span class='ocrx_word' id='word_1_410' title='bbox 2133 2557 2399 2626; x_wconf 88' lang='lat' dir='ltr'><strong>benignus</strong></span> <span class='ocrx_word' id='word_1_411' title='bbox 2422 2557 2699 2613; x_wconf 83' lang='lat' dir='ltr'><strong>induxerit</strong></span> <span class='ocrx_word' id='word_1_412' title='bbox 2728 2576 2740 2612; x_wconf 91' lang='lat'><strong>:</strong></span> <span class='ocrx_word' id='word_1_413' title='bbox 2767 2557 2968 2614; x_wconf 90' lang='lat' dir='ltr'><strong>deinde</strong></span> <span class='ocrx_word' id='word_1_414' title='bbox 2986 2567 3257 2631; x_wconf 87' lang='lat' dir='ltr'><strong>tamquam</strong></span> <span class='ocrx_word' id='word_1_415' title='bbox 3285 2559 3442 2616; x_wconf 88' lang='lat' dir='ltr'><strong>lasci-</strong></span> 
     </span>
    </p>
   </div>
   <div class='ocr_carea' id='block_1_55' title="bbox 1841 2650 3442 2721">
    <p class='ocr_par' dir='ltr' id='par_1_55' title="bbox 1841 2650 3442 2721">
     <span class='ocr_line' id='line_1_55' title="bbox 1841 2650 3442 2721; baseline 0.002 -17"><span class='ocrx_word' id='word_1_416' title='bbox 1841 2650 2007 2705; x_wconf 88' lang='lat' dir='ltr'><strong>vienti</strong></span> <span class='ocrx_word' id='word_1_417' title='bbox 2042 2650 2232 2704; x_wconf 88' lang='lat' dir='ltr'><strong>ludens</strong></span> <span class='ocrx_word' id='word_1_418' title='bbox 2273 2667 2480 2715; x_wconf 87' lang='lat' dir='ltr'><strong>amore,</strong></span> <span class='ocrx_word' id='word_1_419' title='bbox 2527 2652 2651 2721; x_wconf 83' lang='lat' dir='ltr'><strong>quia</strong></span> <span class='ocrx_word' id='word_1_420' title='bbox 2696 2651 2862 2706; x_wconf 87' lang='lat' dir='ltr'><strong>vellet</strong></span> <span class='ocrx_word' id='word_1_421' title='bbox 2909 2662 3218 2721; x_wconf 85' lang='lat' dir='ltr'><strong>pertentare</strong></span> <span class='ocrx_word' id='word_1_422' title='bbox 3249 2667 3442 2709; x_wconf 89' lang='lat' dir='ltr'><strong>sensus</strong></span> 
     </span>
    </p>
   </div>
   <div class='ocr_carea' id='block_1_56' title="bbox 1841 2745 3438 2818">
    <p class='ocr_par' dir='ltr' id='par_1_56' title="bbox 1841 2745 3438 2818">
     <span class='ocr_line' id='line_1_56' title="bbox 1841 2745 3438 2818; baseline 0.004 -21"><span class='ocrx_word' id='word_1_423' title='bbox 1841 2745 2098 2808; x_wconf 86' lang='lat' dir='ltr'><strong>amantis,</strong></span> <span class='ocrx_word' id='word_1_424' title='bbox 2148 2759 2294 2814; x_wconf 65' lang='lat' dir='ltr'><strong>swpe</strong></span> <span class='ocrx_word' id='word_1_425' title='bbox 2347 2759 2602 2816; x_wconf 86' lang='lat' dir='ltr'><strong>egressus</strong></span> <span class='ocrx_word' id='word_1_426' title='bbox 2645 2753 2702 2799; x_wconf 94' lang='lat' dir='ltr'><strong>ut</strong></span> <span class='ocrx_word' id='word_1_427' title='bbox 2750 2755 3090 2818; x_wconf 70' lang='lat' dir='ltr'><strong>quaereretur</strong></span> <span class='ocrx_word' id='word_1_428' title='bbox 3131 2763 3160 2801; x_wconf 76' lang='grc' dir='ltr'><strong>ιι</strong></span> <span class='ocrx_word' id='word_1_429' title='bbox 3202 2747 3438 2818; x_wconf 85' lang='lat' dir='ltr'><strong>Sponsa,</strong></span> 
     </span>
    </p>
   </div>
   <div class='ocr_carea' id='block_1_57' title="bbox 1841 2841 3444 2911">
    <p class='ocr_par' dir='ltr' id='par_1_57' title="bbox 1841 2841 3444 2911">
     <span class='ocr_line' id='line_1_57' title="bbox 1841 2841 3444 2911; baseline 0.002 -17"><span class='ocrx_word' id='word_1_430' title='bbox 1841 2855 1988 2911; x_wconf 61' lang='lat' dir='ltr'><strong>sape</strong></span> <span class='ocrx_word' id='word_1_431' title='bbox 2025 2855 2308 2911; x_wconf 85' lang='lat' dir='ltr'><strong>regressus</strong></span> <span class='ocrx_word' id='word_1_432' title='bbox 2361 2851 2420 2896; x_wconf 94' lang='lat' dir='ltr'><strong>ut</strong></span> <span class='ocrx_word' id='word_1_433' title='bbox 2468 2841 2788 2896; x_wconf 89' lang='lat' dir='ltr'><strong>invitaretur</strong></span> <span class='ocrx_word' id='word_1_434' title='bbox 2833 2841 2900 2895; x_wconf 89' lang='lat' dir='ltr'><strong>ad</strong></span> <span class='ocrx_word' id='word_1_435' title='bbox 2947 2841 3153 2906; x_wconf 88' lang='lat' dir='ltr'><strong>oscula,</strong></span> <span class='ocrx_word' id='word_1_436' title='bbox 3209 2842 3444 2898; x_wconf 87' lang='lat' dir='ltr'><strong>astiterit</strong></span> 
     </span>
    </p>
   </div>
   <div class='ocr_carea' id='block_1_58' title="bbox 1843 2936 3440 3008">
    <p class='ocr_par' dir='ltr' id='par_1_58' title="bbox 1843 2936 3440 3008">
     <span class='ocr_line' id='line_1_58' title="bbox 1843 2936 3440 3008; baseline 0.001 -17"><span class='ocrx_word' id='word_1_437' title='bbox 1843 2945 1970 3006; x_wconf 91' lang='lat' dir='ltr'><strong>post</strong></span> <span class='ocrx_word' id='word_1_438' title='bbox 2023 2937 2322 3006; x_wconf 89' lang='lat' dir='ltr'><strong>parietem,</strong></span> <span class='ocrx_word' id='word_1_439' title='bbox 2355 2937 2698 3008; x_wconf 84' lang='lat' dir='ltr'><strong>prospexerit</strong></span> <span class='ocrx_word' id='word_1_440' title='bbox 2732 2952 2826 3006; x_wconf 88' lang='lat' dir='ltr'><strong>per</strong></span> <span class='ocrx_word' id='word_1_441' title='bbox 2857 2936 3142 3003; x_wconf 82' lang='lat' dir='ltr'><strong>fenestras,</strong></span> <span class='ocrx_word' id='word_1_442' title='bbox 3191 2937 3440 2992; x_wconf 90' lang='lat' dir='ltr'><strong>eminens</strong></span> 
     </span>
    </p>
   </div>
   <div class='ocr_carea' id='block_1_59' title="bbox 1841 3031 3445 3102">
    <p class='ocr_par' dir='ltr' id='par_1_59' title="bbox 1841 3031 3445 3102">
     <span class='ocr_line' id='line_1_59' title="bbox 1841 3031 3445 3102; baseline 0 -16"><span class='ocrx_word' id='word_1_443' title='bbox 1841 3046 2006 3102; x_wconf 85' lang='lat' dir='ltr'><strong>super</strong></span> <span class='ocrx_word' id='word_1_444' title='bbox 2032 3032 2168 3087; x_wconf 89' lang='lat' dir='ltr'><strong>retia</strong></span> <span class='ocrx_word' id='word_1_445' title='bbox 2201 3048 2216 3097; x_wconf 91' lang='lat'><strong>;</strong></span> <span class='ocrx_word' id='word_1_446' title='bbox 2251 3040 2310 3086; x_wconf 92' lang='lat' dir='ltr'><strong>ut</strong></span> <span class='ocrx_word' id='word_1_447' title='bbox 2335 3048 2442 3087; x_wconf 91' lang='lat' dir='ltr'><strong>non</strong></span> <span class='ocrx_word' id='word_1_448' title='bbox 2493 3042 2638 3087; x_wconf 91' lang='lat' dir='ltr'><strong>totus</strong></span> <span class='ocrx_word' id='word_1_449' title='bbox 2663 3033 2909 3098; x_wconf 79' lang='lat' dir='ltr'><strong>abesset,</strong></span> <span class='ocrx_word' id='word_1_450' title='bbox 2950 3046 3053 3085; x_wconf 93' lang='lat' dir='ltr'><strong>nec</strong></span> <span class='ocrx_word' id='word_1_451' title='bbox 3102 3031 3255 3102; x_wconf 91' lang='lat' dir='ltr'><strong>quasi</strong></span> <span class='ocrx_word' id='word_1_452' title='bbox 3299 3038 3445 3086; x_wconf 83' lang='lat' dir='ltr'><strong>totus</strong></span> 
     </span>
    </p>
   </div>
   <div class='ocr_carea' id='block_1_60' title="bbox 1842 3125 3436 3200">
    <p class='ocr_par' dir='ltr' id='par_1_60' title="bbox 1842 3125 3436 3200">
     <span class='ocr_line' id='line_1_60' title="bbox 1842 3125 3436 3200; baseline -0.001 -18"><span class='ocrx_word' id='word_1_453' title='bbox 1842 3127 2090 3189; x_wconf 87' lang='lat' dir='ltr'><strong>intraret.</strong></span> <span class='ocrx_word' id='word_1_454' title='bbox 2123 3135 2174 3182; x_wconf 90' lang='lat' dir='ltr'><strong>et</strong></span> <span class='ocrx_word' id='word_1_455' title='bbox 2200 3128 2316 3200; x_wconf 90' lang='lat' dir='ltr'><strong>ipse</strong></span> <span class='ocrx_word' id='word_1_456' title='bbox 2347 3127 2414 3182; x_wconf 88' lang='lat' dir='ltr'><strong>ad</strong></span> <span class='ocrx_word' id='word_1_457' title='bbox 2447 3143 2506 3183; x_wconf 90' lang='lat' dir='ltr'><strong>se</strong></span> <span class='ocrx_word' id='word_1_458' title='bbox 2529 3142 2786 3198; x_wconf 88' lang='lat' dir='ltr'><strong>sponsam</strong></span> <span class='ocrx_word' id='word_1_459' title='bbox 2814 3134 3072 3190; x_wconf 88' lang='lat' dir='ltr'><strong>vocaret;</strong></span> <span class='ocrx_word' id='word_1_460' title='bbox 3107 3135 3163 3181; x_wconf 94' lang='lat' dir='ltr'><strong>ut</strong></span> <span class='ocrx_word' id='word_1_461' title='bbox 3185 3125 3436 3181; x_wconf 82' lang='lat' dir='ltr'><strong>veniendi</strong></span> 
     </span>
    </p>
   </div>
   <div class='ocr_carea' id='block_1_61' title="bbox 1842 3220 3436 3292">
    <p class='ocr_par' dir='ltr' id='par_1_61' title="bbox 1842 3220 3436 3292">
     <span class='ocr_line' id='line_1_61' title="bbox 1842 3220 3436 3292; baseline -0.001 -18"><span class='ocrx_word' id='word_1_462' title='bbox 1842 3221 1908 3275; x_wconf 89' lang='lat' dir='ltr'><strong>ad</strong></span> <span class='ocrx_word' id='word_1_463' title='bbox 1931 3236 1991 3276; x_wconf 90' lang='lat' dir='ltr'><strong>se</strong></span> <span class='ocrx_word' id='word_1_464' title='bbox 2015 3221 2248 3277; x_wconf 84' lang='lat' dir='ltr'><strong>invicem</strong></span> <span class='ocrx_word' id='word_1_465' title='bbox 2283 3223 2474 3277; x_wconf 91' lang='lat' dir='ltr'><strong>ﬁerent</strong></span> <span class='ocrx_word' id='word_1_466' title='bbox 2502 3222 2738 3292; x_wconf 86' lang='lat' dir='ltr'><strong>gratiora</strong></span> <span class='ocrx_word' id='word_1_467' title='bbox 2771 3220 3116 3287; x_wconf 85' lang='lat' dir='ltr'><strong>commercia,</strong></span> <span class='ocrx_word' id='word_1_468' title='bbox 3161 3234 3436 3274; x_wconf 82' lang='lat' dir='ltr'><strong>amorem-</strong></span> 
     </span>
    </p>
   </div>
   <div class='ocr_carea' id='block_1_62' title="bbox 136 3307 2873 3386">
    <p class='ocr_par' dir='ltr' id='par_1_62' title="bbox 136 3307 2873 3386">
     <span class='ocr_line' id='line_1_62' title="bbox 136 3307 2873 3386; baseline 0.006 -24"><span class='ocrx_word' id='word_1_469' title='bbox 136 3307 342 3372; x_wconf 82' lang='lat' dir='ltr'><strong>dendo,</strong></span> <span class='ocrx_word' id='word_1_470' title='bbox 369 3307 666 3364; x_wconf 86' lang='lat' dir='ltr'><strong>dorcadion</strong></span> <span class='ocrx_word' id='word_1_471' title='bbox 697 3311 844 3365; x_wconf 88' lang='lat' dir='ltr'><strong>enim</strong></span> <span class='ocrx_word' id='word_1_472' title='bbox 872 3313 1020 3367; x_wconf 89' lang='lat' dir='ltr'><strong>visus</strong></span> <span class='ocrx_word' id='word_1_473' title='bbox 1048 3314 1308 3368; x_wconf 87' lang='lat' dir='ltr'><strong>acutioris</strong></span> <span class='ocrx_word' id='word_1_474' title='bbox 1339 3325 1441 3371; x_wconf 88' lang='lat' dir='ltr'><strong>est.</strong></span> <span class='ocrx_word' id='word_1_475' title='bbox 1468 3317 1734 3386; x_wconf 78' lang='lat' dir='ltr'><strong>Quid‘boc</strong></span> <span class='ocrx_word' id='word_1_476' title='bbox 1763 3312 1809 3375; x_wconf 88' lang='lat' dir='ltr'><strong>C</strong></span> <span class='ocrx_word' id='word_1_477' title='bbox 1839 3329 1944 3385; x_wconf 84' lang='lat' dir='ltr'><strong>que</strong></span> <span class='ocrx_word' id='word_1_478' title='bbox 1967 3315 2168 3369; x_wconf 74' lang='grc' dir='ltr'>ιηιιιιιῖε</span> <span class='ocrx_word' id='word_1_479' title='bbox 2195 3315 2480 3371; x_wconf 68' lang='lat' dir='ltr'><strong>adOIel&#39;enl</strong></span> <span class='ocrx_word' id='word_1_480' title='bbox 2509 3315 2873 3370; x_wconf 72' lang='lat' dir='ltr'><strong>sermonibus-</strong></span> 
     </span>
    </p>
   </div>
   <div class='ocr_carea' id='block_1_63' title="bbox 142 3399 1731 3475">
    <p class='ocr_par' dir='ltr' id='par_1_63' title="bbox 142 3399 1731 3475">
     <span class='ocr_line' id='line_1_63' title="bbox 142 3399 1731 3475; baseline 0.006 -21"><span class='ocrx_word' id='word_1_481' title='bbox 142 3401 324 3472; x_wconf 86' lang='lat' dir='ltr'><strong>aptius</strong></span> <span class='ocrx_word' id='word_1_482' title='bbox 346 3399 584 3463; x_wconf 86' lang='lat' dir='ltr'><strong>Christo.</strong></span> <span class='ocrx_word' id='word_1_483' title='bbox 610 3403 698 3472; x_wconf 91' lang='lat' dir='ltr'><strong>qui</strong></span> <span class='ocrx_word' id='word_1_484' title='bbox 726 3402 940 3459; x_wconf 83' lang='lat' dir='ltr'><strong>Patrem</strong></span> <span class='ocrx_word' id='word_1_485' title='bbox 972 3403 1106 3459; x_wconf 86' lang='lat' dir='ltr'><strong>vidit</strong></span> <span class='ocrx_word' id='word_1_486' title='bbox 1133 3421 1293 3475; x_wconf 89' lang='lat' dir='ltr'><strong>quem</strong></span> <span class='ocrx_word' id='word_1_487' title='bbox 1342 3423 1502 3462; x_wconf 86' lang='lat' dir='ltr'><strong>nemo</strong></span> <span class='ocrx_word' id='word_1_488' title='bbox 1553 3409 1731 3464; x_wconf 88' lang='lat' dir='ltr'><strong>vidit:</strong></span> 
     </span>
    </p>
   </div>
   <div class='ocr_carea' id='block_1_64' title="bbox 145 3492 1737 3568">
    <p class='ocr_par' dir='ltr' id='par_1_64' title="bbox 145 3492 1737 3568">
     <span class='ocr_line' id='line_1_64' title="bbox 145 3492 1737 3568; baseline 0.007 -21"><span class='ocrx_word' id='word_1_489' title='bbox 145 3503 239 3547; x_wconf 91' lang='lat' dir='ltr'><strong>aut</strong></span> <span class='ocrx_word' id='word_1_490' title='bbox 266 3493 309 3546; x_wconf 90' lang='lat' dir='ltr'><strong>si</strong></span> <span class='ocrx_word' id='word_1_491' title='bbox 340 3492 458 3560; x_wconf 83' lang='lat' dir='ltr'><strong>quis</strong></span> <span class='ocrx_word' id='word_1_492' title='bbox 489 3493 622 3548; x_wconf 88' lang='lat' dir='ltr'><strong>vidit</strong></span> <span class='ocrx_word' id='word_1_493' title='bbox 651 3494 706 3548; x_wconf 90' lang='lat' dir='ltr'><strong>in</strong></span> <span class='ocrx_word' id='word_1_494' title='bbox 732 3494 974 3562; x_wconf 88' lang='lat' dir='ltr'><strong>Christo,</strong></span> <span class='ocrx_word' id='word_1_495' title='bbox 1008 3497 1126 3568; x_wconf 90' lang='lat' dir='ltr'><strong>ipse</strong></span> <span class='ocrx_word' id='word_1_496' title='bbox 1156 3498 1297 3554; x_wconf 91' lang='lat' dir='ltr'><strong>ﬁlius</strong></span> <span class='ocrx_word' id='word_1_497' title='bbox 1324 3502 1606 3556; x_wconf 85' lang='lat' dir='ltr'><strong>revelavit?</strong></span> <span class='ocrx_word' id='word_1_498' title='bbox 1627 3503 1737 3559; x_wconf 85' lang='lat' dir='ltr'><strong>Me-</strong></span> 
     </span>
    </p>
   </div>
   <div class='ocr_carea' id='block_1_65' title="bbox 150 3586 1732 3666">
    <p class='ocr_par' dir='ltr' id='par_1_65' title="bbox 150 3586 1732 3666">
     <span class='ocr_line' id='line_1_65' title="bbox 150 3586 1732 3666; baseline 0.008 -26"><span class='ocrx_word' id='word_1_499' title='bbox 150 3587 256 3641; x_wconf 89' lang='lat' dir='ltr'><strong>rito</strong></span> <span class='ocrx_word' id='word_1_500' title='bbox 284 3586 412 3640; x_wconf 85' lang='lat' dir='ltr'><strong>sicut</strong></span> <span class='ocrx_word' id='word_1_501' title='bbox 441 3587 686 3643; x_wconf 75' lang='lat' dir='ltr'><strong>[tinnulas</strong></span> <span class='ocrx_word' id='word_1_502' title='bbox 709 3605 1004 3659; x_wconf 85' lang='lat' dir='ltr'><strong>cervorum,</strong></span> <span class='ocrx_word' id='word_1_503' title='bbox 1053 3592 1312 3648; x_wconf 90' lang='lat' dir='ltr'><strong>ltinnulus</strong></span> <span class='ocrx_word' id='word_1_504' title='bbox 1361 3596 1516 3666; x_wconf 86' lang='lat' dir='ltr'><strong>quasi</strong></span> <span class='ocrx_word' id='word_1_505' title='bbox 1566 3597 1732 3664; x_wconf 87' lang='lat' dir='ltr'><strong>ﬁlius,</strong></span> 
     </span>
    </p>
   </div>
   <div class='ocr_carea' id='block_1_66' title="bbox 153 3681 1733 3755">
    <p class='ocr_par' dir='ltr' id='par_1_66' title="bbox 153 3681 1733 3755">
     <span class='ocr_line' id='line_1_66' title="bbox 153 3681 1733 3755; baseline 0.008 -19"><span class='ocrx_word' id='word_1_506' title='bbox 153 3681 237 3736; x_wconf 89' lang='lat' dir='ltr'><strong>cui</strong></span> <span class='ocrx_word' id='word_1_507' title='bbox 263 3690 494 3753; x_wconf 79' lang='lat' dir='ltr'><strong>paternze</strong></span> <span class='ocrx_word' id='word_1_508' title='bbox 522 3684 811 3740; x_wconf 91' lang='lat' dir='ltr'><strong>inoleverit</strong></span> <span class='ocrx_word' id='word_1_509' title='bbox 840 3685 923 3740; x_wconf 87' lang='lat' dir='ltr'><strong>vis</strong></span> <span class='ocrx_word' id='word_1_510' title='bbox 955 3697 1199 3755; x_wconf 79' lang='lat' dir='ltr'><strong>naturze;</strong></span> <span class='ocrx_word' id='word_1_511' title='bbox 1244 3698 1300 3744; x_wconf 93' lang='lat' dir='ltr'><strong>ut</strong></span> <span class='ocrx_word' id='word_1_512' title='bbox 1349 3707 1470 3746; x_wconf 89' lang='lat' dir='ltr'><strong>eum</strong></span> <span class='ocrx_word' id='word_1_513' title='bbox 1522 3693 1733 3748; x_wconf 90' lang='lat' dir='ltr'><strong>occulta</strong></span> 
     </span>
    </p>
   </div>
   <div class='ocr_carea' id='block_1_67' title="bbox 155 3778 1731 3852">
    <p class='ocr_par' dir='ltr' id='par_1_67' title="bbox 155 3778 1731 3852">
     <span class='ocr_line' id='line_1_67' title="bbox 155 3778 1731 3852; baseline 0.004 -16"><span class='ocrx_word' id='word_1_514' title='bbox 155 3793 260 3836; x_wconf 88' lang='lat' dir='ltr'><strong>non</strong></span> <span class='ocrx_word' id='word_1_515' title='bbox 287 3778 502 3847; x_wconf 88' lang='lat' dir='ltr'><strong>lateant,</strong></span> <span class='ocrx_word' id='word_1_516' title='bbox 526 3792 810 3851; x_wconf 89' lang='lat' dir='ltr'><strong>serpentes</strong></span> <span class='ocrx_word' id='word_1_517' title='bbox 839 3781 1068 3852; x_wconf 85' lang='lat' dir='ltr'><strong>fugiant,</strong></span> <span class='ocrx_word' id='word_1_518' title='bbox 1111 3801 1318 3840; x_wconf 89' lang='lat' dir='ltr'><strong>venena</strong></span> <span class='ocrx_word' id='word_1_519' title='bbox 1363 3801 1469 3841; x_wconf 92' lang='lat' dir='ltr'><strong>non</strong></span> <span class='ocrx_word' id='word_1_520' title='bbox 1513 3787 1731 3843; x_wconf 60' lang='lat' dir='ltr'><strong>laedant.</strong></span> 
     </span>
    </p>
   </div>
   <div class='ocr_carea' id='block_1_68' title="bbox 160 3871 1737 3950">
    <p class='ocr_par' dir='ltr' id='par_1_68' title="bbox 160 3871 1737 3950">
     <span class='ocr_line' id='line_1_68' title="bbox 160 3871 1737 3950; baseline 0.004 -22"><span class='ocrx_word' id='word_1_521' title='bbox 160 3871 388 3942; x_wconf 85' lang='lat' dir='ltr'><strong>Denique</strong></span> <span class='ocrx_word' id='word_1_522' title='bbox 415 3871 638 3930; x_wconf 87' lang='lat' dir='ltr'><strong>eductus</strong></span> <span class='ocrx_word' id='word_1_523' title='bbox 660 3873 729 3929; x_wconf 92' lang='lat' dir='ltr'><strong>de</strong></span> <span class='ocrx_word' id='word_1_524' title='bbox 757 3875 997 3931; x_wconf 89' lang='lat' dir='ltr'><strong>latibulis</strong></span> <span class='ocrx_word' id='word_1_525' title='bbox 1027 3877 1140 3932; x_wconf 89' lang='lat' dir='ltr'><strong>suis</strong></span> <span class='ocrx_word' id='word_1_526' title='bbox 1179 3893 1406 3947; x_wconf 90' lang='lat' dir='ltr'><strong>serpens</strong></span> <span class='ocrx_word' id='word_1_527' title='bbox 1453 3881 1543 3950; x_wconf 89' lang='lat' dir='ltr'><strong>qui</strong></span> <span class='ocrx_word' id='word_1_528' title='bbox 1603 3881 1737 3935; x_wconf 85' lang='lat' dir='ltr'><strong>edu-</strong></span> 
     </span>
    </p>
   </div>
   <div class='ocr_carea' id='block_1_69' title="bbox 160 3963 1734 4036">
    <p class='ocr_par' dir='ltr' id='par_1_69' title="bbox 160 3963 1734 4036">
     <span class='ocr_line' id='line_1_69' title="bbox 160 3963 1734 4036; baseline 0.004 -16"><span class='ocrx_word' id='word_1_529' title='bbox 160 3963 370 4020; x_wconf 90' lang='lat' dir='ltr'><strong>cebatur</strong></span> <span class='ocrx_word' id='word_1_530' title='bbox 396 3979 460 4020; x_wconf 82' lang='lat' dir='ltr'><strong>ex</strong></span> <span class='ocrx_word' id='word_1_531' title='bbox 490 3965 734 4031; x_wconf 90' lang='lat' dir='ltr'><strong>homine,</strong></span> <span class='ocrx_word' id='word_1_532' title='bbox 763 3967 980 4023; x_wconf 90' lang='lat' dir='ltr'><strong>dicebat</strong></span> <span class='ocrx_word' id='word_1_533' title='bbox 1007 3986 1019 4022; x_wconf 92' lang='lat'><strong>:</strong></span> <span class='ocrx_word' id='word_1_534' title='bbox 1053 3972 1190 4036; x_wconf 80' lang='lat' dir='ltr'><strong>Quid</strong></span> <span class='ocrx_word' id='word_1_535' title='bbox 1233 3973 1414 4028; x_wconf 84' lang='lat' dir='ltr'><strong>venisti</strong></span> <span class='ocrx_word' id='word_1_536' title='bbox 1457 3984 1574 4026; x_wconf 86' lang='lat' dir='ltr'><strong>ante</strong></span> <span class='ocrx_word' id='word_1_537' title='bbox 1605 3983 1734 4026; x_wconf 84' lang='lat' dir='ltr'><strong>tem-</strong></span> 
     </span>
    </p>
   </div>
   <div class='ocr_carea' id='block_1_70' title="bbox 165 4057 1736 4136">
    <p class='ocr_par' dir='ltr' id='par_1_70' title="bbox 165 4057 1736 4136">
     <span class='ocr_line' id='line_1_70' title="bbox 165 4057 1736 4136; baseline 0.006 -26"><span class='ocrx_word' id='word_1_538' title='bbox 165 4073 258 4130; x_wconf 85' lang='lat' dir='ltr'><strong>pus</strong></span> <span class='ocrx_word' id='word_1_539' title='bbox 302 4068 528 4124; x_wconf 80' lang='lat' dir='ltr'><strong>torquere</strong></span> <span class='ocrx_word' id='word_1_540' title='bbox 556 4075 649 4112; x_wconf 88' lang='lat' dir='ltr'><strong>nos</strong></span> <span class='ocrx_word' id='word_1_541' title='bbox 682 4057 898 4130; x_wconf 81' lang='lat' dir='ltr'><strong>(Matth.</strong></span> <span class='ocrx_word' id='word_1_542' title='bbox 938 4077 1052 4126; x_wconf 83' lang='lat' dir='ltr'><strong>vttt,</strong></span> <span class='ocrx_word' id='word_1_543' title='bbox 1083 4063 1197 4133; x_wconf 76' lang='lat'><strong>9.9).</strong></span> <span class='ocrx_word' id='word_1_544' title='bbox 1240 4063 1564 4133; x_wconf 90' lang='lat' dir='ltr'><strong>Spectemus</strong></span> <span class='ocrx_word' id='word_1_545' title='bbox 1606 4081 1736 4136; x_wconf 89' lang='lat' dir='ltr'><strong>ergo</strong></span> 
     </span>
    </p>
   </div>
   <div class='ocr_carea' id='block_1_71' title="bbox 97 4151 1736 4227">
    <p class='ocr_par' dir='ltr' id='par_1_71' title="bbox 97 4151 1736 4227">
     <span class='ocr_line' id='line_1_71' title="bbox 97 4151 1736 4227; baseline 0.007 -23"><span class='ocrx_word' id='word_1_546' title='bbox 97 4217 106 4226; x_wconf 34' lang='grc' dir='ltr'><strong>ο</strong></span> <span class='ocrx_word' id='word_1_547' title='bbox 167 4151 428 4206; x_wconf 89' lang='lat' dir='ltr'><strong>salientem</strong></span> <span class='ocrx_word' id='word_1_548' title='bbox 454 4151 595 4208; x_wconf 90' lang='lat' dir='ltr'><strong>hunc</strong></span> <span class='ocrx_word' id='word_1_549' title='bbox 627 4151 988 4222; x_wconf 90' lang='lat' dir='ltr'><strong>hinnieulum,</strong></span> <span class='ocrx_word' id='word_1_550' title='bbox 1024 4165 1085 4211; x_wconf 93' lang='lat' dir='ltr'><strong>ut</strong></span> <span class='ocrx_word' id='word_1_551' title='bbox 1113 4173 1216 4212; x_wconf 90' lang='lat' dir='ltr'><strong>non</strong></span> <span class='ocrx_word' id='word_1_552' title='bbox 1249 4160 1520 4227; x_wconf 87' lang='lat' dir='ltr'><strong>possimus</strong></span> <span class='ocrx_word' id='word_1_553' title='bbox 1545 4160 1736 4216; x_wconf 90' lang='lat' dir='ltr'><strong>timere</strong></span> 
     </span>
    </p>
   </div>
   <div class='ocr_carea' id='block_1_72' title="bbox 170 4253 474 4312">
    <p class='ocr_par' dir='ltr' id='par_1_72' title="bbox 170 4253 474 4312">
     <span class='ocr_line' id='line_1_72' title="bbox 170 4253 474 4312; baseline -0.003 -14"><span class='ocrx_word' id='word_1_554' title='bbox 170 4253 474 4312; x_wconf 87' lang='lat' dir='ltr'><strong>serpentem.</strong></span> 
     </span>
    </p>
   </div>
   <div class='ocr_carea' id='block_1_73' title="bbox 238 4334 1737 4415">
    <p class='ocr_par' dir='ltr' id='par_1_73' title="bbox 238 4334 1737 4415">
     <span class='ocr_line' id='line_1_73' title="bbox 238 4334 1737 4415; baseline 0.006 -24"><span class='ocrx_word' id='word_1_555' title='bbox 238 4335 320 4391; x_wconf 74' lang='lat'><strong>59.</strong></span> <span class='ocrx_word' id='word_1_556' title='bbox 346 4344 369 4373; x_wconf 71' lang='grc' dir='ltr'><strong>ι</strong></span> <span class='ocrx_word' id='word_1_557' title='bbox 394 4334 470 4390; x_wconf 83' lang='grc' dir='ltr'><strong>Εη</strong></span> <span class='ocrx_word' id='word_1_558' title='bbox 492 4336 600 4406; x_wconf 86' lang='lat' dir='ltr'><strong>ipse</strong></span> <span class='ocrx_word' id='word_1_559' title='bbox 627 4347 730 4393; x_wconf 88' lang='lat' dir='ltr'><strong>stat</strong></span> <span class='ocrx_word' id='word_1_560' title='bbox 751 4349 864 4410; x_wconf 87' lang='lat' dir='ltr'><strong>post</strong></span> <span class='ocrx_word' id='word_1_561' title='bbox 895 4342 1144 4413; x_wconf 87' lang='lat' dir='ltr'><strong>parietem</strong></span> <span class='ocrx_word' id='word_1_562' title='bbox 1176 4353 1428 4410; x_wconf 87' lang='lat' dir='ltr'><strong>nostrum,</strong></span> <span class='ocrx_word' id='word_1_563' title='bbox 1461 4345 1737 4415; x_wconf 79' lang='lat' dir='ltr'><strong>respiciens</strong></span> 
     </span>
    </p>
   </div>
   <div class='ocr_carea' id='block_1_74' title="bbox 177 4430 1737 4509">
    <p class='ocr_par' dir='ltr' id='par_1_74' title="bbox 177 4430 1737 4509">
     <span class='ocr_line' id='line_1_74' title="bbox 177 4430 1737 4509; baseline 0.007 -27"><span class='ocrx_word' id='word_1_564' title='bbox 177 4444 256 4500; x_wconf 88' lang='lat' dir='ltr'><strong>per</strong></span> <span class='ocrx_word' id='word_1_565' title='bbox 291 4430 553 4500; x_wconf 81' lang='lat' dir='ltr'><strong>fenestras,</strong></span> <span class='ocrx_word' id='word_1_566' title='bbox 606 4433 924 4504; x_wconf 86' lang='lat' dir='ltr'><strong>prospiciens</strong></span> <span class='ocrx_word' id='word_1_567' title='bbox 963 4451 1054 4504; x_wconf 90' lang='lat' dir='ltr'><strong>per</strong></span> <span class='ocrx_word' id='word_1_568' title='bbox 1096 4436 1244 4490; x_wconf 83' lang='lat' dir='ltr'><strong>retia.</strong></span> <span class='ocrx_word' id='word_1_569' title='bbox 1300 4435 1458 4492; x_wconf 81' lang='lat' dir='ltr'><strong>Venit</strong></span> <span class='ocrx_word' id='word_1_570' title='bbox 1503 4453 1633 4509; x_wconf 84' lang='lat' dir='ltr'><strong>ergo</strong></span> <span class='ocrx_word' id='word_1_571' title='bbox 1681 4447 1737 4495; x_wconf 89' lang='lat' dir='ltr'><strong>et</strong></span> 
     </span>
    </p>
   </div>
   <div class='ocr_carea' id='block_1_75' title="bbox 178 4520 1736 4596">
    <p class='ocr_par' dir='ltr' id='par_1_75' title="bbox 178 4520 1736 4596">
     <span class='ocr_line' id='line_1_75' title="bbox 178 4520 1736 4596; baseline 0.01 -21"><span class='ocrx_word' id='word_1_572' title='bbox 178 4520 334 4592; x_wconf 88' lang='lat' dir='ltr'><strong>primo</strong></span> <span class='ocrx_word' id='word_1_573' title='bbox 363 4533 474 4595; x_wconf 89' lang='lat' dir='ltr'><strong>post</strong></span> <span class='ocrx_word' id='word_1_574' title='bbox 519 4525 786 4596; x_wconf 87' lang='lat' dir='ltr'><strong>parietem</strong></span> <span class='ocrx_word' id='word_1_575' title='bbox 818 4535 932 4594; x_wconf 91' lang='lat' dir='ltr'><strong>est,</strong></span> <span class='ocrx_word' id='word_1_576' title='bbox 989 4539 1045 4583; x_wconf 92' lang='lat' dir='ltr'><strong>ut</strong></span> <span class='ocrx_word' id='word_1_577' title='bbox 1086 4529 1398 4587; x_wconf 86' lang='lat' dir='ltr'><strong>inimicitias</strong></span> <span class='ocrx_word' id='word_1_578' title='bbox 1442 4532 1639 4588; x_wconf 79' lang='lat' dir='ltr'><strong>animze</strong></span> <span class='ocrx_word' id='word_1_579' title='bbox 1682 4545 1736 4590; x_wconf 93' lang='lat' dir='ltr'><strong>et</strong></span> 
     </span>
    </p>
   </div>
   <div class='ocr_carea' id='block_1_76' title="bbox 179 4617 1731 4694">
    <p class='ocr_par' dir='ltr' id='par_1_76' title="bbox 179 4617 1731 4694">
     <span class='ocr_line' id='line_1_76' title="bbox 179 4617 1731 4694; baseline 0.008 -24"><span class='ocrx_word' id='word_1_580' title='bbox 179 4617 393 4688; x_wconf 79' lang='lat' dir='ltr'><strong>corporis</strong></span> <span class='ocrx_word' id='word_1_581' title='bbox 418 4619 608 4688; x_wconf 89' lang='lat' dir='ltr'><strong>solvat,</strong></span> <span class='ocrx_word' id='word_1_582' title='bbox 639 4619 853 4677; x_wconf 90' lang='lat' dir='ltr'><strong>sublato</strong></span> <span class='ocrx_word' id='word_1_583' title='bbox 891 4622 1097 4692; x_wconf 84' lang='lat' dir='ltr'><strong>pariete</strong></span> <span class='ocrx_word' id='word_1_584' title='bbox 1141 4624 1232 4692; x_wconf 87' lang='lat' dir='ltr'><strong>qui</strong></span> <span class='ocrx_word' id='word_1_585' title='bbox 1285 4626 1731 4694; x_wconf 89' lang='lat' dir='ltr'><strong>impedimentum</strong></span> 
     </span>
    </p>
   </div>
   <div class='ocr_carea' id='block_1_77' title="bbox 1919 3407 3434 3483">
    <p class='ocr_par' dir='ltr' id='par_1_77' title="bbox 1919 3407 3434 3483">
     <span class='ocr_line' id='line_1_77' title="bbox 1919 3407 3434 3483; baseline -0.005 -14"><span class='ocrx_word' id='word_1_586' title='bbox 1919 3409 2128 3481; x_wconf 78' lang='lat'><strong>1567</strong></span> <span class='ocrx_word' id='word_1_587' title='bbox 2187 3409 2272 3465; x_wconf 78' lang='lat' dir='ltr'><strong>H.</strong></span> <span class='ocrx_word' id='word_1_588' title='bbox 2337 3409 2518 3483; x_wconf 90' lang='lat' dir='ltr'><strong>(Vers.</strong></span> <span class='ocrx_word' id='word_1_589' title='bbox 2570 3408 2686 3480; x_wconf 78' lang='grc'><strong>10.)</strong></span> <span class='ocrx_word' id='word_1_590' title='bbox 2721 3407 2963 3482; x_wconf 77' lang='lat' dir='ltr'><strong>Exsurge</strong></span> <span class='ocrx_word' id='word_1_591' title='bbox 2989 3449 3002 3471; x_wconf 88' lang='lat'><strong>,</strong></span> <span class='ocrx_word' id='word_1_592' title='bbox 3034 3407 3207 3478; x_wconf 88' lang='lat' dir='ltr'><strong>inquit</strong></span> <span class='ocrx_word' id='word_1_593' title='bbox 3241 3449 3255 3474; x_wconf 95' lang='lat'><strong>,</strong></span> <span class='ocrx_word' id='word_1_594' title='bbox 3289 3408 3434 3476; x_wconf 81' lang='lat' dir='ltr'><strong>veni,</strong></span> 
     </span>
    </p>
   </div>
   <div class='ocr_carea' id='block_1_78' title="bbox 1838 3500 3435 3574">
    <p class='ocr_par' dir='ltr' id='par_1_78' title="bbox 1838 3500 3435 3574">
     <span class='ocr_line' id='line_1_78' title="bbox 1838 3500 3435 3574; baseline 0 -19"><span class='ocrx_word' id='word_1_595' title='bbox 1838 3504 2078 3574; x_wconf 78' lang='lat' dir='ltr'><strong>proxima</strong></span> <span class='ocrx_word' id='word_1_596' title='bbox 2103 3518 2235 3572; x_wconf 84' lang='lat' dir='ltr'><strong>mea,</strong></span> <span class='ocrx_word' id='word_1_597' title='bbox 2295 3506 2520 3574; x_wconf 89' lang='lat' dir='ltr'><strong>formosa</strong></span> <span class='ocrx_word' id='word_1_598' title='bbox 2549 3519 2680 3567; x_wconf 82' lang='lat' dir='ltr'><strong>mea,</strong></span> <span class='ocrx_word' id='word_1_599' title='bbox 2711 3500 2954 3555; x_wconf 82' lang='lat' dir='ltr'><strong>columba</strong></span> <span class='ocrx_word' id='word_1_600' title='bbox 2978 3517 3092 3554; x_wconf 83' lang='lat' dir='ltr'><strong>mea</strong></span> <span class='ocrx_word' id='word_1_601' title='bbox 3122 3517 3140 3566; x_wconf 91' lang='lat'><em>;</em></span> <span class='ocrx_word' id='word_1_602' title='bbox 3185 3507 3241 3555; x_wconf 88' lang='lat' dir='ltr'><strong>et</strong></span> <span class='ocrx_word' id='word_1_603' title='bbox 3285 3511 3338 3554; x_wconf 93' lang='lat' dir='ltr'><strong>tu</strong></span> <span class='ocrx_word' id='word_1_604' title='bbox 3390 3501 3435 3555; x_wconf 90' lang='lat' dir='ltr'><strong>si</strong></span> 
     </span>
    </p>
   </div>
   <div class='ocr_carea' id='block_1_79' title="bbox 1840 3592 3436 3666">
    <p class='ocr_par' dir='ltr' id='par_1_79' title="bbox 1840 3592 3436 3666">
     <span class='ocr_line' id='line_1_79' title="bbox 1840 3592 3436 3666; baseline -0.001 -17"><span class='ocrx_word' id='word_1_605' title='bbox 1840 3594 2044 3649; x_wconf 87' lang='lat' dir='ltr'><strong>habeas</strong></span> <span class='ocrx_word' id='word_1_606' title='bbox 2088 3593 2370 3648; x_wconf 89' lang='lat' dir='ltr'><strong>fundatum</strong></span> <span class='ocrx_word' id='word_1_607' title='bbox 2427 3593 2716 3666; x_wconf 86' lang='lat' dir='ltr'><strong>parietem,</strong></span> <span class='ocrx_word' id='word_1_608' title='bbox 2751 3608 2857 3647; x_wconf 92' lang='lat' dir='ltr'><strong>non</strong></span> <span class='ocrx_word' id='word_1_609' title='bbox 2890 3593 3042 3647; x_wconf 90' lang='lat' dir='ltr'><strong>illtttn</strong></span> <span class='ocrx_word' id='word_1_610' title='bbox 3077 3592 3315 3647; x_wconf 87' lang='lat' dir='ltr'><strong>medium</strong></span> <span class='ocrx_word' id='word_1_611' title='bbox 3347 3593 3436 3663; x_wconf 90' lang='lat' dir='ltr'><strong>qui</strong></span> 
     </span>
    </p>
   </div>
   <div class='ocr_carea' id='block_1_80' title="bbox 1837 3685 3438 3758">
    <p class='ocr_par' dir='ltr' id='par_1_80' title="bbox 1837 3685 3438 3758">
     <span class='ocr_line' id='line_1_80' title="bbox 1837 3685 3438 3758; baseline -0.002 -16"><span class='ocrx_word' id='word_1_612' title='bbox 1837 3687 2032 3742; x_wconf 92' lang='lat' dir='ltr'><strong>domus</strong></span> <span class='ocrx_word' id='word_1_613' title='bbox 2065 3687 2228 3742; x_wconf 91' lang='lat' dir='ltr'><strong>unius</strong></span> <span class='ocrx_word' id='word_1_614' title='bbox 2257 3697 2476 3758; x_wconf 82' lang='lat' dir='ltr'><strong>separet</strong></span> <span class='ocrx_word' id='word_1_615' title='bbox 2501 3687 2769 3753; x_wconf 84' lang='lat' dir='ltr'><strong>membra,</strong></span> <span class='ocrx_word' id='word_1_616' title='bbox 2803 3686 2899 3742; x_wconf 90' lang='lat' dir='ltr'><strong>sed</strong></span> <span class='ocrx_word' id='word_1_617' title='bbox 2927 3685 3254 3741; x_wconf 66' lang='lat' dir='ltr'><strong>aediﬁcatum</strong></span> <span class='ocrx_word' id='word_1_618' title='bbox 3273 3699 3438 3756; x_wconf 90' lang='lat' dir='ltr'><strong>supra</strong></span> 
     </span>
    </p>
   </div>
   <div class='ocr_carea' id='block_1_81' title="bbox 1838 3782 3435 3853">
    <p class='ocr_par' dir='ltr' id='par_1_81' title="bbox 1838 3782 3435 3853">
     <span class='ocr_line' id='line_1_81' title="bbox 1838 3782 3435 3853; baseline -0.002 -17"><span class='ocrx_word' id='word_1_619' title='bbox 1838 3782 2250 3837; x_wconf 87' lang='lat' dir='ltr'><strong>fundamentum</strong></span> <span class='ocrx_word' id='word_1_620' title='bbox 2283 3784 2655 3853; x_wconf 87' lang='lat' dir='ltr'><strong>apostolorum</strong></span> <span class='ocrx_word' id='word_1_621' title='bbox 2687 3794 2736 3838; x_wconf 91' lang='lat' dir='ltr'><strong>et</strong></span> <span class='ocrx_word' id='word_1_622' title='bbox 2766 3783 3173 3853; x_wconf 86' lang='lat' dir='ltr'><strong>prophetarum,</strong></span> <span class='ocrx_word' id='word_1_623' title='bbox 3203 3788 3261 3834; x_wconf 92' lang='lat' dir='ltr'><strong>ut</strong></span> <span class='ocrx_word' id='word_1_624' title='bbox 3281 3795 3435 3834; x_wconf 81' lang='lat' dir='ltr'><strong>com-</strong></span> 
     </span>
    </p>
   </div>
   <div class='ocr_carea' id='block_1_82' title="bbox 1841 3874 3436 3946">
    <p class='ocr_par' dir='ltr' id='par_1_82' title="bbox 1841 3874 3436 3946">
     <span class='ocr_line' id='line_1_82' title="bbox 1841 3874 3436 3946; baseline 0.001 -19"><span class='ocrx_word' id='word_1_625' title='bbox 1841 3874 2089 3946; x_wconf 82' lang='lat' dir='ltr'><strong>paginata</strong></span> <span class='ocrx_word' id='word_1_626' title='bbox 2135 3875 2254 3944; x_wconf 88' lang='lat' dir='ltr'><strong>ejus</strong></span> <span class='ocrx_word' id='word_1_627' title='bbox 2303 3885 2578 3930; x_wconf 87' lang='lat' dir='ltr'><strong>structura</strong></span> <span class='ocrx_word' id='word_1_628' title='bbox 2624 3887 2838 3931; x_wconf 89' lang='lat' dir='ltr'><strong>crescat</strong></span> <span class='ocrx_word' id='word_1_629' title='bbox 2884 3875 2935 3928; x_wconf 93' lang='lat' dir='ltr'><strong>in</strong></span> <span class='ocrx_word' id='word_1_630' title='bbox 2989 3875 3284 3943; x_wconf 86' lang='lat' dir='ltr'><strong>templum,</strong></span> <span class='ocrx_word' id='word_1_631' title='bbox 3334 3888 3436 3928; x_wconf 90' lang='lat' dir='ltr'><strong>nec</strong></span> 
     </span>
    </p>
   </div>
   <div class='ocr_carea' id='block_1_83' title="bbox 1838 3965 3438 4037">
    <p class='ocr_par' dir='ltr' id='par_1_83' title="bbox 1838 3965 3438 4037">
     <span class='ocr_line' id='line_1_83' title="bbox 1838 3965 3438 4037; baseline -0.001 -17"><span class='ocrx_word' id='word_1_632' title='bbox 1838 3967 2184 4022; x_wconf 85' lang='lat' dir='ltr'><strong>disterminet</strong></span> <span class='ocrx_word' id='word_1_633' title='bbox 2211 3967 2328 4037; x_wconf 86' lang='lat' dir='ltr'><strong>ejus</strong></span> <span class='ocrx_word' id='word_1_634' title='bbox 2357 3967 2594 4034; x_wconf 90' lang='lat' dir='ltr'><strong>interna,</strong></span> <span class='ocrx_word' id='word_1_635' title='bbox 2626 3967 2721 4023; x_wconf 90' lang='lat' dir='ltr'><strong>sed</strong></span> <span class='ocrx_word' id='word_1_636' title='bbox 2747 3968 2970 4021; x_wconf 86' lang='lat' dir='ltr'><strong>muniat.</strong></span> <span class='ocrx_word' id='word_1_637' title='bbox 2997 3965 3054 4020; x_wconf 90' lang='lat' dir='ltr'><strong>Si</strong></span> <span class='ocrx_word' id='word_1_638' title='bbox 3079 3965 3278 4020; x_wconf 89' lang='lat' dir='ltr'><strong>habeas</strong></span> <span class='ocrx_word' id='word_1_639' title='bbox 3306 3979 3438 4035; x_wconf 80' lang='lat' dir='ltr'><strong>ergo</strong></span> 
     </span>
    </p>
   </div>
   <div class='ocr_carea' id='block_1_84' title="bbox 1839 4044 3438 4129">
    <p class='ocr_par' dir='ltr' id='par_1_84' title="bbox 1839 4044 3438 4129">
     <span class='ocr_line' id='line_1_84' title="bbox 1839 4044 3438 4129; baseline -0.001 -14"><span class='ocrx_word' id='word_1_640' title='bbox 1839 4060 1892 4115; x_wconf 91' lang='lat' dir='ltr'><strong>in</strong></span> <span class='ocrx_word' id='word_1_641' title='bbox 1937 4071 1987 4116; x_wconf 92' lang='lat' dir='ltr'><strong>te</strong></span> <span class='ocrx_word' id='word_1_642' title='bbox 2025 4061 2438 4116; x_wconf 87' lang='lat' dir='ltr'><strong>aediﬁcationem</strong></span> <span class='ocrx_word' id='word_1_643' title='bbox 2499 4062 2615 4129; x_wconf 88' lang='lat' dir='ltr'><strong>Dei,</strong></span> <span class='ocrx_word' id='word_1_644' title='bbox 2671 4071 2726 4115; x_wconf 91' lang='lat' dir='ltr'><strong>et</strong></span> <span class='ocrx_word' id='word_1_645' title='bbox 2776 4060 2841 4114; x_wconf 86' lang='lat' dir='ltr'><strong>ad</strong></span> <span class='ocrx_word' id='word_1_646' title='bbox 2891 4044 3173 4114; x_wconf 74' lang='lat' dir='ltr'><strong>Orientem</strong></span> <span class='ocrx_word' id='word_1_647' title='bbox 3219 4066 3438 4128; x_wconf 87' lang='lat' dir='ltr'><strong>pateant</strong></span> 
     </span>
    </p>
   </div>
   <div class='ocr_carea' id='block_1_85' title="bbox 1837 4151 3436 4223">
    <p class='ocr_par' dir='ltr' id='par_1_85' title="bbox 1837 4151 3436 4223">
     <span class='ocr_line' id='line_1_85' title="bbox 1837 4151 3436 4223; baseline -0.002 -16"><span class='ocrx_word' id='word_1_648' title='bbox 1837 4168 2056 4223; x_wconf 84' lang='lat' dir='ltr'><strong>semper</strong></span> <span class='ocrx_word' id='word_1_649' title='bbox 2085 4153 2342 4209; x_wconf 75' lang='lat' dir='ltr'><strong>fenestra:</strong></span> <span class='ocrx_word' id='word_1_650' title='bbox 2372 4163 2499 4220; x_wconf 41' lang='lat' dir='ltr'><strong>tuae,</strong></span> <span class='ocrx_word' id='word_1_651' title='bbox 2533 4154 2685 4208; x_wconf 91' lang='lat' dir='ltr'><strong>venit</strong></span> <span class='ocrx_word' id='word_1_652' title='bbox 2735 4152 2996 4218; x_wconf 78' lang='lat' dir='ltr'><strong>Verbum,</strong></span> <span class='ocrx_word' id='word_1_653' title='bbox 3029 4151 3149 4207; x_wconf 89' lang='lat' dir='ltr'><strong>Stat</strong></span> <span class='ocrx_word' id='word_1_654' title='bbox 3180 4159 3294 4221; x_wconf 86' lang='lat' dir='ltr'><strong>post</strong></span> <span class='ocrx_word' id='word_1_655' title='bbox 3338 4168 3436 4223; x_wconf 79' lang='lat' dir='ltr'><strong>pa-</strong></span> 
     </span>
    </p>
   </div>
   <div class='ocr_carea' id='block_1_86' title="bbox 1839 4245 3437 4322">
    <p class='ocr_par' dir='ltr' id='par_1_86' title="bbox 1839 4245 3437 4322">
     <span class='ocr_line' id='line_1_86' title="bbox 1839 4245 3437 4322; baseline -0.002 -22"><span class='ocrx_word' id='word_1_656' title='bbox 1839 4247 2016 4300; x_wconf 85' lang='lat' dir='ltr'><strong>rietetn</strong></span> <span class='ocrx_word' id='word_1_657' title='bbox 2063 4258 2206 4302; x_wconf 86' lang='lat' dir='ltr'><strong>tuum</strong></span> <span class='ocrx_word' id='word_1_658' title='bbox 2250 4245 2428 4322; x_wconf 86' lang='lat' dir='ltr'><strong>(Cant.</strong></span> <span class='ocrx_word' id='word_1_659' title='bbox 2467 4265 2526 4315; x_wconf 87' lang='lat' dir='ltr'><strong>ll,</strong></span> <span class='ocrx_word' id='word_1_660' title='bbox 2555 4246 2649 4319; x_wconf 88' lang='lat'><strong>9);</strong></span> <span class='ocrx_word' id='word_1_661' title='bbox 2684 4247 2820 4301; x_wconf 85' lang='lat' dir='ltr'><strong>oculi</strong></span> <span class='ocrx_word' id='word_1_662' title='bbox 2861 4247 3006 4302; x_wconf 89' lang='lat' dir='ltr'><strong>enim</strong></span> <span class='ocrx_word' id='word_1_663' title='bbox 3045 4245 3254 4299; x_wconf 87' lang='lat' dir='ltr'><strong>Domini</strong></span> <span class='ocrx_word' id='word_1_664' title='bbox 3284 4261 3437 4317; x_wconf 86' lang='lat' dir='ltr'><strong>super</strong></span> 
     </span>
    </p>
   </div>
   <div class='ocr_carea' id='block_1_87' title="bbox 1829 4340 3439 4414">
    <p class='ocr_par' dir='ltr' id='par_1_87' title="bbox 1829 4340 3439 4414">
     <span class='ocr_line' id='line_1_87' title="bbox 1829 4340 3439 4414; baseline -0.001 -20"><span class='ocrx_word' id='word_1_665' title='bbox 1829 4344 2002 4414; x_wconf 85' lang='lat' dir='ltr'><strong>justas</strong></span> <span class='ocrx_word' id='word_1_666' title='bbox 2035 4340 2210 4408; x_wconf 83' lang='lat' dir='ltr'><strong>(Psal.</strong></span> <span class='ocrx_word' id='word_1_667' title='bbox 2241 4358 2434 4410; x_wconf 76' lang='lat' dir='ltr'><strong>xxxnt,</strong></span> <span class='ocrx_word' id='word_1_668' title='bbox 2463 4340 2550 4414; x_wconf 72' lang='lat'><strong>16)</strong></span> <span class='ocrx_word' id='word_1_669' title='bbox 2580 4357 2593 4408; x_wconf 93' lang='lat'>;</span> <span class='ocrx_word' id='word_1_670' title='bbox 2625 4342 2872 4412; x_wconf 81' lang='lat' dir='ltr'><strong>prospicit</strong></span> <span class='ocrx_word' id='word_1_671' title='bbox 2914 4356 3004 4412; x_wconf 86' lang='lat' dir='ltr'><strong>per</strong></span> <span class='ocrx_word' id='word_1_672' title='bbox 3033 4344 3285 4410; x_wconf 78' lang='lat' dir='ltr'><strong>fenestras</strong></span> <span class='ocrx_word' id='word_1_673' title='bbox 3326 4348 3439 4393; x_wconf 84' lang='lat' dir='ltr'><strong>tuas</strong></span> 
     </span>
    </p>
   </div>
   <div class='ocr_carea' id='block_1_88' title="bbox 1843 4429 2219 4506">
    <p class='ocr_par' dir='ltr' id='par_1_88' title="bbox 1843 4429 2219 4506">
     <span class='ocr_line' id='line_1_88' title="bbox 1843 4429 2219 4506; baseline 0.003 -19"><span class='ocrx_word' id='word_1_674' title='bbox 1843 4429 2017 4504; x_wconf 83' lang='lat' dir='ltr'><strong>(Cant.</strong></span> <span class='ocrx_word' id='word_1_675' title='bbox 2050 4449 2108 4501; x_wconf 88' lang='lat' dir='ltr'><strong>ll,</strong></span> <span class='ocrx_word' id='word_1_676' title='bbox 2143 4433 2219 4506; x_wconf 87' lang='lat'><strong>9).</strong></span> 
     </span>
    </p>
   </div>
   <div class='ocr_carea' id='block_1_89' title="bbox 1911 4525 3434 4598">
    <p class='ocr_par' dir='ltr' id='par_1_89' title="bbox 1911 4525 3434 4598">
     <span class='ocr_line' id='line_1_89' title="bbox 1911 4525 3434 4598; baseline -0.003 -14"><span class='ocrx_word' id='word_1_677' title='bbox 1911 4529 2000 4584; x_wconf 72' lang='lat'><strong>42.</strong></span> <span class='ocrx_word' id='word_1_678' title='bbox 2043 4530 2173 4596; x_wconf 73' lang='lat' dir='ltr'><strong>Qua:</strong></span> <span class='ocrx_word' id='word_1_679' title='bbox 2200 4539 2328 4584; x_wconf 90' lang='lat' dir='ltr'><strong>sunt</strong></span> <span class='ocrx_word' id='word_1_680' title='bbox 2370 4528 2624 4585; x_wconf 62' lang='lat' dir='ltr'><strong>fenestra:</strong></span> <span class='ocrx_word' id='word_1_681' title='bbox 2680 4528 2838 4582; x_wconf 62' lang='lat' dir='ltr'><strong>istae?</strong></span> <span class='ocrx_word' id='word_1_682' title='bbox 2883 4527 3134 4598; x_wconf 85' lang='lat' dir='ltr'><strong>Legimus</strong></span> <span class='ocrx_word' id='word_1_683' title='bbox 3166 4525 3434 4582; x_wconf 86' lang='lat' dir='ltr'><strong>fenestras</strong></span> 
     </span>
    </p>
   </div>
   <div class='ocr_carea' id='block_1_90' title="bbox 1837 4619 3435 4692">
    <p class='ocr_par' dir='ltr' id='par_1_90' title="bbox 1837 4619 3435 4692">
     <span class='ocr_line' id='line_1_90' title="bbox 1837 4619 3435 4692; baseline -0.002 -16"><span class='ocrx_word' id='word_1_684' title='bbox 1837 4619 1906 4676; x_wconf 88' lang='lat' dir='ltr'><strong>de</strong></span> <span class='ocrx_word' id='word_1_685' title='bbox 1929 4621 2127 4692; x_wconf 89' lang='lat' dir='ltr'><strong>quibus</strong></span> <span class='ocrx_word' id='word_1_686' title='bbox 2146 4621 2278 4676; x_wconf 90' lang='lat' dir='ltr'><strong>dicit</strong></span> <span class='ocrx_word' id='word_1_687' title='bbox 2311 4621 2612 4676; x_wconf 85' lang='lat' dir='ltr'><strong>Hieremias</strong></span> <span class='ocrx_word' id='word_1_688' title='bbox 2634 4639 2646 4674; x_wconf 92' lang='lat'><strong>:</strong></span> <span class='ocrx_word' id='word_1_689' title='bbox 2673 4619 2894 4674; x_wconf 85' lang='lat' dir='ltr'><strong>Intravit</strong></span> <span class='ocrx_word' id='word_1_690' title='bbox 2916 4637 3051 4674; x_wconf 90' lang='lat' dir='ltr'><strong>mors</strong></span> <span class='ocrx_word' id='word_1_691' title='bbox 3073 4635 3163 4690; x_wconf 89' lang='lat' dir='ltr'><strong>per</strong></span> <span class='ocrx_word' id='word_1_692' title='bbox 3183 4622 3435 4690; x_wconf 79' lang='lat' dir='ltr'><strong>fenestras</strong></span> 
     </span>
    </p>
   </div>
   <div class='ocr_carea' id='block_1_91' title="bbox 181 4712 1734 4794">
    <p class='ocr_par' dir='ltr' id='par_1_91' title="bbox 181 4713 1734 4794">
     <span class='ocr_line' id='line_1_91' title="bbox 181 4713 1734 4794; baseline 0.008 -27"><span class='ocrx_word' id='word_1_693' title='bbox 181 4713 446 4771; x_wconf 73' lang='lat' dir='ltr'><strong>concordia:</strong></span> <span class='ocrx_word' id='word_1_694' title='bbox 494 4716 778 4774; x_wconf 88' lang='lat' dir='ltr'><strong>videbatur</strong></span> <span class='ocrx_word' id='word_1_695' title='bbox 821 4717 1044 4775; x_wconf 84' lang='lat' dir='ltr'><strong>afferre.</strong></span> <span class='ocrx_word' id='word_1_696' title='bbox 1098 4719 1304 4778; x_wconf 91' lang='lat' dir='ltr'><strong>Deinde</strong></span> <span class='ocrx_word' id='word_1_697' title='bbox 1341 4724 1596 4794; x_wconf 88' lang='lat' dir='ltr'><strong>prospicit</strong></span> <span class='ocrx_word' id='word_1_698' title='bbox 1641 4740 1734 4794; x_wconf 88' lang='lat' dir='ltr'><strong>per</strong></span> 
     </span>
    </p>
   </div>
   <div class='ocr_carea' id='block_1_92' title="bbox 1843 4712 3438 4794">
    <p class='ocr_par' dir='ltr' id='par_1_92' title="bbox 1843 4712 3438 4787">
     <span class='ocr_line' id='line_1_92' title="bbox 1843 4712 3438 4787; baseline -0.004 -16"><span class='ocrx_word' id='word_1_699' title='bbox 1843 4716 2058 4786; x_wconf 84' lang='lat' dir='ltr'><strong>(Jerem.</strong></span> <span class='ocrx_word' id='word_1_700' title='bbox 2096 4733 2172 4782; x_wconf 76' lang='grc' dir='ltr'>ιιι,</span> <span class='ocrx_word' id='word_1_701' title='bbox 2197 4715 2316 4787; x_wconf 75' lang='grc'><strong>21),</strong></span> <span class='ocrx_word' id='word_1_702' title='bbox 2351 4731 2444 4786; x_wconf 91' lang='lat' dir='ltr'><strong>per</strong></span> <span class='ocrx_word' id='word_1_703' title='bbox 2465 4730 2602 4786; x_wconf 89' lang='lat' dir='ltr'><strong>quas</strong></span> <span class='ocrx_word' id='word_1_704' title='bbox 2639 4715 2858 4768; x_wconf 88' lang='lat' dir='ltr'><strong>intravit</strong></span> <span class='ocrx_word' id='word_1_705' title='bbox 2904 4713 3168 4778; x_wconf 87' lang='lat' dir='ltr'><strong>avaritia,</strong></span> <span class='ocrx_word' id='word_1_706' title='bbox 3217 4712 3438 4767; x_wconf 86' lang='lat' dir='ltr'><strong>intravit</strong></span> 
     </span>
    </p>
   </div>
   <div class='ocr_carea' id='block_1_93' title="bbox 186 4805 1733 4886">
    <p class='ocr_par' dir='ltr' id='par_1_93' title="bbox 186 4805 1733 4886">
     <span class='ocr_line' id='line_1_93' title="bbox 186 4805 1733 4886; baseline 0.008 -25"><span class='ocrx_word' id='word_1_707' title='bbox 186 4805 452 4864; x_wconf 85' lang='lat' dir='ltr'><strong>fenestras:</strong></span> <span class='ocrx_word' id='word_1_708' title='bbox 483 4826 602 4881; x_wconf 65' lang='lat' dir='ltr'><strong>quae</strong></span> <span class='ocrx_word' id='word_1_709' title='bbox 629 4813 740 4868; x_wconf 89' lang='lat' dir='ltr'><strong>sint</strong></span> <span class='ocrx_word' id='word_1_710' title='bbox 767 4811 1053 4879; x_wconf 65' lang='lat' dir='ltr'><strong>fenestrae,</strong></span> <span class='ocrx_word' id='word_1_711' title='bbox 1094 4815 1220 4870; x_wconf 85' lang='lat' dir='ltr'><strong>audi</strong></span> <span class='ocrx_word' id='word_1_712' title='bbox 1272 4815 1597 4886; x_wconf 82' lang='lat' dir='ltr'><strong>Propltetam</strong></span> <span class='ocrx_word' id='word_1_713' title='bbox 1645 4819 1733 4873; x_wconf 83' lang='lat' dir='ltr'><strong>di-</strong></span> 
     </span>
    </p>
   </div>
   <div class='ocr_carea' id='block_1_94' title="bbox 189 4901 1733 4982">
    <p class='ocr_par' dir='ltr' id='par_1_94' title="bbox 189 4901 1733 4982">
     <span class='ocr_line' id='line_1_94' title="bbox 189 4901 1733 4982; baseline 0.009 -28"><span class='ocrx_word' id='word_1_714' title='bbox 189 4910 369 4955; x_wconf 87' lang='lat' dir='ltr'><strong>centem</strong></span> <span class='ocrx_word' id='word_1_715' title='bbox 397 4919 408 4954; x_wconf 87' lang='lat'>:</span> <span class='ocrx_word' id='word_1_716' title='bbox 440 4901 699 4960; x_wconf 77' lang='lat' dir='ltr'><strong>Fenestrce</strong></span> <span class='ocrx_word' id='word_1_717' title='bbox 731 4917 923 4978; x_wconf 74' lang='lat' dir='ltr'><strong>aperta:</strong></span> <span class='ocrx_word' id='word_1_718' title='bbox 962 4917 1081 4961; x_wconf 87' lang='lat' dir='ltr'><strong>sunt</strong></span> <span class='ocrx_word' id='word_1_719' title='bbox 1129 4925 1156 4964; x_wconf 91' lang='lat' dir='ltr'><strong>e</strong></span> <span class='ocrx_word' id='word_1_720' title='bbox 1200 4909 1328 4965; x_wconf 74' lang='lat' dir='ltr'><strong>coelo</strong></span> <span class='ocrx_word' id='word_1_721' title='bbox 1381 4911 1553 4982; x_wconf 82' lang='lat' dir='ltr'><strong>(Esai.</strong></span> <span class='ocrx_word' id='word_1_722' title='bbox 1585 4929 1733 4980; x_wconf 80' lang='lat' dir='ltr'><strong>xxw,</strong></span> 
     </span>
    </p>
   </div>
   <div class='ocr_carea' id='block_1_95' title="bbox 193 4992 1737 5074">
    <p class='ocr_par' dir='ltr' id='par_1_95' title="bbox 193 4992 1737 5074">
     <span class='ocr_line' id='line_1_95' title="bbox 193 4992 1737 5074; baseline 0.01 -29"><span class='ocrx_word' id='word_1_723' title='bbox 193 4992 290 5058; x_wconf 78' lang='lat'><strong>18).</strong></span> <span class='ocrx_word' id='word_1_724' title='bbox 317 4993 593 5062; x_wconf 82' lang='lat' dir='ltr'><strong>Prophetas</strong></span> <span class='ocrx_word' id='word_1_725' title='bbox 622 4997 801 5066; x_wconf 88' lang='lat' dir='ltr'><strong>itaque</strong></span> <span class='ocrx_word' id='word_1_726' title='bbox 827 4999 1121 5070; x_wconf 89' lang='lat' dir='ltr'><strong>signiﬁcat,</strong></span> <span class='ocrx_word' id='word_1_727' title='bbox 1163 5019 1263 5074; x_wconf 89' lang='lat' dir='ltr'><strong>per</strong></span> <span class='ocrx_word' id='word_1_728' title='bbox 1308 5019 1446 5073; x_wconf 85' lang='lat' dir='ltr'><strong>quos</strong></span> <span class='ocrx_word' id='word_1_729' title='bbox 1474 5005 1737 5060; x_wconf 87' lang='lat' dir='ltr'><strong>Dominus</strong></span> 
     </span>
    </p>
   </div>
   <div class='ocr_carea' id='block_1_96' title="bbox 195 5087 1736 5169">
    <p class='ocr_par' dir='ltr' id='par_1_96' title="bbox 195 5087 1736 5169">
     <span class='ocr_line' id='line_1_96' title="bbox 195 5087 1736 5169; baseline 0.01 -30"><span class='ocrx_word' id='word_1_730' title='bbox 195 5098 338 5153; x_wconf 80' lang='lat' dir='ltr'><strong>genus</strong></span> <span class='ocrx_word' id='word_1_731' title='bbox 363 5087 585 5155; x_wconf 82' lang='lat' dir='ltr'><strong>respexit</strong></span> <span class='ocrx_word' id='word_1_732' title='bbox 618 5087 937 5158; x_wconf 89' lang='lat' dir='ltr'><strong>humanum,</strong></span> <span class='ocrx_word' id='word_1_733' title='bbox 968 5095 1280 5165; x_wconf 87' lang='lat' dir='ltr'><strong>priusquam</strong></span> <span class='ocrx_word' id='word_1_734' title='bbox 1311 5097 1363 5150; x_wconf 91' lang='lat' dir='ltr'><strong>in</strong></span> <span class='ocrx_word' id='word_1_735' title='bbox 1398 5106 1570 5152; x_wconf 85' lang='lat' dir='ltr'><strong>terras</strong></span> <span class='ocrx_word' id='word_1_736' title='bbox 1622 5100 1736 5169; x_wconf 90' lang='lat' dir='ltr'><strong>ipse</strong></span> 
     </span>
    </p>
   </div>
   <div class='ocr_carea' id='block_1_97' title="bbox 197 5176 1738 5258">
    <p class='ocr_par' dir='ltr' id='par_1_97' title="bbox 197 5176 1738 5258">
     <span class='ocr_line' id='line_1_97' title="bbox 197 5176 1738 5258; baseline 0.01 -25"><span class='ocrx_word' id='word_1_737' title='bbox 197 5176 520 5236; x_wconf 86' lang='lat' dir='ltr'><strong>descenderet.</strong></span> <span class='ocrx_word' id='word_1_738' title='bbox 552 5181 620 5236; x_wconf 86' lang='lat' dir='ltr'><strong>Et</strong></span> <span class='ocrx_word' id='word_1_739' title='bbox 646 5181 808 5240; x_wconf 88' lang='lat' dir='ltr'><strong>hodie</strong></span> <span class='ocrx_word' id='word_1_740' title='bbox 837 5187 882 5240; x_wconf 89' lang='lat' dir='ltr'><strong>si</strong></span> <span class='ocrx_word' id='word_1_741' title='bbox 915 5203 1018 5258; x_wconf 89' lang='lat' dir='ltr'><strong>qua</strong></span> <span class='ocrx_word' id='word_1_742' title='bbox 1041 5204 1165 5244; x_wconf 92' lang='lat' dir='ltr'><strong>eum</strong></span> <span class='ocrx_word' id='word_1_743' title='bbox 1191 5193 1372 5246; x_wconf 89' lang='lat' dir='ltr'><strong>anima</strong></span> <span class='ocrx_word' id='word_1_744' title='bbox 1398 5193 1622 5248; x_wconf 89' lang='lat' dir='ltr'><strong>multum</strong></span> <span class='ocrx_word' id='word_1_745' title='bbox 1653 5209 1738 5248; x_wconf 87' lang='lat' dir='ltr'><strong>re-</strong></span> 
     </span>
    </p>
   </div>
   <div class='ocr_carea' id='block_1_98' title="bbox 198 5271 1734 5356">
    <p class='ocr_par' dir='ltr' id='par_1_98' title="bbox 198 5271 1734 5356">
     <span class='ocr_line' id='line_1_98' title="bbox 198 5271 1734 5356; baseline 0.011 -32"><span class='ocrx_word' id='word_1_746' title='bbox 198 5271 368 5342; x_wconf 79' lang='lat' dir='ltr'><strong>quirat,</strong></span> <span class='ocrx_word' id='word_1_747' title='bbox 397 5273 610 5330; x_wconf 90' lang='lat' dir='ltr'><strong>multum</strong></span> <span class='ocrx_word' id='word_1_748' title='bbox 655 5277 956 5333; x_wconf 91' lang='lat' dir='ltr'><strong>merebitur</strong></span> <span class='ocrx_word' id='word_1_749' title='bbox 1005 5281 1430 5350; x_wconf 70' lang='lat' dir='ltr'><strong>misericordiae;</strong></span> <span class='ocrx_word' id='word_1_750' title='bbox 1479 5287 1734 5356; x_wconf 89' lang='lat' dir='ltr'><strong>quoniam</strong></span> 
     </span>
    </p>
   </div>
   <div class='ocr_carea' id='block_1_99' title="bbox 199 5368 1736 5449">
    <p class='ocr_par' dir='ltr' id='par_1_99' title="bbox 199 5368 1736 5449">
     <span class='ocr_line' id='line_1_99' title="bbox 199 5368 1736 5449; baseline 0.009 -27"><span class='ocrx_word' id='word_1_751' title='bbox 199 5368 272 5438; x_wconf 86' lang='lat' dir='ltr'><strong>qui</strong></span> <span class='ocrx_word' id='word_1_752' title='bbox 296 5368 487 5422; x_wconf 87' lang='lat' dir='ltr'><strong>multum</strong></span> <span class='ocrx_word' id='word_1_753' title='bbox 514 5370 762 5441; x_wconf 91' lang='lat' dir='ltr'><strong>requirit,</strong></span> <span class='ocrx_word' id='word_1_754' title='bbox 795 5373 1020 5426; x_wconf 92' lang='lat' dir='ltr'><strong>multum</strong></span> <span class='ocrx_word' id='word_1_755' title='bbox 1050 5373 1280 5430; x_wconf 89' lang='lat' dir='ltr'><strong>debetur</strong></span> <span class='ocrx_word' id='word_1_756' title='bbox 1295 5378 1366 5431; x_wconf 89' lang='lat' dir='ltr'><strong>ei.</strong></span> <span class='ocrx_word' id='word_1_757' title='bbox 1391 5377 1445 5434; x_wconf 93' lang='lat' dir='ltr'><strong>Si</strong></span> <span class='ocrx_word' id='word_1_758' title='bbox 1474 5393 1578 5448; x_wconf 91' lang='lat' dir='ltr'><strong>qua</strong></span> <span class='ocrx_word' id='word_1_759' title='bbox 1608 5393 1736 5449; x_wconf 89' lang='lat' dir='ltr'><strong>ergo</strong></span> 
     </span>
    </p>
   </div>
   <div class='ocr_carea' id='block_1_100' title="bbox 204 5464 1734 5543">
    <p class='ocr_par' dir='ltr' id='par_1_100' title="bbox 204 5464 1734 5543">
     <span class='ocr_line' id='line_1_100' title="bbox 204 5464 1734 5543; baseline 0.007 -26"><span class='ocrx_word' id='word_1_760' title='bbox 204 5464 346 5518; x_wconf 88' lang='lat' dir='ltr'><strong>aninta</strong></span> <span class='ocrx_word' id='word_1_761' title='bbox 372 5480 479 5519; x_wconf 90' lang='lat' dir='ltr'><strong>eum</strong></span> <span class='ocrx_word' id='word_1_762' title='bbox 523 5466 820 5521; x_wconf 90' lang='lat' dir='ltr'><strong>studiosius</strong></span> <span class='ocrx_word' id='word_1_763' title='bbox 864 5477 1110 5538; x_wconf 69' lang='lat' dir='ltr'><strong>quaerat,</strong></span> <span class='ocrx_word' id='word_1_764' title='bbox 1156 5470 1316 5543; x_wconf 89' lang='lat' dir='ltr'><strong>longe</strong></span> <span class='ocrx_word' id='word_1_765' title='bbox 1363 5474 1511 5528; x_wconf 89' lang='lat' dir='ltr'><strong>audit</strong></span> <span class='ocrx_word' id='word_1_766' title='bbox 1547 5487 1734 5529; x_wconf 89' lang='lat' dir='ltr'><strong>vocem</strong></span> 
     </span>
    </p>
   </div>
   <div class='ocr_carea' id='block_1_101' title="bbox 207 5558 1736 5639">
    <p class='ocr_par' dir='ltr' id='par_1_101' title="bbox 207 5558 1736 5639">
     <span class='ocr_line' id='line_1_101' title="bbox 207 5558 1736 5639; baseline 0.005 -24"><span class='ocrx_word' id='word_1_767' title='bbox 207 5558 395 5629; x_wconf 79' lang='lat' dir='ltr'><strong>ejuszet</strong></span> <span class='ocrx_word' id='word_1_768' title='bbox 419 5563 656 5632; x_wconf 89' lang='lat' dir='ltr'><strong>quamvis</strong></span> <span class='ocrx_word' id='word_1_769' title='bbox 683 5561 753 5618; x_wconf 86' lang='lat' dir='ltr'><strong>ab</strong></span> <span class='ocrx_word' id='word_1_770' title='bbox 779 5563 900 5618; x_wconf 90' lang='lat' dir='ltr'><strong>aliis</strong></span> <span class='ocrx_word' id='word_1_771' title='bbox 928 5563 1200 5634; x_wconf 87' lang='lat' dir='ltr'><strong>requirat,</strong></span> <span class='ocrx_word' id='word_1_772' title='bbox 1241 5581 1352 5637; x_wconf 72' lang='lat' dir='ltr'><strong>prie</strong></span> <span class='ocrx_word' id='word_1_773' title='bbox 1392 5568 1524 5639; x_wconf 85' lang='lat' dir='ltr'><strong>ipsis</strong></span> <span class='ocrx_word' id='word_1_774' title='bbox 1555 5583 1582 5621; x_wconf 92' lang='lat' dir='ltr'><strong>a</strong></span> <span class='ocrx_word' id='word_1_775' title='bbox 1615 5567 1736 5638; x_wconf 92' lang='lat' dir='ltr'><strong>qui-</strong></span> 
     </span>
    </p>
   </div>
   <div class='ocr_carea' id='block_1_102' title="bbox 211 5652 1737 5729">
    <p class='ocr_par' dir='ltr' id='par_1_102' title="bbox 211 5652 1737 5729">
     <span class='ocr_line' id='line_1_102' title="bbox 211 5652 1737 5729; baseline 0.009 -23"><span class='ocrx_word' id='word_1_776' title='bbox 211 5652 483 5723; x_wconf 69' lang='lat' dir='ltr'><strong>busquterit,</strong></span> <span class='ocrx_word' id='word_1_777' title='bbox 516 5656 666 5711; x_wconf 89' lang='lat' dir='ltr'><strong>audit</strong></span> <span class='ocrx_word' id='word_1_778' title='bbox 697 5671 886 5713; x_wconf 88' lang='lat' dir='ltr'><strong>vocem</strong></span> <span class='ocrx_word' id='word_1_779' title='bbox 915 5657 1056 5729; x_wconf 90' lang='lat' dir='ltr'><strong>ejus.</strong></span> <span class='ocrx_word' id='word_1_780' title='bbox 1099 5657 1259 5715; x_wconf 85' lang='lat' dir='ltr'><strong>Videt</strong></span> <span class='ocrx_word' id='word_1_781' title='bbox 1292 5675 1413 5717; x_wconf 87' lang='lat' dir='ltr'><strong>eum</strong></span> <span class='ocrx_word' id='word_1_782' title='bbox 1448 5661 1737 5718; x_wconf 89' lang='lat' dir='ltr'><strong>salientem</strong></span> 
     </span>
    </p>
   </div>
   <div class='ocr_carea' id='block_1_103' title="bbox 213 5743 1736 5826">
    <p class='ocr_par' dir='ltr' id='par_1_103' title="bbox 213 5743 1736 5826">
     <span class='ocr_line' id='line_1_103' title="bbox 213 5743 1736 5826; baseline 0.007 -26"><span class='ocrx_word' id='word_1_783' title='bbox 213 5743 264 5801; x_wconf 84' lang='lat' dir='ltr'><strong>ad</strong></span> <span class='ocrx_word' id='word_1_784' title='bbox 287 5760 335 5802; x_wconf 85' lang='lat' dir='ltr'><strong>se</strong></span> <span class='ocrx_word' id='word_1_785' title='bbox 359 5747 537 5818; x_wconf 85' lang='lat' dir='ltr'><strong>venire,</strong></span> <span class='ocrx_word' id='word_1_786' title='bbox 573 5747 627 5805; x_wconf 89' lang='lat' dir='ltr'><strong>id</strong></span> <span class='ocrx_word' id='word_1_787' title='bbox 658 5760 765 5818; x_wconf 86' lang='lat' dir='ltr'><strong>est,</strong></span> <span class='ocrx_word' id='word_1_788' title='bbox 804 5759 1190 5823; x_wconf 90' lang='lat' dir='ltr'><strong>properantem</strong></span> <span class='ocrx_word' id='word_1_789' title='bbox 1221 5761 1385 5826; x_wconf 88' lang='lat' dir='ltr'><strong>atque</strong></span> <span class='ocrx_word' id='word_1_790' title='bbox 1427 5764 1736 5811; x_wconf 91' lang='lat' dir='ltr'><strong>currentem</strong></span> 
     </span>
    </p>
   </div>
   <div class='ocr_carea' id='block_1_104' title="bbox 275 5925 1345 6009">
    <p class='ocr_par' dir='ltr' id='par_1_104' title="bbox 275 5925 1345 6009">
     <span class='ocr_line' id='line_1_104' title="bbox 275 5925 1345 6009; baseline 0.004 -19"><span class='ocrx_word' id='word_1_791' title='bbox 275 5925 406 5991; x_wconf 52' lang='lat' dir='ltr'><strong>“Lib;</strong></span> <span class='ocrx_word' id='word_1_792' title='bbox 427 5933 486 5991; x_wconf 80' lang='lat' dir='ltr'><strong>de</strong></span> <span class='ocrx_word' id='word_1_793' title='bbox 513 5933 683 6003; x_wconf 82' lang='lat' dir='ltr'><strong>Isaac,</strong></span> <span class='ocrx_word' id='word_1_794' title='bbox 715 5950 836 6009; x_wconf 89' lang='lat' dir='ltr'><strong>cap.</strong></span> <span class='ocrx_word' id='word_1_795' title='bbox 868 5935 923 6002; x_wconf 78' lang='grc'><strong>4,</strong></span> <span class='ocrx_word' id='word_1_796' title='bbox 959 5953 1106 5994; x_wconf 91' lang='lat' dir='ltr'><strong>num.</strong></span> <span class='ocrx_word' id='word_1_797' title='bbox 1135 5937 1227 6006; x_wconf 62' lang='lat' dir='ltr'><strong>ne,</strong></span> <span class='ocrx_word' id='word_1_798' title='bbox 1258 5939 1345 5997; x_wconf 76' lang='grc'><strong>55.</strong></span> 
     </span>
    </p>
   </div>
   <div class='ocr_carea' id='block_1_105' title="bbox 1839 4803 3435 4864">
    <p class='ocr_par' dir='ltr' id='par_1_105' title="bbox 1839 4803 3435 4864">
     <span class='ocr_line' id='line_1_105' title="bbox 1839 4803 3435 4864; baseline -0.004 0"><span class='ocrx_word' id='word_1_799' title='bbox 1839 4809 2028 4864; x_wconf 91' lang='lat' dir='ltr'><strong>libido.</strong></span> <span class='ocrx_word' id='word_1_800' title='bbox 2062 4809 2263 4864; x_wconf 87' lang='lat' dir='ltr'><strong>Oculus</strong></span> <span class='ocrx_word' id='word_1_801' title='bbox 2285 4816 2410 4863; x_wconf 92' lang='lat' dir='ltr'><strong>tuus</strong></span> <span class='ocrx_word' id='word_1_802' title='bbox 2443 4809 2676 4863; x_wconf 80' lang='lat' dir='ltr'><strong>fenestra</strong></span> <span class='ocrx_word' id='word_1_803' title='bbox 2703 4816 2807 4862; x_wconf 89' lang='lat' dir='ltr'><strong>est.</strong></span> <span class='ocrx_word' id='word_1_804' title='bbox 2837 4805 2894 4862; x_wconf 91' lang='lat' dir='ltr'><strong>Si</strong></span> <span class='ocrx_word' id='word_1_805' title='bbox 2927 4806 3130 4860; x_wconf 91' lang='lat' dir='ltr'><strong>videris</strong></span> <span class='ocrx_word' id='word_1_806' title='bbox 3153 4803 3435 4860; x_wconf 88' lang='lat' dir='ltr'><strong>mulierem</strong></span> 
     </span>
    </p>
   </div>
   <div class='ocr_carea' id='block_1_106' title="bbox 1841 4900 3432 4972">
    <p class='ocr_par' dir='ltr' id='par_1_106' title="bbox 1841 4900 3432 4972">
     <span class='ocr_line' id='line_1_106' title="bbox 1841 4900 3432 4972; baseline -0.001 -16"><span class='ocrx_word' id='word_1_807' title='bbox 1841 4904 1906 4958; x_wconf 89' lang='lat' dir='ltr'><strong>ad</strong></span> <span class='ocrx_word' id='word_1_808' title='bbox 1930 4903 2425 4972; x_wconf 88' lang='lat' dir='ltr'><strong>concupiscendum</strong></span> <span class='ocrx_word' id='word_1_809' title='bbox 2449 4918 2591 4967; x_wconf 86' lang='lat' dir='ltr'><strong>eam,</strong></span> <span class='ocrx_word' id='word_1_810' title='bbox 2629 4902 2852 4956; x_wconf 88' lang='lat' dir='ltr'><strong>intravit</strong></span> <span class='ocrx_word' id='word_1_811' title='bbox 2894 4916 3040 4956; x_wconf 90' lang='lat' dir='ltr'><strong>mors</strong></span> <span class='ocrx_word' id='word_1_812' title='bbox 3088 4916 3184 4968; x_wconf 92' lang='lat' dir='ltr'><strong>per</strong></span> <span class='ocrx_word' id='word_1_813' title='bbox 3216 4900 3432 4955; x_wconf 89' lang='lat' dir='ltr'><strong>oculum</strong></span> 
     </span>
    </p>
   </div>
   <div class='ocr_carea' id='block_1_107' title="bbox 1839 4995 3436 5067">
    <p class='ocr_par' dir='ltr' id='par_1_107' title="bbox 1839 4995 3436 5067">
     <span class='ocr_line' id='line_1_107' title="bbox 1839 4995 3436 5067; baseline -0.001 -16"><span class='ocrx_word' id='word_1_814' title='bbox 1839 5005 1988 5052; x_wconf 90' lang='lat' dir='ltr'><strong>tuum</strong></span> <span class='ocrx_word' id='word_1_815' title='bbox 2027 5016 2039 5050; x_wconf 90' lang='lat'>:</span> <span class='ocrx_word' id='word_1_816' title='bbox 2072 4998 2116 5052; x_wconf 92' lang='lat' dir='ltr'><strong>si</strong></span> <span class='ocrx_word' id='word_1_817' title='bbox 2142 4997 2344 5053; x_wconf 89' lang='lat' dir='ltr'><strong>videris</strong></span> <span class='ocrx_word' id='word_1_818' title='bbox 2367 4997 2770 5067; x_wconf 86' lang='lat' dir='ltr'><strong>possessionem</strong></span> <span class='ocrx_word' id='word_1_819' title='bbox 2793 4995 2992 5060; x_wconf 66' lang='lat' dir='ltr'><strong>viduae,</strong></span> <span class='ocrx_word' id='word_1_820' title='bbox 3026 4995 3108 5050; x_wconf 88' lang='lat' dir='ltr'><strong>vel</strong></span> <span class='ocrx_word' id='word_1_821' title='bbox 3149 4995 3436 5050; x_wconf 88' lang='lat' dir='ltr'><strong>thesauros</strong></span> 
     </span>
    </p>
   </div>
   <div class='ocr_carea' id='block_1_108' title="bbox 1839 5091 3436 5164">
    <p class='ocr_par' dir='ltr' id='par_1_108' title="bbox 1839 5091 3436 5164">
     <span class='ocr_line' id='line_1_108' title="bbox 1839 5091 3436 5164; baseline -0.001 -16"><span class='ocrx_word' id='word_1_822' title='bbox 1839 5094 2089 5161; x_wconf 89' lang='lat' dir='ltr'><strong>minoris,</strong></span> <span class='ocrx_word' id='word_1_823' title='bbox 2117 5105 2170 5148; x_wconf 92' lang='lat' dir='ltr'><strong>et</strong></span> <span class='ocrx_word' id='word_1_824' title='bbox 2197 5104 2314 5148; x_wconf 87' lang='lat' dir='ltr'><strong>tuas</strong></span> <span class='ocrx_word' id='word_1_825' title='bbox 2337 5094 2664 5149; x_wconf 81' lang='lat' dir='ltr'><strong>exeitaveris</strong></span> <span class='ocrx_word' id='word_1_826' title='bbox 2685 5093 3032 5164; x_wconf 85' lang='lat' dir='ltr'><strong>cupiditates,</strong></span> <span class='ocrx_word' id='word_1_827' title='bbox 3055 5091 3274 5147; x_wconf 79' lang='lat' dir='ltr'><strong>Intravit</strong></span> <span class='ocrx_word' id='word_1_828' title='bbox 3300 5107 3436 5146; x_wconf 83' lang='lat' dir='ltr'><strong>mors</strong></span> 
     </span>
    </p>
   </div>
   <div class='ocr_carea' id='block_1_109' title="bbox 1835 5189 3439 5263">
    <p class='ocr_par' dir='ltr' id='par_1_109' title="bbox 1835 5189 3439 5263">
     <span class='ocr_line' id='line_1_109' title="bbox 1835 5189 3439 5263; baseline -0.004 -17"><span class='ocrx_word' id='word_1_829' title='bbox 1835 5207 1928 5262; x_wconf 87' lang='lat' dir='ltr'><strong>per</strong></span> <span class='ocrx_word' id='word_1_830' title='bbox 1953 5195 2252 5263; x_wconf 85' lang='lat' dir='ltr'><strong>fenestram.</strong></span> <span class='ocrx_word' id='word_1_831' title='bbox 2277 5190 2427 5246; x_wconf 91' lang='lat' dir='ltr'><strong>Sicut</strong></span> <span class='ocrx_word' id='word_1_832' title='bbox 2455 5205 2590 5262; x_wconf 88' lang='lat' dir='ltr'><strong>ergo</strong></span> <span class='ocrx_word' id='word_1_833' title='bbox 2621 5205 2718 5262; x_wconf 91' lang='lat' dir='ltr'><strong>per</strong></span> <span class='ocrx_word' id='word_1_834' title='bbox 2747 5189 2860 5244; x_wconf 64' lang='lat' dir='ltr'><strong>haec</strong></span> <span class='ocrx_word' id='word_1_835' title='bbox 2884 5190 3052 5244; x_wconf 89' lang='lat' dir='ltr'><strong>intrat</strong></span> <span class='ocrx_word' id='word_1_836' title='bbox 3079 5204 3246 5254; x_wconf 92' lang='lat' dir='ltr'><strong>mors,</strong></span> <span class='ocrx_word' id='word_1_837' title='bbox 3274 5189 3439 5242; x_wconf 77' lang='lat' dir='ltr'><strong>intrat</strong></span> 
     </span>
    </p>
   </div>
   <div class='ocr_carea' id='block_1_110' title="bbox 1839 5285 3440 5356">
    <p class='ocr_par' dir='ltr' id='par_1_110' title="bbox 1839 5285 3440 5356">
     <span class='ocr_line' id='line_1_110' title="bbox 1839 5285 3440 5356; baseline -0.004 -15"><span class='ocrx_word' id='word_1_838' title='bbox 1839 5296 1894 5341; x_wconf 88' lang='lat' dir='ltr'><strong>et</strong></span> <span class='ocrx_word' id='word_1_839' title='bbox 1924 5286 2030 5341; x_wconf 86' lang='lat' dir='ltr'><strong>vita</strong></span> <span class='ocrx_word' id='word_1_840' title='bbox 2065 5303 2078 5339; x_wconf 93' lang='lat'>:</span> <span class='ocrx_word' id='word_1_841' title='bbox 2118 5286 2162 5340; x_wconf 89' lang='lat' dir='ltr'><strong>si</strong></span> <span class='ocrx_word' id='word_1_842' title='bbox 2195 5286 2452 5342; x_wconf 76' lang='lat' dir='ltr'><strong>decorem</strong></span> <span class='ocrx_word' id='word_1_843' title='bbox 2487 5285 2679 5356; x_wconf 73' lang='lat' dir='ltr'><strong>puellae</strong></span> <span class='ocrx_word' id='word_1_844' title='bbox 2716 5285 2988 5352; x_wconf 89' lang='lat' dir='ltr'><strong>aspiciens</strong></span> <span class='ocrx_word' id='word_1_845' title='bbox 3018 5298 3186 5338; x_wconf 74' lang='lat' dir='ltr'><strong>sacrae</strong></span> <span class='ocrx_word' id='word_1_846' title='bbox 3210 5325 3226 5349; x_wconf 96' lang='lat'><strong>,</strong></span> <span class='ocrx_word' id='word_1_847' title='bbox 3277 5293 3440 5336; x_wconf 77' lang='lat' dir='ltr'><strong>vene-</strong></span> 
     </span>
    </p>
   </div>
   <div class='ocr_carea' id='block_1_111' title="bbox 1836 5371 3440 5449">
    <p class='ocr_par' dir='ltr' id='par_1_111' title="bbox 1836 5371 3440 5449">
     <span class='ocr_line' id='line_1_111' title="bbox 1836 5371 3440 5449; baseline -0.004 -17"><span class='ocrx_word' id='word_1_848' title='bbox 1836 5377 1972 5432; x_wconf 89' lang='lat' dir='ltr'><strong>reris</strong></span> <span class='ocrx_word' id='word_1_849' title='bbox 2001 5378 2288 5433; x_wconf 91' lang='lat' dir='ltr'><strong>Dominum</strong></span> <span class='ocrx_word' id='word_1_850' title='bbox 2313 5377 2518 5442; x_wconf 83' lang='lat' dir='ltr'><strong>Jesum,</strong></span> <span class='ocrx_word' id='word_1_851' title='bbox 2546 5377 2689 5449; x_wconf 86' lang='lat' dir='ltr'><strong>quod</strong></span> <span class='ocrx_word' id='word_1_852' title='bbox 2719 5375 2772 5430; x_wconf 84' lang='lat' dir='ltr'><strong>iit</strong></span> <span class='ocrx_word' id='word_1_853' title='bbox 2803 5387 3020 5432; x_wconf 90' lang='lat' dir='ltr'><strong>teneros</strong></span> <span class='ocrx_word' id='word_1_854' title='bbox 3043 5390 3213 5430; x_wconf 83' lang='lat' dir='ltr'><strong>annos</strong></span> <span class='ocrx_word' id='word_1_855' title='bbox 3228 5371 3440 5427; x_wconf 85' lang='lat' dir='ltr'><strong>venerit</strong></span> 
     </span>
    </p>
   </div>
   <div class='ocr_carea' id='block_1_112' title="bbox 1844 5471 3435 5543">
    <p class='ocr_par' dir='ltr' id='par_1_112' title="bbox 1844 5471 3435 5543">
     <span class='ocr_line' id='line_1_112' title="bbox 1844 5471 3435 5543; baseline -0.004 -16"><span class='ocrx_word' id='word_1_856' title='bbox 1844 5482 1975 5526; x_wconf 65' lang='lat' dir='ltr'><strong>atlas</strong></span> <span class='ocrx_word' id='word_1_857' title='bbox 2003 5475 2320 5539; x_wconf 86' lang='lat' dir='ltr'><strong>senectutis,</strong></span> <span class='ocrx_word' id='word_1_858' title='bbox 2352 5477 2459 5528; x_wconf 86' lang='lat' dir='ltr'><strong>vita</strong></span> <span class='ocrx_word' id='word_1_859' title='bbox 2485 5473 2854 5540; x_wconf 90' lang='lat' dir='ltr'><strong>immaculata,</strong></span> <span class='ocrx_word' id='word_1_860' title='bbox 2881 5482 2936 5529; x_wconf 91' lang='lat' dir='ltr'><strong>et</strong></span> <span class='ocrx_word' id='word_1_861' title='bbox 2957 5475 3072 5543; x_wconf 91' lang='lat' dir='ltr'><strong>ipse</strong></span> <span class='ocrx_word' id='word_1_862' title='bbox 3104 5471 3268 5526; x_wconf 88' lang='lat' dir='ltr'><strong>ﬁliam</strong></span> <span class='ocrx_word' id='word_1_863' title='bbox 3293 5477 3435 5522; x_wconf 88' lang='lat' dir='ltr'><strong>tuam</strong></span> 
     </span>
    </p>
   </div>
   <div class='ocr_carea' id='block_1_113' title="bbox 1843 5564 3441 5637">
    <p class='ocr_par' dir='ltr' id='par_1_113' title="bbox 1843 5564 3441 5637">
     <span class='ocr_line' id='line_1_113' title="bbox 1843 5564 3441 5637; baseline -0.004 -17"><span class='ocrx_word' id='word_1_864' title='bbox 1843 5564 2078 5632; x_wconf 73' lang='lat' dir='ltr'><strong>offeras;</strong></span> <span class='ocrx_word' id='word_1_865' title='bbox 2123 5576 2180 5620; x_wconf 91' lang='grc' dir='ltr'><strong>ιιι</strong></span> <span class='ocrx_word' id='word_1_866' title='bbox 2220 5568 2309 5637; x_wconf 88' lang='lat' dir='ltr'><strong>pio</strong></span> <span class='ocrx_word' id='word_1_867' title='bbox 2353 5579 2707 5624; x_wconf 83' lang='lat' dir='ltr'><strong>consecretur</strong></span> <span class='ocrx_word' id='word_1_868' title='bbox 2752 5568 3023 5623; x_wconf 84' lang='lat' dir='ltr'><strong>velamine</strong></span> <span class='ocrx_word' id='word_1_869' title='bbox 3065 5584 3076 5618; x_wconf 87' lang='lat'><strong>:</strong></span> <span class='ocrx_word' id='word_1_870' title='bbox 3127 5565 3170 5618; x_wconf 91' lang='lat' dir='ltr'><strong>si</strong></span> <span class='ocrx_word' id='word_1_871' title='bbox 3227 5575 3441 5633; x_wconf 80' lang='lat' dir='ltr'><strong>posses-</strong></span> 
     </span>
    </p>
   </div>
   <div class='ocr_carea' id='block_1_114' title="bbox 1845 5655 3442 5733">
    <p class='ocr_par' dir='ltr' id='par_1_114' title="bbox 1845 5655 3442 5733">
     <span class='ocr_line' id='line_1_114' title="bbox 1845 5655 3442 5733; baseline -0.004 -19"><span class='ocrx_word' id='word_1_872' title='bbox 1845 5659 2056 5716; x_wconf 87' lang='lat' dir='ltr'><strong>sionem</strong></span> <span class='ocrx_word' id='word_1_873' title='bbox 2128 5660 2354 5717; x_wconf 86' lang='lat' dir='ltr'><strong>tninoris</strong></span> <span class='ocrx_word' id='word_1_874' title='bbox 2407 5677 2513 5718; x_wconf 93' lang='lat' dir='ltr'><strong>non</strong></span> <span class='ocrx_word' id='word_1_875' title='bbox 2571 5672 2846 5733; x_wconf 88' lang='lat' dir='ltr'><strong>tamquam</strong></span> <span class='ocrx_word' id='word_1_876' title='bbox 2893 5659 3159 5717; x_wconf 90' lang='lat' dir='ltr'><strong>sollicitus</strong></span> <span class='ocrx_word' id='word_1_877' title='bbox 3225 5655 3442 5712; x_wconf 84' lang='lat' dir='ltr'><strong>invasor</strong></span> 
     </span>
    </p>
   </div>
   <div class='ocr_carea' id='block_1_115' title="bbox 1845 5747 3445 5830">
    <p class='ocr_par' dir='ltr' id='par_1_115' title="bbox 1845 5747 3445 5830">
     <span class='ocr_line' id='line_1_115' title="bbox 1845 5747 3445 5830; baseline -0.006 -19"><span class='ocrx_word' id='word_1_878' title='bbox 1845 5756 2100 5828; x_wconf 90' lang='lat' dir='ltr'><strong>aspicias,</strong></span> <span class='ocrx_word' id='word_1_879' title='bbox 2129 5757 2222 5816; x_wconf 90' lang='lat' dir='ltr'><strong>sed</strong></span> <span class='ocrx_word' id='word_1_880' title='bbox 2253 5763 2407 5830; x_wconf 87' lang='lat' dir='ltr'><strong>quasi</strong></span> <span class='ocrx_word' id='word_1_881' title='bbox 2449 5773 2644 5830; x_wconf 85' lang='lat' dir='ltr'><strong>parens</strong></span> <span class='ocrx_word' id='word_1_882' title='bbox 2669 5756 2893 5814; x_wconf 85' lang='lat' dir='ltr'><strong>sedulus</strong></span> <span class='ocrx_word' id='word_1_883' title='bbox 2941 5753 3200 5825; x_wconf 87' lang='lat' dir='ltr'><strong>religioso</strong></span> <span class='ocrx_word' id='word_1_884' title='bbox 3242 5747 3445 5805; x_wconf 88' lang='lat' dir='ltr'><strong>tuearis</strong></span> 
     </span>
    </p>
   </div>
   <div class='ocr_carea' id='block_1_116' title="bbox 1925 5921 3064 6015">
    <p class='ocr_par' dir='ltr' id='par_1_116' title="bbox 1925 5921 3064 6015">
     <span class='ocr_line' id='line_1_116' title="bbox 1925 5921 3064 6015; baseline 0.002 -19"><span class='ocrx_word' id='word_1_885' title='bbox 1925 5921 1951 5980; x_wconf 61' lang='grc' dir='ltr'><strong>Β</strong></span> <span class='ocrx_word' id='word_1_886' title='bbox 1982 5931 2036 6000; x_wconf 82' lang='lat' dir='ltr'><strong>In</strong></span> <span class='ocrx_word' id='word_1_887' title='bbox 2061 5943 2196 6015; x_wconf 88' lang='lat' dir='ltr'><strong>psal.</strong></span> <span class='ocrx_word' id='word_1_888' title='bbox 2225 5933 2390 6002; x_wconf 71' lang='lat' dir='ltr'><strong>exvit:</strong></span> <span class='ocrx_word' id='word_1_889' title='bbox 2418 5949 2585 6002; x_wconf 85' lang='lat' dir='ltr'><strong>serm.</strong></span> <span class='ocrx_word' id='word_1_890' title='bbox 2615 5943 2670 6012; x_wconf 86' lang='lat'><strong>6,</strong></span> <span class='ocrx_word' id='word_1_891' title='bbox 2701 5935 2851 6000; x_wconf 83' lang='lat' dir='ltr'><strong>num.</strong></span> <span class='ocrx_word' id='word_1_892' title='bbox 2879 5927 3064 6001; x_wconf 64' lang='lat'><strong>18-26.</strong></span> 
     </span>
    </p>
   </div>
  </div>
