4148 6362
571 315 712 373 1885

1535 316 2075 377 COMSIENTARIUS
2116 316 2185 377 IN
2222 317 2521 378 CANTICA
2561 318 2835 378 CANTIC.

3722 322 3846 381 1884

562 433 759 490 al'l‘ectu
786 452 799 489 :
831 448 924 505 per
955 432 1052 489 has
1080 433 1351 491 fenestras
1378 433 1638 504 prospicit
1662 433 1940 502 Christus,
1969 442 2028 489 ut
2055 445 2156 488 νο·
2184 435 2240 497 Α
2265 434 2357 489 illa
2384 434 2429 489 si
2462 435 2752 504 possimus,
2783 435 2867 490 vel
2894 435 3039 491 linea
3090 436 3403 491 intueamur
3452 444 3717 492 extrema.
3764 436 3851 492 Se-

566 535 657 584 cet
682 542 961 599 sponsam.

636 620 728 676 45.
771 619 1022 675 Emimus
1050 635 1206 691 super
1222 620 1357 674 retia
1378 634 1400 674 :
1422 620 1560 675 bene
1582 621 1808 675 annuens
1830 635 1848 687 ;
1870 618 1995 691 quia
2016 619 2167 674 solus

566 722 652 774 est
675 728 834 784 quem
869 713 1001 768 retia
1034 729 1141 767 non
1172 712 1502 768 involveriut
1549 723 1921 783 peccatorum.
1964 713 2168 769 Omnes

567 807 712 862 intra
747 806 880 862 retia
911 822 1152 869 eramus,
1184 806 1354 861 immo
1379 806 1557 861 adhuc
1590 807 1733 861 intra
1757 806 1893 862 retia
1933 819 2166 871 sumus;

570 900 694 971 quia
724 914 884 955 nemo
904 899 1024 955 sine
1052 909 1276 970 peccato
1302 899 1407 955 nisi
1438 898 1587 955 solus
1617 898 1809 965 Jesus,
1851 914 2013 971 quem
2062 915 2170 955 non

568 1002 994 1064 cognoscentem
1026 1000 1333 1062 peccatum,
1380 1004 1661 1062 peccatum
1702 1009 1801 1063 pro
1847 992 2002 1049 nobis
2044 990 2174 1047 fecit

570 1085 751 1156 Pater,
783 1087 989 1143 etenim
1019 1086 1243 1141 tradidit
1268 1101 1393 1143 eum
1413 1085 1643 1157 laqueis,
1677 1085 1901 1141 tradidit
1929 1100 2054 1141 eum
2082 1100 2172 1140 re-

576 1180 756 1235 tibus:
805 1180 1028 1234 mittens
1067 1194 1192 1234 eum
1233 1179 1429 1233 nonin
1479 1188 1706 1248 peccato
1761 1179 1815 1233 in
1862 1192 1974 1249 quo
2020 1185 2176 1232 erant

570 1288 763 1329 omnes
788 1272 1058 1338 homines,
1090 1271 1186 1327 sed
1212 1272 1263 1326 in
1293 1271 1705 1327 similitudinem
1729 1271 1914 1327 carnis
1942 1270 2174 1341 peccati,

573 1366 717 1421 utde
743 1373 967 1436 peccato
981 1364 1270 1419 damnaret
1295 1374 1577 1434 peccatum
1601 1364 1652 1417 in
1677 1378 1863 1419 carne.
1888 1362 2174 1419 Peccatum

573 1470 692 1516 erat
709 1475 860 1524 caro,
886 1460 1189 1515 secundum
1215 1458 1344 1514 illud
1366 1459 1491 1530 quia
1514 1458 1867 1514 bmreditario
1885 1466 2007 1514 erat
2033 1458 2179 1513 dam-

574 1562 699 1607 nata
729 1551 1040 1618 maledicto,
1072 1560 1353 1622 peccatum
1384 1561 1503 1606 erat
1539 1552 1795 1607 illeccbra
1836 1559 1893 1607 et
1933 1549 2179 1607 ministra

578 1647 811 1716 peccati.
848 1645 1011 1702 Venit
1039 1647 1300 1703 Dominus
1335 1646 1529 1713 Jcsus,
1570 1657 1627 1702 et
1664 1647 1715 1701 in
1761 1661 1927 1704 Carne
1958 1656 2181 1716 peccato

577 1738 813 1793 obnoxia
843 1738 1094 1795 militiam
1127 1738 1342 1794 virtutis
1362 1738 1608 1795 exercuit
1641 1757 1655 1791 :
1686 1737 1826 1794 facta
1852 1747 1983 1794 sunt
2010 1754 2179 1793 mento

2266 531 2426 588 debat
2456 534 2594 587 intra
2618 532 2835 587 domum
2865 531 3077 602 Sponsa
3109 531 3300 586 devota
3332 530 3595 597 Domino,
3616 533 3750 589 intra
3774 546 3853 604 pa-

2267 627 2456 681 rietem
2485 626 2647 697 Legis
2670 637 2725 681 et
2752 626 2966 699 1568
2994 626 3408 694 prophetarum,
3442 624 3765 696 Spiritaliunt
3786 624 3856 680 la-

2271 721 2452 792 pidum
2482 720 2915 776 exmdiﬂcatioue
2945 719 3252 785 fundatum,
3278 721 3369 791 qui
3388 719 3678 775 claudebat
3710 731 3855 789 atque

2268 812 2504 869 vallabat
2528 814 2747 868 domum
2785 813 3011 885 regiam,
3047 815 3259 882 plenam
3302 812 3667 884 iucunditatis
3710 824 3857 885 atque

2274 907 2496 963 laetitia
2533 908 2831 963 Mirabatur
2873 908 3156 963 thesauros
3187 909 3389 977 regios,
3453 918 3510 963 et
3565 906 3859 963 intuebatur

2274 1000 2526 1065 sollicite,
2559 1001 2785 1071 cupiens
2807 1000 3127 1072 sapientiam
3148 1012 3268 1071 qua:
3286 1000 3382 1054 has
3404 1000 3512 1055 sibi
3544 997 3754 1055 divitias
3778 1000 3862 1053 de-

2277 1103 2625 1156 monstraret,
2659 1094 2986 1150 adsciscere.
3016 1093 3079 1149 In
3108 1101 3324 1149 secreto
3352 1104 3500 1159 erat,
3535 1092 3633 1149 sed
3680 1093 3859 1148 secreti

2277 1187 2446 1257 ipsius
2472 1187 2826 1257 interpretem
2857 1185 3191 1257 requirebat.
3225 1184 3385 1242 Venit
3428 1186 3694 1241 Dominus
3723 1184 3863 1240 Jesns

2277 1280 2485 1335 saliens
2512 1292 2673 1350 super
2697 1284 2937 1336 montes.
2966 1279 3133 1334 Nobis
3173 1294 3300 1334 sero
3340 1277 3632 1335 videbatur
3669 1279 3860 1345 venire,

2277 1374 2372 1430 sed
2401 1374 2494 1431 ille
2524 1375 2873 1446 properabat.
2906 1374 3153 1431 Saliebat
3173 1373 3411 1446 denique
3434 1383 3488 1428 ct
3515 1371 3861 1440 transiliebat,

2278 1480 2336 1525 ut
2362 1469 2673 1526 Iudaeorum
2701 1468 3005 1539 corporalia
3045 1477 3100 1523 et
3140 1483 3332 1523 saxosa
3376 1467 3634 1538 dogmata
3686 1466 3864 1522 transi;

2280 1560 2425 1617 liret.
2455 1562 2643 1618 Astitit
2671 1568 2794 1632 post
2813 1563 3081 1634 parietem
3109 1561 3305 1616 domus
3327 1576 3451 1631 qua:
3484 1548 3603 1616 erat
3635 1561 3685 1614 in
3708 1559 3863 1614 veteri

2280 1654 2667 1719 Testamento,
2711 1654 3056 1725 prospiciens
3105 1667 3203 1725 per
3242 1653 3404 1726 chis
3462 1651 3777 1719 fenestram,
3820 1663 3863 1709 ct

2284 1750 2671 1818 prophetarum
2701 1762 2986 1805 cavernas.

583 1827 678 1882 bra
706 1839 893 1885 nostra
916 1830 1030 1900 jam
1055 1845 1164 1886 non
1190 1845 1341 1885 arma
1374 1830 1640 1896 libidinis,
1664 1831 1759 1885 sed
1806 1846 1959 1887 arma
2001 1831 2178 1885 virtu-

2355 1846 2446 1900 47.
2489 1845 2739 1899 Nondum
2772 1854 2928 1899 erant
2955 1842 3151 1899 domus
3180 1844 3329 1898 illius
3368 1850 3562 1912 aperta
3597 1838 3862 1908 vestibula,

581 1919 649 1976 tis
682 1935 699 1985 ;
734 1935 969 1992 namque
999 1922 1089 1976 ubi
1116 1932 1274 1978 erant
1305 1923 1580 1978 incentiva
1615 1922 1880 1990 libidinis,
1928 1922 2003 1978 ibi
2041 1938 2183 1978 nunc

581 2023 709 2068 sunt
729 2013 1003 2070 domicilia
1028 2015 1320 2071 castitatis.
1357 2014 1457 2070 Hic
1492 2029 1629 2084 ergo
1657 2017 1807 2070 venit
1830 2015 1898 2070 ad
1936 2015 2183 2086 laqueos,

583 2107 678 2160 sed
711 2108 1088 2163 voluntarius;
1122 2109 1275 2164 venit
1301 2107 1368 2162 ad
1407 2109 1566 2175 retia,
1597 2108 1692 2163 sed
1721 2123 1969 2165 securus.
2019 2108 2185 2163 Plena

580 2212 739 2257 erant
767 2203 949 2258 omnia
982 2204 1209 2268 retibus,
1233 2203 1431 2258 referta
1455 2202 1691 2271 laqueis,
1714 2202 1842 2258 audi
1873 2203 2144 2258 dicentem
2171 2219 2185 2255 :

585 2292 652 2347 In
685 2294 766 2348 vin
795 2292 894 2349 hac
917 2311 1074 2366 quam
1093 2294 1442 2360 ambulabant,
1470 2293 1853 2349 absconderant
1873 2295 2081 2366 superbi
2113 2295 2190 2349 ια-

582 2402 770 2456 queum
796 2386 924 2439 mihi
950 2384 1125 2453 (Paul.
1150 2402 1294 2451 esu,
1331 2385 1413 2457 4).
1450 2387 1513 2441 Et
1543 2388 1596 2441 in
1630 2388 1771 2443 libro
1800 2386 2083 2457 sapientia:
2105 2386 2190 2443 Si-

586 2484 719 2534 rach
747 2481 987 2535 moneris
1016 2489 1076 2534 ut
1099 2494 1401 2551 cognoscas
1426 2483 1549 2551 quia
1579 2481 1634 2535 in
1665 2480 1848 2536 medio
1871 2482 2191 2552 laqueorum

590 2574 837 2629 ambulas
868 2572 1063 2646 (Eccli.
1094 2590 1170 2640 ιι,
1198 2574 1316 2647 20).
1351 2574 1496 2643 Quot
1521 2575 1675 2641 vitia,
1721 2585 1802 2630 tot
1842 2573 1976 2630 retia
2007 2593 2023 2633 :
2062 2585 2194 2646 quot

593 2675 841 2739 peccata,
878 2678 957 2722 tot
982 2669 1185 2739 laquei.

669 2765 762 2820 44.
806 2764 1151 2821 Haereditarii
1182 2765 1295 2836 jam
1324 2776 1376 2822 te
1404 2782 1578 2823 nexus
1627 2768 1904 2835 tenebant,
1932 2768 2085 2824 venit
2130 2768 2197 2823 ad

597 2859 824 2932 laqueos
871 2859 1052 2924 Jesus,
1102 2869 1160 2915 ut
1206 2860 1377 2916 Adam
1427 2862 1715 2918 solveret:
1768 2863 1913 2918 venit
1963 2861 2199 2917 liberare

602 2958 742 3026 quod
795 2958 1048 3029 perierat.
1096 2957 1301 3015 Omnes
1347 2960 1553 3016 retibus
1603 2961 1923 3015 tenebamur
1952 2998 1967 3026 ,
2021 2961 2199 3015 nullus

602 3052 768 3107 alium
783 3068 980 3109 eruere
999 3062 1230 3123 poterat,
1249 3068 1370 3108 cum
1387 3069 1447 3109 se
1470 3056 1643 3125 ipsum
1662 3069 1771 3110 non
1788 3064 1969 3124 posset
1987 3071 2197 3111 eruere.

603 3146 753 3203 Talis
786 3164 919 3219 ergo
952 3148 1295 3205 necessarius
1350 3146 1470 3213 fuit,
1517 3164 1678 3218 qnetn
1711 3147 1927 3204 vincula
1976 3160 2204 3220 genera-

2287 1935 2526 1990 nondum
2556 1936 2740 1990 claves
2770 1935 3054 2006 sapientia:
3078 1947 3355 2005 portarum
3404 1934 3643 1989 claustra
3684 1930 3867 2003 patefe-

2287 2039 2496 2095 ccrant,
2526 2032 2726 2100 quibus
2755 2029 2919 2100 Legis
2947 2029 3346 2085 claudebantur
3376 2030 3592 2085 interna
3622 2044 3637 2093 ;
3685 2026 3748 2081 de
3785 2040 3865 2081 suo

2289 2127 2503 2197 puriore
2531 2136 2735 2190 tamen,
2767 2124 2871 2179 hoc
2910 2133 3014 2189 est,
3045 2123 3280 2193 spiritali
3333 2131 3492 2192 parte
3539 2124 3868 2193 prospectans

2289 2216 2597 2273 Ecclesiam
2627 2224 2803 2280 vocat,
2836 2225 2890 2271 ttt
2924 2230 3022 2288 per
3045 2215 3242 2286 Legem
3275 2224 3333 2269 et
3363 2213 3681 2285 prophetas,
3715 2210 3869 2265 Evanc

2290 2312 2417 2383 gulii
2448 2313 2654 2366 vertice
2681 2310 2930 2366 sublimis
2952 2324 3271 2380 assurgens,
3305 2310 3443 2363 retia
3463 2305 3869 2364 Judaictcinter-

2294 2405 2639 2476 pretationis,
2673 2414 2725 2459 et
2753 2405 2926 2459 nodos
2953 2402 3229 2472 intrepido
3258 2402 3431 2456 calcet
3464 2396 3711 2469 vestigio.
3740 2394 3869 2449 idco-

2294 2515 2401 2572 que
2434 2498 2684 2555 Proxima
2706 2508 2953 2565 vocatur,
2978 2507 3037 2551 ut
3057 2496 3335 2552 adhaereat
3357 2494 3602 2556 Christo,
3629 2490 3869 2546 mundana

2296 2609 2404 2649 non
2435 2602 2647 2662 quaerat
2680 2609 2692 2645 :
2739 2592 2862 2646 ideo
2909 2590 3196 2653 Formosa,
3233 2597 3290 2643 ut
3318 2589 3605 2658 speciosos
3626 2579 3870 2653 cvangeli-

2298 2687 2540 2741 zantium
2576 2685 2743 2756 pedes
2773 2687 3015 2755 perferat
3044 2701 3056 2737 :
3093 2683 3218 2738 ideo
3247 2679 3526 2748 Columba,
3556 2689 3612 2734 ut
3636 2671 3871 2747 spiritalia

2301 2788 2470 2850 petat,
2500 2777 2776 2834 terrestria
2800 2776 3170 2847 derelinquat.

2371 2873 2463 2927 48.
2509 2869 2682 2948 Ecce,
2729 2871 2938 2940 inquit,
2991 2870 3154 2925 hiems
3221 2869 3499 2941 prwterir't,
3545 2866 3702 2922 huber
3747 2860 3869 2922 abiit.

2303 2966 2538 3021 discessit
2559 2965 2677 3030 sibi,
2721 2966 2882 3036 ﬂores
2909 2965 3007 3019 visi
3045 2964 3241 3018 suntin
3264 2972 3423 3029 terra,
3457 2971 3659 3031 tempus
3693 2952 3873 3011 secandi

2304 3061 2530 3115 advenit.
2560 3060 2703 3115 Ante
2753 3059 3044 3114 adventum
3079 3056 3282 3112 Christi
3327 3056 3508 3111 hiems
3553 3058 3705 3110 erat:
3749 3045 3874 3102 venit

2305 3151 2575 3217 Christus,
2611 3151 2737 3207 fecit
2764 3158 3033 3206 aestatem.
3070 3149 3225 3205 Tunc
3269 3151 3455 3203 omnia
3506 3154 3660 3203 erant
3707 3142 3869 3197 ﬂorum

606 3239 774 3295 tionis
809 3240 1059 3295 humana:
1082 3240 1295 3296 delictis
1322 3240 1553 3296 obnoxia
1601 3255 1709 3296 nOn
1762 3252 2044 3308 tenerent,
2097 3258 2203 3298 non
2233 3226 2280 3291 C
2311 3244 2492 3316 indiga
2525 3285 2540 3309 ,
2590 3244 2731 3299 nuda
2778 3244 3085 3299 virtutunt:
3140 3256 3333 3313 passus
3374 3251 3465 3296 est
3511 3239 3782 3297 Christus.
3831 3237 3875 3283 ει

609 3336 843 3405 cepisset
896 3335 1159 3399 avaritia,
1188 3352 1295 3390 non
1323 3337 1547 3407 ligasset
1570 3335 1749 3390 dolus.
1803 3334 1854 3389 Is
1902 3335 2052 3390 solus
2090 3345 2208 3391 erat

609 3427 790 3495 .Iesus,
823 3430 912 3498 qui
936 3446 1057 3485 cum
1090 3429 1253 3500 hujus
1279 3429 1460 3485 carnis
1508 3444 1568 3485 se
1609 3428 2065 3485 circumdedisset
2092 3432 2208 3485 viu-

612 3521 773 3588 culis,
797 3532 986 3591 captus
1011 3539 1118 3577 non
1147 3532 1287 3589 erat,
1317 3540 1424 3580 non
1472 3530 1593 3579 erat
1636 3524 1887 3595 alligatus
1920 3542 1933 3577 ε
1989 3524 2083 3579 sed
2131 3526 2213 3579 di-

616 3630 875 3684 ruutpens
897 3632 960 3671 ea
982 3625 1147 3685 atque
1172 3616 1511 3682 dissolvens.
1560 3617 1627 3673 ad
1676 3632 1736 3673 se
1782 3618 1953 3688 magis
1999 3619 2214 3673 vocavit

615 3707 938 3788 Ecclesium,
970 3708 1306 3781 Prospiciens
1356 3727 1447 3778 per
1485 3712 1698 3782 laqueos
1727 3750 1744 3777 ,
1791 3713 2021 3768 eminens
2057 3729 2214 3781 super

615 3802 793 3867 retia;
834 3808 897 3856 ut
928 3811 984 3857 et
1028 3802 1146 3872 ipsa
1188 3803 1424 3859 disceret
1470 3805 1702 3861 vinculis
1729 3823 1834 3862 non
1877 3808 2069 3864 teneri.
2105 3807 2213 3863 De—

620 3895 783 3965 nique
804 3911 871 3950 eo
898 3911 1068 3966 usque
1100 3913 1208 3952 non
1238 3897 1401 3967 longe
1424 3914 1453 3953 a
1483 3898 1717 3955 vinculis
1744 3900 1869 3966 fuit,
1902 3911 1961 3956 ut
1991 3917 2089 3972 pro
2119 3919 2217 3956 no-

619 3988 701 4044 bis
730 3990 1015 4045 subiret’et
1039 4001 1292 4052 mortem.
1316 3992 1412 4047 sed
1444 4000 1625 4049 tamen
1669 4010 1776 4048 non
1804 4008 1997 4051 servus
2025 3996 2218 4051 mortis

2309 3341 2488 3393 omnia
2518 3347 2803 3407 cmpcrunt
2829 3352 2990 3392 nova:
3010 3339 3204 3407 gratia:
3229 3335 3515 3392 fecundari
3548 3327 3869 3405 germinibus.

2310 3433 2491 3489 Imber
2518 3434 2649 3489 abiit
2686 3433 2915 3487 luxuria:
2939 3430 3282 3502 proﬂuentia,
3310 3440 3365 3485 et
3393 3428 3579 3485 nubila
3613 3423 3754 3480 tetris
3777 3426 3874 3474 orta

2310 3528 2532 3597 ﬂagitiis
2575 3528 2764 3582 :estiva
2820 3527 2933 3597 jam
2995 3541 3145 3595 purae
3194 3523 3556 3579 conscientia:
3617 3514 3875 3573 serenitate

2313 3621 2584 3676 laxantur.
2617 3620 2747 3677 ideo
2773 3636 2880 3675 non
2919 3619 3161 3674 evadunt
3196 3632 3426 3686 quorum
3465 3616 3589 3686 fuga
3631 3612 3681 3667 in
3727 3606 3875 3662 hicine

2315 3714 2373 3768 lit
2398 3730 2413 3780 ;
2443 3713 2566 3784 quia
2590 3728 2698 3767 non
2729 3722 3034 3783 sequuntur
3062 3709 3273 3766 Domini
3305 3709 3620 3780 paSsionem
3638 3745 3652 3769 ,
3676 3714 3771 3756 non
3793 3694 3874 3749 tol-

2316 3808 2430 3861 lunt
2457 3821 2673 3861 crucem
2707 3820 2881 3871 suam,
2911 3814 2969 3859 et
2993 3802 3271 3859 Christum
3299 3811 3626 3873 sequuntur.

2388 3899 2476 3955 49.
2518 3899 2697 3954 Imber
2726 3896 2954 3967 impedit
2978 3898 3141 3951 liores
3172 3911 3185 3947 :
3217 3903 3273 3949 at
3300 3907 3445 3949 nunc
3483 3893 3645 3948 liores
3667 3882 3877 3940 videntur

2319 3995 2372 4048 in
2406 4003 2571 4048 terra.
2606 3993 2740 4047 Boni
2774 3990 2939 4048 liores
2969 3990 3227 4062 apustoli,
3257 3989 3349 4060 qui
3394 3988 3728 4043 diversorum
3761 3970 3875 4029 scri-

618 4082 866 4150 ell'ectus,
899 4083 993 4140 sed
1018 4083 1155 4139 liber
1178 4087 1326 4141 inter
1347 4095 1592 4140 mortuos
1617 4102 1633 4153 ;
1666 4087 1805 4143 liber
1820 4088 1963 4143 enim
1987 4098 2105 4143 erat
2125 4089 2219 4160 qni

618 4177 894 4234 solvenda:
908 4179 1100 4234 mortis
1131 4186 1454 4248 potestatem
1475 4179 1727 4234 habebat.
1753 4180 1999 4252 Denique
2024 4182 2139 4252 ipsc
2167 4192 2219 4238 te

623 4271 816 4330 doceat
845 4275 936 4342 qui
967 4273 1075 4327 ait:
1098 4272 1559 4345 Solvitetemplum
1578 4278 1759 4339 hoc,"
1779 4275 1834 4329 in
1860 4274 2031 4330 triduo
2046 4262 2219 4331 resus-

621 4364 936 4419 citnboillud
959 4363 1140 4434 (Joan.
1168 4381 1228 4430 tt,
1255 4366 1369 4438 l9).
1388 4368 1683 4422 Audiamus
1708 4367 2217 4437 itaquequiddicat:

2319 4092 2543 4159 plot-nm
2580 4102 2803 4142 suorum
2846 4098 3009 4156 atque
3062 4100 3287 4154 Operam
3354 4082 3618 4139 fuderunt
3664 4072 3874 4159 adorent.

2324 4180 2545 4254 Tempus
2574 4181 2781 4235 secandi
2803 4181 3043 4245 advenit,
3093 4178 3310 4250 quando
3353 4185 3564 4231 matura
3606 4173 3656 4226 itt
3699 4158 3878 4260 horreis

2322 4273 2592 4329 frumenta
2623 4274 2937 4329 conduntur
2963 4289 2979 4336 ;
3008 4284 3062 4328 et
3092 4274 3182 4342 qui
3213 4271 3390 4338 metit,
3437 4263 3735 4324 mercedem
3762 4267 3879 4308 acet-

2324 4370 2421 4439 pit.
2462 4366 2572 4423 Vox
2596 4370 2809 4422 turturis
2833 4366 3014 4422 audita
3034 4376 3132 4434 est,
3175 4367 3299 4437 quia
3325 4364 3535 4419 invenit
3563 4357 3659 4415 sibi
3689 4348 3875 4406 nidum;

698 4459 791 4516 45.
837 4460 1016 4532 (Vers.
1054 4460 1298 4534 11-15.)
1333 4461 1590 4533 Exsurge,
1620 4462 1733 4516 veni
1777 4462 2016 4534 proxima
2058 4479 2220 4530 mea;
2325 4462 2571 4518 Ecclesia
2622 4463 2767 4517 enim
2823 4464 3020 4517 domus
3072 4471 3157 4517 est
3209 4457 3499 4515 castitatis.
3579 4449 3732 4505 Ficus
3780 4448 3879 4507 (Ιυω

629 4555 734 4610 hoc
759 4565 862 4620 est,
895 4569 1057 4626 surge
1077 4570 1109 4610 a
1141 4559 1392 4618 mortuis,
1426 4571 1659 4627 exsurge
1689 4570 1720 4611 a
1752 4557 2005 4625 vinculis,
2027 4559 2224 4629 quibus
2249 4619 2296 4629 λ
2329 4563 2551 4623 propter
2596 4553 3039 4609 infecunditatem
3096 4551 3391 4621 jubebatur
3444 4541 3654 4606 excidi,
3709 4538 3880 4607 [ηιεέασ

626 4650 961 4705 circumdata
990 4651 1285 4707 tenebaris.
1318 4651 1583 4723 Exsurge,
1627 4653 1755 4723 quia
1801 4668 1904 4725 ego
1949 4654 2223 4710 resurrexi
2249 4619 2304 4680 D
2329 4650 2465 4722 ferre
2473 4651 2591 4721 jam
2612 4649 2785 4718 ca’pil-
2822 4647 2984 4702 Vinea
3013 4645 3273 4700 ιΐθιιειθῑίὶ
3305 4657 3371 4697 εἰ
3398 4629 3878 4725 Εεγριονὲθ¹¹¹1¹⁰¹ῗ

629 4740 726 4796 tibi
758 4760 774 4795 :
805 4742 957 4797 solve
986 4743 1201 4798 vincula
1231 4720 1552 4816 iniquitatis,
1605 4720 1731 4817 quia
1776 4720 1876 4817 ego
1921 4747 2035 4818 jam
2087 4747 2193 4803 solt

2331 4720 2582 4798 maceriis
2609 4740 2886 4795 destructa
2913 4737 3201 4808 depositis,
3243 4736 3556 4790 ineursatur
3599 4742 3626 4781 a
3670 4720 3876 4777 bestiis?

632 4839 726 4895 tibi
758 4856 771 4893 :
802 4841 950 4905 veni,
983 4839 1107 4910 quia
1133 4841 1244 4909 jam
1277 4842 1413 4895 retia
1432 4841 1607 4895 soluta
1630 4851 1778 4909 sunt,
1800 4841 1969 4912 Virgo
1990 4844 2223 4912 peperit,
2330 4850 2430 4891 nec
2461 4833 2707 4890 informis
2735 4833 3001 4893 sentibus,
3032 4830 3125 4886 sed
3156 4831 3324 4886 odora
3350 4829 3461 4899 jam
3493 4821 3726 4881 ﬂoribus-

631 4948 765 5001 puer
786 4941 945 4989 natus
969 4909 1037 4989 ex
1066 4934 1275 5004 virgine
1295 4943 1401 5000 est,
1435 4934 1567 4989 nihil
1589 4934 1749 4990 debet
1777 4909 2029 4991 muliebri
2055 4909 2228 4989 haere-
2404 4929 2494 4986 so.
2537 4939 2564 4967 ι
2592 4928 2853 5001 Exsurge,
2879 4928 3072 4999 inquit,
3101 4926 3238 4990 veni.
3264 4923 3502 4995 ρτοεὲηια
3527 4931 3655 4980 "Ma.
3684 4909 3878 5004 (Mos?

629 5026 809 5095 ditati,
832 5028 985 5098 quasi
1022 5001 1175 5083 lilius'
1198 5027 1444 5084 mulieris
1470 5045 1577 5084 non
1610 5037 1864 5083 tenetur:
1906 5042 2069 5082 cerne
2113 5044 2227 5083 meo
2333 5038 2464 5084 mea.
2513 5023 2752 5077 columba
2794 5037 2931 5085 mea.
2966 5022 3194 5092 ρετῖεεια
3242 5032 3398 5081 me“;
3453 5010 3677 5084 praxim“
3722 5001 3879 5098 vim:

628 5118 780 5175 dium
805 5120 1065 5190 parietem
1092 5121 1473 5190 maceriicjam
1501 5121 1760 5187 solutum,
1789 5121 1877 5188 qui
1908 5120 2224 5176 interiorum
2335 5114 2461 5170 ﬁdei
2507 5115 2803 5180 desiderio,
2857 5116 3085 5184 [ονηεοια
3141 5111 3344 5166 decore
3395 5102 3627 5164 νί¹¹¹¹¹ίδν
3677 5080 3879 5190 “Milia

627 5211 918 5269 all'cctuutn
947 5214 1294 5270 concordiam
1317 5213 1614 5277 dividebat,
1649 5221 1706 5267 et
1737 5213 1790 5267 in
1815 5212 2092 5267 diversum
2122 5228 2222 5266 εις
2332 5212 2509 5282 gratia
2588 5208 2855 5279 spirituali
2909 5224 2926 5275 ;
3004 5223 3186 5275 penna:
3239 5206 3377 5259 enim
3437 5196 3675 5256 columba
3747 5182 3877 5282 de“:

629 5306 830 5361 citabat
868 5308 1241 5362 tli~sensiunes
1292 5306 1662 5376 corporalium
1711 5306 2043 5375 passionum.
2088 5304 2193 5361 Ven

2331 5270 2552 5375 gentem
2604 5270 2862 5357 aeternam
2917 5301 3068 5356 illam
3102 5299 3408 5371 signiﬁcant
3459 5270 3879 5376 νοωειειιεπξνξι

631 5418 762 5473 ergo
789 5418 1019 5469 secura,
1057 5403 1215 5470 cupio
1246 5402 1433 5457 videre
1477 5399 1667 5455 facient
1721 5411 1890 5466 tuam,
1939 5411 1994 5456 et
2037 5400 2225 5456 audire
2333 5396 2605 5453 columba:
2630 5395 2844 5452 volatus
2871 5394 3107 5464 Spiritus
3153 5392 3324 5449 sancti
3352 5383 3684 5461 praesentiam
3730 5358 3879 5473 ἀοξξξ·

634 5456 819 5554 νοῖξθιη
847 5509 991 5552 tuam
1026 5514 1040 5550 :
1070 5495 1213 5561 veni,
1250 5505 1306 5549 ut
1332 5494 1444 5564 jam
1481 5511 1567 5548 nte
1596 5510 1692 5565 per
1713 5499 1849 5551 retia
1885 5510 1992 5550 non
2019 5495 2226 5559 videas,
2338 5491 2500 5548 ravit.
2530 5490 2699 5546 Vocat
2726 5491 2889 5560 igitur
2926 5489 2995 5543 ad
3041 5502 3103 5543 se
3148 5502 3268 5542 eam
3318 5484 3567 5539 Christus
3615 5478 3669 5526 tit
3710 5456 3875 5565 venit?

633 5590 731 5647 sed
757 5589 894 5646 lacic
910 5590 976 5646 ad
1005 5588 1457 5646 iacietnvultibus
1482 5546 1744 5645 amarioris
1763 5588 1961 5646 dilecta
1981 5589 2227 5660 potiaris.
2338 5584 2600 5657 quoniam
2635 5582 3004 5654 spiritualibus
3046 5581 3157 5651 jam
3205 5576 3395 5649 pretiis
3437 5546 3874 5669 datst-1.302%":

706 5684 799 5743 46.
828 5645 914 5740 Et
942 5685 1030 5741 hic
1057 5685 1157 5741 ista
1178 5682 1359 5741 ethice
1381 5682 1613 5741 decursa
1635 5685 1765 5742 sint.
1796 5645 2019 5759 Mystica
2052 5695 2233 5741 autem
2509 5697 2643 5746 ecce,
2669 5645 2866 5750 inquit,
2895 5645 3064 5732 Ixionis
3080 5645 3350 5747 paterin,
3367 5670 3529 5727 imber
3553 5656 3691 5720 abiit.
3717 5645 3877 5700 ἀπ’*

721 5836 749 5892 εί
774 5849 857 5910 Ex
875 5851 1138 5930 Apologia
1150 5849 1325 5912 David
1343 5858 1643 5931 postrema,
1663 5866 1785 5926 cap.
1811 5850 1866 5920 8,
1890 5865 2042 5915 num.
2058 5850 2152 5920 ιδ,
2168 5846 2256 5915 te.

4053 3860 4055 3995 Ι

4053 4022 4055 4173 Ι

4054 4734 4055 4815 ι
