4148 6362
357 423 496 480 1885

1329 427 1368 483 E
1413 422 1724 484 SCRIPTIS
1760 425 1816 483 S.
1864 423 2184 484 AMBROSII
2225 427 2650 488 COLLECTUS.

3424 473 3432 483 .
3511 426 3649 490 1586

353 543 418 595 sit
446 542 564 602 sibi,
593 543 748 611 ﬂores
777 544 870 597 visi
910 553 1026 597 sunt
1055 544 1108 596 in
1137 553 1292 598 terra.
1352 543 1540 599 Videte
1592 543 1950 613 quemadmo-
1978 545 2027 604 Α
2057 543 2392 600 canticorum
2423 561 2440 599 :
2475 543 2637 602 Ficus
2660 549 3098 618 protalitgrossos
3111 565 3249 603 suos.
3291 549 3472 618 Itaque
3486 557 3650 603 ozcte-

353 635 482 689 dum
511 648 695 690 sancta
729 635 986 690 invitetur
1009 635 1272 691 Ecclesia.
1301 635 1481 690 Hiems
1499 678 1513 701 ,
1538 637 1733 706 inquit,
1757 637 1954 690 discet-

356 729 420 783 sit
450 729 586 796 sibi,
643 745 709 785 ne
754 730 988 785 hiemem
1044 730 1186 784 nuda
1235 729 1514 796 formidet,
1549 729 1784 785 hiemem
1842 745 1950 784 non

358 826 645 894 temporis,
677 825 772 880 sed
807 825 1162 890 inﬁrmitatis,
1191 840 1310 894 quae
1329 840 1516 894 agrum
1547 824 1745 879 animat
1769 823 1953 878 fecun—

358 919 486 973 dum
521 919 670 973 Omni
699 918 833 973 ﬂore
855 918 1137 986 diSpoliat.
1166 917 1259 971 Est
1283 917 1428 971 enim
1461 917 1633 970 hiems
1681 932 1786 971 non
1842 927 1952 971 Ier-

356 1012 468 1066 reni
499 1012 653 1075 Solis,
683 1023 768 1066 est
793 1011 968 1065 hiems
1009 1011 1228 1075 mentis,
1271 1009 1492 1080 quando
1539 1011 1724 1063 animo
1782 1009 1955 1079 frigus

356 1105 618 1165 illabitur,
650 1104 868 1173 quando
895 1119 1063 1173 vapor
1088 1103 1253 1157 animi
1283 1105 1527 1157 vanescit
1547 1142 1562 1165 ,
1603 1102 1820 1172 quando
1846 1100 1954 1154 sol-

355 1199 499 1252 vitur
525 1197 672 1266 vigor
697 1209 892 1251 sensus
916 1237 932 1260 ,
963 1195 1180 1267 quando
1206 1196 1403 1250 nimius
1456 1196 1652 1249 humor
1692 1193 1950 1258 exundat,

356 1302 416 1347 et
437 1300 674 1347 mentem
705 1303 916 1362 gratat,
940 1275 1406 1362 quandointerior
1435 1291 1629 1360 caligat
1675 1299 1952 1358 aspectus.

355 1386 428 1441 Et
479 1386 600 1440 ideo
648 1387 724 1439 ait
781 1386 1087 1440 Dominus:
1145 1385 1327 1438 Videte
1375 1400 1438 1438 ne
1488 1385 1579 1454 ﬁat
1627 1387 1751 1455 fuga
1789 1391 1955 1437 vestra

354 1480 526 1531 hieme
550 1478 626 1532 vel
653 1477 866 1531 sabbato
898 1476 1111 1549 (Matth.
1141 1491 1288 1541 sxw,
1309 1474 1402 1548 20)
1430 1493 1444 1539 ;
1476 1476 1677 1530 bonum
1709 1475 1854 1530 enim
1896 1481 1957 1528 ut

357 1581 488 1624 tunc
529 1571 647 1625 dies
673 1571 864 1640 judicii
923 1571 1004 1625 vel
1060 1571 1248 1624 mortis
1291 1569 1583 1633 adveniat,
1631 1584 1754 1623 cum
1813 1568 1958 1638 viget

354 1664 525 1717 animi
555 1663 746 1717 blanda
789 1663 1104 1732 temperies,
1127 1677 1252 1716 eum
1279 1662 1502 1716 emleste
1526 1659 1844 1731 mysterium
1870 1675 1956 1714 se-

355 1771 490 1811 rena
519 1756 638 1811 luce
668 1755 998 1825 reaplendet,
1030 1770 1152 1809 cum
1183 1770 1279 1808 eor
1308 1763 1558 1807 nostrum
1601 1752 1752 1808 ardet
1778 1752 1836 1807 in
1859 1767 1955 1807 no-

355 1850 464 1904 bis.
499 1848 648 1904 Tune
670 1848 814 1904 enim
846 1847 1095 1903 Christus
1127 1856 1210 1902 est
1243 1861 1506 1916 prtesens,
1552 1847 1691 1900 sicut
1723 1856 1955 1901 testatur

2056 641 2128 694 ris
2159 642 2466 696 albentibus
2507 646 2682 712 primo
2735 658 2857 697 vere
2887 644 3168 713 virgultis,
3213 644 3326 697 sola
3358 644 3488 697 licus
3522 658 3650 711 pro-

2055 733 2172 802 prio
2229 734 2402 786 nescit
2457 732 2590 788 ﬂore
2628 749 2956 798 canescere;
3002 751 3067 789 eo
3109 733 3246 788 forte
3275 734 3418 804 quod
3469 735 3651 788 nullus

2053 827 2122 880 sit
2151 826 2268 881 istis
2299 827 2561 882 maturior
2591 843 2718 882 usus
2750 829 2800 882 in
2831 830 3024 898 pomis.
3061 828 3302 897 Namque
3317 827 3656 882 succedenti-

2054 918 2154 973 bus
2207 919 2332 972 aliis
2361 936 2482 987 quae
2528 922 2677 989 quasi
2717 920 3106 991 degenerantia
3162 921 3502 992 despuuntur
3535 961 3550 984 ,
3597 927 3650 975 et

2054 1013 2228 1066 arenti
2259 1011 2470 1066 infirma
2502 1014 2686 1068 radice
2712 1056 2725 1077 ,
2777 1016 3051 1068 renotatis
3087 1013 3284 1079 quibus
3338 1013 3408 1066 sit
3459 1027 3655 1067 succus

2057 1104 2261 1166 utilior.
2295 1112 2584 1160 exuuntur.
2622 1106 3039 1160 Manenttamen
3067 1105 3246 1174 aliqua
3275 1117 3514 1174 perrara,
3554 1119 3654 1158 nec

2053 1197 2330 1263 decidunt,
2367 1201 2561 1270 quibus
2590 1200 2678 1254 hic
2711 1211 3006 1268 proventus
3033 1201 3315 1266 arriserit,
3347 1209 3403 1253 ut
3439 1198 3508 1254 de
3541 1215 3654 1254 mc-

2055 1293 2144 1347 tlio
2182 1293 2408 1347 duarum
2473 1294 2746 1363 virgarum
2794 1294 3064 1348 claviculo
3127 1294 3278 1347 brevi
3331 1301 3652 1362 erumpente

2056 1397 2426 1458 promergant,
2457 1403 2564 1456 quo
2591 1387 2823 1456 geminis
2866 1394 3003 1440 tecta
3055 1385 3345 1455 prasidiis,
3382 1393 3652 1454 tamquam

2057 1491 2260 1535 natura:
2286 1480 2526 1550 parentis
2547 1480 2752 1549 gremio
2779 1521 2793 1543 ,
2821 1479 2968 1534 succi
3003 1478 3114 1532 fotu
3150 1479 3409 1546 plenioris
3452 1479 3658 1532 inoles-

2055 1585 2199 1629 eant.
2232 1575 2304 1629 Ezt
2348 1575 2719 1629 clementioris
2753 1587 2899 1627 aura:
2940 1579 3228 1642 provocata
3272 1572 3566 1639 temperie:
3605 1577 3660 1625 et

2056 1667 2442 1738 prolixioribus
2463 1669 2646 1721 adulta
2681 1666 3018 1732 temporibus
3039 1708 3052 1728 ,
3085 1665 3173 1718 tibi
3207 1665 3514 1718 silvestrem
3542 1663 3660 1717 ani-

2058 1775 2205 1812 mum
2242 1760 2392 1814 succi
2422 1760 2623 1829 prioris
2653 1760 2906 1814 exuerint
2933 1799 2948 1825 ,
2996 1759 3178 1828 specie
3202 1757 3415 1811 caeteris
3451 1766 3504 1810 et
3537 1771 3653 1810 ma.

2061 1856 2298 1911 tnritatis
2329 1857 2504 1927 gratia
2531 1859 2916 1925 prml‘ernutttr.

355 1944 416 1996 in
447 1942 740 2012 Evangelio
774 1945 1034 1996 Atnmaon
1063 1951 1118 1996 et
1143 1939 1412 2008 Cleophas
1442 1940 1687 1994 dicentes
1721 1957 1736 1993 :
1766 1937 1956 1994 Nonne
1985 1936 2032 1997 Β
2131 1950 2221 2004 52.
2247 1950 2438 2019 Specta
2466 1964 2608 2004 nunc
2641 1951 2820 2004 cultus
2848 1960 2901 2004 ct
2932 1950 3142 2003 animos
3172 1945 3486 2003 Judmorum
3516 1990 3530 2015 ,
3561 1947 3651 2018 qui

355 2054 448 2091 cor
477 2047 710 2091 nostrum
738 2035 924 2090 ardens
954 2045 1062 2089 erat
1099 2036 1154 2088 in
1190 2034 1333 2088 nobis
1381 2036 1436 2087 in
1497 2035 1578 2088 via
1612 2075 1626 2098 ,
1678 2049 1792 2088 cum
1833 2051 1956 2105 ape-

354 2131 550 2183 ruisset
575 2130 628 2182 iu
658 2129 803 2182 nobis
825 2128 1127 2198 Scriptura:
1158 2125 1314 2197 (Luc.
1346 2142 1497 2191 xxiv,
1531 2125 1644 2196 5'2).
1675 2125 1828 2193 Viget
1858 2141 1955 2178 att-

356 2232 473 2276 tem
500 2223 740 2286 animus,
767 2221 984 2289 quando
1027 2221 1190 2275 etiam
1235 2219 1335 2272 llos
1388 2219 1602 2273 videtur
1658 2223 1709 2272 in
1773 2220 1950 2272 teri-is.

355 2315 492 2382 Quis
520 2327 600 2368 est
632 2313 737 2369 iste
766 2313 867 2367 llus
904 2311 1029 2368 boni
1063 2311 1289 2376 odoris,
1333 2312 1440 2366 nisi
1484 2313 1576 2366 ille
1631 2311 1719 2382 qui
1777 2309 1952 2365 dixit:

358 2408 479 2479 Ego
502 2409 598 2478 ﬂos
619 2409 788 2475 cainpi
816 2417 863 2461 et
891 2408 1062 2461 lilium
1089 2405 1404 2459 convallium
1435 2405 1656 2476 (Supra,
1689 2420 1820 2458 vers.
1852 2405 1908 2473 l)
1941 2422 1953 2457 :

359 2503 431 2556 de
461 2517 571 2570 quo
596 2509 652 2554 et
680 2501 735 2554 in
768 2501 923 2555 Esaia
955 2503 1216 2569 scriptum
1239 2507 1324 2553 est
1349 2519 1358 2548 :
1390 2498 1542 2551 Exiet
1572 2499 1716 2568 virga
1769 2498 1834 2550 de
1873 2514 1957 2550 ro-

358 2595 475 2647 dice
491 2594 666 2658 Iesse,
693 2604 742 2648 et
764 2594 908 2664 virga
935 2609 998 2646 ea:
1026 2591 1202 2646 radice
1227 2591 1492 2651 ascendet,
1524 2602 1571 2643 et
1593 2593 1692 2658 ﬂos
1724 2607 1788 2644 ex
1812 2591 1959 2660 virga

360 2690 494 2743 πίει
524 2687 694 2759 (Esai.
728 2703 802 2752 xt,
835 2689 909 2758 ι).
945 2687 1116 2742 Radix
1167 2687 1350 2755 utique
1391 2685 1594 2740 familia
1642 2685 1957 2740 Judzcoru-m

361 2791 469 2847 est,
503 2781 652 2851 virga
677 2781 862 2843 Maria,
900 2779 999 2835 llos
1028 2779 1210 2834 Mariae
1258 2777 1510 2834 Christus
1545 2795 1557 2830 :
1605 2779 1696 2848 qui
1743 2780 1959 2848 quando

361 2886 550 2930 nostra
582 2873 894 2942 resplendet
922 2877 975 2929 in
1003 2885 1169 2938 terra,
1196 2887 1250 2929 et
1278 2876 1329 2928 in
1354 2889 1488 2944 agro
1507 2876 1703 2928 animae
1727 2874 1956 2939 redolet,

362 2971 448 3025 vel
482 2971 533 3024 iit
563 2969 805 3025 Ecclesia
834 2986 928 3024 sua
957 2976 1182 3032 vernat,
1218 2985 1317 3023 nec
1348 2968 1514 3039 frigus
1557 2983 1848 3036 possumus
1896 2969 1960 3021 ti-

365 3080 540 3131 mere,
590 3080 691 3119 nec
734 3064 966 3132 pluviam
1014 3062 1217 3126 vereri,
1265 3061 1360 3116 sed
1401 3069 1722 3130 exspectare
1770 3059 1960 3130 judirii

364 3159 530 3212 diem.
560 3157 624 3212 Et
653 3156 775 3211 ideo
807 3156 1048 3211 Ecclesia
1077 3167 1134 3209 ut
1167 3158 1308 3210 hunc
1331 3155 1521 3210 ﬂorent
1546 3153 1779 3219 videret,
1812 3153 1960 3207 omni

363 3252 548 3306 studio
579 3250 890 3317 festinabat,
922 3250 1065 3305 sicut
1095 3250 1212 3318 ipsa
1242 3251 1292 3302 in
1322 3249 1715 3316 posterioribus
1751 3247 1965 3321 1569

2061 2041 2214 2110 quasi
2248 2042 2409 2108 primi
2455 2041 2662 2096 fructus
2701 2043 2840 2096 male
2893 2040 3086 2096 feracis
3133 2043 3432 2112 Synagogze
3458 2083 3472 2106 ,
3505 2039 3661 2111 quasi

2063 2135 2294 2188 labentis
2325 2134 2680 2190 similitudine
2705 2145 3031 2190 corruerunt
3059 2179 3072 2197 ,
3105 2145 3162 2189 ιιι
3192 2150 3444 2189 mansura
3493 2150 3658 2205 supra

2062 2244 2235 2282 aevum
2288 2231 2458 2282 nostri
2507 2230 2725 2298 generis
2792 2245 2949 2299 poma
3015 2228 3394 2284 succederent.
3444 2229 3658 2283 Etenim

2064 2323 2270 2392 primos
2298 2323 2596 2394 Synagogte
2621 2324 2853 2393 populus
2873 2365 2886 2389 ,
2929 2324 3081 2393 quasi
3112 2323 3293 2377 radice
3325 2337 3550 2392 operum
3585 2324 3659 2376 itt-

2065 2416 2252 2468 ftrmus
2295 2414 2508 2480 arenti,
2553 2416 2854 2470 ubertatem
2899 2415 3182 2485 sapientia:
3231 2416 3491 2470 naturalis
3531 2415 3665 2468 hau-

2064 2510 2300 2564 rire'non
2323 2512 2518 2580 potuit.
2556 2511 2622 2564 Et
2650 2510 2772 2565 ideo
2805 2509 2955 2565 velut
2981 2512 3186 2564 inutilis
3203 2509 3406 2564 decidit
3432 2508 3662 2575 fructus,

2065 2612 2124 2658 ut
2161 2607 2314 2671 quasi
2339 2620 2409 2659 ex
2441 2605 2634 2658 iisdem
2661 2604 2944 2659 claviculis
2975 2605 3188 2659 arboris
3230 2603 3519 2657 fructuosa:
3545 2645 3559 2671 ,
3595 2603 3665 2658 de

2067 2701 2393 2770 pinguedine
2445 2701 2726 2771 religionis
2772 2702 3007 2770 antiqua:
3055 2716 3228 2754 novus
3276 2699 3534 2754 Ecclesia:
3565 2713 3668 2768 po-

2065 2793 2224 2861 pulus
2248 2803 2571 2861 emergeret.
2606 2793 2746 2863 Ergo
2785 2793 2877 2848 ille
2907 2795 3000 2863 qui
3039 2803 3178 2857 erat,
3207 2807 3329 2848 esse
3361 2792 3578 2858 desivit,
3613 2801 3670 2846 ut

2065 2886 2169 2941 iste
2198 2887 2467 2954 inciperet
2492 2889 2579 2956 qui
2608 2902 2715 2940 non
2747 2896 2897 2940 erat:
2943 2886 3102 2955 primi
3137 2896 3319 2940 tamen
3347 2900 3414 2939 ex
3457 2883 3621 2938 Israel
3654 2925 3667 2948 ,

2063 2994 2200 3050 quos
2235 2990 2443 3033 natura}
2471 2978 2754 3034 validioris
2797 2993 2982 3032 ramus
3009 2977 3316 3043 extulerat,
3348 2975 3450 3030 sub
3478 2974 3669 3029 umbra

2066 3075 2224 3145 Leg'ts
2251 3082 2304 3130 et
2332 3075 2534 3140 crucis,
2567 3075 2620 3128 in
2659 3073 2942 3144 utriusque
2995 3073 3116 3127 sinu
3147 3088 3312 3127 succo
3337 3071 3556 3141 gemino
3577 3085 3670 3124 co-

2069 3171 2250 3237 lorati,
2277 3170 2452 3241 grossi
2487 3170 2906 3224 mature<centis
2937 3169 3187 3237 exemplo
3208 3210 3221 3232 ,
3270 3165 3670 3236 pulcherrimo—

2069 3281 2188 3318 rum
2219 3265 2388 3334 gratia
2438 3263 2709 3318 fruetumn
2755 3263 2971 3317 caneris
3026 3263 3435 3331 praistiterunt,
3479 3259 3672 3330 quibus

367 3355 596 3402 testatur
623 3346 812 3402 dicens
846 3363 858 3399 :
889 3342 957 3397 In
977 3344 1136 3398 cubili
1166 3343 1407 3397 noctibus
1439 3343 1653 3410 qutesitti
1691 3358 1843 3412 quem
1889 3342 1963 3393 di-

2077 3359 2307 3411 dicitur:
2341 3356 2596 3412 Sedebitis
2634 3372 2791 3427 super
2818 3356 3094 3410 duodecim
3123 3357 3360 3418 thronos,
3380 3354 3674 3425 jadicautes

367 3443 480 3512 ligit
501 3442 677 3495 animo
696 3457 812 3494 mea
844 3437 1022 3512 (Cant.
1059 3455 1137 3504 ιιι,
1172 3441 1250 3508 1).

441 3559 532 3614 50.
564 3568 589 3594 τι
622 3556 781 3610 Ficus
819 3557 1034 3625 protulit
1055 3571 1261 3626 gressa:
1297 3569 1441 3609 suos.
1495 3556 1630 3622 Apta
1674 3551 1974 3625 SynagOgrc

370 3653 582 3708 arboris
622 3651 778 3707 istius
823 3652 1165 3719 comparatio
1190 3659 1275 3704 est
1304 3692 1316 3714 ,
1350 3651 1473 3720 quia
1507 3650 1644 3704 sicut
1671 3650 1834 3703 arbor
1874 3649 1972 3702 ista

367 3747 512 3802 foliis
568 3746 878 3800 redundans
930 3744 1222 3799 nitentibus
1253 3786 1267 3809 ,
1308 3759 1460 3813 spem
1507 3743 1835 3810 possessoris
1889 3740 1972 3794 sui

369 3854 522 3896 cassa
570 3848 910 3908 speratarum
945 3846 1306 3906 proventuum
1352 3837 1764 3905 exspectatione
1809 3835 1978 3888 desti-

373 3934 470 3989 tttit
495 3952 509 3986 :
540 3933 617 3987 ita
645 3934 806 3986 etiam
832 3933 882 3986 in
913 3932 1234 4002 Synagoga,
1265 3931 1390 3984 dum
1418 3931 1672 3984 doctores
1700 3929 1814 3999 ejus
1844 3944 1974 3996 0pc-

373 4028 524 4082 ribus
577 4027 874 4089 infecundi,
917 4025 1101 4080 verbis
1146 4034 1352 4079 tantum
1410 4024 1558 4077 velut
1589 4022 1731 4076 foliis
1779 4021 1975 4076 redun-

370 4121 626 4176 dantibus
647 4118 972 4190 gloriantur,
1006 4119 1182 4172 iuanis
1213 4117 1400 4171 umbra
1445 4115 1605 4185 Legis
1637 4124 1929 4185 exsuperat
1955 4130 1970 4180 ;

372 4230 497 4286 spes
523 4225 703 4268 autem
745 4213 865 4267 falsi
892 4220 1204 4282 eXSpectata
1256 4218 1550 4281 proventus
1575 4252 1589 4276 ,
1633 4208 1816 4280 populi
1849 4215 1971 4263 vota

372 4305 645 4362 credentis
685 4304 882 4359 illudit.

447 4400 540 4456 5t.
568 4395 663 4453 Est
686 4400 846 4453 etiam
877 4397 927 4451 in
962 4404 1154 4450 natura
1197 4395 1412 4450 arboris
1443 4409 1554 4466 quo
1581 4394 1752 4465 magis
1783 4392 1974 4448 credas

371 4491 671 4564 Synagogm
707 4491 947 4560 speciem
977 4489 1388 4559 comparatione
1437 4489 1596 4558 hujus
1633 4503 1969 4556 expressam.

378 4587 592 4641 Etenim
622 4584 667 4640 si
699 4583 990 4654 diligenter
1009 4583 1273 4654 inquiras,
1315 4582 1610 4636 discretam
1659 4581 1726 4634 ab
1755 4594 1853 4633 usu
1887 4595 1974 4632 ar-

376 4681 572 4734 borum
605 4689 925 4734 czcterarum
957 4675 1413 4732 consuetudinem
1445 4686 1652 4729 naturae
1677 4674 1835 4743 hujus
1884 4674 1969 4727 in-

375 4774 597 4837 venies;
630 4787 862 4842 namque
901 4772 1021 4824 aliaa
1048 4769 1235 4824 florem
1291 4769 1468 4822 ferunt
1499 4778 1788 4836 antequam
1829 4765 1974 4819 fruc-

377 4876 520 4930 tum,
568 4879 834 4935 pontaque
874 4873 1103 4918 ventura
1160 4863 1464 4932 prtenuntio
1515 4861 1595 4916 sui
1642 4861 1775 4915 flore
1829 4860 1973 4913 desi-

377 4969 578 5030 gnant:
623 4957 738 5013 hate
783 4958 898 5012 sola
930 4957 1000 5011 ab
1026 4955 1181 5011 initio
1205 4970 1361 5025 poma
1405 4955 1795 5026 germinatpro
1827 4953 1974 5008 flori-

381 5053 519 5106 bus:
553 5050 605 5104 in
636 5049 760 5104 aliis
782 5050 883 5105 llos
905 5049 1175 5105 decutitur
1229 5061 1284 5104 et
1317 5063 1474 5118 poma
1531 5057 1830 5102 nascuntur
1858 5063 1871 5112 ;
1921 5047 1972 5100 in

383 5148 486 5201 bac
517 5161 674 5216 poma
701 5146 976 5210 decidunt,
1005 5154 1061 5198 ιιι
1093 5157 1248 5212 poma
1278 5142 1591 5198 succedant.
1628 5143 1768 5208 Ergo
1794 5141 1974 5212 priora

380 5241 472 5295 illa
503 5254 655 5294 cassa
705 5238 974 5293 fructuum
1003 5279 1017 5301 ,
1053 5237 1170 5291 vice
1192 5234 1345 5290 ﬂoris
1369 5246 1650 5303 emergunt
1679 5252 1691 5288 :
1723 5235 1792 5288 ita
1842 5247 1978 5302 prae-

379 5334 499 5389 coci
542 5331 775 5402 quodam
825 5331 1078 5385 nascendi
1112 5347 1210 5386 usu
1239 5371 1251 5395 ,
1292 5347 1412 5402 qua:
1465 5329 1715 5384 ordinem
1770 5337 1978 5383 natura:

380 5426 677 5491 nesciunt,
723 5424 1044 5480 beneficium
1097 5436 1306 5478 natura:
1335 5438 1554 5478 scrvare
1593 5436 1700 5478 non
1729 5429 1975 5490 possunt.

380 5521 598 5577 Etenim
629 5535 734 5591 qua
792 5534 854 5575 se
887 5518 1066 5574 medio
1114 5517 1330 5573 trudere
1357 5517 1425 5573 de
1491 5519 1694 5572 cortice
1767 5531 1978 5587 gemina

380 5615 668 5670 consuevit
697 5655 713 5678 ,
755 5629 818 5669 ea
866 5611 1228 5667 minutissima
1276 5625 1502 5682 qna-que
1555 5609 1713 5680 hujus
1757 5609 1979 5678 generis

385 5725 547 5784 poma
596 5714 992 5780 prorumpunt:
1021 5707 1090 5762 de
1127 5706 1328 5778 quibus
1368 5705 1598 5777 legimus
1636 5704 1690 5760 in
1740 5703 1979 5759 Canlieis

464 5956 491 5986 ι
519 5945 638 6006 Lib.
669 5950 765 6016 ιιι,
803 5943 868 6001 in
899 5934 1100 6004 Lucam
1126 5981 1141 6009 ,
1169 5937 1234 5998 ad
1261 5953 1380 6009 cap.
1415 5954 1530 6004 xm.

1999 4735 2051 4794 Ι)

2077 3453 2350 3508 duodecim
2378 3463 2410 3505 tt
2425 3453 2541 3506 ibus
2573 3450 2741 3506 Israel
2770 3450 2984 3519 (Matth.
3013 3466 3126 3513 ιιι,
3160 3450 3278 3518 28).

2149 3548 2238 3602 55.
2285 3545 2312 3583 δ
2379 3545 2550 3600 Vinea:
2615 3547 2856 3616 ﬂorentes
2920 3544 3174 3596 dederont
3249 3542 3460 3596 odorem
3522 3557 3671 3593 stituit

2077 3640 2274 3713 (Sup.,
2309 3655 2357 3691 υ.
2391 3638 2472 3709 5).
2507 3638 2649 3692 Bene
2683 3654 2777 3706 per
2811 3639 3023 3691 vincam
3059 3636 3300 3691 Ecclesia
3329 3636 3674 3704 designatur;

2078 3744 2133 3785 ut
2159 3732 2303 3786 enim
2337 3731 2460 3784 vitis
2512 3731 2796 3784 maritatur
2839 3728 3166 3794 arboribus,
3221 3728 3290 3779 ita
3332 3741 3530 3794 corpus
3561 3725 3678 3777 ani-

2075 3840 2178 3878 tnze
2203 3865 2218 3888 ,
2246 3825 2422 3876 anima
2473 3839 2692 3892 quoque
2731 3823 2946 3892 corpori
2973 3823 3354 3891 conjungitur:
3411 3832 3466 3872 ut
3505 3823 3659 3872 vinea

2075 3918 2203 3973 dum
2233 3914 2427 3987 ligatur
2456 3959 2468 3980 ,
2494 3919 2720 3986 erigitur
2751 3959 2764 3980 ,
2797 3928 2850 3970 et
2891 3917 3063 3970 recisa
3095 3932 3201 3968 non
3237 3915 3497 3967 minuitur
3526 3955 3539 3978 ,
3582 3911 3674 3966 SCII

2075 4024 2335 4082 augetur;
2372 4013 2442 4065 ita
2475 4010 2627 4081 plebs
2659 4019 2845 4064 sancta
2867 4010 2994 4064 dum
3030 4010 3246 4079 ligatur,
3275 4009 3521 4062 exuitur:
3548 4007 3673 4058 dunt

2079 4105 2431 4168 bmniliatur,
2485 4103 2781 4157 attollitur:
2833 4103 2960 4156 dum
3007 4102 3270 4156 reciditur
3302 4141 3316 4166 ,
3358 4108 3672 4153 coronatur.

2077 4199 2218 4268 Quin
2249 4200 2412 4253 etiam
2463 4207 2520 4252 ut
2564 4208 2717 4251 tener
2741 4198 2992 4251 surculus
3019 4237 3034 4262 ,
3080 4195 3253 4250 veteri
3293 4193 3566 4248 abscissus
3610 4191 3676 4246 ab

2077 4294 2306 4358 arbore,
2342 4292 2392 4345 in
2421 4291 2644 4344 alterius
2675 4289 2786 4344 fetu
2826 4289 3026 4344 radicis
3069 4288 3366 4343 inseritur:
3399 4287 3470 4340 ita
3509 4299 3678 4354 popu-

2077 4387 2162 4440 lus
2190 4386 2276 4439 hic
2304 4393 2523 4439 sanctus
2550 4384 2750 4438 surculi
2777 4385 2976 4437 veteris
3019 4381 3362 4437 cicatricibus
3403 4379 3672 4443 enodatis,

2077 4478 2130 4532 in
2160 4493 2299 4531 novo
2333 4479 2423 4531 illo
2454 4476 2636 4531 crucis
2671 4478 2826 4546 signo
2881 4486 3153 4545 tamquam
3199 4473 3408 4544 gremio
3449 4473 3548 4542 pim
3583 4488 3674 4541 pa-

2077 4572 2249 4625 rentis
2294 4570 2437 4624 futus
2476 4569 2760 4625 inolescit:
2813 4567 3156 4637 Spiritus-que
3210 4574 3432 4621 sanctus
3491 4566 3542 4620 iit
3578 4566 3678 4620 hoc

2075 4683 2388 4722 carcereum
2423 4679 2628 4734 corpus
2675 4665 2880 4718 infusus
2911 4704 2925 4729 ,
2958 4663 3105 4717 velut
3147 4663 3197 4716 in
3239 4663 3374 4714 altas
3417 4662 3682 4714 demissus

2080 4771 2346 4815 terrarum
2403 4759 2672 4822 scrobes,
2735 4774 2889 4828 aqua:
2939 4756 3197 4810 salutaris
3263 4755 3468 4824 irriguo
3521 4753 3680 4807 diluit

2081 4853 2340 4924 quidquid
2389 4862 2470 4906 est
2521 4851 2745 4905 fetidum
2779 4892 2792 4915 ,
2838 4849 3314 4918 membrorumque
3365 4857 3677 4902 nostrorum

2084 4948 2298 5004 habitus
2327 4948 2377 5000 in
2407 4947 2684 5002 cmlcstem
2711 4945 2870 5014 erigit
2899 4945 3263 5012 disciplinam.

2154 5040 2244 5098 54.
2273 5041 2420 5095 llanc
2449 5054 2661 5094 vmeam
2689 5039 2916 5109 diligens
2942 5038 3176 5108 agricola
3209 5033 3394 5090 fodere
3417 5077 3432 5100 ,
3467 5035 3642 5105 rigare
3662 5080 3676 5103 ,

2082 5134 2415 5189 contendere
2441 5131 2722 5186 consuevit
2748 5173 2762 5196 ,
2803 5130 3212 5199 eruderatisqne
3249 5139 3477 5183 terrena:
3525 5127 3684 5181 molis

2081 5229 2394 5298 aggeribus,
2421 5241 2586 5296 opera
2610 5227 2857 5294 corporis
2887 5225 3056 5278 nostri
3106 5239 3249 5278 nunc
3279 5223 3394 5276 sole
3429 5232 3634 5276 torrere
3668 5263 3680 5284 ,

2085 5338 2230 5376 nttnc
2254 5320 2426 5376 imbre.
2465 5317 2792 5390 perfundere
2819 5359 2834 5385 ,
2865 5317 3070 5385 stipare
3119 5331 3303 5385 agrum
3336 5315 3528 5368 solitus
3554 5355 3568 5379 ,
3617 5327 3684 5367 ne

2083 5416 2325 5470 sentibus
2351 5428 2562 5483 gemma
2613 5410 2836 5464 lzcdalttr
2860 5452 2871 5470 ,
2905 5425 2972 5464 ne
3021 5410 3258 5463 luxuriet
3308 5407 3494 5461 umbra
3528 5405 3682 5459 folio-

2086 5527 2205 5566 rum
2231 5551 2243 5574 ,
2270 5509 2670 5577 verborumque
2719 5505 3051 5560 infructuosa
3087 5502 3346 5574 jactantia
3397 5498 3686 5554 virtutibus

2085 5604 2504 5667 obuinbrando,
2573 5601 2940 5657 maturitatem
3006 5597 3270 5655 naturalis
3331 5595 3533 5650 indolis
3584 5594 3686 5647 ἰιιιο

2088 5701 2292 5773 pediat.

2175 5929 2204 5972 δ
2240 5929 2362 5995 Lib.
2391 5944 2447 5992 ix
2486 5927 2542 5988 in
2578 5927 2738 6000 Luc.,
2767 5923 2836 5989 ad
2865 5939 2984 5999 cap.
3016 5938 3108 5984 xx.
