4148 6362
548 357 687 417 1887

1528 360 2072 420 COMMENTARIUS
2112 363 2178 421 ΙΝ
2217 363 2517 422 CANTICA
2554 364 2825 424 CANTIC.

3707 372 3729 427 i
3740 370 3837 428 888

621 476 710 536 55.
737 475 921 551 (Vers.
955 476 1070 552 is.)
1095 486 1120 516 ι
1160 477 1229 535 Et
1256 479 1367 535 veni
1395 520 1412 548 ,
1436 478 1631 550 inquit,
1658 480 1897 535 columba
1925 496 2058 547 mea,
2090 482 2145 535 in
2169 486 2221 545 Α
2250 483 2613 552 praemunitio.
2669 484 2905 556 ideoque
2925 493 2983 542 et
3012 485 3139 542 huic
3178 486 3373 542 animas
3392 486 3513 543 ait:
3544 485 3615 542 Et
3636 488 3764 557 veni,
3792 498 3841 544 tu

548 571 819 645 tegimento
845 579 1002 644 petra:
1021 611 1036 637 ,
1067 574 1226 645 juxta
1252 571 1697 644 praemunitione»:
1712 589 1733 638 ;
1760 572 1861 629 hoc
1884 581 1988 640 est,
2021 573 2144 629 veni

542 664 694 736 juxta
735 666 1128 737 Evangelium:
1179 667 1582 739 propugnacula
1638 666 1762 722 ﬁdei
1810 676 1914 723 tute
1947 709 1963 735 ,
1996 677 2148 739 gesta

546 757 931 818 Bunthristi:
966 761 1106 815 muri
1136 761 1211 815 tui
1258 760 1496 816 subsidia
1519 802 1534 829 ,
1578 761 1792 834 1570
1826 762 1990 820 verba
2021 770 2149 818 sunt

552 852 797 909 Domini:
827 851 1009 924 passio
1031 852 1299 909 Dominici
1328 853 1598 924 corporis,
1626 865 1713 909 tua
1744 856 1914 910 virtus
1943 863 2047 910 est.

622 943 713 1002 56.
771 943 995 1000 Ostende
1036 947 1164 1001 mihi
1204 947 1387 1018 [aciem
1418 956 1599 1015 tuam,
1650 959 1699 1004 et
1740 949 1947 1003 insinua
1976 965 2150 1005 vocent

552 1046 730 1103 tuam;
777 1038 902 1108 quia
937 1053 1036 1093 eoa:
1065 1049 1155 1094 tua
1187 1041 1360 1094 suavis
1389 1049 1466 1096 est
1494 1082 1508 1107 ,
1557 1050 1601 1096 et
1630 1042 1787 1110 facies
1811 1052 1900 1097 tua
1940 1042 2148 1099 decora.

552 1127 749 1186 Suavis
769 1138 854 1186 est
881 1145 983 1186 vox
1009 1138 1134 1197 tua;
1158 1134 1282 1204 quia
1311 1148 1400 1187 ore
1420 1133 1480 1204 [it
1508 1134 1767 1205 confessio
1797 1135 1867 1189 ad
1895 1136 2151 1192 salutem:

551 1229 607 1278 et
635 1221 830 1279 decora
859 1222 1055 1290 facies;
1087 1226 1213 1296 quia
1235 1241 1358 1297 quae
1385 1242 1492 1282 non
1521 1228 1797 1285 erubescit
1824 1241 2100 1287 auctorem
2132 1271 2149 1298 ,

550 1331 659 1373 non
700 1317 1048 1374 confunditur
1077 1319 1444 1390 redemptore.
1495 1320 1746 1377 Ostendit
1796 1338 1926 1394 ergo
1954 1322 2151 1380 faciem

550 1425 705 1467 suam
731 1452 747 1479 ,
773 1412 1113 1483 signaculum
1144 1414 1322 1469 crucis
1350 1414 1678 1484 prazlerens:
1713 1426 1769 1472 et
1797 1418 2038 1474 insinuat
2060 1434 2154 1475 vo-

553 1521 671 1564 cem
701 1522 854 1563 suam
888 1549 903 1575 ,
943 1509 1327 1566 auctoritatem
1385 1511 1790 1582 prmdicationis
1845 1528 2155 1570 assumens.

550 1600 912 1673 lntegimento
958 1602 1102 1659 enim
1147 1605 1397 1675 corporis
1426 1605 1648 1673 Christi,
1684 1621 1791 1678 quo
1840 1607 2156 1679 redemptus

553 1703 637 1751 est
662 1709 692 1750 a
725 1704 982 1765 peccato,
1031 1696 1429 1753 munimentum
1463 1697 1651 1769 gratia:
1701 1700 1964 1769 spiritalis
2006 1701 2158 1757 inve-

554 1787 636 1843 nit
660 1803 675 1853 ;
701 1795 759 1842 ut
789 1786 1047 1843 salutaria
1083 1788 1183 1844 sibi
1223 1799 1277 1845 et
1307 1790 1513 1847 sentiat
1561 1801 1616 1848 et
1655 1792 1929 1864 loquatur.
1966 1794 2158 1850 Suavis

2247 577 2481 632 columba
2500 594 2636 645 mea,
2658 579 2712 633 in
2728 581 2999 652 tegimento
3016 591 3174 653 petra:
3189 582 3343 654 juxta
3359 584 3809 654 premunitionem
3824 602 3843 641 :

2249 670 2458 725 ostende
2493 671 2622 725 mihi
2659 673 2847 742 faciem
2886 683 3068 738 tuam,
3125 684 3171 729 et
3213 676 3422 730 insinua
3466 692 3646 732 vocem
3684 692 3836 734 tuam.

2249 764 2506 820 Hortatur
2535 764 2603 821 ad
2630 765 3015 822 conﬁdentiam
3046 810 3062 835 ,
3096 777 3154 822 ut
3182 784 3287 824 non
3310 770 3605 826 erubescat
3631 785 3840 828 crucem

2250 856 2471 925 Christi,
2497 872 2595 912 nec
2626 857 2744 928 ejus
2770 859 3129 929 signaculum.
3158 859 3419 917 Hortatur
3451 862 3523 917 ad
3552 861 3847 919 confessio-

2252 965 2375 1005 nem
2402 992 2417 1016 ,
2451 950 2565 1004 vult
2592 965 2785 1006 omnes
2823 950 3047 1008 insidias
3081 952 3379 1019 dimoveri;
3409 963 3471 1009 ut
3514 954 3692 1010 bonus
3729 955 3845 1012 ﬁdei

2252 1042 2392 1097 odor
2421 1043 2614 1111 spiret,
2645 1051 2705 1097 ut
2734 1044 2853 1099 dies
2891 1043 3092 1114 l'ulgeat
3113 1088 3127 1111 ,
3161 1057 3220 1100 ut
3250 1045 3499 1102 adversa:
3533 1047 3711 1104 noctis
3737 1063 3850 1103 um-

2254 1135 2349 1191 bra
2394 1150 2499 1190 non
2536 1145 2762 1201 noceat;
2805 1138 3057 1207 quoniam
3091 1139 3182 1209 qui
3203 1139 3360 1209 juxta
3405 1139 3690 1195 Christum
3731 1151 3848 1209 est,

2253 1227 2419 1284 dicit:
2491 1227 2615 1283 Nox-
2676 1231 2975 1300 prazcessit,
3028 1230 3140 1286 dies
3198 1242 3369 1287 autent
3420 1233 3852 1305 appropinquavit

2257 1319 2439 1391 (Rom.
2484 1336 2614 1375 χχιιι
2642 1361 2657 1386 ,
2696 1322 2804 1392 12).
2843 1321 2941 1376 Εει
2982 1331 3039 1377 ει
3084 1322 3272 1380 umbra
3333 1323 3687 1379 saecularium
3740 1339 3853 1396 qua:

2256 1416 2500 1486 praeterit
2529 1458 2544 1482 ,
2574 1426 2624 1472 et
2655 1418 2774 1473 dies
2827 1416 3135 1474 caelestium
3175 1417 3422 1474 Christus
3452 1460 3470 1487 ,
3511 1418 3607 1489 qui
3660 1419 3853 1475 sanctis

2259 1510 2373 1569 suis
2405 1510 2569 1565 lucet.

2334 1604 2422 1661 60.
2458 1604 2638 1677 (Vers.
2671 1604 2783 1677 15.)
2820 1618 2843 1648 ο
2879 1606 3129 1662 Prendite
3159 1609 3303 1663 nobis
3331 1610 3510 1682 vulpes
3533 1610 3751 1680 pusillos
3768 1626 3853 1665 ex-

2262 1700 2595 1755 terminantes
2620 1700 2817 1766 uineas,
2847 1711 2900 1755 ut
2923 1701 3082 1756 vinea:
3100 1712 3291 1758 nostra:
3312 1704 3559 1773 ﬂoreant.
3585 1702 3853 1773 Scriptura

2262 1808 2386 1848 eum
2415 1794 2687 1848 hominem
2713 1793 2876 1862 dicit,
2911 1796 3001 1864 qui
3031 1794 3209 1851 estad
3250 1796 3558 1866 imaginem
3576 1808 3633 1851 et
3669 1794 3853 1850 simili-

553 1895 684 1952 ergo
714 1895 837 1947 vox,
863 1896 985 1953 qua:
1010 1881 1065 1937 in
1082 1881 1282 1939 divinis
1307 1884 1633 1940 testimoniis
1651 1886 1976 1957 loquebatur
2004 1905 2018 1942 :
2048 1885 2158 1942 De-
2188 1892 2236 1954 Β
2267 1884 2507 1941 tudinem
2540 1885 2667 1941 Dei:
2703 1896 3017 1955 peccantem
3059 1894 3238 1942 autem
3271 1903 3379 1942 non
3435 1887 3737 1954 hominem,
3765 1885 3853 1942 sed

553 1992 676 2033 cora
705 1977 885 2048 facies,
921 1993 1042 2048 qua:
1080 1977 1136 2034 in
1166 1987 1464 2050 conspectu
1494 1994 1683 2052 regum
1708 1995 1820 2037 non
1859 1981 2159 2039 confunde-

559 2067 740 2126 batur.

628 2163 719 2220 57.
751 2162 780 2203 δ
812 2162 1082 2236 Exsurge,
1117 2165 1333 2236 inquit,
1359 2166 1495 2233 veni,
1524 2168 1761 2239 proxima
1784 2184 1927 2235 utea;
1970 2168 2023 2224 id
2047 2178 2158 2236 est,

558 2273 795 2330 exsurge
816 2273 844 2312 a
866 2258 1323 2316 delectationibus
1350 2260 1559 2328 mundi,
1591 2276 1831 2333 exsurge
1852 2278 1880 2315 a
1908 2263 2158 2329 terrenis,

557 2356 753 2411 ctveui
785 2354 853 2411 ad
877 2370 985 2423 me,
1018 2372 1140 2428 quae
1169 2356 1347 2413 adhuc
1394 2358 1610 2415 laboras
1643 2399 1659 2425 ,
1708 2367 1764 2414 et
1799 2368 2027 2415 onerata
2055 2373 2114 2413 es
2145 2399 2160 2426 ,

556 2463 676 2518 quae
723 2447 958 2503 sollicita
1006 2462 1066 2504 es
1139 2465 1262 2522 quae
1327 2460 1456 2507 sunt
1510 2451 1729 2508 mundi:
1808 2452 1932 2508 veni
2001 2466 2164 2523 supra

559 2540 821 2597 mundum
858 2583 873 2610 ,
907 2543 1031 2599 veni
1085 2543 1155 2599 ad
1202 2559 1292 2601 me
1324 2585 1340 2610 ,
1391 2545 1517 2616 quia
1544 2560 1645 2618 ego
1701 2546 1805 2603 vici
1862 2546 2162 2603 mundum:

558 2636 680 2693 veni
716 2651 885 2709 prope
908 2653 1030 2706 me,
1066 2637 1178 2709 jam
1229 2639 1455 2710 pulchra
1508 2648 1724 2697 ueterum
1754 2642 1877 2697 vita:
1917 2642 2117 2698 decore
2149 2684 2162 2709 ,

554 2727 667 2800 jam
698 2730 950 2787 columba
982 2771 998 2797 ,
1056 2731 1109 2788 id
1151 2742 1268 2799 est,
1313 2733 1461 2789 mitis
1504 2742 1669 2807 atque
1699 2745 2015 2803 mansueta,
2054 2736 2164 2805 jam

561 2831 670 2878 tota
730 2824 885 2894 plena
938 2827 1133 2896 gratia:
1167 2826 1452 2898 spiritalis.
1493 2828 1623 2884 iure
1673 2845 1805 2900 ergo
1857 2830 1969 2899 jam
2032 2831 2166 2886 retia

561 2915 752 2973 timere
776 2935 883 2975 non
916 2919 1102 2987 debet,
1131 2936 1254 2976 eum
1293 2921 1342 2977 is
1372 2932 1530 2978 vocet
1575 2922 1644 2977 ad
1676 2939 1736 2978 se
1775 2923 2007 2978 anitnam
2032 2965 2045 2987 ,
2076 2924 2166 2994 qui

563 3012 915 3069 tcutnmentis
945 3022 1001 3069 et
1041 3013 1249 3069 retibus
1281 3013 1469 3069 mundi
1510 3031 1618 3069 non
1648 3016 1822 3085 potuit
1860 3016 2003 3087 capi.
2035 3015 2166 3070 Nam

563 3119 688 3160 cum
717 3104 968 3161 homines
1005 3106 1058 3161 in
1089 3105 1270 3162 medio
1320 3105 1636 3176 laqueorum
1679 3108 2042 3175 ambulemus,
2075 3124 2171 3179 per

563 3201 936 3270 appetentiam
983 3214 1122 3256 escae
1159 3200 1366 3256 retibus
1402 3200 1564 3255 simul
1592 3211 1646 3256 et
1692 3201 1906 3272 laqueis
1944 3203 2167 3258 obnoxii

2263 1989 2355 2033 aut
2396 1990 2708 2050 serpentem
2734 2022 2749 2048 ,
2779 1991 2871 2036 aut
2912 1997 3114 2053 equum
3147 1982 3563 2039 adhinnieutem
3615 1983 3818 2039 feminis
3840 2023 3855 2048 ,

2264 2082 2359 2126 aut
2390 2072 2755 2142 vulpeculam,
2785 2082 2877 2128 aut
2901 2075 3208 2144 jumeutum
3237 2090 3435 2132 vocare
3455 2076 3757 2133 consuevit.
3782 2075 3855 2131 De

2266 2179 2495 2234 quorum
2523 2179 2633 2220 uno
2662 2166 2739 2220 ait
2772 2166 3062 2221 Dominus:
3118 2166 3228 2234 Ite,
3253 2168 3410 2222 dicite
3431 2168 3578 2240 vulpi
3606 2168 3685 2223 illi
3713 2166 3852 2240 (Luc.

2267 2271 2383 2322 xui,
2407 2255 2499 2327 52)
2524 2299 2540 2323 ,
2580 2257 2683 2313 hoc
2709 2265 2812 2324 est,
2841 2257 2908 2312 de
2934 2258 3174 2314 Herode.
3209 2259 3277 2314 Et
3323 2259 3458 2314 alibi
3485 2274 3692 2315 cumse
3716 2258 3854 2315 frau-

2267 2347 2519 2404 dulenter
2551 2350 2871 2423 interrogari
2892 2350 3241 2419 adverteret,
3270 2350 3449 2406 dixit:
3482 2350 3679 2422 Vulpes
3698 2353 3855 2423 foveas

2269 2442 2475 2510 habent,
2509 2453 2555 2497 et
2580 2445 2812 2499 volucres
2837 2445 2953 2499 ειειὶ
2974 2444 3145 2508 nidos,
3174 2444 3261 2499 ubi
3281 2446 3609 2517 requiescant
3651 2442 3852 2517 (Matth.

2270 2553 2382 2604 vm,
2426 2538 2559 2611 20);
2592 2554 2660 2595 eo
2696 2538 2840 2610 quod
2891 2539 3267 2595 fraudulenter
3306 2540 3358 2594 in
3391 2539 3731 2596 terrestrium
3753 2551 3856 2610 pas-

2269 2633 2484 2688 sionum
2512 2634 2832 2704 quibusdam
2864 2634 3102 2690 latibulis
3133 2634 3510 2691 demorentur.

2345 2725 2434 2781 61.
2469 2725 2622 2782 Unde
2653 2728 2813 2782 etiam
2840 2727 3068 2783 Samson
3102 2728 3257 2783 binas
3282 2728 3483 2799 vulpes
3510 2727 3617 2785 sibi
3638 2726 3813 2783 nexuit
3836 2766 3850 2790 ,

2271 2819 2337 2875 ad
2363 2836 2590 2891 quarum
2617 2821 2818 2876 caudas
2860 2822 3097 2892 alligavit
3128 2822 3276 2879 faces
3295 2864 3310 2890 ,
3341 2831 3397 2879 et
3424 2824 3632 2878 dimisit
3655 2836 3743 2878 eas
3771 2834 3853 2891 per

2272 2928 2480 2970 messes
2511 2913 2920 2986 Allophylorum
2960 2913 3161 2987 (ludio.
3196 2917 3294 2985 xv)
3319 2932 3332 2969 :
3359 2930 3459 2987 per
3484 2917 3624 2971 hanc
3646 2916 3851 2985 ﬁguram

2273 3008 2588 3080 signiﬁcans
2615 3010 2756 3080 quod
2789 3011 3019 3083 improbi
3064 3026 3128 3066 ac
3158 3010 3488 3067 l'raudulenti
3522 3010 3777 3075 homines,
3806 3014 3855 3061 et

2274 3102 2512 3156 maxime
2563 3101 2841 3167 hazretici,
2889 3104 3112 3159 liberam
3146 3104 3384 3175 linguam
3440 3104 3675 3159 habeant
3700 3101 3762 3155 ad
3790 3100 3856 3152 la-

2278 3196 2571 3250 traudum:
2605 3196 2699 3251 sed
2750 3197 2930 3253 exitus
2977 3197 3266 3267 impeditos
3293 3239 3307 3263 ,
3340 3209 3431 3252 aut
3469 3196 3698 3269 litigiosa
3720 3192 3855 3264 prin—
3884 3192 3900 3209 '

562 3307 772 3348 sumus.
790 3291 885 3347 ille
908 3292 960 3347 in
984 3306 1217 3362 corpore
1240 3294 1451 3364 positus
1481 3295 1615 3349 retia
1650 3310 1758 3350 non
1788 3296 2036 3361 timebat,
2071 3295 2163 3351 sed
2194 3289 2239 3351 C
2271 3290 2436 3359 cipia.
2470 3288 2631 3345 ﬁnem
2672 3306 2801 3345 vero
2830 3289 3035 3346 fraudis
3073 3306 3185 3346 sua:
3230 3290 3487 3347 incendio
3538 3291 3851 3360 deputatum.

565 3385 843 3441 eminebat
883 3400 1049 3455 super
1093 3387 1233 3443 retia
1267 3427 1281 3454 ,
1334 3387 1386 3443 id
1428 3396 1559 3454 est,
1614 3404 1776 3459 supra
1839 3398 2169 3445 tentatnenta

565 3478 753 3535 mundi
776 3488 832 3534 et
860 3478 1110 3550 corporis
1142 3480 1460 3551 passiones;
1495 3480 1662 3537 immo
1685 3496 1740 3537 et
1761 3482 1899 3537 alios
1926 3482 2169 3539 eminere

568 3570 819 3628 iaciebat.

637 3668 727 3724 58.
758 3667 1025 3741 Exsurge,
1048 3670 1192 3738 veni,
1218 3670 1463 3740 proxima
1485 3685 1629 3739 mea,
1659 3670 1771 3726 noli
1799 3671 1988 3728 timere
2012 3672 2167 3737 retia,

555 3764 673 3836 jam
711 3765 974 3837 praeteriit
1023 3766 1222 3823 hiems.
1255 3766 1414 3823 Venit
1464 3769 1682 3839 pascha,
1709 3768 1857 3825 venit
1885 3770 2172 3841 indulgen~

564 3859 659 3928 tia,
690 3859 843 3915 venit
863 3860 1115 3917 remissio
1137 3865 1763 3932 peccatorum,cessavit
1792 3864 2167 3931 teutatio,tm-

564 3953 664 4011 ber
683 3953 835 4021 abiit,
868 3955 1107 4025 procella
1129 3955 1262 4012 abiit
1283 3966 1336 4013 et
1367 3957 1662 4029 quassatio.
1701 3960 1846 4014 Ante
1876 3959 2166 4015 adventum

564 4047 769 4106 Christi
844 4047 1021 4105 hiems
1114 4061 1235 4106 erat
1286 4094 1300 4117 ,
1387 4061 1512 4119 post
1590 4051 1887 4108 adventum
1962 4051 2168 4108 Christi

564 4141 729 4199 liores
769 4152 936 4210 sunt,
987 4144 1131 4201 unde
1179 4145 1288 4201 ait:
1349 4143 1536 4200 Flore:
1579 4145 1673 4200 visi
1706 4155 1827 4200 sunt
1892 4148 1947 4200 in
2010 4156 2166 4201 terra.

568 4234 671 4293 Ubi
697 4244 824 4292 ante
855 4236 1046 4307 Spintc,
1077 4237 1151 4294 ibi
1200 4252 1343 4294 nunc
1364 4237 1558 4302 liores;
1591 4236 1834 4311 Tempus,
1867 4238 2063 4308 inquit,
2090 4255 2172 4293 se»

567 4330 721 4385 condi
744 4331 974 4385 advenit.
1022 4330 1121 4387 Ubi
1155 4341 1281 4387 ante
1327 4330 1603 4387 desertum
1633 4370 1651 4397 ,
1697 4329 1774 4385 ibi
1815 4333 2012 4387 messis
2062 4339 2169 4386 est.

576 4425 690 4482 Vox
716 4427 935 4483 turturis
955 4426 1137 4483 audita
1165 4437 1236 4482 est
1266 4428 1320 4482 in
1339 4438 1478 4483 terra
1521 4437 1733 4481 nostra:
1780 4426 1921 4482 bene
1962 4425 2172 4481 addidit

568 4520 831 4592 propheta
856 4532 1054 4585 nostra,
1080 4521 1236 4592 quasi
1281 4520 1557 4576 admirans
1574 4561 1589 4584 ,
1613 4519 1759 4591 quod
1799 4519 1887 4576 ubi
1917 4530 2044 4575 ante
2072 4520 2174 4575 im-

568 4615 863 4685 pudicitia,
891 4616 965 4671 ibi
1010 4615 1256 4672 castitas.
1309 4613 1471 4669 Ficus
1510 4615 1726 4685 protulit
1780 4631 1988 4684 grossos
2027 4631 2170 4669 suos.

2275 3382 2509 3456 ideoque
2537 3394 2590 3439 et
2614 3390 2884 3440 trecentas
2913 3385 3107 3454 vulpes
3127 3385 3366 3452 dimisit,
3399 3402 3469 3441 eo
3515 3384 3655 3457 quod
3685 3378 3853 3455 perﬁdi

2274 3482 2454 3537 crucis
2485 3481 2702 3553 quidem
2741 3481 3127 3552 praedicatione
3156 3497 3217 3538 se
3249 3480 3639 3539 commendare
3663 3475 3851 3535 deside-

2276 3584 2435 3630 rant:
2466 3575 2560 3630 sed
2593 3578 2910 3649 mysterium
2938 3577 3056 3648 ejus
3085 3586 3277 3633 tenere
3314 3592 3422 3633 non
3471 3583 3729 3649 possunt,
3772 3585 3851 3640 qul

2277 3667 2378 3722 hac
2406 3668 2614 3742 1571
2637 3668 3023 3739 praedicatione
3052 3670 3354 3742 composita
3379 3711 3396 3737 ,
3447 3680 3507 3726 et
3543 3669 3674 3725 falsa
3711 3674 3853 3733 atque

2276 3761 2525 3817 simulata
2558 3806 2573 3827 ,
2623 3780 2778 3820 urere
2836 3765 3007 3836 magis
3056 3765 3264 3821 fructus
3311 3776 3584 3822 conantur
3625 3761 3848 3818 alienos:

2277 3874 2397 3914 cum
2424 3858 2608 3929 utique
2636 3877 2761 3916 vera
2789 3876 2920 3916 crux
2950 3861 3164 3918 Domini
3202 3878 3309 3919 non
3340 3872 3539 3919 exurat
3561 3860 3730 3917 aliena
3758 3867 3853 3911 me-

2278 3953 2403 4017 rita,
2428 3953 2521 4007 sed
2550 3953 2823 4009 fecuudet.

2350 4045 2439 4100 62.
2470 4045 2769 4119 Meritoque
2812 4049 3077 4119 scriptum
3102 4056 3188 4105 est
3212 4067 3225 4104 :
3252 4047 3505 4104 Prendite
3533 4047 3672 4103 nobis
3697 4040 3854 4113 uulpes

2277 4137 2929 4207 pusillas,'e.t:terminantes
2948 4142 3142 4206 vineas,
3166 4149 3222 4194 ut
3245 4142 3406 4197 vinea:
3428 4151 3620 4196 nostra:
3632 4138 3851 4209 ﬂoreant-

2277 4230 2396 4298 Quo
2417 4233 2721 4288 ostenditur
2742 4233 2883 4304 quod
2909 4235 2991 4290 vel
3038 4235 3295 4290 Dominus
3332 4235 3496 4293 Jcsus
3526 4234 3608 4290 vel
3632 4226 3854 4288 Ecclesia

2280 4322 2751 4382 fraudulentorum
2808 4326 2967 4384 dolos
3031 4329 3204 4384 vineis
3252 4330 3366 4384 suis
3433 4320 3854 4385 exterminandas

2278 4431 2399 4473 esse
2430 4418 2740 4490 praecipiat;
2797 4437 2863 4476 ne
2895 4418 3167 4491 pusillulis
3218 4421 3390 4478 vineis
3433 4428 3699 4483 noceant,
3745 4410 3853 4484 quia

2279 4511 2478 4569 adultis
2514 4514 2628 4583 jam
2667 4516 2868 4571 vitibus
2916 4532 3116 4572 nocere
3155 4532 3261 4572 non
3294 4525 3543 4588 possunt.
3583 4508 3853 4570 licereticus

2282 4611 2426 4664 enim
2465 4610 2839 4681 imperfectum
2893 4619 3104 4668 tentare
3133 4619 3344 4683 potest,
3391 4628 3501 4668 non
3540 4613 3713 4682 potest
3738 4612 3852 4671 sup-

568 4708 702 4778 Qute
739 4709 894 4781 quasi
915 4708 1245 4765 infructuosa
1269 4708 1560 4779 jubebatur
1581 4708 1828 4765 abscindi
1849 4751 1863 4776 ,
1894 4709 2012 4766 haec
2033 4709 2176 4766 fruc-
2203 4701 2255 4762 D
2282 4705 2531 4778 plantare
2551 4706 2876 4776 perlectum.

564 4810 654 4858 tus
675 4799 877 4856 τλῆθι-νε
903 4800 1013 4870 jam
1044 4799 1229 4871 etrapit.
1262 4800 1367 4858 Sed
1407 4800 1538 4874 quid
1571 4801 1789 4859 dubitas
1816 4845 1831 4869 ,
1863 4804 1989 4874 quia
2012 4818 2167 4873 gros-

566 4908 661 4948 sos
689 4892 868 4948 dixit?
896 4892 1113 4950 Priores
1142 4893 1369 4950 discutit
1396 4937 1412 4962 ,
1446 4904 1504 4950 ut
1536 4895 1872 4967 posteriores
1914 4895 2171 4951 meliores

568 4987 794 5044 aderat:
830 4988 972 5046 sicut
997 4988 1296 5062 Synagogze
1330 4988 1536 5046 fructus
1568 4988 1845 5059 abjicitur,
1879 4999 2174 5045 renovatur

568 5092 753 5138 autem
784 5081 1066 5140 Ecclesiae.
1822 5116 1846 5125 ‹-
1936 5116 1946 5135 ε

641 5174 731 5232 59.
767 5176 836 5232 Ει
859 5176 1108 5248 quamvis
1130 5175 1289 5248 plena
1314 5175 1684 5247 tranquillitas
1711 5176 1804 5242 sit,
1837 5183 1894 5231 et
1917 5175 2175 5232 adoleve-

569 5267 680 5324 rint
702 5269 984 5340 mysteria,
1010 5269 1207 5325 iterum
1233 5279 1413 5324 tamen
1453 5268 1622 5325 dicit:
1654 5268 1896 5342 Exsurge
1917 5286 2096 5325 secura
2118 5272 2172 5326 in

572 5362 849 5434 tegimento
870 5374 1050 5435 petrae,
1086 5362 1138 5418 id
1169 5371 1274 5427 est,
1301 5371 1417 5419 tuta
1448 5361 1706 5433 praesidio
1738 5364 2011 5434 passionis
2038 5381 2176 5421 mete

571 5468 627 5516 ει
649 5458 777 5518 ﬁdei
805 5461 1167 5517 munimento.
1210 5461 1488 5518 Suxerunt
1528 5461 1673 5517 enim
1708 5461 1816 5517 mel
1842 5460 1912 5518 de
1938 5470 2091 5532 petra
2122 5470 2177 5517 et

572 5551 754 5610 oleum
784 5553 854 5610 de
880 5554 1032 5609 ﬁrma
1062 5562 1236 5624 petra.
1275 5553 1389 5610 Hoc
1411 5555 1771 5625 integimento
1814 5554 2010 5611 anima:
2058 5553 2173 5626 pio-

573 5660 694 5704 rum
726 5646 963 5716 indutaa,
993 5649 1106 5721 jam
1139 5647 1301 5704 nudte
1345 5663 1453 5705 non
1493 5657 1622 5706 sunt
1652 5692 1667 5719 ,
1691 5657 1745 5707 et
1770 5649 1884 5706 haec
1925 5648 2038 5706 illis
2091 5657 2176 5707 est

648 5770 676 5833 ἐι
703 5761 761 5833 in
782 5761 921 5833 psal.
953 5777 1120 5819 cxvttt
1151 5777 1320 5819 serm.
1348 5763 1404 5831 6,
1434 5779 1585 5820 num.
1609 5764 1701 5822 35.

646 5832 673 5873 δ
698 5832 823 5911 μῦ.
847 5833 916 5911 de
947 5834 1116 5899 Isaac,
1146 5849 1270 5908 cap.
1300 5836 1358 5911 gl,
1381 5851 1531 5911 num.
1578 5837 1734 5911 δίει
1763 5850 1878 5905 seq.

649 5916 671 5944 ε
698 5894 755 5962 in
782 5905 918 5978 psal.
951 5894 1113 5964 σινιιί
1145 5894 1310 5965 εεὲιηξ
1344 5894 1435 5975 11,
1465 5899 1616 5966 itum.
1640 5894 1730 5966 Q9.

2349 4801 2437 4856 65.
2470 4800 2654 4871 (Vers.
2687 4798 2850 4873 16.)(1
2874 4797 3065 4855 Frater
3092 4818 3233 4857 meus
3263 4801 3411 4869 mihi,
3431 4811 3480 4857 et
3509 4816 3602 4873 ego
3629 4795 3723 4851 illi.
3751 4789 3850 4844 Vox

2278 4895 2379 4950 ista
2410 4903 2492 4949 est
2523 4893 2776 4965 virginis;
2828 4908 2951 4949 nam
3003 4892 3407 4949 immaculatum
3441 4905 3639 4963 corpus
3663 4902 3690 4941 ει
3722 4874 3850 4936 Viri“

2279 4987 2643 5058 permixtione
2673 5001 2914 5054 servare,
2939 4994 2994 5043 et
3020 4986 3254 5057 palmam
3285 4984 3617 5043 castimonia:
3641 5022 3656 5048 ,
3677 4977 3851 5033 limoso

2279 5083 2331 5139 iu
2363 5098 2592 5153 corpore
2647 5098 2818 5154 usque
2868 5081 2938 5137 ad
2987 5082 3300 5152 angelorqu
3357 5074 3845 5137 conversationem.

2276 5177 2528 5234 custodia
2568 5175 2898 5247 integritatis
2927 5175 3163 5232 evehere
3192 5218 3206 5241 ,
3236 5175 3442 5230 utilitas
3481 5172 3681 5245 privata
3706 5205 3720 5228 ,
3747 5161 3849 5215 laus

2279 5283 2364 5326 εει
2396 5270 2630 5339 publica.
2663 5269 2836 5339 Quam
2884 5285 3040 5325 rarus
3093 5269 3145 5323 in
3195 5268 3359 5324 terris
3391 5310 3405 5334 ,
3436 5267 3524 5339 qui
3568 5263 3666 5318 hoc
3695 5254 3848 5327 Ροίθδί

2281 5364 2469 5421 dicere
2496 5406 2510 5431 ,
2536 5380 2698 5437 quam
2730 5365 2943 5421 alienus
2971 5381 2999 5419 a
3031 5363 3176 5420 vitiis
3209 5405 3225 5430 ,
3272 5380 3433 5435 quam
3474 5362 3774 5431 segregatus
3793 5339 3850 5437 ab

2278 5459 2426 5514 omni
2460 5434 2580 5515 labe
2633 5461 2840 5530 peccati
2876 5502 2890 5525 ,
2938 5459 3031 5530 qui
3091 5457 3223 5513 nihil
3264 5457 3464 5514 habeat
3513 5465 3630 5511 cum
3669 5434 3846 5539 εφξυξθ

2279 5566 2590 5619 commune,
2624 5552 2845 5632 dicens:
2888 5552 3118 5609 Dilectus
3156 5569 3301 5609 meus
3332 5551 3459 5606 milii
3486 5558 3535 5605 et
3578 5558 3664 5616 ego
3688 5533 3847 5637 illiziu

2276 5649 2447 5704 medio
2478 5648 2695 5706 uberum
2738 5627 2972 5705 ineorum
2998 5647 3419 5707 commorabitur.
3450 5654 3474 5686 ο
3507 5619 3845 5701 Scilicelllihll

2355 5761 2383 5801 ἀ
2411 5763 2470 5839 in
2498 5765 2633 5839 psal.
2664 5781 2829 5823 cxvut
2854 5782 3020 5825 serm.
3047 5768 3136 5824 16.
3558 5832 3563 5839 η

2358 5846 2381 5874 ⁸
2414 5836 2471 5894 in
2499 5838 2634 5908 psal.
2663 5854 2824 5895 cxvm
2844 5853 3009 5897 serm.
3042 5839 3096 5910 8,
3127 5854 3277 5899 num.
3312 5841 3348 5898 '5
3374 5850 3427 5900 et
3453 5836 3564 5909 seq;

4059 2846 4061 2923 1

4059 3044 4061 3125 1

4059 3236 4061 3317 1

4059 3426 4061 3519 1

4059 3612 4061 3721 1

4059 3794 4061 3911 1

4059 3984 4061 4113 1

4059 4176 4061 4315 1

4059 4376 4061 4505 1

4059 4578 4061 4709 1

4059 4984 4061 5100 1

4059 2846 4061 2923 1

4059 3044 4061 3125 1

4059 3236 4061 3317 1

4059 3426 4061 3519 1

4059 3612 4061 3721 1

4059 3794 4061 3911 1

4059 3984 4061 4113 1

4059 4176 4061 4315 1

4059 4376 4061 4505 1

4059 4578 4061 4709 1

4059 4984 4061 5101 1

4059 5192 4061 5303 1
