4040 6488
151 273 182 326 1
202 272 313 330 889

1144 277 1186 336 Ε
1228 279 1536 340 SCRIPTIS
1566 283 1622 341 S.
1668 281 1990 340 AMBROSII
2030 283 2450 344 COLLECTUS.

3336 290 3479 350 1890

156 388 361 444 mundi
387 388 546 460 hujus
590 389 695 447 sibi
724 390 997 460 vindicet,
1033 393 1119 448 eui
1160 411 1267 449 non
1301 397 1372 451 sit
1410 399 1775 470 corporalium
1805 415 1854 472 Α
1883 401 2531 467 consortiumvindicare,
2558 397 3054 472 inquo'nihilsuum
3078 400 3482 462 invenileeo-

155 485 450 552 possessio
477 485 826 555 cupiditatum
857 530 872 554 ,
905 503 1062 559 quem
1107 505 1213 545 non
1257 491 1555 547 inﬂammet
1586 495 1767 559 libido,

161 591 285 630 non
315 578 556 633 stimulet
601 581 822 634 avaritia
855 621 870 648 ,
924 595 1030 635 non
1075 582 1293 638 lascivia
1328 583 1605 640 eiTeminet
1627 627 1640 650 ,
1666 603 1772 641 non

161 668 386 724 luxuria
408 670 685 727 decoloret
709 714 724 736 ,
759 689 865 729 non
909 684 1118 730 sternat
1154 677 1381 732 ambitio
1407 721 1422 745 ,
1453 694 1558 734 non
1591 694 1772 735 mace-

158 762 497 830 retiuvidia,
529 779 635 819 non
667 764 847 836 aliqua
880 769 1220 839 negotiorum
1261 771 1603 827 saecularium
1643 788 1770 828 cura

164 853 466 910 sollicitet:
488 871 652 911 verus
672 857 919 915 minister
940 861 1147 925 altaris,
1176 862 1285 916 Deo
1308 872 1485 929 natus,
1507 880 1612 920 non
1635 865 1736 921 sibi
1755 880 1769 932 ;

163 945 302 1002 Levi
344 948 508 1016 enim,
539 960 596 1004 ιιι
649 951 811 1007 habet
851 953 1230 1024 interpretatio
1259 996 1273 1020 ,
1317 956 1619 1026 signiﬁcat:
1655 959 1773 1028 Ipse

165 1041 304 1095 mihi
337 1053 677 1115 assumptus;
710 1046 1006 1116 signiﬁcat:
1039 1049 1105 1102 Et
1127 1049 1243 1119 ipse
1269 1066 1463 1117 meus;
1505 1052 1775 1124 signiﬁcat

162 1143 225 1187 et
247 1143 452 1197 tantum
475 1153 488 1190 :
510 1137 835 1209 Assumptus
854 1157 868 1205 ;
885 1141 1150 1210 signiﬁcat
1175 1160 1187 1195 :
1213 1144 1595 1214 Etassumptus
1616 1147 1770 1204 mihi.

243 1227 335 1282 (ιι.
369 1228 490 1299 Ipse
519 1230 661 1304 idem
689 1274 702 1295 ,
735 1244 789 1286 et
812 1233 943 1286 mihi
985 1234 1113 1289 Levi
1137 1246 1188 1290 et
1222 1237 1335 1291 Deo
1357 1247 1456 1292 est.
1486 1238 1773 1306 Quomodo

166 1322 318 1379 idem
349 1334 400 1378 et
427 1326 558 1381 mihi
589 1327 841 1383 sacerdos
867 1338 924 1384 et
949 1329 1061 1385 Deo
1089 1339 1193 1385 est.
1229 1332 1292 1386 Et
1320 1333 1452 1387 mihi
1482 1333 1774 1392 advocatus

169 1429 227 1474 et
261 1420 479 1476 Domini
526 1422 846 1493 deprecator
890 1436 1000 1480 est:
1054 1441 1150 1493 pro
1185 1443 1271 1483 me
1295 1429 1529 1485 offerens
1567 1433 1777 1487 sacriﬁ-

170 1515 346 1580 cium,
377 1524 434 1570 et
471 1515 609 1571 idem
656 1534 714 1573 se
744 1518 976 1575 oﬁ'erens
1004 1521 1254 1577 Domino.
1289 1524 1530 1596 Denique
1568 1537 1621 1582 et
1645 1528 1773 1583 alibi

173 1604 305 1660 I.c\i
335 1605 780 1678 interpretatione
802 1612 1018 1680 dicitur,
1058 1613 1164 1669 Pro
1187 1633 1293 1681 me;
1320 1619 1521 1671 etenim
1551 1621 1595 1673 si
1626 1636 1653 1673 a
1689 1636 1776 1676 me

173 1698 490 1756 nominetur
511 1703 666 1767 Levi,
699 1705 824 1760 Levi
857 1722 950 1775 pro
982 1724 1069 1762 me
1098 1719 1214 1764 est:
1246 1712 1288 1765 si
1311 1728 1407 1781 pro
1434 1729 1519 1768 me
1557 1714 1771 1784 oﬁ‘erat,

173 1808 276 1864 pro
306 1811 392 1848 me
418 1806 536 1850 est:
568 1798 610 1852 si
641 1813 740 1868 pro
773 1817 857 1856 me
906 1802 1226 1859 interveniat
1253 1846 1268 1872 ,
1297 1823 1392 1875 pro
1439 1824 1525 1864 me
1553 1818 1662 1865 est:
1690 1812 1772 1866 sin

171 1899 353 1944 autem
381 1903 606 1947 vocetur
635 1909 662 1948 a
687 1895 942 1964 Domino,
975 1900 1089 1969 ipse
1118 1902 1249 1956 mihi
1277 1903 1504 1959 dicitur:
1541 1907 1644 1963 hoc
1669 1918 1772 1978 est,

172 1998 281 2036 non
305 1983 393 2038 alii
421 1984 758 2051 tributarius,
787 2005 893 2044 non
921 1991 1245 2050 decimarius
1275 2038 1287 2062 ,
1320 2014 1426 2052 non
1469 1999 1535 2055 de
1560 2016 1777 2070 posses-

172 2075 330 2130 sione
359 2077 667 2134 muniﬁcus.
694 2080 813 2151 Ipse
837 2082 967 2138 milti
991 2126 1004 2149 ,
1037 2086 1138 2142 hoc
1167 2099 1271 2157 est,
1304 2099 1572 2161 tamquam
1599 2095 1772 2150 abun-

174 2171 314 2227 dans
344 2189 440 2244 pro
471 2176 584 2230 suis
613 2177 885 2233 omnibus.
915 2179 1030 2234 Non
1065 2183 1132 2238 ab
1165 2183 1266 2240 hoc
1299 2186 1540 2244 decimas
1565 2207 1772 2261 quaero,

174 2282 285 2321 non
315 2267 522 2323 fructus
547 2311 561 2335 ,
590 2285 696 2326 non
728 2271 868 2327 dona
895 2313 910 2338 ,
945 2290 1047 2329 non
1083 2294 1339 2346 munera;
1371 2281 1486 2351 ipse
1517 2285 1649 2338 mihi
1681 2301 1776 2355 pro

173 2375 403 2418 munere
429 2371 532 2429 est,
566 2364 686 2435 ipse
715 2376 800 2422 est
824 2382 923 2437 pro
956 2370 1179 2425 tributo.
1205 2371 1321 2428 Non
1354 2377 1406 2428 in
1433 2381 1780 2446 possessione

175 2470 272 2509 sua
306 2459 592 2514 muniﬁcus
622 2460 753 2516 mihi
787 2503 800 2528 ,
852 2463 948 2518 sed
991 2465 1107 2534 ipse
1147 2468 1274 2522 mihi
1320 2474 1612 2540 possessio,
1664 2476 1779 2545 ipse

177 2564 332 2603 meus
363 2549 602 2620 fructus,
639 2554 754 2624 ipse
799 2572 954 2610 meus
984 2573 1198 2615 sensus.
1250 2561 1574 2635 Assumptus
1611 2583 1638 2620 a
1669 2585 1776 2635 me,

178 2643 263 2695 vel
294 2655 606 2714 assumptus
637 2647 768 2701 mihi
796 2690 810 2713 ,
836 2664 944 2704 non
979 2659 1153 2720 potest
1179 2653 1282 2709 hoc
1309 2656 1427 2712 sine
1457 2658 1636 2714 divina
1660 2677 1780 2718 esse

179 2739 374 2804 gratia.
410 2738 560 2792 Sicut
590 2741 733 2795 enim
779 2745 1056 2811 possessio
1085 2762 1190 2800 non
1226 2759 1406 2816 potest
1460 2768 1577 2808 mea
1617 2769 1738 2811 esse
1762 2797 1777 2822 ,

183 2830 288 2884 nisi
321 2845 504 2886 emero
531 2848 680 2888 eam:
712 2836 790 2890 sic
818 2850 925 2891 non
953 2848 1134 2907 potest
1158 2855 1278 2895 esse
1304 2842 1450 2909 Levi,
1486 2845 1588 2901 nisi
1620 2847 1786 2904 fuerit

185 2939 496 2998 assumptus
526 2944 554 2983 a
585 2930 813 2985 Domino
837 2974 852 2998 ,
895 2948 1016 2989 cum
1044 2936 1186 2990 enim
1230 2949 1540 3010 assumptus
1581 2942 1739 2998 fuerit
1766 2987 1780 3012 ,

185 3029 335 3076 recte
363 3021 581 3088 dicitur,
608 3024 721 3094 ipse
750 3041 923 3082 meus.
953 3028 1195 3100 Denique
1225 3047 1348 3086 cum
1377 3033 1548 3106 Moysi
1577 3036 1781 3092 dictum

185 3123 354 3180 esset,
390 3124 444 3168 ut
474 3117 670 3185 papulo
695 3117 1004 3175 Judzeorum
1040 3137 1136 3190 per
1161 3123 1333 3179 tribus
1365 3126 1603 3197 singulas
1651 3131 1787 3185 divi-

186 3205 648 3273 dcretincolatus.
672 3211 1091 3270 etdistribueret
1117 3218 1341 3287 singulis
1377 3222 1620 3276 tribubus
1653 3239 1782 3293 por-

188 3305 429 3362 tionem:
461 3308 663 3364 tribum
697 3310 991 3368 Leviticam
1008 3317 1225 3386 excepit
1249 3316 1392 3371 Deus
1423 3317 1609 3374 dicens
1657 3322 1785 3377 ﬁliis

185 3398 349 3455 Levi:
387 3400 506 3457 Non
530 3405 629 3458 erit
651 3406 698 3458 ei
718 3407 922 3475 portio,
944 3425 1106 3485 neque
1143 3428 1254 3466 sors
1279 3414 1332 3466 in
1369 3417 1535 3469 medio
1563 3417 1784 3485 fratrum

184 3509 432 3561 suorum;
484 3498 605 3566 quia
635 3496 889 3555 Daminus
920 3501 1062 3556 Deus
1108 3522 1230 3574 pars
1279 3523 1454 3560 eorum
1504 3511 1780 3580 est(l)eut.

187 3603 243 3656 χ,
276 3589 361 3658 9):
394 3600 447 3645 et
497 3591 628 3647 alibi
661 3610 674 3647 :
710 3591 820 3664 Ego
871 3594 1124 3652 Dominus
1168 3602 1336 3671 portio
1391 3619 1564 3658 eorum
1589 3605 1779 3676 (Num.

187 3697 338 3749 xvtu,
364 3685 480 3756 20).

259 3776 350 3833 65.
382 3778 621 3850 Negatur
669 3782 751 3839 his
778 3793 994 3844 terrena
1027 3789 1221 3846 divisio
1249 3833 1262 3856 ,
1311 3803 1368 3847 ut
1395 3794 1492 3863 ipsi
1521 3795 1647 3850 dum
1683 3815 1786 3854 sae-

187 3871 427 3928 cularem
455 3875 555 3930 sibi
583 3892 688 3932 non
736 3880 1014 3937 vindiCant
1043 3885 1346 3952 portionem
1374 3928 1388 3950 ,
1423 3887 1556 3942 ﬁant
1586 3892 1790 3946 coeles-

189 3967 256 4022 tis
286 3972 592 4039 possessio:
619 3974 699 4026 vel
725 3974 828 4031 hoc
849 3979 1026 4032 Solum
1061 3981 1311 4035 noverint
1339 3981 1642 4050 possidere,
1685 3984 1786 4040 hoc

189 4068 295 4124 est,
339 4060 463 4116 ﬁdei
490 4073 545 4118 et
589 4065 890 4124 devotionis
931 4069 1249 4141 obsequium
1279 4115 1294 4139 ,
1343 4075 1516 4129 multo
1563 4077 1787 4132 ditiores

190 4166 348 4223 quam
381 4157 470 4224 qui
502 4160 909 4226 possessionum
937 4179 1156 4219 suarum
1185 4168 1357 4236 spatia
1386 4170 1559 4238 ampla
1587 4171 1788 4226 ditl‘un-

189 4247 341 4304 dunt.
386 4250 794 4316 Quantumlibet
843 4257 986 4312 enim
1035 4258 1170 4315 ﬁnes
1213 4275 1345 4316 suos
1374 4265 1700 4333 extendant,
1735 4279 1789 4323 et

192 4349 335 4395 terra
361 4340 567 4408 deﬁcit,
598 4354 651 4399 et
675 4360 822 4403 mare
850 4347 1078 4405 includit
1101 4351 1320 4408 insanas
1359 4357 1703 4426 cupiditates,
1735 4373 1789 4416 ει

192 4433 432 4501 pendunt
464 4435 663 4493 tributa
686 4440 888 4510 majora
923 4459 1082 4514 quam
1116 4444 1324 4502 fructus
1370 4459 1518 4505 sunt.
1561 4452 1631 4507 At
1657 4469 1788 4509 vero

189 4530 293 4587 iste
321 4530 454 4586 niltil
482 4533 789 4603 possidens,
815 4537 949 4592 nulli
979 4539 1082 4594 nisi
1108 4540 1216 4596 Deo
1239 4542 1455 4608 militat,
1490 4561 1650 4617 supra
1681 4558 1788 4604 ler-

188 4641 302 4682 ram
352 4626 473 4698 ejus
497 4637 580 4683 est
620 4631 795 4698 portio
829 4673 843 4698 ,
904 4648 1010 4689 non
1035 4651 1156 4691 cum
1210 4647 1350 4693 terra
1407 4639 1624 4708 deﬁcit,
1680 4659 1865 4719 nonD

190 4723 322 4778 mari
371 4724 660 4780 clauditur.
710 4725 875 4798 Cujus
903 4733 1081 4800 portio
1130 4734 1269 4789 Deus
1298 4745 1422 4804 est,
1455 4741 1621 4795 totius
1654 4756 1783 4811 pos-

193 4832 372 4873 sessor
402 4831 484 4876 est
527 4830 754 4880 natum.
811 4823 915 4881 Pro
960 4827 1106 4898 agris
1137 4829 1301 4900 igitur
1331 4832 1450 4902 ipse
1503 4834 1604 4888 sibi
1656 4837 1787 4892 satis

195 4920 292 4972 est,
313 4910 515 4967 habens
531 4915 730 4971 bonum
755 4917 1011 4989 fructum,
1038 4922 1126 4993 qui
1146 4940 1442 4995 numquam
1467 4929 1639 4998 possit
1660 4945 1789 4999 per-

199 5004 292 5061 ire.
345 5008 450 5063 Pro
471 5009 723 5068 domibus
751 5015 882 5071 satis
905 5027 988 5072 est
1014 5018 1138 5086 sibi,
1176 5029 1233 5074 ut
1263 5020 1333 5076 sit
1377 5021 1645 5078 habitatio
1686 5025 1787 5079 Do-

200 5100 346 5168 mini,
381 5110 435 5156 et
453 5105 710 5174 templum
745 5107 874 5175 Dei,
906 5128 1012 5181 quo
1037 5113 1166 5169 nihil
1195 5124 1376 5186 potest
1413 5133 1537 5173 esse
1585 5120 1786 5188 pretio-

199 5194 328 5251 sius.
375 5196 512 5265 Quid
557 5200 701 5254 enim
766 5205 1056 5272 pretiosius
1109 5209 1252 5264 Deo?
1309 5211 1419 5266 Aut
1467 5211 1596 5283 quid
1637 5213 1788 5269 deest

200 5289 321 5346 huic
343 5291 457 5347 viro
482 5294 572 5364 qui
605 5303 781 5364 potest
806 5297 1024 5354 dicere:
1059 5301 1181 5357 Non
1213 5307 1476 5378 contingat
1517 5308 1644 5361 mihi
1669 5309 1784 5380 glo-

199 5390 321 5444 riari
352 5389 451 5443 nisi
481 5391 536 5444 in
581 5407 734 5445 cruce
777 5392 991 5448 Domini
1036 5400 1198 5452 nostri
1241 5398 1367 5455 Jesu
1412 5401 1647 5466 Christi,
1701 5422 1790 5474 per

200 5499 340 5552 quem
385 5485 512 5538 mihi
558 5486 780 5540 mundus
839 5487 1119 5556 cruciﬁxus
1176 5503 1248 5545 est
1282 5535 1295 5560 ,
1353 5506 1400 5548 et
1453 5511 1546 5569 ego
1599 5498 1789 5552 mundo

201 5574 392 5647 (Galat.
427 5594 500 5644 Vl,
532 5577 634 5653 4)?

269 5691 355 5746 66.
390 5692 504 5751 Non
527 5703 706 5766 potest
734 5697 789 5752 in
840 5699 944 5756 hoc
980 5700 1232 5774 princeps
1259 5703 1445 5761 mundi
1492 5704 1652 5776 hujus
1687 5705 1789 5763 sibi

272 5850 295 5879 ε
328 5840 382 5898 1η
409 5843 544 5915 psal.
568 5859 728 5903 cxvm
754 5861 918 5904 serm.
950 5847 1040 5918 14,
1069 5863 1219 5907 num.
1242 5849 1295 5904 2.

1881 508 1983 560 que
2009 493 2268 550 Dominus
2296 497 2385 564 qui
2417 496 2566 551 venit
2597 495 2794 552 docere
2817 540 2830 562 ,
2863 507 2919 552 ut
2959 498 3114 554 ﬁeret
3154 500 3308 554 nobis
3339 501 3480 555 Deus

1879 585 2076 651 portio,
2103 587 2208 639 ait:
2256 586 2399 640 Venit
2449 589 2582 642 enim
2614 589 2770 661 hujus
2796 592 2977 646 mundi
3010 592 3250 663 princeps
3273 633 3288 659 ,
3342 603 3390 648 et
3424 594 3478 648 in

1879 690 1957 725 me
1988 675 2176 729 invenit
2214 677 2346 731 nihil
2372 677 2554 750 (Joan.
2605 696 2718 746 xtv,
2763 680 2876 753 '50).
2904 681 3207 755 Meritoque
3244 684 3481 739 imitato-

1879 781 1966 820 res
1999 769 2080 822 sui
2110 785 2230 825 esse
2256 771 2446 827 volens
2469 813 2485 841 ,
2508 774 2614 828 ait:
2651 773 2830 830 Nolite
2855 779 3117 848 possidere
3145 796 3351 846 aurum,
3385 797 3478 835 ne-

1877 874 1975 925 que
1994 870 2263 931 argentum
2291 905 2304 929 ,
2347 881 2509 935 neque
2536 868 2809 937 pecuniam
2851 867 3070 940 (Matth.
3097 887 3128 926 x
3157 912 3170 937 ,
3199 870 3278 944 9).
3325 870 3482 928 Unde

1878 951 2071 1008 Petrus
2102 955 2397 1012 ostendens
2426 959 2476 1012 in
2501 959 2614 1015 Deo
2644 961 2948 1030 portionem
2979 963 3081 1019 sibi
3105 979 3250 1030 esse,
3284 981 3389 1020 non
3422 965 3476 1022 in

1877 1047 2099 1114 sa:culo,
2131 1049 2243 1103 ait:
2273 1051 2552 1122 Argentum
2581 1063 2626 1108 et
2655 1072 2840 1109 aurum
2870 1073 2974 1111 non
3003 1057 3202 1124 habeo,
3227 1058 3317 1113 sed
3343 1058 3482 1129 quod

1880 1141 2060 1205 habeo,
2095 1143 2313 1216 1572
2336 1146 2432 1200 hoc
2457 1148 2548 1201 tibi
2567 1148 2634 1202 do
2658 1165 2677 1203 :
2699 1151 2752 1202 in
2779 1150 3122 1208 nomineJesu
3143 1151 3335 1209 Christi
3362 1153 3482 1207 Na-

1878 1239 2054 1289 zareni
2084 1254 2270 1310 surge,
2304 1249 2351 1292 et
2382 1240 2588 1294 ambula
2618 1241 2758 1314 (Act.
2805 1260 2886 1309 Ill,
2919 1244 3010 1318 6);
3069 1246 3171 1302 hoc
3200 1257 3314 1313 est,
3367 1247 3485 1304 haec

1879 1338 1961 1383 est
1992 1330 2169 1398 portio
2197 1347 2335 1398 mea,
2364 1336 2539 1402 portio
2570 1351 2686 1390 mea
2728 1335 2978 1393 Christus
3026 1349 3142 1395 est:
3167 1340 3234 1394 In
3279 1341 3485 1396 nomine

1877 1422 2037 1493 igitur
2077 1423 2269 1478 Christi
2312 1425 2439 1480 Jesu
2475 1444 2646 1499 surge,
2679 1438 2726 1483 et
2757 1428 2967 1484 ambula
2987 1430 3179 1504 (Ibid).
3213 1433 3324 1489 Hoc
3356 1442 3483 1502 est,

1879 1513 1930 1566 in
1965 1518 2215 1584 portione
2245 1533 2363 1572 mea
2404 1519 2557 1575 dives
2579 1535 2719 1586 sum,
2753 1522 2806 1577 in
2838 1524 3092 1592 portione
3141 1540 3260 1582 mea
3292 1537 3485 1597 potens

1879 1621 2021 1664 sum.
2058 1611 2249 1664 Merito
2274 1611 2408 1667 tales
2446 1628 2722 1682 przcsumo
2755 1614 2963 1673 fructus
3007 1617 3162 1673 istius
3192 1621 3482 1689 portionis,

1880 1710 1938 1756 ut
1961 1704 2108 1759 salus
2151 1715 2205 1761 et
2241 1710 2346 1761 vita
2393 1708 2656 1777 donetur;
2690 1712 2815 1781 quia
2854 1712 2957 1768 hoc
3001 1723 3084 1770 est
3117 1714 3270 1770 istius
3319 1715 3488 1787 patri-

1883 1798 2128 1852 monium
2175 1800 2441 1869 porlionis
2485 1819 2645 1873 quam
2679 1804 2816 1876 elegi
2848 1805 3019 1861 mihi:
3067 1806 3299 1864 Dilectus
3343 1825 3486 1866 meus

1882 1893 2024 1958 mihi,
2060 1902 2105 1946 et
2125 1910 2216 1964 ego
2238 1894 2338 1948 illi.

1951 1985 2040 2040 67.
2089 1985 2191 2052 Qui
2223 1988 2456 2056 pascitur
2482 1989 2616 2044 inter
2644 1989 2780 2045 lilia.
2823 1990 3025 2046 Lilium
3071 1993 3376 2049 castitatem
3406 1993 3484 2049 si-

1879 2079 2120 2148 gniﬁcat.
2149 2080 2260 2136 Scit
2289 2081 2472 2152 itaque
2509 2082 2682 2139 bonus
2739 2094 2958 2154 pastor,
3014 2086 3104 2140 ubi
3139 2096 3324 2157 pascat
3369 2101 3487 2157 gre-

1880 2188 2000 2242 gem
2032 2188 2209 2240 suum,
2235 2188 2354 2243 qua:
2383 2174 2576 2244 pabula
2607 2176 2797 2232 ovibus
2828 2178 2940 2232 suis
2965 2179 3276 2248 expediant.
3303 2180 3328 2208 ⁸
3356 2179 3487 2248 Qua:

1882 2275 2006 2322 sunt
2029 2281 2228 2336 pascua
2257 2277 2460 2336 nostra,
2491 2268 2596 2324 hoc
2623 2279 2746 2336 est,
2773 2269 3036 2338 ﬁdelium,
3061 2272 3164 2328 nisi
3192 2271 3489 2330 Christus?

1879 2360 1935 2415 lu
1960 2361 2115 2431 cujus
2147 2361 2361 2433 pascuis
2391 2379 2450 2418 se
2484 2363 2716 2420 locatum
2767 2365 3040 2436 Propheta
3088 2367 3300 2424 lanatas
3340 2380 3424 2424 εει
3455 2409 3474 2439 ,

1882 2456 2106 2512 dicens:
2151 2456 2219 2510 In
2262 2459 2374 2512 loco
2428 2475 2634 2529 pascua:
2663 2501 2678 2526 ,
2729 2461 2799 2514 ibi
2851 2478 2931 2516 me
2978 2462 3250 2517 collocavit
3301 2463 3479 2544 (Psal.

1883 2567 2017 2616 χχιι,
2048 2550 2139 2620 ‘2);
2173 2550 2246 2604 ibi
2275 2552 2419 2606 enim
2447 2566 2547 2606 nos
2575 2557 2745 2622 pascit
2774 2563 2829 2609 et
2869 2554 3064 2610 reﬁcit.
3093 2556 3238 2611 Bona
3263 2571 3486 2628 pascua,

1882 2653 2227 2698 sacramenta
2250 2643 2431 2698 divina
2458 2654 2604 2700 sunt.
2650 2645 2843 2717 Carpis
2871 2648 2984 2704 illic
3027 2666 3226 2706 novum
3266 2651 3482 2720 ﬂorem,

1885 2735 2204 2806 quibonum
2255 2736 2478 2793 odorem
2531 2737 2682 2792 dedit
2713 2744 3164 2799 resurrectionis:
3197 2745 3377 2815 carpis
3424 2743 3491 2800 li-

1887 2830 2016 2884 lium
2045 2872 2060 2897 ,
2093 2833 2146 2886 in
2179 2849 2287 2904 quo
2319 2835 2387 2889 sit
2419 2835 2675 2905 splendor
2696 2838 3042 2894 mternitatis:
3077 2839 3258 2910 carpis
3283 2854 3488 2906 rosam,

1887 2922 1992 2978 hoc
2019 2936 2124 2992 est,
2158 2926 2428 2983 Dominici
2477 2932 2727 3000 corporis
2758 2931 3096 3003 sanguinem.
3131 2933 3276 2988 Bona
3321 2933 3488 2988 etiam

1887 3034 2108 3089 pascua,
2146 3021 2268 3076 lihri
2298 3032 2425 3078 sunt
2455 3024 2858 3096 Scripturarum
2905 3029 3210 3084 caelestium
3236 3071 3252 3098 ,
3283 3030 3335 3084 itt
3367 3029 3490 3101 qui-

1888 3115 1986 3168 bus
2018 3115 2332 3184 quotidiana
2367 3117 2599 3174 lectione
2625 3120 2934 3190 pascimur,
2970 3122 3021 3177 in
3051 3122 3249 3193 quibus
3274 3138 3492 3179 recrea-

1891 3222 2009 3261 mur
2039 3223 2101 3263 ac
2130 3210 2433 3277 reﬁcimur;
2464 3227 2586 3267 cum
2617 3228 2682 3269 ea
2712 3231 2832 3286 qua:
2862 3215 3066 3288 scripta
3113 3225 3241 3272 sunt
3289 3217 3489 3289 degus-

1840 3295 1853 3313 ⁸
1891 3310 2067 3356 tamus
2097 3342 2111 3366 ,
2170 3303 2250 3357 vel
2276 3318 2491 3360 summo
2518 3322 2616 3361 ore
2669 3307 2832 3362 libata
2873 3309 3210 3380 frequentius
3252 3310 3495 3366 rumina-

1889 3411 2031 3451 mus.
2059 3396 2154 3452 His
2186 3399 2400 3467 pascuis
2421 3415 2552 3470 grex
2577 3400 2790 3456 Domini
2819 3403 3116 3474 saginatur.
3149 3404 3296 3460 Bona
3326 3405 3491 3462 etiam

1887 3489 2092 3546 Christi
2122 3507 2318 3562 pascua
2368 3504 2580 3550 montes
2626 3498 2999 3564 convallium;
3049 3515 3174 3554 nam
3206 3508 3263 3556 et
3296 3502 3350 3556 in
3403 3501 3490 3558 his

1888 3585 2059 3652 pascit
2108 3585 2355 3640 Christus
2388 3586 2526 3642 sicut
2564 3589 2848 3658 capreolos
2876 3602 2970 3646 aut
3011 3590 3275 3648 hinnulus
3301 3608 3496 3650 cervo-

1886 3691 2030 3740 rum,
2059 3676 2163 3732 hoc
2181 3687 2287 3745 est,
2319 3679 2370 3732 in
2398 3679 2784 3749 splendoribus
2814 3691 3154 3739 sanctorum.

1961 3771 2048 3827 68.
2083 3772 2266 3845 (Vers.
2301 3774 2414 3844 i7.)
2444 3772 2472 3812 b
2496 3773 2670 3828 Donec
2699 3777 2890 3848 aspirct
2923 3777 3031 3832 dies
3061 3819 3075 3843 ,
3102 3788 3151 3833 et
3176 3779 3494 3837 inclinentur

1890 3863 2103 3918 umbrw.
2130 3863 2394 3920 Zachazus
2426 3865 2476 3919 in
2517 3865 2767 3922 arborem
2809 3870 3083 3940 sycomori
3127 3870 3394 3937 ascendit,
3432 3880 3493 3930 ut

1889 3952 2161 4010 Christum
2213 3956 2461 4012 videret:
2506 3959 2663 4014 nobis
2707 3976 2923 4032 quoque
2974 3964 3234 4034 expandit
3297 3980 3492 4022 manus

1891 4062 2018 4103 suas
2043 4047 2221 4114 Jesus,
2257 4057 2316 4103 ut
2341 4056 2514 4104 totum
2537 4052 2798 4108 mundum
2819 4055 3188 4112 obumbraret.
3211 4058 3496 4126 Quomodo

1893 4157 1998 4197 non
2031 4158 2219 4197 sumus
2241 4144 2296 4200 in
2327 4144 2543 4212 umbra,
2575 4148 2665 4217 qui
2691 4149 2870 4206 crucis
2896 4149 3016 4221 ejus
3046 4154 3378 4224 protegimur
3404 4170 3494 4211 ve-

1892 4235 2169 4289 lamento?
2197 4236 2479 4303 Quomodo
2507 4255 2614 4293 non
2645 4255 2832 4296 sumus
2855 4242 2907 4296 in
2941 4243 3127 4300 umbra
3147 4287 3164 4314 ,
3208 4262 3345 4316 quos
3370 4261 3497 4303 cru-

1892 4328 2084 4384 ciﬁxus
2105 4345 2134 4383 a
2167 4329 2507 4402 malignitate
2525 4334 2706 4388 saeculi
2726 4344 2782 4391 et
2807 4339 3052 4408 corporis
3077 4338 3272 4396 ardore
3301 4339 3493 4396 defen-

1892 4420 2003 4476 dit?
2036 4424 2119 4477 An
2153 4423 2446 4493 nescimus,
2473 4428 2729 4497 quoniam
2777 4429 3014 4487 Verbum
3067 4433 3162 4489 Dei
3193 4434 3416 4492 veniens
3439 4437 3495 4496 in

1893 4514 2036 4570 hunc
2067 4517 2326 4574 mundum
2355 4561 2368 4585 ,
2420 4537 2528 4577 non
2561 4523 2701 4578 sicut
2754 4524 2987 4583 Verbum
3017 4529 3258 4587 advenit.
3322 4532 3496 4602 Quale

1891 4618 2011 4664 erat
2038 4611 2088 4663 iu
2123 4611 2389 4682 principio
2417 4654 2432 4679 ,
2462 4616 2622 4684 quale
2653 4625 2770 4672 erat
2800 4619 2942 4688 apud
2973 4621 3173 4677 Deum:
3199 4625 3288 4679 sed
3315 4635 3498 4682 semet-

1891 4705 2062 4771 ipsum
2085 4704 2386 4773 exinanivit,
2411 4708 2630 4776 {orntum
2646 4711 2778 4765 serui
2793 4713 3052 4781 accipiens
3070 4713 3296 4791 (Philip.
3324 4734 3382 4787 ιι,
3406 4718 3486 4792 7).

1896 4795 2055 4851 Venit
2101 4797 2152 4850 in
2186 4799 2330 4853 nube
2369 4797 2498 4865 levi,
2547 4810 2752 4857 etcum
2783 4813 2930 4860 esset
2975 4804 3144 4862 virtus
3171 4808 3439 4867 Altissimi
3474 4854 3491 4882 ,

1894 4890 2236 4945 obumbravit
2263 4891 2480 4960 Mariae;
2514 4905 2571 4950 ut
2604 4898 3014 4970 transﬁgurarct
3054 4917 3252 4974 corpus
3276 4904 3499 4964 humili-

1896 4987 2021 5041 tatis
2069 4996 2272 5041 nostrm
2303 4989 2624 5048 .cont’orme
2667 4992 2784 5047 ﬁeri
2828 4997 3042 5066 corpori
3107 4997 3300 5068 gloria:
3355 5015 3492 5059 suas.

1896 5077 2158 5134 Sicutille
2189 5095 2317 5151 ergo
2345 5080 2575 5138 formam
2603 5086 2852 5155 mutavit,
2886 5102 3006 5144 cum
3027 5105 3097 5146 ex
3129 5090 3344 5163 Virgine
3374 5107 3500 5150 nas-

1895 5182 2153 5227 ceretur:
2189 5174 2261 5229 ita
2307 5183 2363 5230 et
2419 5175 2580 5232 nobis
2633 5194 2918 5237 sermones
2967 5182 3060 5238 Dei
3117 5185 3496 5257 transﬁgurari

1894 5266 2168 5333 videntur,
2189 5282 2311 5322 cum
2344 5268 2602 5340 leguntur
2626 5272 2678 5327 in
2694 5273 3015 5346 Evangelia,
3032 5291 3154 5332 cum
3174 5279 3386 5348 species
3403 5293 3495 5335 eo-

1895 5375 2012 5413 rum
2037 5357 2254 5414 videtur
2280 5360 2333 5416 in
2367 5361 2663 5432 Scripturis
2691 5367 2844 5436 quasi
2885 5383 2981 5436 per
3007 5370 3322 5439 speculum;
3369 5370 3496 5442 quia

1895 5460 2002 5506 tota
2029 5455 2229 5508 veritas
2255 5451 2342 5508 hic
2370 5469 2477 5510 non
2507 5465 2688 5526 potest
2710 5460 3137 5532 comprehendi,
3161 5478 3283 5518 cum
3311 5471 3497 5520 autem

1894 5547 2102 5602 venerit
2131 5546 2276 5618 quod
2303 5546 2602 5618 perlectum
2629 5559 2713 5608 est
2734 5596 2749 5621 ,
2801 5569 2909 5610 non
2934 5554 3047 5625 jam
3078 5570 3176 5627 per
3199 5555 3498 5612 discussio-

1895 5655 2041 5708 uem,
2067 5656 2174 5696 non
2205 5655 2303 5711 per
2341 5641 2582 5713 speciem
2629 5653 2687 5699 ut
2713 5645 3115 5718 transﬁgurati,
3145 5646 3241 5704 sed
3283 5647 3498 5720 integra

1898 5744 2058 5806 atque
2088 5749 2352 5806 expressa
2372 5737 2604 5795 veritate
2623 5739 2992 5814 resplendent.

1967 5854 1993 5894 ι)
2023 5854 2080 5914 1η
2110 5857 2246 5930 psal.
2275 5873 2436 5916 cxvm
2466 5874 2635 5918 serm.
2661 5861 2716 5918 5.
