4148 6362
578 254 719 314 1895

1577 249 2121 310 COMMENTARIUS
2161 247 2230 309 ΙΝ
2267 247 2560 307 CANTICA
2599 245 2869 307 CANTIC.

3737 245 3860 310 l896

563 372 736 428 Aucte.
793 369 904 427 lllze
936 375 1119 426 autem
1160 376 1536 436 accesserunt,
1566 378 1618 425 et
1674 378 1965 426 tenuerunt
1995 367 2163 440 pedes
2191 369 2245 430 Α
2269 366 2356 423 Sis
2387 367 2526 422 sicut
2571 365 2665 420 illa
2712 364 2914 430 anima,
2963 373 3086 433 quae
3118 356 3322 416 Christi
3353 357 3405 414 itt
3441 369 3507 415 se
3552 356 3859 414 charitatem

575 471 716 541 ejus,
749 477 803 524 et
824 467 1188 524 adoraverunt
1215 482 1358 522 eum.

647 563 734 620 15.
777 563 1017 619 Tenetur
1043 577 1172 634 ergo
1202 561 1383 627 Jesus,
1429 569 1484 616 et
1533 559 1837 616 delectatur
1865 561 1943 615 sic
1975 557 2165 624 teneri,

573 656 702 728 quia
761 655 866 711 ﬁde
922 663 1158 711 tenetur.
1210 653 1455 725 Denique
1495 652 1788 709 delectavit
1814 668 1937 708 eum
1986 661 2041 706 et
2081 650 2170 706 illa

574 750 790 818 mulier,
834 765 955 820 qua:
984 748 1328 818 tetigiteum,
1377 759 1432 803 et
1473 756 1661 803 curata
1711 755 1793 803 est
1833 763 1864 801 a
1895 743 2172 816 sanguinis

573 840 744 906 ﬂuxu,
778 841 845 898 de
876 857 978 912 qua
1024 841 1199 896 dixit:
1232 840 1426 914 Tetigit
1479 857 1558 895 me
1592 841 1816 912 aliquis;
1865 857 1986 894 nam
2010 839 2172 895 sentio

573 935 814 990 uirtutem
844 935 907 990 de
937 951 1017 990 me
1046 935 1214 991 exisse
1240 935 1396 1006 (Luc.
1430 950 1552 999 vm,
1584 934 1701 1006 46).
1737 934 1920 1006 Tange
1943 951 2096 1005 ergo,
2120 941 2173 989 et

572 1029 680 1086 ﬁde
712 1039 836 1087 tene
862 1046 1009 1096 eum,
1037 1040 1090 1086 et
1122 1031 1437 1102 constringe
1468 1030 1702 1086 ﬁdeliter
1734 1032 1900 1101 pedes
1938 1029 2082 1101 ejus;
2119 1038 2176 1084 ut

570 1122 746 1179 virtus
777 1122 846 1180 de
873 1138 940 1179 eo
990 1131 1169 1190 exeat,
1200 1134 1261 1179 ut
1298 1133 1454 1180 sanet
1497 1124 1735 1178 animam
1792 1133 1957 1177 tuam.
2009 1123 2074 1178 Et
2129 1121 2175 1177 si

574 1215 748 1274 dicat:
769 1215 900 1272 Noli
925 1233 1005 1272 me
1019 1227 1230 1292 tangere
1248 1232 1267 1283 ,°
1286 1228 1341 1272 tu
1366 1215 1511 1273 lene.
1536 1216 1785 1272 Nondum
1807 1217 1940 1271 enim
1967 1215 2176 1272 escendi

571 1312 641 1367 ad
669 1311 876 1367 Patrem
905 1329 1094 1380 meum,
1124 1312 1260 1368 dixit
1288 1311 1467 1386 (Joan.
1494 1328 1594 1376 xx,
1631 1312 1740 1383 17).
1788 1310 1969 1366 Semel
2008 1309 2172 1364 dixit:

573 1403 804 1462 Nolime
846 1417 1094 1476 tangere,
1140 1406 1357 1478 quando
1388 1406 1724 1462 resurrexit:
1777 1413 1869 1460 aut
1919 1405 2057 1459 forte
2097 1403 2175 1458 illi

571 1501 729 1572 dixit,
755 1518 875 1574 qua:
905 1503 1130 1573 putabat
1153 1501 1297 1556 furto
1324 1516 1446 1557 esse
1467 1500 1762 1564 sublatura,
1782 1508 1832 1554 et
1849 1512 1954 1553 non
1977 1497 2176 1553 virtute

564 1594 782 1668 propria
816 1595 1228 1651 rcsuscitatum.
1259 1594 1506 1665 Denique
1558 1593 1610 1647 in
1660 1591 1770 1647 alio
1801 1591 1940 1646 libro
1979 1590 2171 1657 babes,

572 1688 701 1760 quia
730 1688 1042 1744 tenentibus
1062 1687 1230 1759 pedes
1273 1696 1328 1743 et
1371 1686 1727 1742 adorantibus
1757 1684 1895 1740 dixit
1933 1704 1945 1738 :
1996 1683 2178 1739 Nolite

575 1780 756 1837 timere
783 1780 1001 1852 (Matth.
1033 1796 1228 1848 xxvtu,
1261 1779 1378 1853 10).

648 1872 735 1930 16.
761 1873 910 1930 Tene
927 1890 1058 1946 ergo
1074 1883 1130 1930 et
1157 1882 1234 1941 tu,
1259 1874 1462 1937 anima,
1494 1874 1635 1929 sicut
1662 1873 1880 1930 tenebat
1906 1880 1962 1928 et
1983 1871 2173 1936 Maria,

573 1967 758 2024 etdic:
779 1965 946 2023 Tenui
958 1985 1097 2035 eum,
1112 1976 1158 2022 et
1172 1983 1276 2022 non
1291 1967 1583 2022 dimittam:
1604 1967 1691 2022 cui
1710 1964 2174 2032 dicebantambze,

572 2070 823 2120 tenemus
852 2071 924 2119 te.
958 2062 1109 2120 Vade
1135 2061 1202 2118 ad
1235 2071 1477 2133 patrem,
1527 2061 1624 2116 sed
1677 2075 1782 2115 non
1831 2059 2177 2130 derelinquas

572 2174 682 2226 me,
716 2175 783 2215 ne
813 2159 1012 2215 iterum
1036 2157 1225 2226 labar;
1253 2165 1453 2214 etcum
1477 2156 1642 2210 Maria
1675 2170 1781 2210 non
1811 2162 2052 2220 errante,
2081 2152 2176 2209 sed

571 2252 825 2309 arborem
854 2252 977 2308 vitae
1001 2259 1237 2318 tenente,
1271 2260 1447 2307 tecum
1475 2264 1607 2320 rape
1636 2248 1741 2305 tuis
1766 2247 2176 2319 pedibusinbat-

575 2356 811 2404 rentem.
867 2345 1070 2402 Tecum
1099 2345 1393 2401 ascendam
1416 2386 1432 2412 ,
1476 2344 1585 2398 noli
1634 2359 1721 2400 me
1761 2342 2036 2399 dimittere
2061 2384 2076 2409 ,
2111 2357 2179 2399 ne

575 2441 772 2500 iterum
801 2457 1033 2514 serpens
1056 2457 1273 2500 venena
1306 2455 1402 2496 sua
1429 2439 1620 2495 fundat
1644 2480 1658 2505 ,
1692 2455 1759 2494 ne
1790 2439 1988 2494 iterum
2017 2447 2181 2509 queat

575 2538 873 2596 femineum
903 2537 1160 2595 mordere
1193 2537 1502 2608 vestigium,
1550 2545 1607 2590 ut
1629 2534 1942 2607 supplantet
1980 2533 2175 2589 Adam.

573 2630 729 2688 Dicat
770 2647 903 2704 ergo
957 2631 1141 2686 anima
1196 2639 1319 2686 tua:
1371 2628 1540 2684 Teneo
1571 2637 1619 2684 te
1642 2671 1658 2696 ,
1690 2640 1737 2683 et
1777 2627 2018 2682 inducam
2049 2637 2096 2681 te
2125 2627 2180 2682 in

573 2723 785 2783 domum
810 2727 988 2783 matris
1015 2743 1160 2794 mete,
1184 2735 1230 2782 et
1247 2725 1560 2780 insecretum
1584 2727 1697 2797 ejus
1721 2739 1834 2794 quce
1860 2723 2090 2794 concepit
2102 2737 2181 2776 me

572 2820 748 2897 (Cant.
780 2837 867 2890 Ill,
901 2822 994 2895 4);
1021 2833 1419 2895 utcognuscam
1433 2819 1691 2892 mysteria
1706 2829 1816 2887 tua,
1847 2829 1903 2874 ut
1932 2818 2178 2874 hauriam

569 2927 910 2971 sacramenta
943 2924 1056 2972 tua.

647 3009 736 3064 17.
769 3018 792 3046 ει
824 3006 992 3064 Tenui
1018 3025 1154 3076 eum,
1189 3026 1282 3065 nec
1310 3010 1600 3080 relinquam
1626 3026 1772 3075 eum,
1822 3008 1986 3063 donec
2017 3007 2180 3062 intro-

574 3102 760 3158 ducam
790 3120 908 3158 eum
932 3105 984 3160 in
1007 3104 1217 3160 domum
1239 3106 1418 3160 matris
1437 3121 1582 3169 meas,
1610 3115 1658 3160 et
1685 3106 1737 3159 in
1759 3103 2047 3159 cubiculum
2067 3107 2182 3176 ejus

2276 461 2510 527 excitat,
2536 475 2697 530 quam
2729 459 2998 514 mirantur
3025 453 3408 511 ascendentem
3445 453 3683 508 virtutes
3715 451 3866 508 coelo-

2277 571 2428 621 rum;
2459 554 2601 626 quod
2634 554 2753 609 sine
2777 551 3078 608 offensione
3123 547 3335 622 1576
3367 545 3626 602 ascendat
3653 585 3671 613 ,
3717 554 3769 601 et
3805 560 3864 600 ex

2276 647 2380 704 hoc
2406 647 2609 703 mttndo
2632 645 2886 703 ascendat
2907 659 3028 700 cum
3062 643 3246 698 laetitia
3268 653 3319 698 et
3336 639 3680 713 jucunditate
3700 680 3714 704 ,
3741 639 3868 694 sicut

2275 741 2402 796 vitis
2429 754 2692 812 propago,
2723 748 2778 796 et
2800 738 2940 794 sicut
2971 738 3150 792 fumus
3176 751 3236 792 se
3261 734 3327 790 ad
3356 748 3593 806 superna
3618 730 3863 802 subrigat,

2279 836 2530 907 fragrans
2560 835 2786 891 odorem
2817 832 3238 890 resurrectionis
3282 831 3416 904 piae,
3446 839 3505 885 et
3557 828 3865 886 suavitatem

2278 927 2437 994 ﬁdei,
2467 928 2608 984 sicut
2637 927 2805 984 habes
2831 927 3093 998 scriptum
3121 944 3135 982 :
3171 927 3300 993 Qute
3319 934 3392 980 est
3420 924 3533 980 haec
3559 939 3676 996 qua:
3703 939 3870 978 ascen-

2279 1023 2405 1078 dita
2430 1023 2631 1078 deserto
2651 1065 2666 1092 ,
2693 1024 2824 1078 sicut
2851 1022 2967 1078 vitis
2995 1036 3247 1093 propago,
3273 1019 3413 1088 [unto
3438 1018 3639 1073 incensi
3665 1016 3868 1085 odoriﬁc

2279 1127 2415 1186 cata,
2447 1118 2657 1189 myrrha
2683 1128 2730 1172 et
2761 1117 2908 1172 thure
2930 1116 2993 1170 ab
3025 1115 3258 1171 omnibus
3285 1113 3582 1187 pulveribus
3615 1115 3866 1184 unguenti.

2277 1210 2510 1267 Pulchre
2531 1210 2883 1266 subtilitatem
2906 1208 3322 1280 cjusexpressit,
3345 1205 3872 1277 pulveriscompara-

2281 1307 2456 1375 tione,
2490 1316 2543 1362 et
2575 1307 2830 1378 unguenti
2855 1304 3403 1370 commemoratione;
3452 1305 3581 1376 quia
3614 1304 3667 1358 in
3692 1302 3868 1359 Exodo

2279 1398 2477 1454 subtile
2505 1398 2757 1470 legimus,
2789 1408 2844 1455 et
2869 1415 2936 1455 ex
2965 1398 3147 1454 multis
3167 1399 3530 1470 compositum
3557 1397 3868 1470 thymiama,

2280 1494 2409 1550 illud
2432 1495 2850 1553 esseincensum
2877 1497 3274 1568 propheticum,
3296 1495 3440 1567 quod
3461 1503 3552 1551 est
3572 1504 3867 1550 sanctorum

2279 1595 2481 1662 oratio,
2534 1602 2593 1650 ut
2644 1596 2907 1666 dirigatur
2939 1595 2994 1651 in
3025 1603 3318 1666 conspectu
3350 1595 3604 1661 Domini,
3651 1594 3784 1650 sicut
3823 1600 3872 1648 et

2281 1687 2448 1743 David
2475 1690 2605 1745 dicit
2631 1707 2644 1744 ε
2679 1691 2948 1764 Dirigatur
2975 1693 3143 1747 oratio
3189 1708 3334 1760 mea,
3365 1692 3497 1747 sicut
3541 1691 3801 1745 incensum
3823 1689 3868 1743 in

2203 1775 2252 1836 Β
2277 1794 2555 1855 conspectu
2587 1794 2672 1840 tuo
2703 1784 2930 1856 (Psalm.
2962 1802 3064 1842 cst.
3085 1829 3098 1854 ,
3127 1786 3204 1857 2).

2280 1889 2296 1921 '-'
2352 1880 2443 1937 20.
2464 1892 2486 1918 θ
2506 1881 2633 1949 Qua:
2662 1891 2737 1937 est
2767 1884 2866 1936 ista
2887 1899 3002 1954 quae
3029 1883 3260 1938 ascendit
3289 1900 3322 1937 a
3343 1881 3585 1938 deserto?
3618 1879 3863 1936 Desertus

2281 1972 2369 2029 hic
2397 1985 2556 2030 terra":
2578 1976 2730 2032 locus
2757 1984 2810 2032 et
2836 1977 3071 2033 incultus
3100 1975 3336 2044 videtur,
3360 1974 3613 2030 sentibus
3637 1981 3690 2029 et
3711 1969 3868 2042 spinis

2281 2079 2591 2126 nostrorum
2642 2072 2852 2128 obsitus
2913 2072 3259 2128 delictorum.
3317 2070 3583 2126 Mirantur
3638 2065 3870 2123 videlicet

2279 2165 2553 2236 quomodo
2597 2164 2774 2218 anima
2806 2180 2924 2235 qum
2950 2173 3074 2219 ante
3107 2165 3160 2218 in
3212 2163 3422 2218 inferno
3454 2160 3868 2233 relinquebatur,

2282 2255 2542 2311 inhwreat
2569 2257 2662 2311 Dei
2693 2255 2894 2320 Verbo,
2925 2268 2978 2312 et
3004 2254 3467 2312 ascenderitsicut
3482 2254 3611 2309 vitis
3626 2265 3867 2324 propago,

2283 2349 2334 2404 in
2367 2349 2646 2421 superiora
2675 2349 3215 2422 subrigensse,velut
3241 2349 3424 2406 fumus
3449 2358 3616 2405 natus
3645 2363 3712 2403 ex
3736 2346 3865 2416 igne,

2281 2453 2444 2516 atque
2493 2446 2601 2499 alta
2645 2454 2877 2516 petens,
2939 2455 3051 2501 tum
3104 2455 3366 2517 praeterea
3413 2444 3581 2500 bouis
3628 2439 3868 2499 odoribus

2284 2539 2506 2611 fragret.
2537 2539 2686 2596 Odor
2715 2549 2898 2598 autem
2932 2541 3026 2596 ille
3049 2540 3311 2596 orationis
3334 2540 3439 2612 piae
3471 2539 3686 2596 redolet
3707 2535 3870 2592 suavi-

2284 2642 2471 2700 tatem,
2505 2651 2624 2707 qua:
2656 2637 2907 2707 dirigitur
2935 2637 3064 2692 sicut
3091 2635 3354 2691 incensunt
3399 2635 3455 2689 in
3485 2641 3752 2707 conspectu
3777 2629 3871 2685 Do—

2282 2730 2410 2783 mini
2439 2728 2614 2802 (Psal.
2644 2745 2750 2785 cxx.
2770 2771 2784 2798 ,
2807 2729 2885 2801 9).
2918 2729 2989 2784 Et
3013 2730 3067 2784 in
3097 2728 3419 2801 Apocalypsi
3451 2728 3713 2800 legimus,
3742 2723 3868 2796 quod

2283 2823 2525 2877 Ascendit
2554 2828 2727 2894 fumus
2769 2823 3090 2878 incensorum
3135 2824 3197 2876 de
3226 2821 3550 2877 orationibus
3600 2829 3867 2875 sanctorum

2287 2917 2472 2990 (Apoc.
2496 2933 2626 2986 vm,
2656 2916 2744 2987 4),
2788 2933 2907 2988 quae
2953 2917 3173 2973 incensa
3202 2917 3518 2972 referuntur
3547 2930 3640 2987 per
3668 2912 3870 2983 angelo-

2283 3029 2402 3068 rum
2426 3029 2646 3068 suorum
2670 3013 2966 3079 orationes,
2997 3012 3207 3068 scilicet
3231 3027 3395 3083 super
3417 3010 3594 3067 altare
3626 3007 3753 3064 illud
3784 3022 3867 3061 au-

2286 3122 2438 3164 reum
2470 3106 2614 3178 quod
2643 3115 2729 3161 est
2773 3115 2898 3162 ante
2925 3105 3109 3161 sedem
3135 3103 3251 3161 Dei.
3315 3103 3383 3159 Et
3415 3112 3688 3174 tamquam
3717 3114 3868 3156 suave

571 3211 686 3266 qua:
707 3213 786 3251 me
797 3199 1046 3271 concepit.
1063 3197 1195 3265 Qua:
1210 3200 1504 3254 estdomus
1530 3199 1720 3252 matris
1735 3213 1868 3253 mea:
1882 3207 1936 3252 et
1961 3197 2175 3253 cubicu-

2287 3205 2386 3276 pi:e
2415 3202 2740 3274 precationis
2770 3201 2972 3273 fragrat
3003 3208 3368 3272 unguentum;
3403 3199 3530 3268 quia
3561 3197 3629 3254 de
3654 3208 3866 3254 :elerno-

570 3288 684 3344 lum
714 3289 865 3360 ejus,
909 3291 1013 3347 nisi
1056 3291 1331 3349 internum
1378 3303 1482 3348 tua:
1509 3301 1891 3363 secretumque
1932 3291 2180 3348 naturas?

570 3380 722 3438 Hanc
735 3381 955 3440 domum
974 3399 1153 3453 serva,
1173 3385 1334 3456 hujus
1351 3385 1542 3440 domus
1561 3383 1820 3440 mundato
1840 3383 2134 3453 penetralia
2160 3425 2174 3450 ,

570 3485 630 3533 ut
658 3492 781 3533 cum
814 3477 1155 3534 immaculata
1183 3479 1380 3535 domus
1423 3479 1606 3544 fuerit,
1637 3493 1737 3534 nec
1765 3476 1926 3533 ullius
1953 3477 2180 3532 adulte-

566 3570 705 3626 rina:
723 3570 1074 3626 conscientias
1097 3569 1354 3626 sordibus
1385 3571 1688 3642 inquinata,
1704 3568 1966 3640 spiritalis
1984 3569 2179 3624 domus

567 3662 624 3718 in
654 3663 1024 3721 sacerdOIium
1048 3675 1296 3721 sanctum
1327 3664 1507 3736 lapide
1533 3663 1776 3736 angulari
1801 3669 2177 3734 coagmentata

567 3767 884 3830 consurgat,
917 3768 973 3815 et
999 3759 1241 3830 Spiritus
1262 3769 1485 3815 sanctus
1509 3758 1713 3815 habitet
1736 3757 1791 3813 in
1822 3773 1904 3813 ea.
1939 3757 2071 3825 Quae
2100 3756 2179 3812 sic

569 3847 852 3907 Christum
877 3849 1130 3922 requirit,
1158 3867 1280 3924 quae
1307 3851 1386 3906 sic
1414 3848 1690 3906 Christum
1734 3850 2020 3916 obsecrat,
2068 3863 2175 3904 non

568 3945 894 4016 relinquitur
922 3945 992 4001 ab
1017 3960 1084 4001 eo
1121 3963 1134 4000 :
1166 3947 1334 4002 immo
1357 3945 1522 4001 etiam
1556 3945 1872 4015 frequenter
1898 3943 2173 4003 revisitur.

645 4038 736 4096 18.
782 4038 811 4079 ι)
855 4039 951 4096 Vel
995 4039 1193 4096 domus
1223 4040 1434 4106 matris,
1469 4038 1704 4096 fortasse
1735 4039 1928 4095 domus
1967 4049 2080 4105 est,
2121 4038 2174 4092 in

568 4149 675 4206 qua
696 4133 982 4207 praefulget
1019 4134 1308 4190 moralium
1337 4133 1662 4204 disciplina:
1691 4143 1962 4189 secretum
1995 4141 2174 4185 autem

567 4229 703 4287 illud
751 4239 866 4298 est,
917 4230 972 4285 in
1021 4247 1128 4301 quo
1179 4237 1306 4285 sunt
1337 4229 1531 4284 altiora
1573 4231 1863 4301 mysteria,
1896 4227 2175 4298 inquibus

569 4326 772 4383 divinae
799 4326 986 4400 gratiae
1017 4325 1176 4382 mella
1208 4323 1482 4381 redolent.
1527 4323 1612 4380 An
1662 4339 1770 4378 non
1815 4322 1961 4378 omni
2011 4321 2176 4378 melle

568 4419 781 4475 dulcior
795 4429 1137 4490 peccatorum
1152 4415 1644 4473 remissioiNonne
1657 4416 1802 4471 omni
1827 4414 2175 4486 ﬁoregratiur

572 4513 904 4569 resurrectio
927 4511 1305 4568 mortuorum?
1341 4521 1362 4550 ε
1387 4509 1618 4580 Suscipe
1650 4510 1811 4580 igitur
1843 4508 2035 4575 Evam,
2067 4524 2172 4565 non

2285 3313 2402 3353 rum
2431 3306 2484 3353 et
2513 3295 2862 3364 invisibilinm
2892 3337 2907 3362 ,
2961 3309 3068 3349 non
3119 3293 3188 3349 de
3217 3291 3590 3364 corporalium
3626 3290 3866 3363 petitione

2283 3391 2643 3461 compositum
2673 3399 2768 3446 'est
2794 3409 2807 3444 :
2841 3389 3112 3460 prtecipue
3141 3399 3321 3444 tamen
3370 3386 3650 3460 myrrham
3679 3381 3867 3442 redolet

2282 3493 2337 3541 et
2364 3483 2512 3550 thus,
2544 3500 2610 3539 eo
2640 3481 2785 3553 quod
2834 3489 3058 3552 peccato
3087 3490 3336 3536 mortuus
3361 3481 3463 3548 sit,
3505 3488 3564 3537 et
3589 3479 3699 3534 Deo
3718 3476 3862 3532 vivat.

2284 3576 2438 3633 Unde
2468 3585 2522 3632 et
2549 3577 2601 3632 in
2640 3575 3074 3647 posterioribus:
3103 3573 3221 3641 Ibo,
3254 3573 3464 3645 inquit,
3500 3573 3628 3629 mihi
3650 3572 3715 3627 ad
3737 3585 3864 3624 mon-

2282 3683 2380 3729 tem
2405 3672 2652 3744 myrrhw,
2684 3681 2732 3728 et
2753 3672 2820 3727 ad
2844 3669 3024 3726 collem
3051 3669 3239 3724 thuris.
3266 3667 3530 3739 Sequitur
3556 3685 3570 3724 :

2351 3765 2440 3820 2|.
2484 3763 2667 3836 (Vers.
2700 3763 2782 3837 7.)
2818 3761 2836 3802 τ
2865 3763 2949 3818 En
2971 3762 3240 3836 sexaginta
3290 3769 3527 3834 potentes
3579 3760 3631 3814 in
3660 3756 3862 3823 {circuitu

2282 3859 2589 3930 prapaginis
2619 3861 2752 3930 ejus,
2784 3857 2975 3912 strictis
2998 3855 3186 3911 armati
3213 3854 3440 3931 ensibus,
3462 3861 3510 3908 et
3531 3850 3720 3907 eruditi
3747 3860 3862 3919 prte-

2282 3953 2494 4008 liaribus
2549 3952 2860 4023 disciplinis.
2912 3952 3014 4020 Qui
3040 3959 3168 4006 sunt
3216 3950 3304 4006 isti
3361 3948 3534 4004 fortes
3582 3955 3636 4004 et
3685 3936 3860 4000 eruditi

2283 4046 2621 4118 praaliaribus
2649 4045 2954 4118 disciplinis
2974 4087 2988 4110 ,
3022 4043 3268 4100 adverte.
3323 4041 3503 4096 Fortis
3527 4051 3578 4096 et
3603 4033 3862 4094 ecclesias-

2281 4141 2476 4197 ticiest
2503 4140 2605 4196 viri
2648 4154 2755 4195 non
2799 4137 3146 4196 dissimulare
3167 4152 3291 4192 cum
3324 4134 3534 4206 aliquid
3578 4129 3856 4188 immineal.

2279 4235 2374 4291 sed
2408 4232 2746 4304 praetendere
2797 4241 2852 4288 et
2900 4241 3173 4302 tamquam
3211 4228 3498 4300 explorare
3549 4226 3616 4282 de
3660 4216 3857 4292 specula

2278 4324 2507 4398 quadam
2532 4325 2750 4394 mentis,
2777 4332 2831 4380 et
2851 4323 3074 4380 obviare
3104 4321 3435 4392 cogitatione
3465 4315 3688 4390 provida
3716 4310 3859 4369 rebus

2278 4417 2603 4490 profuturis;
2629 4433 2696 4473 ne
2715 4417 2854 4472 forte
2883 4416 3028 4472 dicat
3055 4425 3243 4487 postea
3273 4431 3286 4468 :
3320 4411 3447 4468 Ideo
3469 4408 3525 4466 in
3557 4411 3656 4465 ista
3688 4400 3855 4464 incidi,

2276 4511 2532 4582 quianon
2562 4509 2866 4565 arbitrabar
2891 4522 3052 4580 posse
3083 4504 3322 4562 evenire.
3358 4502 3600 4573 Denique
3637 4496 3731 4554 nisi
3774 4507 3855 4549 ex-

565 4602 680 4674 jam
723 4604 967 4661 ﬁculneae
998 4604 1144 4660 foliis
1168 4615 1484 4676 conpertam
1505 4645 1520 4671 ,
1566 4601 1663 4658 sed
1691 4613 1881 4658 sancto
1925 4603 2176 4658 amictum
2203 4585 2256 4646 Ῑ)
2285 4605 2570 4677 plorentur
2595 4604 2848 4668 adversa,
2873 4604 2983 4660 cito
3013 4609 3300 4672 occupant.
3327 4597 3396 4655 Ut
3425 4597 3480 4652 in
3512 4595 3658 4651 bello
3685 4593 3856 4656 impro-

570 4695 799 4768 Spiritu,
823 4705 878 4751 et
898 4710 1038 4752 nova
1065 4696 1235 4767 gratia
1253 4696 1574 4767 gloriosam;
1615 4695 1736 4766 quia
1757 4695 1868 4766 jam
1899 4711 2006 4750 non
2041 4707 2177 4750 tam-

573 4805 735 4863 quam
767 4789 966 4846 nudata
988 4789 1341 4846 absconditur
1363 4831 1377 4856 ,
1421 4787 1516 4845 sed
1545 4799 1812 4860 tamquam
1840 4788 2173 4844 circumdata

575 4883 884 4941 vestimenti
915 4881 1214 4954 splendore
1239 4881 1496 4954 fulgentis
1541 4882 1802 4948 occurrit,
1850 4883 1973 4953 quia
2015 4882 2174 4938 vestit

571 4992 694 5035 eam
721 4975 893 5048 gratia
921 4995 934 5030 :
967 4975 1064 5032 sed
1092 4990 1194 5031 nec
1223 4974 1394 5031 Adam
1428 4975 1603 5044 primo
1630 4974 1804 5029 nudus
1832 4982 1972 5040 erat,
2004 4990 2170 5044 quan-

573 5070 644 5129 do
687 5085 811 5127 eum
860 5069 1171 5127 innocentia
1220 5069 1506 5126 vestiebat.
1560 5066 1817 5121 Videntes
1843 5066 2023 5137 itaque
2050 5081 2167 5121 eam

571 5165 698 5222 ﬁliae
723 5164 1062 5222 Hierusalem
1078 5163 1297 5221 Christo
1317 5163 1689 5229 inhterentem,
1708 5171 1762 5216 et
1777 5161 1959 5216 adhuc
1981 5176 2169 5216 ascen-

569 5259 790 5317 dentem
803 5275 925 5317 cum
939 5274 1006 5316 eo
1026 5258 1300 5332 (dignatur
1312 5255 1453 5312 enim
1469 5254 1839 5326 quaerentibus
1863 5252 2172 5325 frequenter

568 5366 880 5420 occurrere,
906 5361 962 5409 et
986 5351 1425 5409 condescendere
1449 5391 1463 5416 ,
1494 5359 1553 5404 ut
1583 5362 1675 5405 eos
1697 5349 1912 5419 elevet)
1940 5348 2124 5404 dicunt
2155 5366 2168 5404 :

643 5447 733 5506 19.
753 5446 934 5522 (Vers.
964 5445 1046 5518 6.)
1077 5442 1104 5483 (⁸
1126 5444 1256 5514 Qute
1283 5455 1357 5501 est
1376 5442 1484 5501 htec
1508 5459 1622 5516 qua:
1636 5443 1861 5498 ascendit
1878 5460 1910 5498 a
1938 5441 2173 5499 deserto?

649 5636 679 5669 ι
714 5629 836 5688 Lib.
866 5629 938 5687 de
961 5627 1305 5701 Virginitate,
1336 5640 1456 5701 cap.
1488 5624 1580 5692 15,
1609 5639 1760 5681 num.
1784 5623 1874 5679 78.

645 5701 679 5744 ι’
713 5701 775 5776 in
799 5703 940 5776 psal.
960 5699 1142 5776 _cxvut
1170 5714 1335 5757 serm.
1361 5699 1448 5754 17.

654 5784 680 5815 ⁸
717 5766 840 5835 Lib.
867 5775 936 5834 de
959 5774 1127 5844 Isaac,
1161 5788 1279 5846 cap.
1307 5776 1364 5841 5,
1388 5787 1538 5829 num.
1566 5771 1656 5838 45,
1686 5768 1738 5826 in
1767 5766 1860 5824 (in.

2281 4698 2431 4754 visus
2458 4697 2630 4752 hostis
2650 4698 2740 4752 vix
2771 4697 3090 4761 sustinetur,
3137 4705 3191 4750 et
3217 4693 3261 4748 si
3289 4691 3589 4760 imparatos
3614 4680 3851 4744 inveniat,

2281 4791 2439 4845 facile
2469 4789 2764 4862 opprimit:
2818 4789 2893 4844 ita
2943 4788 3179 4843 animum
3212 4786 3350 4840 mala
3385 4780 3722 4850 inexplorata
3747 4771 3854 4845 plus

2280 4883 2552 4955 frangunt.
2567 4881 2626 4936 In
2652 4882 2735 4938 his
2750 4897 2881 4952 ergo
2901 4880 3112 4936 duobus
3135 4878 3224 4933 illa
3237 4885 3321 4933 est
3345 4874 3510 4930 animi
3535 4862 3850 4929 excellentia,

2278 4988 2338 5034 ut
2388 4979 2620 5050 primum
2673 4979 2888 5034 animus
2939 4986 3060 5032 tuus
3097 4973 3254 5030 bonis
3305 4969 3630 5028 exercitatus
3671 4961 3852 5031 cogita-

2281 5071 2539 5138 tionibus,
2574 5071 2775 5128 mundo
2801 5070 2966 5127 corde
2987 5067 3129 5141 quod
3157 5082 3349 5124 verum
3375 5074 3431 5120 et
3450 5063 3729 5119 honestum
3757 5057 3846 5114 est,

2280 5165 2495 5220 videat:
2527 5164 2672 5221 Beati
2686 5164 2826 5220 enim
2851 5158 3377 5231 mundo-corde,quia
3406 5156 3507 5226 ipsi
3529 5153 3676 5210 etiam
3700 5147 3846 5203 Deum

2280 5256 2517 5312 videbunt
2538 5273 2556 5311 :
2578 5267 2739 5328 atque
2771 5255 2823 5312 id
2846 5255 2989 5327 quod
3017 5255 3304 5310 honestum
3327 5259 3433 5318 est,
3467 5249 3641 5307 solum
3667 5243 3844 5298 bomtm

2276 5350 2502 5422 judicet.
2557 5351 2762 5407 Deinde
2792 5351 2956 5406 nullis
3002 5349 3350 5422 perturbetur
3395 5335 3841 5418 occupationibus,

2281 5445 2444 5502 nullis
2473 5443 2858 5516 cupiditatibus
2887 5443 3131 5501 ﬂuctuet.

2342 5619 2371 5659 ἀ
2411 5621 2586 5694 Epist.
2621 5621 2714 5689 6'5,
2741 5621 2810 5680 ad
2833 5622 3120 5694 Irenreum,
3153 5616 3382 5694 num_._l
3403 5625 3461 5677 et
3481 5630 3590 5688 seq.

2346 5704 2368 5767 εἰ
2408 5691 2529 5767 Lib.
2555 5695 2630 5767 de
2652 5695 2822 5767 Isaac,
2851 5709 2972 5767 cap.
2999 5693 3055 5764 5,
3089 5709 3242 5767 num.
3265 5691 3356 5747 11.

2346 5762 2366 5803 ί
2407 5766 2526 5824 Lib.
2554 5765 2670 5823 tDe
2693 5761 3050 5839 Oﬁiciisfcap.
3083 5766 3175 5835 58,
3199 5781 3350 5823 num.
3386 5761 3511 5819 189.
