4148 6362
350 303 489 364 1897

1353 302 1391 360 Ε
1429 306 1738 365 SCllll’TlS
1776 306 1832 362 S.
1878 298 2197 360 AMBllOSll
2237 298 2662 359 COLLECTUS.

3507 303 3645 359 1898

412 426 504 482 22.
547 424 733 494 Neque
777 437 909 478 vero
952 422 1004 478 id
1053 422 1340 494 quisquam
1392 423 1548 479 facile
1593 424 1763 479 facit:
1809 421 1938 493 quid
1968 421 2013 482 Λ
2043 418 2493 481 sumntationem,
2525 425 2582 472 et
2630 415 2752 472 ﬁdei
2787 414 3175 486 plenitudinem
3209 431 3222 468 τ
3256 414 3648 485 quindenarius

341 519 489 576 enim
518 527 626 573 tam
667 515 892 572 difﬁcile
921 531 1082 588 quam
1111 515 1384 587 dispicere
1416 527 1688 588 tamquam
1717 531 1784 572 ex
1815 531 1942 572 arce

340 613 520 684 aliqua
552 610 853 683 sapientia,
887 624 1022 681 Opes
1043 609 1259 680 aliaque
1285 611 1490 676 omnia,
1521 626 1642 681 quze
1667 610 1941 682 plerisque

341 706 594 762 videntur
633 719 826 775 magna
866 711 922 758 et
971 701 1272 774 prtecelsa?
1319 703 1528 758 Deinde
1575 712 1633 756 ut
1673 700 1936 770 judicium

339 810 492 857 tuum
519 799 703 856 stabili
730 797 944 855 ratione
969 796 1262 853 conﬁrmes
1286 838 1302 865 ,
1352 805 1407 852 et
1445 812 1565 867 qure
1607 794 1940 866 jndieaveris

336 894 503 961 levia,
561 902 834 964 tamquam
863 891 998 947 nihil
1033 891 1313 961 profutura
1338 889 1704 946 contemnas?
1732 889 1938 945 Deinde

334 998 396 1045 ut
423 988 468 1044 si
497 985 628 1058 quid
656 984 917 1042 acciderit
939 984 1178 1052 adversi,
1208 983 1370 1054 idque
1409 997 1574 1055 grave
1601 992 1656 1038 et
1679 982 1934 1039 acerbum

333 1091 576 1153 putetur,
629 1079 702 1136 ita
733 1078 898 1146 feras,
926 1087 985 1134 ut
1006 1077 1140 1133 nihil
1173 1087 1369 1148 praeter
1395 1086 1642 1131 naturam
1671 1075 1937 1133 accidisse

333 1186 517 1249 putes,
547 1190 668 1231 cum
694 1172 890 1246 legeris
915 1189 931 1228 :
963 1171 1148 1227 Nudus
1177 1187 1297 1226 sum
1331 1179 1510 1233 natus,
1535 1168 1711 1225 nudus
1731 1168 1893 1225 exibo
1918 1185 1932 1222 :

333 1288 456 1345 quae
471 1271 732 1327 Dominus
756 1267 928 1334 dedit,
953 1266 1212 1323 Dominus
1237 1275 1293 1322 et
1321 1263 1546 1319 abstulit
1575 1262 1717 1337 (Job.
1750 1263 1931 1333 1,2l);

331 1376 390 1424 et
413 1366 599 1436 utique
631 1373 685 1420 et
710 1363 852 1418 ﬁlios
879 1362 1139 1417 amiserat
1182 1368 1236 1414 et
1281 1357 1607 1414 facultates:
1639 1372 1934 1427 servesque

329 1461 388 1518 in
417 1458 673 1516 omnibus
705 1470 996 1528 personam
1044 1451 1308 1523 sapientis
1348 1461 1403 1507 et
1443 1451 1600 1522 justi,
1653 1449 1792 1505 sicut
1843 1448 1934 1504 ille

327 1556 591 1620 servavit,
622 1550 715 1624 qui
743 1551 857 1607 ait:
892 1549 1046 1606 Sicut
1086 1546 1312 1603 Domino
1359 1546 1594 1618 placuit,
1634 1545 1706 1599 ita
1735 1547 1930 1616 factum

324 1663 405 1709 est
425 1693 440 1720 ,
468 1651 534 1706 sit
583 1665 764 1703 nomen
793 1644 1007 1701 Domini
1030 1643 1354 1700 benedictum
1385 1639 1600 1714 (Ibid.).
1634 1640 1701 1695 Et
1748 1638 1885 1695 infra
1913 1681 1928 1708 ,

2049 525 2180 566 vero
2235 526 2494 567 numerus
2549 519 2744 582 quater
2794 509 3010 574 ductus,
3043 509 3133 580 qui
3188 517 3314 565 sunt
3344 511 3644 582 sexaginta,

2047 605 2326 676 Evangelii
2361 605 2770 676 perfectionem.

2115 698 2208 753 ΞΒ.
2257 710 2277 735 ο
2304 699 2436 766 Quae
2481 707 2566 754 est
2618 707 2799 754 autem
2830 711 3076 769 propago
3125 696 3178 752 in
3228 698 3384 770 cujus
3414 699 3645 755 circuitu

2043 801 2296 864 potentes
2323 793 2412 848 isti
2443 793 2607 848 sunt?
2636 791 3002 862 Nephthalim,
3033 792 3232 864 inquit,
3259 793 3376 850 vitis
3403 795 3641 862 remissa,

2041 885 2309 957 porrigens
2325 885 2380 940 in
2400 885 2625 957 germine
2646 885 2903 940 decorem.
2933 885 3281 942 Sarmentum
3320 887 3447 942 vitis
3493 887 3642 944 aliud

2040 986 2355 1049 amputatur
2373 978 2516 1049 quod
2545 978 2763 1034 videtur
2793 978 3006 1045 inutile,
3049 994 3119 1034 ne
3146 993 3300 1035 cassa
3345 980 3472 1035 vitis
3523 997 3642 1038 sar—

2038 1082 2349 1128 mentorum
2381 1072 2746 1128 exsultatione
2792 1071 3064 1136 luxuriet,
3113 1083 3170 1128 et
3194 1071 3337 1127 aliud
3365 1073 3646 1144 paulisper

2039 1165 2301 1220 reciditur
2350 1174 2404 1220 et
2449 1164 2783 1231 remittitur,
2833 1174 2892 1219 ut
2923 1164 3156 1220 fructum
3211 1165 3438 1229 achrat,
3484 1170 3640 1237 cujus

2038 1259 2206 1315 decus
2239 1260 2293 1315 in
2324 1261 2677 1330 generatione
2705 1258 3021 1330 porrigitur;
3049 1259 3172 1329 quia
3202 1259 3326 1313 dum
3355 1260 3419 1314 ad
3450 1275 3642 1331 super-

2038 1370 2107 1410 na
2139 1369 2200 1410 se
2249 1354 2499 1426 subrigit,
2532 1355 2698 1410 vitem
2750 1353 3127 1423 amplectitur,
3159 1363 3210 1410 et
3266 1355 3330 1408 ad
3379 1356 3639 1412 verticem

2038 1449 2361 1516 ascendens,
2383 1447 2498 1519 jugi
2529 1448 2776 1519 quaedam
2810 1447 2950 1502 colla
2974 1446 3161 1501 vitium
3198 1448 3420 1518 pretiosi
3449 1449 3640 1518 palmi—

2040 1543 2108 1597 tis
2139 1543 2302 1598 vestit
2325 1542 2536 1596 monili.
2566 1543 2662 1596 Est
2692 1549 2748 1596 et
2779 1539 2871 1596 ille
2887 1539 3124 1596 decorus
3179 1541 3232 1595 in
3263 1544 3639 1612 generatione,

2036 1637 2159 1708 quia
2184 1637 2357 1706 plenis
2386 1635 2700 1708 palmitibus
2739 1636 2940 1690 multos
2979 1635 3186 1690 fruetus
3236 1634 3494 1691 exundat.
3539 1636 3642 1692 De-

325 1744 485 1801 Sicut
533 1759 640 1799 una
679 1739 1036 1811 insipientium
1080 1737 1356 1791 mulierum
1394 1737 1568 1790 locuta
1603 1748 1694 1788 es:
1721 1733 1768 1786 si
1798 1733 1931 1787 bona
2033 1743 2223 1785 corum
2249 1728 2486 1795 hoc,sed
2511 1727 2831 1783 multoillud
2851 1727 3310 1798 pulcltrius,quod
3334 1727 3637 1784 haerentem

323 1840 646 1910 suscepimus
674 1837 739 1892 de
765 1852 920 1891 manu
943 1831 1178 1901 Domini,
1208 1847 1326 1904 quae
1370 1831 1510 1886 mala
1537 1840 1655 1885 sunt
1687 1845 1792 1884 non
1814 1845 1929 1884 sus-
1959 1827 2007 1888 B
2034 1821 2310 1894 palmitem
2342 1821 2438 1875 viti
2468 1819 2738 1891 signiﬁCat
2768 1819 3022 1890 spiritali,
3053 1820 3208 1890 cujus
3249 1836 3348 1876 nos
3401 1837 3648 1878 sarmen-

325 1935 601 1991 tinebimus
633 1930 822 2005 (Ibid.,
856 1929 949 2001 2)?

403 2029 495 2084 25.
527 2036 553 2064 ει
577 2026 699 2082 Non
741 2032 828 2080 est
849 2023 1016 2094 igitur
1047 2020 1341 2078 mediocris
1371 2033 1472 2076 nec
1499 2018 1734 2076 discreta
1763 2034 1793 2074 a
1819 2034 1928 2075 cte-

2035 1926 2148 1971 turn
2179 1930 2390 1983 sumus,
2419 1924 2473 1970 et
2499 1913 2735 1969 fructum
2767 1913 2967 1968 afferre
2998 1927 3321 1984 possumus,
3351 1915 3396 1970 si
3424 1929 3646 1970 manea-

2034 2024 2158 2065 mus
2186 2009 2239 2064 in
2265 2010 2398 2076 vite;
2424 2008 2508 2063 sin
2531 2016 2733 2074 autem,
2760 2007 3129 2078 prmcidimnr.
3158 2007 3390 2063 Sanctus
3413 2009 3643 2080 patriar~

324 2123 467 2181 teris
495 2120 661 2177 animi
706 2117 1010 2184 fortitudo,
1055 2132 1177 2188 qua:
1213 2114 1418 2170 bellum
1470 2129 1594 2168 eum
1641 2113 1932 2169 virtutibus
2033 2101 2135 2158 Cha
2186 2100 2534 2172 Nephlbalim
2589 2109 2707 2156 erat
2752 2100 2961 2171 palmes
3014 2100 3339 2170 abundans,
3390 2103 3534 2159 unde
3588 2113 3645 2159 et

321 2224 512 2291 gerat;
561 2212 656 2271 sed
697 2227 820 2284 quae
847 2211 962 2267 sola
999 2208 1256 2266 defendat
1303 2217 1622 2264 ornamenta
1669 2208 1929 2262 virtutum

325 2310 571 2367 omnium
598 2349 614 2375 ,
661 2314 718 2362 et
756 2303 962 2376 judicia
1007 2301 1326 2367 custodiat,
1374 2308 1430 2356 et
1468 2315 1589 2371 quae
1615 2298 1933 2370 inexpiabili

326 2405 523 2478 praelio
553 2402 817 2460 adversus
850 2400 1034 2457 omnia
1064 2397 1194 2453 vitia
1221 2395 1504 2459 decernat,
1538 2394 1735 2450 invicta
1766 2393 1834 2450 ad
1857 2393 1935 2449 la-

328 2501 519 2568 bores,
549 2498 706 2554 fortis
717 2495 785 2552 ad
800 2493 1065 2566 pericula,
1086 2490 1310 2562 rigidior
1327 2487 1589 2545 adversus
1600 2487 1932 2558 voluptates,

331 2595 471 2651 dura
499 2592 764 2648 adversus
791 2587 1110 2652 illecebras,
1138 2583 1339 2656 quibus
1378 2598 1567 2639 aurem
1595 2581 1812 2638 deferre
1841 2596 1936 2635 ne-

331 2687 496 2752 sciat,
529 2699 630 2742 nec
657 2682 742 2755 (ut
767 2679 989 2749 dicitur)
1017 2693 1118 2734 ave
1138 2677 1317 2744 dicat,
1350 2675 1634 2747 pecuniam
1667 2671 1931 2744 negligat,

331 2782 619 2839 avaritiam
665 2777 834 2850 fugiat
883 2784 1158 2846 tamquam
1211 2771 1393 2828 labem
1443 2767 1766 2841 quamdam,
1815 2780 1937 2836 quae

331 2878 596 2936 virtutem
622 2874 929 2938 effeminet;
972 2869 1104 2926 nihil
1149 2869 1294 2926 enim
1325 2877 1434 2923 tam
1464 2865 1798 2923 contrarium
1826 2862 1938 2918 for-

332 2971 578 3036 titudini,
609 2983 771 3040 quam
800 2966 953 3022 lucro
981 2962 1152 3019 vinci.
1185 2961 1527 3030 Frequenter
1559 2956 1726 3026 pulsis
1767 2953 1940 3010 hosti-

331 3065 438 3124 bus
464 3107 478 3128 .
525 3063 785 3120 inclinata
833 3061 890 3115 in
930 3057 1108 3129 fugam
1139 3051 1579 3111 adversariorum
1609 3048 1728 3105 acie
1753 3089 1768 3113 ,
1807 3047 1935 3103 dum

329 3352 492 3426 jectze
523 3350 768 3420 legiones
793 3347 923 3402 dum
966 3341 1176 3417 1577
1206 3337 1399 3410 spoliis
1442 3341 1805 3407 occupantur,
1835 3331 1934 3388 ho-

331 3456 475 3505 stem
500 3445 553 3502 in
584 3458 645 3500 se
670 3449 1018 3505 revocarunt,
1043 3437 1136 3508 qui
1164 3435 1395 3507 fugerat.

404 3544 498 3600 24.
540 3536 830 3596 Fortitudo
856 3535 1020 3608 igitur
1043 3541 1152 3588 tam
1185 3532 1479 3586 immanem
1509 3532 1718 3596 pestem
1752 3520 1933 3591 repel-

334 3638 491 3696 latet
514 3640 774 3706 proterat,
807 3643 911 3686 nec
941 3633 1181 3684 tentetur
1227 3617 1638 3692 cupiditatibus,
1665 3629 1768 3670 nec
1790 3612 1935 3668 fran-

336 3739 495 3804 gatur
523 3735 704 3790 metu;
735 3723 862 3796 quia
888 3721 1060 3778 virtus
1085 3717 1186 3774 sibi
1215 3721 1462 3781 constat,
1491 3719 1550 3766 ut
1579 3709 1795 3766 fortiter
1820 3724 1937 3763 om-

334 3800 424 3880 nia
454 3827 815 3893 persequatur
841 3814 990 3879 vitia,
1023 3821 1293 3881 tamquam
1321 3803 1538 3862 virtutis
1566 3816 1793 3859 venena.
1827 3800 1936 3855 lra-

335 3916 586 3975 cundiam
651 3911 804 3969 velut
850 3905 1174 3982 quibusdam
1225 3899 1506 3975 propulset
1551 3897 1764 3962 armis,
1815 3907 1936 3964 qua:

337 4011 479 4069 tollit
526 4007 846 4072 consilium,
903 4011 958 4060 et
1011 4011 1288 4072 tamquam
1347 3993 1724 4068 aegritudinem
1778 3990 1930 4047 vitet.

335 4107 538 4167 Gloria:
581 4117 797 4176 quoque
836 4106 1026 4156 caveat
1059 4091 1449 4168 appetentiam,
1475 4104 1596 4162 quae
1627 4087 1936 4157 frequenter

336 4201 524 4259 nocuit
564 4192 971 4255 immoderatius
1002 4189 1264 4262 appetita,
1307 4197 1525 4253 semper
1555 4187 1735 4236 autem
1779 4192 1937 4233 usur-

336 4305 484 4368 pata.
509 4288 754 4348 Emolliri
776 4287 921 4342 enim
955 4282 1264 4339 adulatione
1296 4293 1402 4332 non
1451 4273 1628 4330 solum
1661 4268 1936 4328 fortitudi-

336 4360 424 4445 nis
453 4400 560 4442 non
581 4397 724 4447 esse,
753 4377 852 4436 sed
873 4377 1034 4434 etiam
1067 4372 1292 4446 ignaviae
1321 4367 1556 4424 videtur.
1590 4363 1798 4419 Horum
1826 4360 1938 4416 for-

336 4482 470 4538 tium
501 4486 680 4534 castra
724 4472 894 4531 Iacob
923 4469 1116 4526 videns
1142 4467 1196 4522 in
1243 4462 1462 4536 spiritu,
1490 4459 1694 4527 Castra,
1737 4455 1932 4528 inquit,

337 4574 438 4630 Dei
467 4581 587 4628 sunt
615 4569 725 4624 Ιιιεο
754 4565 909 4639 (Gen.
939 4577 1112 4629 xxxu,
1134 4558 1214 4632 2).

2037 2197 2252 2269 Moyses
2272 2195 2402 2252 dicit
2435 2213 2448 2251 :
2479 2193 2823 2266 Nephtltalim
2845 2196 3452 2267 satietasaccipientium,
3471 2198 3645 2269 reple-

2037 2289 2171 2344 bitur
2202 2288 2553 2344 benedictione
2574 2305 2606 2342 a
2636 2286 2863 2342 Domino
2884 2303 2903 2342 :
2941 2304 3085 2342 mare
3115 2300 3162 2342 et
3201 2288 3441 2362 Africum
3472 2290 3641 2363 possi-

2037 2382 2173 2438 debit
2197 2383 2216 2457 (
2239 2382 2394 2438 Deut.
2428 2396 2618 2448 χχχιιι,
2643 2379 2772 2452 ‘23);
2802 2395 3080 2451 exponens
3132 2379 3237 2436 hoc
3291 2381 3436 2452 quod
3477 2382 3643 2440 Jacoh

2036 2477 2272 2542 dixerat,
2308 2473 2438 2545 quid
2467 2474 2538 2527 sit
2560 2473 2678 2527 vitis
2715 2473 2950 2534 remissa,
2987 2472 3088 2526 hoc
3107 2482 3215 2541 est,
3248 2488 3345 2543 per
3371 2473 3497 2530 ﬁdei
3523 2490 3647 2546 gra-

2039 2572 2167 2627 tiam
2197 2568 2427 2625 vinculis
2457 2568 2646 2623 mortis
2673 2577 2907 2624 exutus:
2942 2567 2994 2622 in
3035 2583 3142 2634 quo
3175 2568 3517 2636 signiﬁcatur
3545 2586 3641 2641 po-

2039 2664 2197 2735 pulus
2226 2662 2323 2718 Dei
2357 2661 2424 2718 ad
2461 2660 2764 2718 libertatem
2817 2660 2942 2716 fidei
2971 2670 3025 2717 et
3067 2661 3377 2718 ubertatem
3415 2674 3639 2722 vocatus

2037 2757 2262 2830 gratim,
2296 2764 2410 2811 toto
2439 2755 2572 2810 orbe
2602 2753 2862 2821 diffusus,
2909 2755 3000 2824 qui
3038 2754 3231 2824 jugum
3261 2756 3462 2812 Christi
3496 2758 3640 2814 bono

2039 2849 2218 2906 fructu
2246 2849 2464 2911 vestiat.
2508 2854 2566 2903 et
2602 2847 2746 2918 ligna
2800 2861 2944 2902 vera:
2990 2847 3136 2903 illius
3176 2847 3328 2916 vitis,
3389 2849 3494 2906 hoc
3538 2862 3644 2919 est,

2040 2941 2297 3015 mysteria
2328 2939 2623 2996 Dominica:
2673 2938 2854 2994 crucis
2898 2939 3123 3007 ambiat,
3165 2955 3266 2995 nec
3305 2941 3644 2998 timeatcsn-

2041 3035 2293 3092 fessionis
2314 3034 2433 3106 ejus
2450 3035 2749 3105 perieulum
2777 3051 2789 3087 :
2815 3032 2908 3088 sed
2945 3033 3120 3104 magis
3145 3035 3307 3089 etiam
3365 3037 3416 3090 in
3462 3051 3646 3107 persc-

2039 3335 2175 3392 quos
2198 3334 2294 3391 pro
2337 3318 2540 3377 Christi
2579 3321 2798 3376 nomine
2841 3335 2947 3376 non
3011 3319 3274 3388 refutent,
3310 3322 3398 3378 vel
3447 3322 3648 3394 quibus

2038 3419 2340 3491 corporalia
2365 3435 2394 3473 a
2422 3417 2816 3490 spiritualibus,
2850 3420 3100 3474 umbram
3129 3433 3161 3474 a
3190 3418 3426 3476 veritate
3457 3419 3648 3476 distin—

2037 3521 2228 3584 guant.
2256 3513 2409 3568 Vivus
2445 3523 2520 3568 est
2543 3513 2677 3568 enim
2702 3511 2800 3568 Dei
2827 3529 2992 3568 sermo
3021 3521 3069 3567 et
3091 3513 3293 3585 efﬁcax,
3335 3522 3383 3568 et
3408 3524 3646 3585 penetra-

2039 3605 2196 3661 bilior
2235 3606 2378 3661 οηιηὶ
2426 3606 2602 3676 gladio
2649 3605 2897 3677 ancipiti,
2947 3616 2997 3659 et
3023 3606 3323 3678 pertingens
3382 3624 3541 3679 usque
3579 3611 3650 3662 ad

2040 3701 2342 3756 divisionem
2379 3702 2568 3755 anima:
2607 3716 2670 3754 ac
2709 3701 2960 3767 spiritus;
3010 3716 3325 3770 compagum
3363 3717 3561 3772 quoque
3589 3719 3650 3756 ac

2039 3795 2415 3860 medullarum,
2454 3807 2501 3850 et
2530 3795 2784 3849 discretor
2811 3795 3206 3867 cogitationum,
3237 3805 3286 3849 et
3307 3795 3647 3850 intentionum

2040 3890 2213 3946 cordis
2235 3906 2255 3944 :
2282 3900 2331 3944 et
2359 3906 2460 3944 non
2491 3897 2563 3943 est
2585 3889 2694 3943 ulla
2723 3899 2964 3944 creatura
2983 3887 3258 3944 invisibilis
3278 3888 3333 3942 in
3373 3899 3649 3960 conspectu

2038 3988 2173 4059 ejus,
2197 3985 2287 4042 sed
2306 3985 2478 4040 omnia
2509 3983 2648 4038 nuda
2669 3993 2717 4039 et
2747 3992 2927 4054 aperta
2948 3991 3065 4038 sunt
3103 3982 3268 4038 oculis
3293 3987 3407 4055 ejus
3435 3981 3454 4053 (
3481 3982 3643 4038 Hebr.

2040 4094 2117 4144 tv,
2145 4077 2214 4133 η
2237 4087 2285 4132 et
2318 4076 2427 4150 15).
2451 4076 2550 4132 Est
2571 4075 2717 4132 enim
2763 4075 2989 4132 verbum
3023 4074 3117 4130 Dei
3147 4073 3365 4145 gladius
3398 4074 3481 4130 bis
3509 4091 3609 4130 acu
3639 4108 3644 4114 -

2041 4181 2148 4228 tus.
2199 4171 2340 4228 Sunt
2388 4179 2445 4225 et
2492 4170 2581 4226 alii
2612 4168 2722 4224 duo
2753 4167 2918 4238 gladii
2950 4169 3003 4224 in
3030 4168 3276 4224 Ecclesia
3324 4167 3392 4224 de
3446 4170 3645 4240 quibus

2041 4262 2546 4331 dicitur:Domine,
2589 4279 2708 4319 ecce
2755 4262 2858 4317 duo
2906 4262 3071 4334 gladii
3099 4262 3208 4328 hic,
3262 4262 3648 4318 ecclesiastica:

2040 4359 2249 4417 scilicet
2292 4358 2578 4430 potestatis
2623 4370 2679 4414 et
2708 4355 3030 4424 mundanae,
3083 4355 3279 4428 quibus
3321 4355 3456 4412 falsa
3487 4371 3646 4428 repu-

2039 4463 2170 4526 gnat
2195 4451 2588 4509 misericordia.

2113 4547 2204 4605 28.
2253 4557 2276 4584 θ
2309 4547 2404 4602 Est
2427 4545 2574 4618 justa
2603 4543 2974 4601 misericordia
2998 4560 3012 4598 :
3035 4543 3132 4600 sed
3159 4552 3243 4601 est
3262 4544 3424 4601 etiam
3447 4543 3645 4615 injusta

407 4669 501 4726 25.
543 4667 570 4706 ι’
596 4663 738 4736 Quid
763 4637 943 4718 autem
990 4667 1120 4716 sunt
1146 4653 1464 4725 sexaginta?
1491 4649 1708 4707 Scimus
1733 4644 1940 4702 hebdo-
1963 4637 2016 4698 D
2043 4642 2440 4701 misericordia.
2468 4642 2712 4712 Denique
2741 4642 2794 4696 in
2823 4640 2966 4711 Lege
3005 4639 3265 4708 scriptum
3295 4647 3380 4694 est
3407 4639 3476 4695 de
3505 4655 3644 4710 quo-

335 4761 552 4822 madam
607 4759 829 4823 veteris,
877 4750 1163 4826 ogdoaden
1195 4757 1375 4805 autem
1421 4743 1547 4800 novi
1577 4755 1703 4798 esse
1747 4738 1937 4795 Testa-

335 4855 545 4919 menti,
573 4850 785 4908 scilicet
825 4845 1046 4919 quando
1073 4841 1324 4900 Christus
1372 4833 1694 4901 resurrexit,
1738 4839 1795 4888 et
1819 4829 1936 4886 dies

335 4950 591 5010 omnibus
620 4959 777 5002 novre
798 4940 992 4999 salutis
1030 4936 1241 4996 illuxit:
1275 4946 1384 5006 quo
1420 4930 1509 4987 die
1535 4945 1596 4986 se
1621 4927 1794 4998 fulgor
1820 4923 1938 4994 ple-

334 5061 424 5103 nae
473 5053 634 5114 atque
681 5039 936 5112 perfectae
963 5028 1397 5092 circumcisionis
1425 5024 1674 5083 humanis
1701 5019 1940 5093 pectori-

335 5138 442 5196 bus
466 5111 695 5194 infudit.
737 5133 960 5204 Septem
1013 5135 1193 5184 autem
1235 5132 1290 5180 et
1338 5128 1485 5188 octo,
1517 5115 1828 5191 quindecim
1863 5111 1942 5168 fa-

335 5234 510 5291 ciunt.
539 5231 630 5289 Isti
661 5244 794 5301 ergo
821 5234 950 5283 sunt
974 5232 1187 5293 septem
1216 5228 1273 5276 et
1297 5224 1455 5283 octo,
1490 5212 1545 5270 id
1574 5221 1688 5276 est,
1713 5207 1942 5301 quinde-

333 5327 469 5394 cim,
499 5324 695 5396 quibus
721 5298 980 5378 conduxit
997 5317 1137 5373 Osee
1161 5309 1525 5374 meretricem,
1551 5318 1712 5377 quam
1739 5298 1944 5357 condu-

334 5417 570 5478 cendam
614 5416 878 5472 Dominus
902 5413 952 5469 ei
994 5415 1353 5484 praeceperat.
1384 5397 1739 5459 Hebdomada
1760 5396 1944 5466 itaque

335 5523 398 5574 et
441 5521 631 5570 octava
662 5509 966 5584 signiﬁcant
1017 5505 1250 5562 duorum
1275 5499 1760 5557 Testamentorum
1814 5504 1946 5546 con-

415 5686 445 5715 ει
483 5675 648 5742 Ibid.,
675 5687 797 5742 cap.
824 5670 1100 5742 39,7num.
1130 5662 1262 5722 202.

336 5810 340 5814 ,
413 5747 446 5789 ι)
489 5749 591 5819 Ep.
623 5744 691 5819 ad
714 5741 1131 5819 ljorontianum.

417 5831 443 5861 ο
483 5795 696 5878 Cilla;
714 5795 1006 5873 benedici.
1042 5804 1334 5880 patriarch.
1359 5816 1484 5876 cap.
1518 5798 1611 5870 10,
1651 5812 1805 5856 num.
1847 5795 1940 5852 il.

875 5909 1155 5970 ΡΑτιιοι.
1222 5900 1364 5965 XV.

2045 4739 2208 4795 dam:
2243 4736 2364 4791 Non
2413 4735 2732 4792 misereberis
2770 4733 2916 4789 illius
2956 4731 3138 4807 (Deut.
3171 4731 3440 4807 xtx,13).
3473 4733 3540 4790 Ει
3587 4734 3642 4790 in

2044 4831 2197 4887 libris
2221 4829 2534 4901 Regnorum
2554 4827 2690 4900 legis
2727 4825 2855 4898 quia
2899 4826 3030 4882 Saul
3059 4835 3344 4898 propterea
3373 4828 3649 4884 contraxit

2043 4923 2328 4990 offensam,
2359 4922 2482 4992 quia
2511 4922 2802 4978 miseratus
2846 4929 2932 4978 est
2977 4919 3127 4992 Agag
3173 4920 3409 4977 hostium
3435 4937 3644 4995 regem,

2045 5034 2207 5092 quem
2249 5015 2605 5088 prohibuerat
2653 5014 2926 5070 sententia
2973 5013 3152 5070 divina
3188 5015 3397 5071 servari
3426 5015 3644 5088 (IReg.

2047 5129 2139 5181 xv,
2172 5109 2252 5184 9).
2285 5109 2356 5168 Ut
2395 5110 2440 5165 si
2468 5109 2589 5181 quis
2616 5108 2884 5163 latronem
2919 5105 3047 5161 ﬁliis
3077 5106 3500 5177 deprecantibus
3527 5123 3648 5164 mo-

2051 5217 2158 5271 tus,
2186 5213 2243 5261 et
2265 5201 2520 5274 lacrymis
2545 5200 2794 5272 conjugis
2814 5199 2935 5270 ejus
2963 5197 3232 5266 inflexus,
3257 5199 3649 5256 absolvendum

2052 5307 2228 5371 putet,
2250 5297 2336 5353 cui
2361 5296 2539 5352 adhuc
2565 5293 2925 5351 latrocinandi
2955 5293 3158 5364 aSpiret
3186 5293 3440 5350 aﬁ‘ectus:
3472 5311 3654 5351 nonne

2050 5391 2368 5449 innocentes
2402 5388 2580 5444 tradet
2598 5387 2786 5454 exitio,
2811 5387 2905 5458 qui
2947 5387 3147 5444 liberat
3167 5387 3461 5444 multorum
3488 5389 3654 5446 exitia

2050 5485 2420 5560 cogitantem?
2448 5482 2611 5541 Certe
2653 5483 2700 5539 si
2731 5480 2965 5555 gladium
2993 5481 3266 5553 reprimit,
3304 5483 3520 5541 vincula
3548 5484 3651 5540 dis-

2123 5644 2154 5686 ἀ
2190 5644 2311 5703 Lib.
2337 5661 2370 5702 x
2398 5645 2452 5701 in
2471 5644 2630 5710 Luc.,
2656 5642 2724 5699 ad
2750 5656 2872 5713 cap.
2901 5639 2995 5696 22.

2128 5731 2152 5759 υ
2191 5719 2250 5776 ln
2286 5717 2422 5792 psal.
2447 5731 2640 5785 cxvut,
2663 5711 2831 5773 sem.
2857 5713 2913 5782 8,
2941 5727 3093 5769 num.
3117 5711 3189 5769 35
3208 5720 3264 5771 ot
3293 5726 3410 5785 seq.

2985 5877 3064 5942 23
