4148 6362
564 311 702 378 1899

1567 308 2114 367 COMMENTARlUS
2151 305 2218 364 IN
2259 301 2556 362 CANTICA
2594 296 2867 362 CANTIC.

3713 301 3834 361 1900

563 438 749 504 solvit,
774 437 922 492 laxat
969 433 1222 491 exsilium
1249 449 1264 497 ;
1294 447 1392 488 cur
1418 429 1781 486 latrocinandi
1836 443 1938 498 qua
1985 437 2159 497 poleSt
2187 428 2239 487 Α
2340 422 2429 479 52,
2459 423 2486 460 ι)
2509 421 2685 476 Media
2714 421 2965 475 charitate
2993 418 3300 484 constravit,
3334 424 3543 488 propter
3567 417 3701 485 ﬁlias
3725 417 3835 474 ﬂic-

563 533 918 590 clementiore
940 532 1022 584 via
1055 545 1160 585 non
1194 526 1355 596 eripit
1389 525 1721 585 facultatem.
1762 523 1853 594 qui
1899 523 2148 577 volunta-

566 637 675 682 tem
702 635 1024 695 extorquere
1060 638 1165 677 non
1206 622 1414 691 potuit?
1444 619 1650 675 Deinde
1689 619 1831 674 inter
1871 615 2030 683 duos,
2059 616 2162 671 hoc

563 731 669 784 est,
693 727 1061 774 accusatorem
1084 723 1139 771 et
1164 729 1314 771 reum
1341 713 1456 784 pari
1485 711 1725 784 periculo
1766 710 1833 767 de
1860 709 2037 780 capite
2063 708 2160 764 de-

564 821 875 879 cernentes,
908 811 1140 866 atterum
1174 809 1219 864 si
1259 822 1365 862 non
1389 806 1699 878 probasset,
1726 805 1956 860 alterum
1983 802 2028 857 si
2057 817 2164 858 non

565 915 708 963 esset
735 908 803 961 ab
847 911 1163 960 accusatore
1202 902 1504 966 convictus,
1531 915 1636 955 non
1687 898 1738 953 id
1775 896 1989 971 1578
2017 895 2160 967 quod

559 999 784 1071 iustitia:
810 1005 913 1066 est,
940 993 1104 1067 judex
1135 1003 1426 1065 sequatur;
1461 993 1557 1048 sed
1588 993 1711 1047 dum
1745 990 2029 1045 miseretur
2057 987 2159 1056 rei,

564 1092 786 1149 damnet
823 1091 1144 1163 probantem
1181 1106 1192 1141 :
1243 1095 1336 1142 aut
1388 1085 1516 1142 dum
1563 1085 1867 1141 accusatori
1902 1083 2044 1138 laxet
2071 1080 2162 1152 qui

565 1187 797 1256 probare
845 1199 953 1240 non
985 1183 1180 1253 possit,
1210 1180 1429 1236 abdicat
1473 1180 1776 1235 innoxium.
1827 1176 1944 1232 Non
1981 1183 2165 1248 potest

564 1278 727 1349 igitur
749 1275 864 1332 haec
885 1275 994 1330 dici
1017 1277 1162 1346 justa
1192 1272 1587 1329 misericordia.

635 1368 727 1424 29.
770 1367 826 1423 In
868 1367 982 1438 ipsa
1034 1366 1272 1420 Ecclesia
1301 1363 1392 1419 ubi
1435 1364 1669 1418 maxime
1705 1362 1947 1418 misereri
1979 1361 2159 1427 decet,

563 1460 734 1517 teneri
757 1475 915 1530 quam
943 1457 1355 1513 maximedebct
1376 1458 1549 1512 forma
1574 1455 1818 1528 justitiae,
1845 1471 1913 1510 ne
1964 1455 2087 1524 quis
2131 1469 2160 1508 a

563 1555 838 1610 consortio
882 1551 1280 1610 communionis
1310 1551 1594 1606 abstcutus
1614 1592 1629 1614 ,
1657 1549 1807 1605 brevi
1837 1548 2160 1620 lacrymula,

565 1656 724 1719 atque
753 1645 818 1702 ad
872 1656 1082 1717 tempus
1115 1655 1317 1716 parata,
1347 1645 1429 1699 vel
1461 1643 1622 1699 etiam
1656 1642 1999 1698 uberioribus
2026 1641 2166 1697 ﬂeti-

565 1743 663 1796 bus
712 1741 1148 1797 communionem
1209 1754 1370 1808 quam
1403 1737 1651 1808 plurimis
1678 1735 1839 1792 debet
1886 1734 2164 1804 postulare

2263 517 2505 571 rusalem.
2536 516 2670 584 Qua:
2697 526 2824 571 sunt
2856 515 2975 569 ista:
3004 513 3164 568 tiliae?
3190 510 3306 566 Non
3336 510 3498 567 debet
3526 526 3646 569 esse
3677 514 3839 567 osenl-

2265 619 2400 672 tum,
2453 609 2597 679 quod
2633 609 2947 680 superiores
2979 605 3264 661 videantur
3309 605 3398 674 qui
3449 613 3573 660 ante
3619 607 3838 676 generati

2262 712 2410 765 sunt,
2435 701 2766 756 inﬁrmiores
2795 701 2886 771 qui
2919 708 3130 770 postea.
3160 697 3556 769 Comparantur
3580 695 3718 752 enim
3741 709 3842 753 ute-

2262 812 2324 850 ro
2344 795 2588 850 mulieris
2614 807 2800 866 partus
2848 793 3031 849 seaculi
3075 792 3269 862 hujus;
3299 793 3556 863 quoniam
3608 793 3841 848 fortiores

2264 899 2390 942 sunt
2420 887 2581 958 quiin
2611 887 2809 942 virtute
2855 885 3162 957 jnventutis
3195 885 3305 939 nati
3346 893 3492 950 sunt,
3537 885 3845 940 inﬁrmiores

2263 983 2354 1052 qui
2401 993 2645 1052 tempore
2687 984 3009 1037 senectutis.
3062 979 3270 1036 Deiecit
3328 979 3472 1034 enim
3522 980 3846 1034 multitudine

2261 1077 2628 1147 generationis
2651 1075 2754 1130 hoc
2794 1078 3052 1131 smculum
3085 1075 3223 1129 sicut
3251 1073 3406 1128 vulva
3433 1076 3757 1144 generantis,
3798 1082 3846 1128 et

2265 1181 2536 1243 tamquam
2566 1184 2862 1226 senescens
2899 1180 3148 1225 creatura
3198 1169 3366 1223 robur
3401 1168 3700 1239 jnventutis
3722 1182 3843 1232 suat,

2266 1267 2418 1322 velut
2447 1263 2712 1320 marcenti
2739 1264 2851 1334 jam
2903 1263 3097 1317 virium
3129 1275 3346 1317 suarum
3389 1260 3572 1332 vigore
3617 1260 3843 1330 deponit.

2267 1359 2388 1414 Istae
2433 1374 2566 1430 ergo
2597 1364 2725 1414 sunt
2754 1357 2880 1411 ﬁliae
2923 1355 3293 1423 HieruSalem,
3318 1354 3369 1410 id
3410 1362 3517 1421 est,
3564 1356 3848 1410 teneriores

2265 1462 2323 1508 et
2377 1452 2704 1508 inﬁrmiores
2755 1452 2954 1506 anima:
2990 1468 3002 1504 :
3036 1450 3152 1505 istis
3193 1465 3252 1504 se
3301 1448 3520 1504 exhibet
3577 1459 3632 1502 ut
3687 1451 3848 1503 luceat

2267 1548 2445 1618 imago
2503 1546 2619 1616 ejus
2672 1546 2727 1600 in
2768 1545 3116 1601 confessione
3168 1557 3379 1608 earum,
3409 1543 3587 1598 luceat
3631 1543 3682 1598 in
3725 1542 3848 1598 dile-

2266 1642 2468 1705 ctione,
2495 1643 2676 1698 luceat
2695 1642 2746 1696 in
2771 1642 3135 1713 operibus;et
3157 1638 3203 1694 si
3230 1640 3346 1694 ﬁeri
3376 1648 3578 1710 potest,
3608 1647 3716 1694 tota
3739 1637 3847 1709 ejus

2267 1737 2478 1809 species
2495 1739 2834 1809 exprimatur
2857 1739 2908 1791 in
2942 1735 3094 1808 ipsis.

564 1834 922 1904 temporibus,
957 1831 1214 1888 facilitate
1259 1831 1563 1886 sacerdotis
1599 1838 1941 1899 extorqueat.
1974 1827 2162 1882 Nonne
2192 1823 2242 1884 B
2340 1831 2430 1886 55.
2479 1841 2502 1869 ο
2531 1830 2626 1886 ﬂre
2659 1832 2824 1903 igitur
2848 1830 2972 1886 ﬁlim
3009 1831 3350 1885 Hierusalem
3378 1844 3635 1901 sponsam
3683 1843 3854 1884 ascen-

562 1939 684 1983 cum
717 1927 805 1982 uni
839 1926 1080 1996 indulget
1105 1925 1352 1996 indigno,
1379 1924 1640 1996 plurimos
1670 1922 1796 1977 facit
1834 1922 1900 1976 ad
1956 1922 2164 1993 prolap-

559 2021 730 2076 sionis
777 2019 1088 2090 contagium
1123 2017 1448 2089 provocari?
1493 2015 1748 2071 Facilitas
1777 2015 1919 2070 enim
1954 2015 2158 2083 veniae,

564 2113 897 2168 incentivum
925 2113 1114 2167 tribuit
1156 2109 1528 2180 delinquendi.
1562 2108 1677 2165 Hoc
1706 2123 1772 2164 eo
1821 2107 2022 2163 dictum
2055 2116 2159 2175 est,

563 2217 623 2264 ut
654 2208 889 2264 sciamus
937 2205 1235 2262 secundum
1259 2205 1484 2261 verbum
1513 2202 1645 2268 Dei,
1668 2201 1966 2257 secundum
1997 2198 2166 2255 ratio-

564 2316 689 2357 nem
718 2299 1142 2370 diSpensandam
1171 2313 1294 2354 esse
1321 2296 1751 2353 misericordiam
1779 2293 2117 2350 debitoribus
2146 2313 2159 2349 :

562 2396 699 2451 alias
720 2405 899 2450 autem
918 2393 1127 2466 gladius
1142 2393 1282 2462 quod
1302 2408 1458 2447 suum
1477 2402 1581 2458 est,
1597 2398 1946 2462 exsequatur.

635 2490 725 2547 50.
771 2489 952 2561 (Vers.
981 2489 1034 2554 9,
1063 2488 1176 2560 10.)
1202 2498 1227 2525 ιι
1258 2486 1470 2542 Lectum
1512 2487 1631 2559 fecit
1671 2486 1767 2540 sibi
1800 2484 2049 2542 Salomon
2073 2499 2164 2539 rex

564 2602 628 2641 ea:
654 2585 809 2658 lignis
837 2584 1024 2640 Libani
1051 2627 1066 2650 ,
1089 2585 1358 2639 columnas
1389 2585 1500 2655 ejus
1539 2582 1658 2654 fecit
1688 2591 1976 2656 argenteas,
1999 2579 2162 2633 accli-

561 2679 817 2734 natorium
849 2695 1087 2743 aureum,
1123 2693 1391 2732 ascensum
1430 2681 1541 2751 ejus
1573 2693 1913 2747 purpureum,
1951 2674 2164 2729 dorsum

562 2778 674 2849 ejus
687 2773 902 2846 gemmis
929 2782 1169 2828 stratum.
1201 2771 1337 2841 Quis
1378 2781 1458 2827 est
1479 2773 1581 2828 iste
1610 2773 1807 2839 lectus,
1840 2772 1942 2826 nisi
1969 2785 2166 2842 corpo-

563 2866 639 2920 ris
671 2865 842 2921 nostri
893 2865 1103 2934 species
1129 2863 1152 2918 l
1179 2863 1419 2936 Namque
1458 2863 1514 2918 in
1570 2867 1801 2936 gemmis
1846 2878 1940 2920 aer
1981 2862 2165 2934 specie

563 2959 784 3032 fulgoris
827 2959 1158 3024 ostenditur,
1185 2958 1238 3014 in
1272 2975 1409 3014 auro
1438 2959 1596 3031 ignis,
1631 2975 1769 3031 aqua
1815 2960 1870 3014 in
1914 2969 2160 3028 argento,

565 3066 705 3112 terra
738 3071 834 3125 per
865 3055 1068 3125 lignum
1096 3070 1110 3120 ;
1145 3069 1209 3108 ex
1235 3053 1432 3124 quibus
1463 3068 1662 3124 corpus
1691 3053 1986 3108 humanum
2025 3067 2162 3123 qua-

564 3159 686 3205 tuor
713 3157 927 3205 constat
957 3148 1262 3212 elementis,
1289 3147 1341 3202 in
1370 3163 1479 3218 quo
1501 3156 1684 3201 nostra
1716 3147 1939 3202 recubat
1959 3147 2160 3211 anima,

2265 1926 2510 1990 dentem,
2539 1936 2592 1980 et
2620 1941 2727 1980 non
2759 1926 3105 1981 resistentem
3153 1925 3401 1979 videntes
3427 1965 3442 1989 ,
3473 1933 3530 1980 et
3557 1924 3849 1978 meritorum

2265 2020 2383 2090 ejus
2410 2020 2669 2075 odoribus
2716 2020 3024 2087 delectatte,
3057 2029 3418 2090 agnoscentes
3470 2031 3686 2088 quoque
3711 2016 3852 2073 Salo-

2268 2117 2443 2172 monis
2487 2115 2629 2170 illius
2681 2130 2806 2171 esse
2852 2113 3062 2184 paciﬁci
3093 2127 3372 2184 Sponsam,
3416 2114 3582 2167 etiam
3615 2111 3852 2165 comitatu

2267 2209 2456 2265 sedulo
2488 2218 2892 2279 persequuntur
2916 2222 3088 2278 usque
3118 2207 3184 2261 ad
3210 2206 3411 2261 lectum
3439 2203 3774 2261 Salomonis:
3794 2215 3854 2257 eo

2266 2304 2410 2375 quod
2438 2305 2486 2360 ei
2523 2319 2649 2358 vera
2694 2304 2748 2358 in
2815 2301 3034 2360 Christo
3079 2301 3296 2373 requies
3345 2300 3628 2356 debeatur.
3677 2297 3854 2352 Lectus

2266 2398 2410 2452 enim
2440 2405 2752 2452 sanctorum
2796 2396 3048 2452 Christus
3088 2403 3194 2462 est,
3225 2395 3276 2450 in
3334 2411 3443 2465 quo
3499 2394 3850 2449 universorum

2266 2492 2410 2548 fessa
2453 2492 2809 2547 saecularibus
2850 2491 3058 2563 pneliis
3082 2491 3246 2546 corda
3279 2489 3651 2560 requiescunt.
3681 2486 3733 2542 ln
3763 2485 3853 2540 hoc

2268 2587 2414 2643 lecto
2443 2587 2702 2658 requievit
2738 2587 2905 2651 Isaac,
2964 2594 3020 2641 et
3061 2585 3341 2640 benedixit
3372 2583 3545 2639 ﬁlium
3580 2582 3847 2653 juniorem,

2269 2684 2496 2738 dicens:
2551 2681 2728 2754 Major
2770 2683 2953 2736 serviet
3006 2681 3234 2735 minori:
3277 2680 3329 2734 in
3382 2680 3488 2735 hoc
3544 2681 3681 2735 lecto
3710 2691 3850 2731 recu-

2267 2777 2403 2833 bans
2441 2775 2646 2842 Jacob,
2711 2775 2994 2832 benedixit
3041 2774 3331 2830 duodecim
3379 2772 3752 2844 patriarchas:
3803 2769 3851 2822 in

2270 2870 2372 2926 hoc
2405 2871 2548 2925 lecto
2600 2869 2868 2925 recubans
2921 2867 3335 2940 archisynagogi
3391 2866 3535 2931 ﬁlia,
3582 2865 3854 2921 surrexita

2270 2974 2446 3019 morte
2480 2982 2492 3018 :
2527 2963 2581 3018 in
2614 2962 2718 3018 hoc
2756 2964 2897 3018 lecto
2925 2963 3116 3032 jacens
3149 2963 3339 3016 unicus
3367 2961 3547 3016 vidua:
3590 2959 3853 3014 defunctus

2270 3057 2436 3122 ﬁlius,
2470 3057 2663 3111 mortis
2691 3055 2909 3110 vincula
2937 3053 3142 3110 Christi
3170 3071 3303 3110 voce
3327 3065 3557 3110 vocatus
3608 3049 3850 3108 dissolvit.

2273 3147 2539 3203 Perducta
2568 3149 2939 3220 igiturSponsa
2955 3162 3127 3218 usque
3150 3147 3216 3202 ad
3231 3147 3417 3215 Sponsi
3444 3147 3712 3217 requiem,
3731 3159 3852 3211 nup-

566 3244 610 3298 si
649 3257 755 3298 non
779 3257 974 3311 aSpero
997 3241 1285 3305 montium,
1311 3257 1418 3294 non
1444 3238 1764 3294 humiarido
1779 3255 1974 3310 expers
2013 3238 2168 3309 quie-
2197 3216 2243 3278 C
2281 3244 2410 3298 tiale
2437 3253 2640 3298 canunt
2663 3259 2920 3310 carmen,
2962 3243 3207 3298 dicentes
3245 3242 3460 3296 ﬁliabus
3496 3237 3850 3296 llierusalem:

565 3337 634 3390 tis
657 3337 904 3401 exsistat;
925 3336 1020 3392 sed
1043 3333 1657 3404 sublimisavitiisligno
1681 3333 1810 3387 lulta
1837 3333 2162 3403 requiescat.

566 3431 722 3489 Unde
767 3439 820 3487 et
849 3429 1014 3486 David
1044 3430 1176 3485 dicit
1207 3447 1220 3484 :
1255 3427 1510 3484 Dominus
1562 3446 1710 3501 opem
1739 3431 1873 3501 ferat
1902 3430 1980 3484 illi
2013 3445 2166 3499 super

565 3524 752 3578 lectum
799 3523 996 3578 doloris
1022 3525 1134 3598 ejus
1167 3521 1338 3594 (Psal.
1371 3539 1464 3586 ιι,
1493 3520 1574 3594 4);
1609 3538 1732 3577 nam
1758 3521 1930 3576 lectus
1961 3522 2168 3579 doloris

567 3631 688 3671 esse
746 3616 837 3687 qui
883 3623 1080 3687 potest,
1117 3630 1239 3671 cum
1287 3615 1474 3670 dolere
1522 3631 1632 3670 non
1684 3615 1875 3686 possit,
1925 3616 2014 3685 qui
2059 3631 2165 3669 non

568 3709 734 3766 habet
769 3709 1013 3765 sensum?
1049 3705 1260 3778 Corpus
1292 3717 1470 3763 autem
1520 3706 1748 3773 doloris,
1799 3707 1941 3762 sicut
1969 3719 2168 3777 corpus

566 3813 650 3861 est
678 3805 907 3860 mortis:
943 3801 1142 3876 Infelix
1171 3818 1263 3874 ego
1318 3802 1514 3856 homo!
1542 3801 1653 3871 quis
1683 3817 1762 3855 me
1816 3801 2049 3856 liberabit
2103 3800 2167 3856 de

569 3915 782 3969 corpore
815 3897 992 3952 mortis
1020 3900 1135 3970 ejus
1167 3895 1345 3967 (Rom.
1371 3912 1464 3962 vn,
1488 3894 1583 3966 “24)
1608 3897 1632 3950 ?

639 3989 732 4048 51.
775 3991 841 4046 Et
865 3989 1128 4075 quoniam,
1181 3989 1507 4045 versiculum
1565 3989 1909 4056 induximus,
1961 3989 2013 4044 in
2058 4002 2168 4059 quo

569 4085 836 4140 Dominici
882 4082 1132 4154 corporis
1183 4081 1407 4138 iecimus
1449 4083 1826 4145 mentionem.
1885 4098 1952 4137 ne
2006 4097 2168 4154 quem

571 4176 712 4232 forte
740 4175 1018 4246 perturbet
1049 4174 1340 4246 legentem,
1363 4177 1505 4246 quod
1537 4175 1797 4230 Dominus
1819 4191 2020 4246 corpus
2050 4190 2170 4232 sus-

570 4271 716 4341 cepit
740 4269 970 4334 doloris,
1007 4267 1325 4324 recordetur
1351 4269 1472 4336 quia
1503 4269 1690 4324 Lazari
1723 4278 1950 4325 mortem
1996 4279 2049 4323 et
2074 4270 2172 4322 ilo-

572 4363 669 4418 luit
691 4371 744 4418 et
772 4361 942 4429 ﬂevit,
969 4370 1024 4416 et
1054 4361 1105 4415 in
1137 4362 1391 4432 passione
1436 4370 1519 4417 est
1548 4362 1886 4428 vulneratus,
1915 4371 2075 4432 atque
2103 4377 2169 4417 ex

571 4455 796 4511 vulnere
825 4453 1046 4526 sanguis
1073 4463 1127 4509 et
1172 4470 1309 4524 aqua
1334 4454 1520 4520 exivit,
1553 4454 1912 4525 Spiritumque
1948 4455 2170 4510 exhala-

572 4548 647 4604 vit
672 4548 863 4620 (Joan.
897 4563 974 4613 xi,
1026 4544 1153 4618 35).
1187 4546 1339 4618 Aqua
1373 4548 1439 4602 ad
1487 4547 1802 4616 lavacrum,
1834 4549 2055 4621 sanguis
2102 4549 2168 4604 ad

573 4651 777 4712 potum.
811 4642 1036 4712 Spil‘lllls
1067 4641 1130 4695 ad
1175 4643 1654 4699 resurrectionem.
1693 4643 1845 4701 Unus
1892 4648 2036 4700 enim
2085 4653 2169 4701 est

571 4735 822 4792 Christus
859 4736 1012 4790 nobis
1059 4751 1216 4806 spes,
1254 4736 1408 4805 ﬁdes,
1439 4737 1715 4794 Charitas:
1747 4755 1872 4810 spes
1903 4741 1954 4795 in
1988 4757 2168 4797 resur-

573 4831 837 4897 rectione,
880 4829 1012 4885 ﬁdes
1059 4831 1109 4884 in
1143 4831 1381 4896 lavacro,
1431 4831 1667 4888 charitas
1705 4833 1757 4888 in
1803 4845 2162 4891 sacramento.

574 4925 776 4980 Tamen
802 4934 856 4978 ut
888 4939 1086 4996 corpus
1108 4929 1347 4997 suscepit
1373 4927 1580 4983 doloris
1602 4971 1616 4994 ,
1640 4930 1710 4983 ita
1741 4929 1906 4985 etiam
1938 4940 2166 4986 stratum

571 5018 627 5072 in
649 5015 962 5072 inﬁrmitate
991 5019 1267 5082 versavit;
1291 5019 1413 5090 quia
1439 5021 1712 5075 convertit
1734 5021 1789 5075 in
1817 5025 2166 5079 commodum

572 5109 754 5165 carnis
782 5109 1064 5165 humanas:
1102 5128 1224 5165 nam
1260 5113 1508 5180 passione
1537 5113 1824 5170 inlirmitas
1856 5123 1940 5171 est
1972 5117 2170 5186 soluta,

575 5217 720 5258 mors
758 5205 1174 5260 resurrectione.
1218 5207 1281 5258 lit
1327 5213 1505 5262 tamen
1557 5224 1792 5265 interere
1822 5226 1918 5279 pro
1946 5213 2166 5281 saeculo,

573 5301 807 5372 gaudere
836 5300 1046 5357 debetis
1085 5302 1138 5356 in
1167 5301 1396 5358 Domino
1421 5321 1434 5356 :
1469 5303 1650 5359 triSIes
1677 5303 1743 5358 ad
1769 5307 2166 5374 ptrnitentiam,

574 5396 783 5450 alacres
811 5393 878 5450 ad
920 5395 1172 5466 gratiam,
1224 5394 1347 5450 licet
1375 5408 1430 5452 et
1471 5395 1604 5454 ﬁere
1657 5414 1778 5455 cum
1812 5399 2083 5468 ﬂentibus,
2115 5407 2171 5457 et

571 5488 809 5560 gaudere
857 5501 981 5544 cum
1031 5489 1388 5560 gaudentibus
1421 5501 1671 5561 oportere
1698 5493 1939 5562 gentium
1967 5493 2167 5550 Doctor

571 5585 794 5642 salutari
825 5585 1192 5657 praceptione
1223 5586 1614 5658 praescripserit
1636 5587 1814 5661 (Rom.
1849 5605 1943 5656 xu,
1975 5590 2088 5661 15).

650 5801 674 5827 ἰ
715 5787 834 5844 Lib.
869 5803 927 5844 ιιι
964 5788 1030 5842 de
1056 5789 1228 5860 Virg,
1255 5803 1372 5858 cap.
1401 5789 1455 5855 5,
1490 5806 1637 5848 num.
1666 5791 1756 5847 21.

648 5862 671 5899 ⁵⁷
713 5860 830 5917 Lib.
857 5860 923 5916 de
955 5860 1096 5918 bono
1123 5861 1347 5930 mortis,
1381 5877 1431 5917 c.
1469 5863 1552 5921 l0.

2340 3336 2430 3391 54.
2474 3335 2655 3406 (Vers.
2684 3334 2800 3408 ll.)
2831 3334 3153 3407 Egredimini
3206 3339 3255 3389 et
3282 3334 3446 3387 videte
3469 3333 3524 3388 in
3576 3349 3692 3406 rege
3716 3329 3854 3386 Salo—

2267 3446 2418 3484 mone
2439 3446 2709 3496 coronam,
2746 3446 2849 3501 qua
2888 3429 3154 3484 coronavit
3177 3444 3294 3482 eum
3323 3438 3491 3482 mater
3514 3430 3658 3501 ejus,
3706 3425 3756 3477 in
3780 3422 3853 3475 die

2269 3524 2592 3594 sponsalium
2641 3521 2772 3594 ejus.
2815 3520 3033 3577 Canunt
3085 3522 3532 3592 epithalamium,
3589 3531 3643 3574 et
3679 3524 3852 3572 vocant

2269 3627 2500 3671 emeras
2524 3625 2827 3688 potestates
2869 3615 3136 3671 ccelorum
3185 3615 3270 3669 vel
3308 3613 3527 3686 1579
3556 3612 3775 3675 animas,
3803 3614 3854 3661 ut

2269 3711 2488 3766 videant
2536 3710 2857 3765 charitatem
2885 3750 2899 3774 ,
2943 3724 3103 3779 quam
3155 3707 3306 3762 circa
3353 3706 3494 3762 ﬁlias
3536 3701 3850 3760 llieru<alem

2269 3807 2437 3862 habet
2473 3804 2744 3861 Christus.
2792 3804 2948 3861 Unde
2986 3812 3042 3859 et
3091 3804 3291 3859 meruit
3327 3803 3583 3859 coronari
3615 3818 3644 3856 a
3698 3806 3854 3856 matre

2269 3902 2422 3972 quasi
2454 3901 2598 3955 ﬁlius
2637 3899 2944 3964 charitatis,
2974 3900 3114 3955 sicut
3153 3900 3350 3954 Paulus
3375 3899 3619 3955 ostendit
3647 3896 3852 3950 dicens:

2275 3997 2413 4064 Quia
2456 3994 2600 4050 Deus
2640 3996 2833 4068 eripuit
2882 4011 2974 4049 nos
3016 3995 3080 4048 de
3127 4004 3378 4064 potestate
3431 3994 3786 4052 tenebrarum,
3813 3993 3855 4041 et

2272 4091 2536 4144 transtulit
2560 4091 2612 4144 in
2641 4107 2854 4161 regnum
2877 4088 2976 4159 ﬁlii
3005 4088 3272 4142 charitatis
3299 4103 3408 4142 sum
3438 4087 3662 4160 (Coloss.
3689 4101 3727 4150 ι,
3753 4082 3850 4148 l5).

2271 4182 2567 4238 Charitatis
2617 4184 2798 4250 itaque
2849 4183 2990 4238 lilius
3017 4193 3067 4238 et
3099 4181 3216 4251 ipse
3243 4182 3484 4237 Charitas
3523 4187 3646 4236 est:
3674 4192 3772 4233 non
3794 4186 3855 4229 ex

2272 4273 2644 4332 accidentibus
2689 4276 2894 4332 habens
2944 4274 3298 4340 charitatem,
3358 4274 3455 4331 sed
3499 4273 3701 4329 habens
3747 4281 3854 4326 eam

2273 4371 2573 4428 substantia
2615 4386 2730 4434 sua.
2765 4374 2906 4426 sicut
2938 4386 3165 4442 regnum
3221 4371 3289 4426 de
3328 4384 3436 4442 quo
3465 4370 3629 4426 dicit:
3659 4366 3761 4439 Ego
3806 4363 3856 4416 in

2275 4467 2372 4519 hoc
2394 4475 2541 4520 natus
2567 4482 2677 4520 sum
2707 4463 2890 4538 (Joan.
2927 4481 2979 4520 xi
2998 4480 3074 4524 tn,
3106 4466 3219 4535 17).

2344 4557 2434 4613 55.
2477 4557 2711 4628 Ideoque
2760 4558 2924 4624 dicit,
2978 4557 3328 4629 Egredimini,
3365 4554 3416 4611 id
3449 4565 3574 4621 est,
3627 4555 3764 4610 exite
3791 4548 3852 4605 de

2273 4653 2729 4709 sollicitudinibus
2768 4662 2823 4707 et
2875 4652 3301 4724 cogitationibus
3349 4651 3542 4706 διερειιί
3572 4668 3584 4705 :
3615 4649 3751 4704 exite
3793 4643 3854 4699 de

2268 4746 2533 4818 angustiis
2581 4746 2989 4815 corporalibus:
3021 4747 3168 4801 exite
3193 4745 3259 4799 de
3293 4743 3623 4798 vanitatibus
3663 4734 3853 4800 mundi:

2271 4850 2322 4893 et
2355 4839 2534 4894 videte
2559 4854 2719 4909 quam
2753 4853 2849 4894 rex
2893 4838 3150 4909 paciﬁcus
3179 4839 3230 4892 in
3259 4837 3349 4892 die
3383 4833 3714 4906 sponsaliqu
3738 4844 3855 4885 sno-

2271 4948 2390 4988 rum
2437 4933 2637 4989 habeat
2668 4933 3024 4988 charitatem:
3054 4947 3216 5003 quam
3274 4931 3548 5001 gloriosus
3599 4929 3691 4987 sit.
3742 4920 3854 4991 quia

2271 5026 2592 5096 Corporibus
2643 5026 3100 5080 resurrectionem
3152 5023 3345 5090 dedit,
3395 5033 3450 5078 et
3503 5023 3710 5078 animas
3759 5010 3856 5070 sibi

2267 5121 2470 5191 junxit.
2504 5120 2628 5174 ll:ec
2670 5122 2846 5189 magni
2887 5131 2970 5175 est
2998 5133 3200 5174 corona
3240 5119 3578 5182 certaminis,
3609 5106 3706 5191 hoc
3733 5121 3856 5181 prter

2273 5215 2477 5270 clarum
2512 5229 2705 5269 munus
2733 5212 3070 5282 sponsalium
3109 5211 3333 5278 Christi,
3375 5213 3595 5284 sanguis
3647 5208 3762 5279 ejus
3804 5209 3855 5255 et

2275 5309 2478 5381 passio.
2510 5311 2644 5376 Quis
2674 5310 2818 5364 enim
2862 5309 2984 5379 plus
3013 5310 3187 5380 potuit
3226 5310 3378 5375 dare,
3421 5307 3512 5379 qui
3558 5305 3661 5361 sibi
3705 5299 3853 5357 etiam

2272 5421 2378 5460 non
2404 5406 2666 5475 pepercit,
2696 5411 2752 5460 et
2782 5419 2882 5476 pro
2909 5405 3065 5460 nobis
3093 5403 3150 5459 in
3173 5412 3404 5460 mortem
3449 5402 3682 5458 animam
3712 5403 3852 5450 suam

2274 5497 2490 5570 posuit?

2361 5595 2450 5652 56.
2494 5590 2520 5632 ἀ
2545 5593 2676 5662 Quae
2705 5604 2889 5650 autem
2926 5609 3125 5652 corona
3149 5593 3338 5666 gloriae
3357 5592 3461 5650 nisi
3488 5585 3727 5647 Ecclesia
3749 5591 3856 5652 qua:

2356 5809 2376 5839 ε
2420 5799 2539 5856 Lib.
2564 5800 2632 5857 de
2663 5798 2834 5864 Isaac,
2857 5815 2978 5870 cap.
3012 5800 3065 5861 5.
3091 5815 3240 5857 num.
3264 5799 3354 5857 45.

2351 5869 2378 5909 ⁴
2417 5872 2473 5929 ln
2495 5888 2577 5945 ps.
2602 5888 2789 5944 cxvm,
2815 5869 2982 5930 serm.
3008 5872 3097 5941 l5,
3131 5887 3283 5931 num.
3317 5873 3406 5931 ll.
