4148 6362
540 286 686 352 i903
1520 286 2066 350 COMMENTARIUS
2103 283 2170 346 IN
2206 284 2504 346 CANTICA
2539 287 2812 349 CANTIC.
3683 300 3802 362 I901

531 413 630 467 tim
654 424 722 468 ex
746 409 863 482 ejus
892 408 1066 467 oculis
1096 407 1322 482 gratiam
1346 408 1598 466 sanitatis
1621 411 1907 486 hauriret(
1941 411 2134 468 Matth.
2166 409 2215 469 Λ
2245 408 2454 480 pientes
2485 408 2613 464 fecit
2635 450 2650 476 ,
2683 407 2946 480 spiritalis
2973 413 3154 464 autem
3182 405 3354 480 gratia
3374 408 3440 466 ab
3466 409 3606 467 omni
3633 425 3802 484 super-

541 521 620 572 tx,
652 504 762 576 2?.)
790 506 813 560 ?
2249 501 2482 557 ﬂuornm
2514 502 2635 559 labe
2664 501 2964 558 mundavit.

612 621 667 675 7.
709 619 815 677 Sed
839 621 928 691 qui
956 619 1100 676 videt
1127 619 1330 690 justum
1355 663 1368 686 ,
1411 621 1574 678 debet
1613 623 1753 678 scire
1782 623 1910 694 quid
1940 623 2141 677 videat.

539 712 657 769 Non
691 713 843 768 illum
867 712 1014 768 videt
1045 713 1098 767 in
1127 727 1380 783 corpore.
1415 729 1520 768 non
1570 716 1622 769 in
1652 716 2000 780 vestimento,
2035 729 2145 769 non

539 807 596 862 in
622 806 968 877 patrimonio,
1021 822 1126 860 non
1171 805 1224 860 in
1265 805 1450 861 vultu:
1486 806 1579 863 sed
1606 807 1751 862 intus
1794 806 1960 862 videt.
1992 805 2145 869 Non,

541 900 782 971 inquam,
814 899 962 954 illum
992 898 1158 965 videt,
1192 899 1293 954 nisi
1327 899 1447 970 ejus
1489 900 1687 956 viderit
1733 911 1994 968 mentem,
2041 899 2150 955 nisi

543 995 661 1066 ejus
689 1009 997 1050 sermonem
1047 994 1364 1061 intenderit,
1407 995 1512 1051 nisi
1542 1012 1761 1052 sensum
1796 996 1939 1051 illius
1964 1003 2153 1066 potue-

543 1089 614 1146 rit
639 1087 1136 1160 comprehendere,
1168 1089 1486 1158 sapientiam
1526 1089 1595 1146 de
1637 1099 1868 1146 tractatu
1913 1089 2031 1160 ejus
2057 1102 2154 1158 po-

545 1182 713 1238 tuerit
749 1195 1051 1237 assumere.
1078 1181 1231 1237 Tunc
1259 1181 1422 1253 igitur
1449 1182 1722 1238 laetabitur
1750 1199 1870 1238 cum
1903 1182 2003 1236 ista
2033 1196 2158 1252 per-

545 1277 805 1348 spexerit,
831 1292 950 1332 cum
981 1277 1081 1332 ista
1109 1278 1448 1348 cognoverit.
1486 1278 1563 1332 Ita
1593 1293 1723 1348 ergo
1753 1287 1809 1334 et
1853 1293 1952 1333 nos
1980 1277 2157 1333 sicubi

541 1370 750 1442 justum
782 1369 1050 1437 audimus,
1080 1370 1399 1426 festinemus
1419 1369 1627 1434 videre,
1669 1374 1811 1426 sicut
1843 1372 1934 1426 illa
1964 1371 2160 1426 mulier

547 1481 670 1538 qua:
696 1466 904 1522 audivit
947 1466 1002 1521 in
1030 1465 1190 1520 domo
1212 1464 1465 1538 pharismi
1491 1465 1841 1522 discumbere
1868 1465 2162 1521 Dominum

545 1561 731 1619 .lesum
755 1604 769 1628 ,
802 1569 858 1618 et
894 1561 1134 1632 ingressa
1180 1569 1296 1625 est,
1333 1568 1387 1614 et
1432 1559 1549 1630 ejus
1589 1559 1754 1631 pedes
1786 1559 2025 1630 perfudit
2055 1576 2160 1616 un-

546 1665 748 1728 guenlo
780 1653 936 1728 (Luc.
973 1671 1068 1718 vtt,
1097 1655 1168 1709 57
1198 1664 1246 1708 et
1277 1651 1391 1726 38).
1427 1653 1570 1707 Illius
1619 1652 1924 1708 imitatores
1963 1651 2160 1721 simus,

547 1748 674 1819 quia
705 1747 965 1803 Ecclesim
989 1746 1040 1801 in
1073 1747 1163 1802 illa
1197 1746 1424 1801 muliere
1451 1745 1679 1818 ﬁguram
1707 1761 1829 1801 esse
1860 1746 1982 1816 quis
2007 1742 2165 1799 dubi-

551 1842 666 1898 tet?
697 1841 882 1898 Sicubi
899 1856 1028 1910 ergn
1045 1840 1226 1912 justus
1254 1839 1464 1906 sedeat,
1481 1839 1651 1894 sicubi
1677 1839 1984 1904 accumbat,
2009 1835 2163 1892 festi-

553 1949 746 1991 nemus
788 1933 972 1990 videre
1027 1949 1174 1989 eum.
1233 1932 1538 1988 Pretiosum
1590 1941 1676 1986 est
1748 1930 1936 1986 videre
1987 1929 2164 1984 virum

549 2027 798 2098 justum,
857 2036 917 2082 ut
961 2027 1149 2082 videas
1189 2041 1314 2082 eum
1365 2024 1668 2082 secundum
1721 2023 2011 2095 imaginem
2045 2022 2163 2078 Dei.

553 2121 709 2190 Quod
739 2119 870 2176 foris
892 2129 1006 2186 est,
1041 2119 1172 2176 nihil
1200 2119 1450 2189 prodest:
1474 2119 1618 2191 quod
1656 2119 1801 2174 intus
1849 2129 1955 2184 est,
1985 2127 2165 2172 sanat.

553 2214 701 2271 Sane
732 2222 786 2268 et
808 2214 861 2268 in
887 2228 953 2268 eo
979 2212 1069 2283 qui
1111 2211 1246 2269 foris
1278 2221 1386 2279 est,
1420 2212 1574 2268 illum
1600 2212 1690 2284 qui
1747 2213 1894 2266 intus
1922 2221 2029 2280 est,
2058 2209 2168 2266 fre-

559 2315 790 2380 quenter
818 2306 1114 2377 aspicimus
1146 2321 1163 2364 :
1191 2313 1247 2360 ut
1273 2306 1316 2360 si
1341 2303 1638 2361 viderimus
1664 2319 1981 2375 pauperem,
2015 2303 2168 2358 illum

556 2402 627 2459 ad
657 2401 812 2474 cujus
837 2399 1254 2457 similitudinem
1277 2401 1450 2455 factus
1475 2408 1584 2466 est,
1606 2397 1940 2454 honoremus
1961 2399 2012 2452 in
2038 2413 2172 2469 pau-

561 2509 712 2566 pere,
744 2495 812 2551 de
839 2509 948 2566 quo
973 2493 1086 2550 ait:
1115 2491 1348 2549 Dedistis
1372 2493 1498 2548 mihi
1524 2493 1863 2560 manducare,
1892 2493 2012 2563 quia
2032 2492 2172 2558 quod

559 2590 651 2646 uni
704 2605 879 2646 eorum
927 2587 1143 2645 dedistis
1171 2631 1185 2657 ,
1223 2589 1350 2643 milii
1401 2588 1615 2644 dedistis
1657 2589 1890 2660 (Matth.
1933 2605 2062 2656 xxv,
2102 2589 2172 2645 55

565 2694 612 2740 et
637 2683 710 2742 £0
732 2685 772 2753 ).

630 2804 683 2859 8.
729 2802 1166 2873 Capillamentnm
1217 2812 1361 2857 tuum
1413 2813 1465 2856 nt
1512 2819 1638 2876 grex
1699 2814 2000 2871 tonsarum,
2052 2821 2173 2873 qna:

2323 619 2410 674 Η.
2453 617 2650 674 Merito
2675 617 2838 690 igitur
2867 617 3122 674 revelata:
3165 626 3294 674 sunt
3320 619 3804 690 animmjustoruut,

2251 719 2308 766 et
2336 710 2591 766 revelata:
2622 724 2652 765 a
2680 719 2864 766 tnonte
2900 708 3102 766 Galaad
3128 751 3143 776 ,
3178 707 3280 765 hoc
3309 719 3421 778 est,
3452 727 3479 766 a
3504 713 3814 784 transmigra-

2251 803 2400 859 tione
2433 803 2725 860 testimonii
2749 846 2763 870 ,
2804 817 2871 858 co
2900 803 3047 875 quod
3087 818 3116 858 a
3147 804 3430 875 Synagoga
3457 803 3520 860 ad
3550 789 3814 861 Ecclesiant

2259 897 2627 953 testimonium
2657 898 2880 956 caeleste
2919 897 3189 970 migravit.
3221 899 3277 954 ln
3315 898 3412 954 hoc
3450 899 3622 971 itaque
3659 909 3820 957 monte

2257 988 2499 1044 nascitur
2537 989 2834 1062 thymiama
2856 1031 2870 1056 ,
2904 991 3120 1059 resina,
3162 1000 3217 1046 et
3270 991 3452 1048 oteteri
3488 991 3673 1048 odores
3704 1007 3822 1061 quos

2257 1085 2626 1154 negotiatores
2658 1084 2732 1138 illi
2773 1082 3063 1140 lsmaelita:
3086 1127 3100 1151 ,
3130 1093 3189 1140 ut
3233 1084 3398 1142 habes
3424 1085 3474 1140 in
3516 1085 3647 1142 libro
3672 1088 3824 1158 primo

2260 1177 2602 1234 Testamenti
2636 1180 2864 1246 veteris,
2897 1178 3219 1236 deferebant
3267 1179 3679 1251 (Cenaxxxtu,
3717 1181 3826 1255 25).

2258 1271 2445 1343 Itaque
2476 1272 2614 1327 sicut
2642 1288 2818 1343 capra:
2848 1272 3005 1328 bonis
3049 1274 3270 1329 refecta:
3310 1273 3446 1330 cibis
3466 1317 3480 1341 ,
3513 1283 3567 1330 et
3593 1274 3717 1330 solis
3749 1291 3830 1331 ca-

2261 1366 2378 1422 lorc
2407 1378 2700 1423 vernantes
2722 1409 2735 1432 ,
2780 1367 3032 1424 lavantur
3053 1368 3104 1423 in
3145 1368 3404 1437 ﬂumine,
3438 1379 3490 1426 et
3525 1370 3832 1427 exsultantes

2265 1463 2482 1520 mundae
2525 1469 2756 1535 surgunt
2794 1462 2864 1519 de
2913 1464 3178 1520 ﬂumine:
3227 1465 3299 1520 ita
3347 1467 3540 1521 anima:
3588 1465 3834 1537 iustorum

2265 1555 2566 1612 ascendunt
2595 1556 2662 1610 ab
2687 1555 2918 1626 spiritali
2953 1557 3188 1614 lavacro.

2343 1672 2426 1727 l2.
2472 1671 2595 1728 Istae
2623 1684 2748 1729 sunt
2774 1689 2902 1731 vere
2949 1675 3040 1746 qui
3067 1673 3315 1746 geminos
3342 1684 3556 1742 creant,
3588 1677 3638 1733 in
3666 1677 3839 1750 quibus

2195 1801 2243 1862 Β
2273 1779 2381 1818 non
2418 1773 2502 1819 est
2543 1763 2906 1821 infecunditas
2944 1765 3121 1838 aliqua
3153 1767 3444 1836 virtutum,
3477 1768 3719 1824 sterilitas
3746 1769 3839 1826 ulla

2272 1857 2610 1912 meritorum.
2635 1857 2784 1913 Bene
2813 1858 3062 1929 geminos
3101 1868 3320 1926 creant,
3346 1860 3470 1930 quia
3493 1859 3844 1930 congeminant

2270 1965 2464 2008 sensus
2497 1966 2658 2017 suos;
2687 1952 2832 2008 unde
2859 1952 3030 2008 habes
3052 1953 3103 2007 in
3133 1952 3451 2008 Proverbiis
3481 1954 3758 2025 scriptum:
3785 1951 3843 2006 Et

2270 2055 2323 2100 ttt
2355 2044 2520 2100 scribe
2577 2047 2687 2100 lucc
2726 2044 2817 2099 tibi
2851 2046 3150 2118 tripliciter,
3183 2046 3235 2100 in
3274 2047 3578 2114 consilium,
3611 2057 3654 2101 et
3696 2046 3742 2100 in
3767 2061 3841 2100 co-

2271 2139 2554 2210 gnitionem
2582 2137 2766 2211 (Prov.
2801 2155 2937 2207 xxn,
2973 2139 3087 2212 20).
3122 2139 3417 2212 Triplicem
3452 2141 3704 2213 pra'misit
3731 2139 3845 2196 scri-

2273 2232 2536 2301 ptionem,
2558 2240 2610 2286 et
2641 2231 2751 2288 duo
2780 2230 3053 2300 subdidit,
3087 2232 3375 2288 consilium
3406 2243 3461 2290 et
3488 2234 3843 2306 cognitionem.

2271 2324 2379 2382 Sed
2406 2325 2648 2396 cognitio
2675 2329 2894 2397 gemina
2927 2335 3043 2394 est,
3074 2342 3182 2382 una
3215 2327 3629 2399 incorporalium
3653 2371 3666 2396 ,
3700 2328 3846 2382 altera

2273 2419 2680 2492 corporalium;
2725 2421 2869 2477 unde
2912 2425 3075 2478 etiam
3119 2425 3174 2477 iu
3221 2422 3617 2493 posterioribus
3657 2421 3846 2478 habes:

2276 2515 2392 2571 Duo
2425 2514 2583 2571 ubera
2613 2527 2701 2570 tua
2729 2516 2862 2571 sicut
2899 2516 3006 2572 duo
3050 2517 3257 2571 hinnuli
3292 2533 3497 2590 caprea:
3521 2517 3716 2590 gemelli
3736 2558 3749 2583 ,
3774 2514 3851 2587 qui

2277 2621 2558 2680 pascuntur
2587 2611 2641 2663 in
2679 2609 2840 2676 liliis,
2871 2609 3035 2664 donec
3072 2611 3266 2682 aspiret
3307 2611 3453 2680 dies,
3483 2621 3532 2668 et
3568 2611 3848 2666 inclinentur

2274 2704 2471 2758 umbrtv
2499 2705 2515 2772 (
2533 2701 2676 2758 Vera.
2703 2703 2782 2773 5).

2350 2821 2437 2875 i3.
2483 2820 2724 2875 Diximus
2749 2819 2818 2876 de
2849 2820 3213 2890 fecunditate,
3243 2821 3488 2879 dicamus
3510 2821 3576 2879 de
3602 2819 3850 2878 dentibus.

563 2896 801 2954 revelata
825 2906 944 2952 sttnt
985 2913 1016 2949 a
1047 2907 1223 2950 monte
1252 2894 1482 2951 Galaad.
1537 2895 1663 2954 Ideo
1692 2898 2132 2968 capillamentum
2157 2938 2172 2964 ,

561 2991 690 3063 quia
741 2989 913 3046 virtus
965 2991 1206 3046 omnium
1263 3005 1522 3046 sensuum
1549 2992 1600 3044 in
1631 2993 1812 3062 capite
1848 3001 1976 3048 est:
2015 2991 2170 3046 Oculi

565 3086 710 3142 enim
768 3085 1016 3157 sapientis
1066 3085 1121 3138 in
1163 3084 1334 3153 capite
1400 3087 1512 3158 ejus
1560 3082 1730 3155 (Eccl.
1762 3086 1848 3158 tt).
1898 3085 2172 3140 Profunda

2275 2911 2408 2968 Nam
2441 2924 2495 2969 et
2531 2914 2847 2986 navigantes
2887 2914 3162 2987 plerique,
3197 2928 3252 2972 et
3291 2927 3646 2989 properantes
3683 2915 3853 2970 itinere

2277 3013 2495 3061 terreno
2516 3049 2529 3073 ,
2558 3006 2651 3061 ubi
2681 3007 2914 3063 viderint
2941 3009 3243 3079 speciosum
3266 3009 3506 3081 aliquem
3538 3011 3707 3066 locum
3728 3051 3741 3075 ,
3767 3007 3852 3062 de-

2275 3099 2582 3156 lectationis
2620 3103 2790 3172 gratia
2831 3089 3218 3173 demerentur,
3270 3114 3505 3173 pascunt
3544 3103 3724 3159 oculos
3751 3098 3853 3154 ani-

570 3179 732 3252 igitur
779 3179 1060 3234 doctorum
1113 3177 1398 3248 prudentia
1420 3219 1434 3244 ,
1462 3193 1582 3248 qua:
1625 3188 1802 3249 potest
1831 3195 1894 3234 ea
1931 3195 2051 3250 qua:
2077 3179 2173 3235 ob-

2281 3206 2535 3264 mutnque
2561 3194 2818 3249 allevant.
2862 3193 2974 3251 Nec
3002 3211 3153 3256 mora
3185 3195 3294 3252 ulla
3335 3199 3553 3266 putatur
3577 3207 3858 3252 commean-

571 3287 730 3330 scura
753 3272 1160 3336 suntrevelare,
1194 3280 1249 3326 et
1276 3271 1384 3326 alta
1415 3272 1628 3342 aperire
1658 3287 1940 3328 sensuum.

646 3365 698 3422 9.
744 3365 924 3437 (Vers.
956 3362 1040 3434 2.)
1071 3373 1100 3402 ι
1150 3363 1338 3418 Dentes
1389 3365 1464 3417 tui
1511 3364 1648 3419 sicut
1694 3382 1822 3437 grex
1874 3377 2174 3433 tonsuram,

575 3474 691 3529 qua:
712 3457 1052 3512 ascenderunt
1078 3474 1109 3511 α
1132 3457 1359 3522 lavacro,
1383 3473 1497 3526 qua:
1522 3474 1696 3512 omnes
1718 3459 1947 3532 geminos
1978 3471 2178 3531 creant,

576 3562 623 3608 et
647 3552 924 3625 infecunda
951 3567 1052 3606 non
1082 3561 1154 3606 est
1179 3551 1230 3606 in
1260 3551 1353 3606 eis.
1387 3550 1540 3618 Quod
1571 3552 1754 3620 specie
1793 3551 1862 3607 de
1892 3555 2072 3624 capris
2098 3553 2182 3609 di-

577 3650 739 3716 citur,
778 3647 1008 3719 mystice
1057 3646 1127 3702 de
1159 3645 1420 3702 Ecclesia:
1469 3661 1632 3717 grege
1663 3646 2027 3702 sentiendum.
2071 3646 2182 3704 Nec

578 3740 701 3797 vilia
722 3741 818 3796 tibi
839 3740 1125 3796 videantur
1157 3739 1258 3795 ista
1295 3739 1571 3808 animalia,
1610 3739 1763 3796 vides
1793 3741 1936 3812 quod
1968 3742 2020 3798 in
2058 3743 2183 3798 altis

579 3835 838 3908 grexiste
860 3835 1120 3906 pascitur,
1149 3834 1321 3890 audax
1363 3836 1415 3888 in
1452 3843 1656 3891 monte.
1685 3834 1873 3907 Itaque
1924 3836 2015 3892 ubi
2061 3836 2184 3892 aliis

580 3930 900 4004 prtecipitia,
949 3931 1024 3986 ibi
1064 3931 1242 4000 capris
1289 3930 1500 3985 nttllum
1551 3930 1893 4000 perieulum:
1928 3931 2014 3988 ubi
2065 3931 2186 3988 aliis

581 4023 920 4096 periculum,
968 4021 1043 4079 ibi
1089 4023 1268 4095 gregis
1317 4024 1464 4079 illius
1511 4023 1868 4092 alimentum,
1916 4025 1986 4081 ibi
2031 4026 2186 4082 cibus

589 4118 801 4192 1581
825 4117 1053 4182 dulcior,
1101 4116 1174 4174 ibi
1206 4117 1410 4174 fructus
1462 4119 1711 4174 electior.
1763 4119 2122 4192 Speculantur
2155 4137 2185 4177 a

583 4212 895 4283 pastoribus
947 4210 1082 4274 suis,
1122 4211 1348 4266 dumosa
1402 4211 1470 4267 de
1527 4227 1662 4283 rupe
1711 4213 2044 4284 pendentes,
2097 4213 2188 4269 ubi

586 4307 839 4378 luporum
865 4305 1118 4363 incursus
1145 4321 1266 4361 esse
1306 4321 1411 4360 non
1442 4315 1690 4377 possunt,
1725 4307 1797 4363 ibi
1830 4306 2074 4362 fecunda:
2102 4321 2189 4362 ar-

583 4400 745 4457 bores
776 4399 1006 4456 fructum
1038 4400 1306 4470 integrum
1332 4399 1769 4456 subministrant.
1796 4400 2036 4456 Cernere
2063 4400 2192 4457 licet

586 4493 740 4551 uberi
769 4494 907 4550 lacte
963 4495 1258 4558 distentas,
1300 4508 1462 4563 super
1495 4502 1737 4550 teneram
1791 4494 2037 4550 sobolem
2071 4509 2189 4549 ma-

2278 3285 2368 3354 di,
2411 3286 2505 3342 sed
2545 3286 2733 3356 gratia.
2763 3287 2838 3343 lta
2869 3297 2923 3343 et
2961 3289 3117 3346 nobis
3142 3290 3545 3360 pulcherrimos
3582 3289 3761 3346 dentes
3780 3286 3860 3357 ju-

2279 3387 2486 3434 starum
2517 3379 2817 3436 animarum
2845 3381 3197 3456 considerare
3216 3383 3372 3439 cordi
3396 3393 3514 3450 est;
3539 3378 3862 3438 docuitenim

2282 3471 2564 3544 Scriptura
2594 3475 2995 3544 pulcherrimos
3023 3475 3216 3532 dentes
3245 3492 3368 3534 esse
3400 3477 3669 3550 justorum
3695 3473 3864 3530 dicens

2281 3566 2578 3622 secundum
2621 3567 2860 3624 litteram
2885 3568 3107 3640 quidem
3141 3569 3206 3625 de
3237 3571 3550 3640 patriarcha
3577 3569 3737 3634 Juda,
3768 3564 3865 3636 spi-

2282 3658 2550 3716 ritualiter
2574 3669 2755 3718 autem
2786 3663 2854 3719 de
2892 3662 3154 3725 Christo;
3191 3662 3404 3719 llilares
3435 3665 3573 3720 oculi
3598 3664 3705 3735 ejus
3740 3678 3768 3714 a
3801 3657 3866 3712 vi-

2284 3770 2381 3822 no,
2414 3766 2458 3808 et
2491 3757 2666 3811 dentes
2695 3756 2828 3811 sicut
2859 3757 2940 3810 lac
2970 3755 3180 3828 (Genes.
3207 3774 3331 3814 ηις
3359 3800 3376 3825 ,
3410 3759 3526 3831 ιε).
3558 3758 3614 3814 ιιι
3641 3771 3744 3828 quo
3772 3767 3865 3810 non

2288 3847 2469 3918 utique
2517 3850 2696 3904 carnis
2747 3847 3000 3906 humanae
3049 3849 3224 3906 ofﬁcia
3252 3893 3268 3919 ,
3315 3853 3413 3908 sed
3463 3852 3660 3908 divina:
3699 3847 3868 3921 gratia:

2288 3957 2512 3999 munera
2545 3944 2878 4014 prtedicavit.
2915 3946 3082 4002 Docet
3125 3946 3292 4017 igitur
3318 3946 3668 4015 exemplum,
3699 3943 3870 3999 dentes

2291 4051 2396 4092 non
2429 4052 2551 4093 esse
2591 4038 3000 4108 prmtereundos
3022 4081 3036 4106 ,
3067 4039 3158 4094 ubi
3195 4040 3263 4096 de
3293 4040 3469 4096 oculis
3509 4035 3868 4096 disseruimus.

2366 4132 2452 4188 M.
2493 4133 2596 4200 Qui
2645 4143 2774 4188 sunt
2822 4134 2985 4205 igitur
3028 4134 3290 4204 iustarum
3344 4136 3540 4192 dentes
3592 4132 3873 4190 animarum

2292 4226 2396 4282 nisi
2429 4228 2519 4298 qui
2549 4227 2833 4284 informem
2866 4245 2929 4285 ac
2962 4230 3156 4286 durum
3187 4230 3523 4302 accipientes
3549 4229 3757 4293 cibum,
3797 4218 3874 4277 vel

2292 4319 2546 4392 frigidum
2601 4323 2960 4396 plerumque,
3009 4324 3096 4380 vel
3149 4340 3310 4396 supra
3363 4325 3588 4381 modum
3633 4321 3876 4378 calentem

2295 4429 2438 4470 nunc
2479 4415 2894 4483 comminuunt,
2938 4432 3082 4474 nunc
3117 4419 3332 4486 fovent,
3367 4434 3521 4475 nunc
3553 4417 3876 4488 temperanti

2295 4517 2456 4577 prout
2504 4509 2736 4580 qualitas
2792 4509 2954 4566 fuerit
2991 4511 3424 4568 alimentorum?
3473 4513 3618 4567 Dura
3671 4501 3881 4564 commi-

587 4600 742 4646 terna
791 4590 991 4662 pietate
1044 4589 1324 4646 sollicitas.
1374 4587 1500 4642 Ideo
1559 4589 1725 4659 elegit
1793 4604 1887 4645 eas
1950 4587 2173 4659 Spiritus

2292 4611 2494 4672 nuunt,
2525 4621 2592 4660 ne
2622 4605 2888 4675 asperitas
2916 4606 3109 4662 littera:
3147 4608 3200 4662 in
3239 4609 3410 4664 veteri
3439 4607 3787 4663 Testamento
3833 4604 3881 4650 et

585 4694 829 4752 sanctus,
854 4682 1048 4754 quibus
1075 4681 1279 4737 coitum
1300 4681 1629 4737 venerabilis
1659 4681 1919 4739 Ecclesiae
1965 4698 2188 4754 compa-

591 4791 759 4836 raret.

664 4887 748 4949 ιο.
792 4893 860 4947 Ει
898 4899 956 4945 ιιι
1005 4890 1231 4963 mystice
1267 4889 1492 4955 audias,
1527 4871 1980 4960 capillatnentuni
2020 4871 2184 4948 Verbi

585 4995 672 5043 est
708 4984 968 5050 altitudo,
1001 4991 1056 5038 et
1085 4983 1378 5039 eminentia
1407 4981 1655 5054 qumdam
1681 4984 1949 5054 justarum
1977 4985 2189 5040 anima-

587 5092 740 5142 sum;
770 5075 1025 5146 quoniam
1056 5089 1251 5131 sensus
1283 5075 1543 5144 sapientis
1569 5076 1620 5129 in
1652 5077 1830 5146 capite
1857 5076 1993 5146 ejus.
2025 5078 2079 5132 In
2112 5077 2190 5132 al-

588 5170 816 5226 titudine
857 5168 1002 5222 enim
1050 5166 1397 5237 cogitationis
1432 5167 1680 5223 humanae
1709 5177 1918 5223 certum
1949 5178 2032 5224 est
2062 5183 2188 5225 esse

587 5263 930 5334 sapientiam.
964 5259 1032 5315 Et
1062 5259 1517 5330 quemadmodum
1559 5261 1851 5317 tondentur
1880 5277 2058 5333 caprrc
2085 5304 2099 5327 ,
2131 5270 2191 5317 ut

584 5355 860 5430 superﬂua
900 5353 1219 5424 deponant:
1255 5356 1327 5409 ita
1367 5355 1529 5410 etiam
1565 5366 1842 5412 tonsarum
1881 5357 2188 5412 animarum

583 5466 835 5523 gregem,
865 5449 966 5504 hoc
990 5455 1107 5513 est,
1136 5448 1422 5503 multarum
1447 5451 1748 5505 animarum
1778 5451 2002 5508 virtutes
2026 5453 2190 5513 habet

583 5552 769 5602 sancta
801 5541 1042 5598 Ecclesia
1065 5583 1080 5608 ,
1115 5541 1165 5596 in
1198 5555 1305 5612 quo
1345 5555 1507 5613 grege
1547 5541 1681 5598 nihil
1729 5544 1906 5614 possis
1958 5546 2190 5604 insensi-

584 5635 694 5693 bile
736 5633 1010 5707 reperire,
1043 5632 1176 5689 nihil
1214 5633 1585 5704 superﬂuum;
1627 5637 1886 5707 quoniam
1927 5637 2062 5697 ﬂdes
2101 5656 2189 5698 sa-

664 5847 688 5878 ⁸
724 5836 783 5897 ιιι
815 5850 902 5910 ps.
927 5848 1112 5904 cxvtn,
1139 5850 1306 5894 serm.
1335 5834 1421 5905 16,
1454 5850 1605 5893 ιιιιιιι.
1630 5833 1703 5890 23
1727 5841 1781 5894 et
1803 5851 1918 5909 seq.

2294 4697 2575 4752 smcularis
2597 4698 2904 4754 intellectus
2921 4699 3100 4772 rigor,
3125 4700 3229 4756 nisi
3264 4699 3429 4757 fuerit
3474 4697 3703 4772 spiritali
3732 4694 3882 4752 dente

2293 4789 2564 4845 resolutus
2593 4831 2606 4856 ,
2647 4791 2828 4846 vitalia
2866 4792 2982 4863 ipsa
3030 4793 3340 4849 interclusis
3386 4793 3654 4849 librorum
3695 4788 3884 4844 salutas

2294 4883 2435 4938 rium
2472 4885 2898 4953 commeatibus,
2927 4896 2982 4942 et
3025 4885 3207 4959 gulam
3247 4887 3542 4960 quamdam
3585 4886 3778 4942 anima:
3812 4881 3885 4935 in-

2293 4977 2509 5034 curiosa
2555 4978 2823 5034 edacitate
2853 4979 3103 5037 snﬂocet.
3131 4979 3237 5036 Par
3276 4988 3360 5037 est
3402 4980 3571 5051 igitur
3599 4989 3657 5033 nt
3695 4971 3888 5032 dividas

2294 5073 2563 5145 primum,
2593 5075 2636 5130 si
2665 5075 2838 5131 solida
2873 5075 2968 5131 tibi
2998 5077 3210 5132 videtur
3240 5091 3364 5134 esca
3396 5091 3520 5146 qua:
3551 5072 3811 5133 sumitur,
3839 5071 3890 5122 et

2293 5169 2592 5242 distinguas
2633 5186 2786 5237 eam;
2827 5179 2989 5244 atque
3033 5172 3331 5228 emollitam
3373 5171 3494 5226 sine
3535 5184 3677 5226 noxa
3720 5163 3887 5232 aliqua

2293 5265 2491 5319 anima:
2514 5264 2564 5318 in
2588 5264 2768 5319 omnia
2788 5263 2906 5335 ejus
2928 5265 3170 5321 membra
3189 5262 3708 5321 uaturalidivisione
3730 5267 3888 5314 trans-

2295 5355 2525 5425 fundas;
2560 5365 2616 5412 ut
2645 5358 2863 5414 vitalem
2903 5373 3126 5416 succum
3166 5374 3330 5416 omne
3385 5358 3504 5429 ejus
3535 5369 3738 5428 corpus
3769 5364 3890 5422 epu-

2297 5449 2466 5518 letur,
2517 5450 2650 5509 nihil
2689 5453 3081 5512 cadaverosum
3108 5497 3123 5523 ,
3163 5454 3298 5511 nihil
3342 5462 3623 5510 mortuum
3669 5463 3764 5508 ore
3807 5455 3890 5501 ιιιο

2295 5561 2521 5615 sumas,
2571 5563 2641 5606 ne
2687 5548 2898 5606 dicatur
2945 5567 2959 5605 :
3012 5550 3321 5624 Sepulcrum
3373 5558 3560 5623 patens
3611 5555 3686 5602 est
3727 5548 3892 5618 guttur

2295 5657 2472 5698 eorum
2501 5640 2734 5715 (Psalm.
2765 5660 2891 5715 xm,
2925 5644 3004 5717 5).
3035 5643 3143 5702 Sed
3173 5643 3356 5701 vivum
3383 5641 3615 5699 haurias
3640 5635 3887 5701 verbum,
