4148 6362
370 345 511 407 1905

1316 359 1360 417 Ε
1399 359 1710 424 SCRIPTIS
1751 367 1809 425 S.
1851 368 2176 430 AMBROSII
2214 370 2643 434 COLLECTUS.

3534 388 3675 447 i906

368 474 430 520 ut
456 464 509 520 in
534 472 639 522 tua:
668 466 865 523 mentis
893 467 1193 527 visceribus
1219 473 1391 542 possit
1415 476 1653 545 operari.
1680 476 1745 534 Hi
1774 476 1967 537 dentes
1992 484 2046 546 Α
2072 482 2455 540 illecebrarum
2488 484 2781 545 inﬂexione
2808 500 3101 558 curvetur;
3131 493 3267 550 sicut
3297 493 3497 554 Christi
3526 514 3684 569 rega-

369 572 536 630 super
560 560 644 616 lac
669 559 1046 631 candidiores;
1075 566 1199 636 quia
1226 566 1420 626 dentes
1450 570 1747 640 justorum.

444 651 530 709 l5.
571 653 818 727 Denique
862 670 986 713 cum
1034 673 1229 716 omnes
1278 662 1330 717 in
1376 662 1562 736 Moyse
1605 665 1864 738 baptizati
1913 669 1968 726 in

370 746 516 805 nube
543 755 602 804 et
643 748 695 805 in
743 750 879 806 mari
928 760 1112 821 patres
1152 756 1325 811 nostri
1370 756 1604 827 fuerint,
1647 776 1752 816 non
1796 762 1971 820 otiose

373 849 554 899 tamen
584 842 845 915 scriptum
874 854 992 902 est:
1027 847 1165 915 Quia
1201 866 1376 906 onmes
1410 853 1641 911 eamdem
1669 872 1834 911 escam
1865 858 1973 930 spi-

372 934 581 989 ritalem
608 936 1046 995 manducaverunt
1064 983 1079 1009 ,
1111 951 1158 998 et
1198 958 1371 999 omnes
1394 946 1630 1001 eumdem
1658 957 1836 1020 potant
1865 952 1974 1022 spi-

373 1028 578 1084 ritalem
606 1027 842 1087 biberunt
863 1032 907 1106 (l
930 1030 1051 1089 Cor.
1078 1051 1110 1090 x
1132 1078 1146 1103 ,
1177 1037 1212 1092 5
1238 1047 1285 1092 et
1310 1039 1398 1108 4);
1430 1049 1485 1094 ut
1514 1039 1635 1096 istis
1657 1050 1968 1098 sanctorum

372 1121 630 1178 dentibus
658 1124 833 1198 major
858 1127 1077 1198 quidam
1116 1128 1293 1202 fulgor
1320 1133 1640 1203 accederet,
1673 1151 1809 1207 quos
1850 1147 1973 1209 post

375 1216 661 1273 transitum
702 1219 865 1275 maris
894 1220 1079 1290 rubri,
1120 1224 1358 1295 myrrha}
1402 1225 1567 1283 fontis
1611 1228 1973 1286 amaritudine

374 1323 475 1381 per
499 1308 631 1382 ligni
657 1311 886 1383 gratiam
920 1322 1217 1386 temperata
1255 1316 1464 1390 (Exodi
1485 1336 1585 1386 xv,
1608 1320 1703 1393 25)
1724 1364 1739 1388 ,
1771 1336 1974 1396 cogno-

374 1416 591 1459 scemus
636 1418 759 1461 esse
798 1406 1090 1464 mandatos
1125 1426 1139 1464 :
1182 1409 1380 1468 deinde
1417 1412 1702 1470 duodecim
1742 1415 1970 1472 fontium

374 1507 542 1571 potu,
574 1509 853 1571 postremo
894 1512 1067 1574 petrae
1114 1504 1413 1576 spiritalem
1456 1508 1653 1565 undam
1703 1513 1973 1569 vomentis

376 1590 619 1664 irriguo;
655 1591 813 1649 Petra
838 1605 951 1652 erat
971 1597 1104 1652 enim
1135 1596 1374 1655 Christus
1399 1599 1444 1673 (Ι
1470 1600 1592 1657 Cor.
1623 1618 1690 1668 x,
1723 1603 1759 1658 5
1794 1613 1844 1659 et
1880 1603 1970 1679 4).

382 1684 594 1761 1582
637 1686 767 1745 Ideo
795 1698 850 1744 et
895 1705 1091 1746 manna
1136 1692 1597 1751 manducaverunt
1647 1695 1836 1768 (Nunt.
1865 1714 1968 1767 xx,

378 1780 509 1851 11),
542 1791 603 1836 ut
632 1782 794 1838 toties
821 1782 988 1839 abluti
1031 1786 1421 1844 manducarent
1459 1805 1651 1861 panem
1675 1835 1689 1859 ,
1721 1801 1780 1848 ut
1839 1794 1974 1850 scri-

2072 576 2142 633 lis
2170 588 2254 635 est
2286 580 2452 636 turris
2474 622 2489 646 ,
2522 582 2606 637 cui
2631 581 2818 653 jugum
2847 600 3004 640 suum
3035 585 3537 647 Nabuchodonosor
3564 606 3674 648 non

2071 673 2245 744 possit
2274 673 2574 745 imponere.
2607 677 2861 733 Condidit
2904 680 3049 735 enim
3088 682 3278 737 turrim
3327 682 3474 739 illam
3505 684 3676 742 David

2072 763 2164 820 ille
2204 780 2367 821 manu
2398 768 2590 835 tortis,
2618 776 2675 824 et
2716 785 2881 841 supra
2922 787 3201 828 murorum
3245 774 3532 831 aediﬁcavit
3577 791 3676 833 ex-

2073 857 2259 924 celsa;
2289 869 2349 914 ut
2392 860 2636 916 subsidio
2675 863 2878 932 pariter
2917 874 2972 921 et
3016 866 3202 922 decori
3243 868 3357 923 sit:
3392 868 3677 938 subsidio,

2074 949 2199 1021 quia
2231 948 2439 1007 hostem
2472 953 2732 1023 prrevidct
2768 964 2823 1011 et
2852 957 3115 1029 expellit:
3149 958 3374 1029 decori,
3413 961 3538 1031 quia
3567 976 3676 1019 non

2074 1043 2249 1097 solum
2274 1043 2417 1126 inter
2444 1042 2696 1115 humilia,
2726 1047 2823 1104 sed
2851 1047 3012 1105 etiam
3041 1051 3183 1107 inter
3209 1053 3428 1109 excelsa
3456 1068 3682 1126 supere-

2076 1137 2267 1193 minet.
2315 1124 2394 1193 lta
2419 1146 2599 1195 tamen
2639 1141 2881 1197 subsidio
2911 1144 2994 1199 vel
3024 1144 3251 1213 decori,
3295 1146 3341 1201 si
3384 1124 3583 1204 habeat
3618 1147 3673 1204 in

2075 1247 2135 1288 se
2155 1232 2305 1288 verbi
2329 1232 2582 1303 dogmata
2606 1234 2755 1291 velut
2778 1236 3021 1307 quaedam
3050 1237 3391 1310 phalerarum
3419 1241 3640 1298 monilia
3665 1259 3680 1296 :

2076 1327 2276 1385 haheat
2317 1329 2479 1385 etiam
2521 1328 2702 1400 jacula
2743 1332 3044 1401 potentium
3087 1334 3473 1405 prophetarum
3498 1376 3514 1403 ,
3557 1349 3678 1406 quae

2075 1421 2335 1477 adversus
2362 1436 2578 1478 omnem
2606 1423 2957 1480 extollentem
2997 1440 3057 1481 se
3083 1425 3422 1484 altitudinem
3448 1467 3465 1494 ,
3496 1428 3668 1485 lacer-

2077 1514 2147 1570 tis
2174 1514 2494 1585 quibusdam
2529 1514 2656 1571 lidei
2689 1515 3019 1589 diriguntur.

2153 1608 2241 1663 l9.
2286 1606 2407 1664 Noli
2433 1607 2598 1681 igitur
2626 1607 2681 1664 in
2725 1610 3006 1681 pulverem
3036 1612 3226 1669 mortis
3265 1612 3540 1670 deducere
3566 1614 3682 1670 ani-

2078 1716 2222 1757 mam
2266 1710 2453 1768 tuam,
2492 1703 2577 1758 cui
2608 1703 2771 1759 etiam
2800 1704 3062 1761 Dominus
3103 1706 3407 1763 naturalem
3433 1706 3679 1763 altitudi-

2081 1812 2205 1854 nem
2235 1797 2426 1853 tribuit
2464 1808 2517 1854 et
2546 1798 2827 1870 vigorem,
2858 1815 2967 1871 quo
2997 1814 3056 1856 se
3092 1802 3294 1857 excitet
3323 1812 3375 1858 et
3414 1811 3685 1874 assurgat.

377 1882 530 1945 ptum
557 1883 662 1942 est,
684 1875 999 1947 angelorum
1032 1876 1257 1949 (Psalm.
1286 1896 1497 1950 Lxxvu,
1522 1882 1637 1956 25).
1663 1884 1817 1942 Nunc
1833 1903 1970 1960 quo-
2000 1905 2048 1966 Β
2076 1888 2229 1946 Unde
2259 1891 2423 1946 etiam
2464 1889 2533 1945 de
2565 1890 2665 1945 hac
2706 1890 3089 1959 conjunctione
3128 1891 3326 1962 animm
3356 1903 3410 1948 et
3440 1893 3689 1965 corporis

376 1980 481 2037 que
522 1967 574 2023 in
607 1967 882 2041 Evangelii
925 1973 1200 2042 mysteriis
1242 1977 1593 2047 recognoscis
1630 1977 1971 2052 baptizatos,

375 2056 507 2114 licet
535 2066 648 2115 toto
676 2074 939 2132 corpore,
969 2071 1157 2135 postea
1191 2073 1370 2123 tamen
1402 2082 1523 2124 esca
1554 2069 1785 2141 spiritali
1815 2068 1972 2145 potu-'-

374 2165 485 2222 que
524 2152 812 2221 mandari;
853 2154 946 2212 ille
985 2157 1128 2212 enim
1171 2168 1257 2215 est
1293 2175 1455 2217 verus
1493 2161 1735 2220 dentium
1763 2164 1974 2239 fulgor,

376 2244 472 2301 ubi
502 2244 640 2303 bene
678 2251 912 2307 conscia:
949 2254 1149 2308 mentis
1190 2264 1410 2311 resonat
1451 2272 1652 2314 canora
1682 2262 1975 2319 confessio.

375 2337 476 2396 Ille
505 2340 739 2399 mundus
770 2345 993 2414 oculus,
1018 2362 1179 2419 quem
1207 2361 1551 2420 peccatorum
1582 2355 1823 2425 gravium
1869 2366 1976 2413 tra-

377 2436 477 2495 bes
507 2441 652 2496 nulla
678 2442 1029 2514 depresserit,
1061 2463 1219 2520 quem
1247 2461 1733 2523 purgamentorum
1774 2456 1975 2513 levium

379 2529 590 2589 festuca
617 2535 763 2591 nulla
797 2537 1115 2597 turbaverit.

452 2625 538 2683 16.
585 2636 610 2665 ⁸
642 2627 831 2686 Dentes
859 2634 936 2688 tui
956 2634 1089 2690 sicut
1115 2652 1243 2709 grex
1273 2646 1568 2706 tonsarum,
1597 2656 1714 2709 qua:
1734 2646 1977 2700 ascende-

377 2725 605 2813 runt'de
633 2727 870 2797 lavacro,
900 2747 1016 2800 qua:
1050 2749 1224 2789 omnes
1258 2736 1487 2808 geminos
1526 2750 1732 2806 creant,
1761 2750 1807 2794 et
1844 2742 1984 2813 infe-

381 2820 555 2876 cauda
578 2838 681 2878 non
701 2833 776 2879 est
798 2826 853 2879 in
872 2826 966 2882 eis.
990 2826 1108 2883 Non
1138 2829 1426 2888 mediocris
1453 2831 1557 2889 ista
1580 2833 1848 2903 laudatio,
1880 2837 1980 2907 pri-

379 2926 531 2969 mum
564 2925 685 2986 apta
715 2920 1121 2990 comparatione
1163 2931 1443 2981 tonsarum
1470 2941 1487 2994 ;
1518 2940 1710 2997 capras
1738 2928 1883 2985 enim
1926 2939 1982 2985 ct

383 3004 439 3062 in
468 3006 591 3063 altis
621 3010 767 3080 pasci
809 3010 924 3068 sine
949 3014 1196 3085 periculo
1221 3018 1496 3087 novimus,
1530 3028 1582 3075 et
1607 3019 1659 3075 in
1692 3023 1982 3094 praeruptis

383 3113 605 3158 securas
628 3104 806 3160 cibum
831 3121 1075 3176 sumere,
1107 3108 1304 3167 deinde
1332 3125 1454 3167 cum
1496 3113 1819 3182 tondentur,
1853 3115 1985 3172 deo~

382 3196 563 3251 nerari
591 3196 899 3271 superﬂuis.
928 3200 1127 3257 Harum
1160 3203 1310 3275 gregi
1335 3216 1683 3276 comparatur
1705 3207 1947 3265 Ecclesia
1965 3250 1980 3276 ,

2081 1984 2284 2042 dictum
2312 1992 2617 2057 opportune
2634 1985 2925 2055 accipitur,
2953 2000 3020 2041 co
3047 1986 3189 2057 quod
3221 1986 3277 2041 in
3300 1987 3533 2042 naturali
3560 1986 3690 2043 vita:

2077 2088 2280 2134 nostra:
2310 2078 2570 2149 mysterio
2590 2120 2605 2143 ,
2637 2091 2883 2133 connexa
2899 2077 3093 2133 anima
3116 2080 3331 2150 corpori
3358 2078 3507 2134 velut
3533 2078 3687 2135 humi

2077 2180 2257 2242 reptet
2280 2214 2293 2238 ,
2325 2180 2380 2228 et
2417 2174 2730 2243 pavimento
2769 2171 3079 2240 adhazreat,
3113 2174 3309 2244 partim
3334 2174 3560 2245 pr0pter
3583 2173 3690 2231 hoc

2079 2272 2353 2320 terrenum
2393 2263 2754 2320 habitaculum
2778 2307 2793 2332 ,
2832 2266 3026 2336 partim
3054 2266 3181 2336 quia
3220 2281 3418 2338 corpus
3446 2266 3590 2324 istud
3618 2267 3689 2325 de

2080 2364 2223 2413 terra
2252 2366 2355 2414 est.
2382 2358 2450 2414 Et
2478 2358 2719 2431 regionis
2758 2359 2923 2431 igitur
2948 2350 3344 2425 diversorium,
3376 2370 3432 2416 et
3455 2361 3682 2417 materia

2080 2453 2196 2524 ipsa
2227 2452 2474 2524 corporis
2500 2454 2669 2509 nostri
2711 2452 2839 2509 huic
2867 2455 3144 2509 concurrit
3182 2455 3490 2510 sententiae.
3537 2454 3694 2511 ldeo-

2079 2560 2185 2615 que
2216 2545 2439 2616 pulchre
2467 2545 2760 2616 Apostolus
2784 2544 2853 2601 de
2884 2547 3078 2602 mortis
3105 2545 3266 2618 hujus
3296 2561 3529 2619 corpore
3558 2546 3697 2604 libe-

2081 2639 2193 2695 rari
2228 2639 2415 2709 cupit;
2458 2638 2580 2709 quia
2611 2653 2832 2695 carcere
2879 2639 3115 2710 quodam
3160 2639 3497 2710 claudimur,
3539 2649 3594 2696 et
3636 2641 3690 2696 in

2081 2731 2314 2803 quodam
2358 2730 2585 2786 luxuriae
2624 2731 2908 2803 gurgustio
2946 2731 3035 2788 siti
3079 2732 3322 2790 tenebris
3362 2731 3692 2789 involvimur

2081 2823 2428 2880 delictorum.

2153 2915 2246 2973 20.
2289 2915 2430 2986 Ergo
2468 2915 2763 2972 secundum
2795 2916 3127 2973 voluntatem
3171 2917 3265 2974 Dei
3306 2916 3689 2983 ambulemus,

2083 3022 2142 3065 ut
2178 3008 2455 3065 adhmrere
2485 3009 2731 3066 dicamur
2760 3012 2891 3067 Deo.
2934 3010 3070 3067 Nam
3100 3010 3399 3067 secundum
3431 3012 3681 3083 corporis

2084 3104 2450 3175 appetentiam
2480 3104 2572 3175 qui
2595 3103 2757 3173 vivit,
2784 3120 2911 3160 caro
2943 3116 3026 3161 est
3055 3122 3068 3160 :
3097 3104 3188 3177 qui
3219 3104 3519 3161 secundum
3552 3120 3695 3177 pra:-

2086 3207 2243 3270 cepta
2274 3200 2398 3266 Dei,
2428 3198 2652 3271 spiritus
2687 3208 2793 3255 est.
2833 3198 2948 3254 Non
2990 3214 3121 3271 ergo
3159 3198 3253 3255 liat
3291 3200 3473 3259 anima
3503 3208 3695 3255 nostra

383 3289 585 3346 multas
611 3291 663 3345 in
693 3307 753 3349 se
785 3292 990 3350 habens
1014 3289 1316 3351 animarum
1342 3297 1600 3367 virtutes,
1623 3314 1745 3371 quae
1769 3316 1865 3373 per
1900 3301 1980 3357 la-
2011 3330 2056 3394 ρ
2088 3307 2248 3359 caro,
2278 3291 2380 3348 hoc
2411 3301 2536 3360 est.
2568 3303 2629 3348 ut
2668 3292 2915 3349 dicamur
2953 3308 3115 3360 caro;
3143 3294 3283 3350 sicut
3318 3302 3375 3350 et
3413 3293 3489 3349 illi
3520 3294 3611 3366 qui
3640 3293 3696 3349 in

382 3398 605 3441 vacrum
644 3385 913 3460 superﬂua
952 3398 1169 3459 peccata
1204 3389 1510 3462 deponant,
1548 3409 1668 3465 qua:
1696 3394 1982 3467 mysticam

384 3476 547 3535 ﬁdem
569 3488 623 3536 et
645 3481 902 3536 moralem
924 3482 1150 3553 gratiam
1183 3483 1427 3540 deferant
1454 3483 1702 3555 Christo,
1728 3504 1848 3558 qua:
1868 3503 1986 3544 cru-

382 3586 502 3628 cem
535 3572 748 3629 Domini
773 3573 898 3631 Jesu
921 3575 1230 3646 loquantur.
1255 3576 1312 3632 In
1338 3577 1419 3633 his
1443 3578 1678 3635 formosa
1700 3589 1783 3637 est
1807 3581 1987 3638 Eccle-

385 3667 464 3724 sia
485 3709 502 3735 ,
529 3668 672 3726 unde
697 3668 764 3725 ad
798 3684 917 3726 eam
949 3670 1094 3726 Deus
1124 3670 1358 3728 Verbum
1389 3673 1558 3729 dicit:
1590 3672 1727 3731 Ecce
1755 3679 1985 3747 formosa

386 3776 470 3827 es,
500 3761 736 3830 proxima
765 3779 878 3817 mea
902 3778 920 3818 :
945 3779 1060 3818 ecce
1080 3781 1134 3820 es
1160 3766 1423 3835 formosa;
1463 3765 1600 3821 oculi
1629 3767 1703 3821 tui
1728 3768 1861 3823 sicut
1899 3784 1987 3823 co-

387 3856 592 3912 lumbae.
620 3855 749 3912 Tota
768 3862 999 3931 formosa
1019 3875 1071 3915 es
1089 3901 1103 3927 ,
1132 3861 1373 3930 proxima
1404 3877 1547 3930 mea,
1577 3871 1625 3916 et
1653 3861 1985 3932 reprehensio

387 3964 489 4003 non
516 3957 591 4003 est
611 3949 666 4004 in
695 3958 780 4017 te;
807 3951 932 4022 quia
960 3951 1115 4023 culpa
1146 3951 1393 4009 demersa
1416 3962 1519 4009 est.
1548 3954 1683 4010 Ades
1713 3956 1815 4010 huc
1836 3974 1869 4010 a
1893 3955 1988 4011 Li—

390 4041 541 4115 bano,
558 4060 766 4117 sponsa,
791 4045 915 4101 ades
936 4044 1037 4099 huc
1058 4063 1090 4101 a
1118 4044 1334 4115 Libano,
1359 4056 1406 4102 et
1428 4048 1765 4119 pertransibis
1787 4066 1818 4103 a
1840 4050 1985 4120 prin-

390 4136 522 4210 cipio
545 4136 701 4209 ﬁdei;
723 4154 788 4195 co
810 4140 949 4212 quod
979 4141 1297 4198 renuntians
1324 4143 1555 4213 mundo,
1583 4144 1857 4201 transierit
1884 4160 1986 4202 sa:—

390 4229 567 4286 culum
584 4275 600 4298 ,
631 4234 1005 4302 pertransierit
1030 4235 1096 4291 ad
1124 4232 1421 4292 Christum.

462 4325 550 4380 l7.
593 4325 770 4398 (Vers.
790 4327 868 4398 '5.)
895 4325 924 4366 ιι
948 4326 1098 4385 Sicut
1119 4331 1365 4387 resticula
1386 4335 1620 4389 coccinea
1638 4335 1776 4391 labia
1801 4344 1906 4391 tua.
1929 4334 1986 4392 ln

393 4433 555 4476 cocco
576 4421 720 4477 enim
741 4423 952 4494 species
981 4425 1121 4496 ignis
1139 4466 1154 4490 ,
1178 4434 1234 4481 ct
1253 4426 1429 4482 crucis
1450 4426 1746 4485 Dominicae
1767 4430 1989 4502 sanguis

393 4513 645 4571 irrutilat.
698 4514 960 4574 Coccinea
1016 4516 1157 4574 labia
1209 4518 1463 4586 Domini,
1511 4536 1632 4591 quae
1678 4522 1989 4593 passionem

392 4608 665 4679 propriam
697 4609 1037 4680 loquebatur.
1069 4609 1311 4681 Denique
1350 4611 1401 4667 in
1428 4614 1617 4671 Exodo
1642 4630 1865 4671 coccum
1892 4630 1991 4686 pro

2090 3387 2291 3442 diluvio
2322 3386 2626 3456 perierunt,
2660 3386 2729 3442 de
2769 3387 2967 3459 quibus
3005 3387 3208 3445 dictum
3251 3398 3333 3444 est
3361 3406 3375 3443 :
3408 3388 3545 3455 Quia
3571 3403 3696 3443 caro

2085 3491 2204 3537 sunt
2244 3480 2455 3554 (Genes.
2479 3496 2563 3550 vt,
2591 3479 2670 3553 5).
2703 3480 2808 3539 Sed
2851 3482 3023 3555 magis
3065 3498 3193 3539 caro
3221 3492 3407 3538 nostra
3433 3482 3695 3555 obedicns

2085 3576 2280 3630 animae
2318 3573 2684 3645 gubernaculo
2709 3616 2725 3641 ,
2767 3574 2860 3630 (iat
2910 3575 3091 3631 anima
3116 3617 3131 3643 ,
3176 3584 3231 3632 et
3272 3575 3379 3632 hoc
3431 3568 3699 3647 appellari

2088 3679 2362 3728 mereatur
2400 3671 2664 3738 nomine;
2717 3671 2857 3726 sicut
2896 3671 3167 3742 appellata
3217 3680 3303 3727 est
3346 3668 3554 3726 familia
3591 3684 3691 3741 pa-

2085 3767 2335 3823 triarchae
2371 3765 2569 3835 Jacob,
2607 3775 2662 3822 et
2698 3766 3065 3837 generationis
3112 3764 3230 3836 ejus
3269 3774 3454 3821 sancta
3495 3772 3684 3836 poste-

2087 3861 2258 3923 ritas;
2291 3860 2371 3915 sic
2395 3860 2541 3915 enim
2573 3858 2835 3926 scriptum
2863 3865 2947 3913 est
2975 3874 2989 3912 :
3025 3856 3098 3911 lli
3128 3856 3226 3926 ﬁlii
3250 3854 3399 3911 Balaz
3423 3871 3579 3927 quant
3605 3855 3697 3910 de-

2088 3952 2164 4005 dit
2189 3949 2365 4005 Laban
2390 3949 2588 4005 Rachel
2613 3950 2742 4020 ﬁlia:
2765 3964 2874 4004 sum
2895 3964 2915 4004 :
2943 3949 3139 4021 peperit
3165 3948 3276 4003 hate
3299 3944 3465 4002 Iacob
3490 3947 3696 4001 animas

2086 4056 2297 4117 septem.
2329 4044 2399 4100 Et
2437 4043 2639 4099 ibidem
2673 4059 2686 4098 :
2721 4042 2910 4098 Omnes
2939 4051 3111 4096 autem
3154 4041 3342 4095 anima:
3371 4054 3487 4109 qua?
3526 4040 3693 4095 intra-

2087 4148 2271 4196 verunt
2310 4155 2427 4194 cum
2455 4138 2618 4194 Jacob
2644 4137 2700 4194 in
2729 4136 3029 4210 xEygptum
3049 4178 3065 4205 ,
3096 4152 3212 4206 quae
3253 4135 3490 4191 exierunt
3517 4133 3582 4189 de
3622 4137 3700 4205 fe-

2088 4236 2317 4291 moribus
2353 4235 2505 4307 ejus,
2537 4244 2725 4303 prwter
2770 4249 2958 4289 uxores
3001 4232 3233 4303 ﬁliorum
3257 4272 3273 4300 ,
3302 4230 3574 4301 sexaginta
3609 4243 3702 4284 sex

2091 4326 2302 4403 (Cenes.
2333 4344 2493 4396 vat,
2519 4325 2592 4382 25
2630 4336 2678 4382 et
2704 4325 2821 4401 26).
2854 4327 2921 4382 Et
2955 4326 3009 4381 in
3048 4324 3315 4395 principio
3345 4321 3523 4379 Exodi
3561 4322 3703 4392 legi—

2093 4438 2256 4479 mus:
2291 4421 2458 4478 Erant
2493 4431 2665 4477 autem
2697 4436 2875 4477 omnes
2915 4420 3104 4476 anima:
3138 4418 3201 4474 de
3237 4414 3402 4474 Iacob
3423 4458 3440 4486 ,
3478 4416 3706 4489 quinque

2091 4525 2141 4572 et
2169 4516 2497 4589 septuaginta
2526 4513 2724 4585 (Exod.
2751 4529 2797 4580 ι,
2826 4511 2906 4585 5).

2172 4608 2385 4684 1583
2409 4610 2501 4664 21.
2535 4609 2680 4682 Ergo
2709 4609 2785 4664 illi
2812 4610 2904 4680 qui
2937 4607 3255 4664 habitabant
3293 4620 3415 4662 cum
3453 4603 3658 4676 Ioseph
3681 4645 3698 4672 ,

394 4702 515 4774 igne
552 4703 873 4760 collocatum
913 4714 998 4762 est
1033 4704 1245 4779 (Exod.
1288 4725 1423 4776 xxv,
1456 4709 1549 4779 4).
1580 4708 1698 4765 Νοη
1738 4709 1883 4766 enim
1923 4725 1980 4766 ex

2096 4712 2149 4757 ct
2186 4703 2255 4757 de
2298 4701 2536 4774 IEgypto
2583 4702 2835 4757 exierunt
2861 4742 2876 4767 ,
2914 4701 3117 4755 anima:
3166 4708 3294 4754 sunt
3331 4714 3345 4752 :
3388 4695 3480 4768 qui
3520 4702 3701 4752 autem

394 4811 558 4853 roceo
600 4798 868 4867 nmndus,
909 4800 1006 4856 sed
1045 4817 1110 4857 ex
1154 4811 1389 4872 quatuor
1421 4812 1637 4860 constat
1674 4801 1989 4860 elementis.

393 4889 497 4947 Sed
542 4891 599 4947 in
628 4906 793 4949 cocco
822 4893 987 4964 lignra
1025 4892 1163 4966 ignis
1193 4909 1452 4967 expressa
1488 4905 1609 4963 est,
1642 4895 1795 4967 cujus
1827 4910 1993 4966 vapor

395 4985 495 5042 nisi
537 4986 735 5043 coelum
763 4996 926 5059 atque
961 5003 1174 5058 aerem,
1206 4989 1374 5045 maria
1414 4997 1697 5061 terrasque
1736 4999 1990 5061 penetra-

397 5093 510 5148 ret,
546 5084 726 5140 omnia
750 5093 1023 5156 tamquam
1051 5084 1228 5142 ell‘etis
1257 5085 1461 5143 viribus
1498 5085 1861 5142 solverentur.
1891 5085 1996 5142 Per

397 5177 707 5233 resticulam
732 5177 893 5250 igitur
916 5178 1188 5234 vinculum
1217 5179 1588 5250 persuasionis
1614 5177 1993 5250 agnoscimus.

398 5286 494 5344 per
529 5287 756 5329 coccum
787 5273 870 5328 vel
896 5271 1206 5344 cupiditatis
1244 5273 1493 5330 ardorem
1521 5275 1612 5346 qui
1644 5272 1901 5330 scintillat
1940 5273 1994 5329 in

398 5369 591 5426 animis
630 5368 962 5425 audientium
983 5411 999 5436 ,
1029 5367 1115 5424 vel
1144 5354 1404 5425 indicium
1438 5368 1727 5439 passionis.

472 5464 561 5521 18.
604 5461 788 5534 (Vers.
814 5462 909 5535 4.)
939 5462 1091 5517 Sicut
1122 5464 1281 5518 turris
1319 5461 1493 5520 David
1528 5464 1701 5519 cervix
1728 5472 1819 5519 tua
1841 5505 1858 5532 ,
1888 5479 2004 5533 qua:

2097 4811 2221 4852 cum
2255 4804 2438 4852 essent
2477 4794 2657 4866 angeli
2699 4794 2836 4861 Dei,
2880 4794 2985 4849 hoc
3017 4801 3100 4849 est
3129 4792 3256 4849 vitae
3288 4790 3564 4862 probitate
3600 4803 3701 4844 an-

2099 4889 2347 4959 gelorum
2375 4887 2653 4944 imitantes
2692 4888 2920 4958 gratiam
2969 4887 3096 4959 (Qui
3134 4887 3269 4942 enim
3317 4884 3542 4956 (Matth.
3570 4897 3702 4950 xxn,

2099 4983 2196 5055 50)
2223 5000 2327 5038 non
2353 4983 2547 5038 ducunt
2572 4998 2761 5039 uxores
2778 5025 2792 5051 ,
2820 4993 2867 5038 et
2894 4982 2982 5054 qui
3009 4999 3110 5037 non
3135 4981 3334 5036 nubunt
3358 5022 3373 5047 ,
3404 4988 3552 5034 erunt
3573 4979 3705 5034 sicut

2099 5079 2272 5150 angeli
2297 5076 2396 5133 Dei
2422 5078 2476 5132 in
2501 5075 2683 5149 cazlo);
2711 5077 2800 5148 qui
2841 5092 2972 5148 ergo
2991 5092 3112 5132 cum
3140 5075 3317 5148 angeli
3356 5074 3671 5131 viderentur
3694 5114 3712 5139 ,

2100 5170 2244 5241 capti
2275 5180 2401 5226 sunt
2439 5169 2639 5226 decore
2678 5168 2946 5235 femineo,
2984 5167 3040 5223 hi
3066 5183 3194 5224 caro
3226 5177 3383 5233 sunt,
3424 5168 3565 5224 sicut
3597 5164 3703 5220 Do-

2104 5269 2286 5325 minus
2330 5268 2471 5324 Deus
2504 5266 2681 5325 dixit:
2717 5264 2838 5320 Non
2870 5264 3186 5338 permanebit
3213 5263 3430 5334 spiritus
3470 5277 3611 5316 meus
3648 5264 3703 5314 in

2105 5362 2401 5419 hominibus
2420 5362 2477 5417 in
2501 5370 2750 5417 (sternam
2766 5400 2782 5425 ,
2810 5369 3022 5432 prapter
3042 5358 3181 5430 quod
3202 5373 3325 5414 caro
3348 5364 3470 5412 sunt
3497 5351 3708 5426 (Genes.

2103 5471 2188 5524 vt,
2219 5456 2298 5527 ὅ).
2325 5455 2395 5511 Et
2422 5454 2617 5510 merito
2645 5462 2928 5524 exspertes
2954 5450 3228 5517 libidinis,
3257 5448 3463 5520 angelis
3489 5459 3712 5516 compa-

400 5559 662 5630 tediﬁeata
702 5566 775 5614 est
814 5558 870 5611 in
907 5555 1261 5628 Thalphioth,
1295 5558 1437 5614 mille
1474 5558 1643 5631 ειυρεί
1690 5557 1914 5631 pendent
1949 5557 2003 5612 in
2106 5558 2328 5616 rantur,
2361 5561 2492 5605 caro
2514 5546 2660 5604 enim
2696 5560 2807 5603 non
2837 5557 2995 5614 sunt,
3026 5545 3151 5618 quia
3190 5559 3301 5601 n0“
3337 5550 3462 5599 δυηι
3502 5540 3556 5595 in
3596 5551 3713 5594 ea"

401 5672 498 5723 ea,
528 5654 703 5710 omnia
724 5651 907 5726 jacula
954 5653 1259 5723 potentium.
1289 5652 1483 5710 Erecta
1527 5652 1672 5708 enim
1719 5650 1786 5707 ad
1836 5649 2009 5706 Deum
2111 5662 2214 5713 ne,
2247 5643 2345 5702 sed
2389 5643 2446 5700 in
2490 5642 2687 5716 spiritu
2725 5641 2956 5712 :quales
2990 5650 3149 5697 erant
3193 5638 3273 5694 illi
3305 5637 3398 5710 qui
3436 5635 3716 5691 doctorem

401 5749 622 5821 cervix,
656 5760 712 5808 et
732 5747 864 5819 jugo
901 5745 1103 5805 Christi
1148 5747 1372 5817 habilis,
1398 5761 1521 5819 quae
1551 5744 1697 5803 nulla
1741 5744 1796 5802 in
1836 5751 2009 5802 terras
2113 5740 2440 5816 Apostolum
2472 5737 2872 5812 sequebantur,
2903 5734 3103 5809 quibus
3128 5733 3240 5789 ait:
3278 5730 3384 5788 Vos
3414 5737 3717 5785 autemnon

480 5920 507 5949 η
537 5908 657 5967 Lib.
689 5906 757 5965 de
788 5905 1083 5979 Mystet‘iis,
1113 5918 1232 5977 cap.
1265 5903 1320 5972 7,
1350 5910 1499 5960 num;
1524 5901 1614 5959 38:

2184 5890 2212 5939 ἱ·
2246 5898 2301 5955 in
2333 5897 2473 5969 psal.
2498 5900 2693 5957 cxvrlt.
2721 5893 2887 5951 serm.
2920 5893 3018 5961 18,
3052 5884 3199 5950 nuin.
3228 5882 3301 5947 22
3323 5888 3368 5947 et
3393 5874 3493 5949 ibi.
