4148 6362
488 220 511 275 1
522 220 626 276 907

1464 220 2016 289 COMMENTARIUS
2060 221 2131 293 IN
2168 220 2470 289 CANTICA
2504 225 2780 284 CANTIC.

3646 233 3772 291 1908

480 335 601 389 estis
628 336 682 390 in
712 352 900 402 carne,
932 336 1024 391 sed
1048 337 1103 390 in
1135 334 1337 411 Spiritu
1365 336 1548 407 (Rom.
1573 352 1668 393 vm
1688 380 1702 404 ,
1734 337 1813 411 9).
1844 336 1946 407 Qui
1981 354 2081 397 au-
2109 338 2165 399 Δ
2193 339 2453 412 nequitiis
2479 340 2811 415 spiritalibus
2831 383 2848 409 ,
2885 343 3113 413 legitimi
3157 356 3346 414 petens
3372 362 3632 405 coronam
3659 365 3773 408 eer-

483 435 590 483 lem
634 442 900 500 corporea
933 427 1255 483 feminarum
1303 431 1596 505 capiuntur
1644 430 1906 497 libidine,
1955 446 2087 489 caro

477 532 609 578 sunt
639 542 653 579 :
686 533 849 594 atque
878 524 1086 579 utinam
1114 538 1244 579 caro
1273 533 1485 580 tantum
1505 568 1521 591 ,
1553 534 1609 580 et
1635 541 1745 581 non
1772 528 1933 583 etiam
1958 528 2087 600 equi

479 615 905 673 adhinnientes!
938 618 1072 687 Quia
1101 659 1113 682 .
1147 619 1356 691 inquit,
1401 621 1453 675 in
1493 637 1707 677 uxorem
1750 625 1977 694 proximi
2004 626 2086 682 sui

478 710 850 766 adltinniebuut
877 709 1094 771 (Jerem.
1119 728 1172 775 v,
1196 711 1275 784 8).

550 801 640 856 ‘22.
688 800 870 874 (Vers.
897 800 980 876 7.)
1008 812 1033 840 α
1069 801 1197 859 Tota
1226 821 1278 859 es
1308 807 1562 877 formosa,
1593 807 1833 878 proxima
1863 826 1976 865 mea
1996 853 2012 878 ,
2037 819 2086 869 et

478 893 803 967 reprehensio
845 911 945 949 non
976 906 1048 949 est
1078 897 1132 951 in
1176 904 1242 951 te.
1287 897 1762 957 Pulchritudinem
1802 917 1933 957 vero
1962 904 2085 974 quis

479 996 659 1058 potest
686 989 950 1060 maiorem
978 991 1296 1051 existimare
1319 993 1522 1051 decore
1549 995 1698 1066 ejus,
1722 1011 1845 1067 qua:
1870 1009 2086 1057 amatur

478 1098 507 1137 a
549 1098 705 1153 rege,
742 1084 1005 1155 probatur
1026 1100 1055 1138 a
1078 1085 1265 1157 judice
1286 1129 1300 1155 ,
1332 1087 1620 1145 dedicatur
1654 1091 1884 1146 Domino
1904 1134 1920 1159 ,
1951 1108 2087 1149 con-

478 1185 726 1231 secratur
769 1175 907 1233 Deo.
937 1178 1170 1251 Semper
1208 1195 1410 1254 sponsa
1433 1224 1448 1247 ,
1480 1198 1702 1255 semper
1732 1186 1994 1257 innupta;
2028 1198 2087 1255 ut

479 1284 586 1326 nec
617 1285 772 1325 arnor
802 1270 963 1327 linem
1009 1273 1239 1342 habeat,
1274 1290 1375 1330 nec
1420 1275 1677 1332 damnum
1710 1278 1907 1349 pudor.
1955 1280 2084 1341 litae

479 1361 725 1432 profecto
754 1379 881 1419 vera
911 1365 1265 1436 pulchritudo
1303 1374 1389 1422 est
1408 1409 1423 1433 ,
1453 1367 1541 1424 cui
1572 1368 1702 1424 nihil
1740 1372 1933 1437 deest,
1960 1388 2086 1447 qua:

477 1457 590 1514 sola
624 1466 865 1514 meretur
892 1459 1084 1515 audire
1105 1475 1134 1514 a
1165 1459 1433 1516 Domino:
1468 1460 1601 1519 Tota
1615 1479 1669 1518 es
1685 1466 1941 1538 formosa,
1962 1484 2085 1539 pro-

477 1547 620 1603 xima
645 1565 757 1604 mea
778 1592 791 1614 ,
820 1559 867 1615 et
893 1552 1225 1620 reprehensio
1255 1570 1358 1608 non
1386 1564 1459 1609 est
1486 1555 1540 1609 in
1578 1565 1646 1610 te.

549 1644 643 1701 25.
688 1644 869 1720 (Vers.
900 1644 980 1719 8.)
1015 1645 1141 1701 Veni
1170 1649 1272 1702 huc
1310 1666 1343 1703 a
1381 1647 1581 1705 Libano
1603 1693 1619 1722 ,
1648 1652 1766 1706 veni
1805 1653 1905 1713 huc
1930 1670 1963 1708 a
1990 1652 2085 1709 Li—

2192 433 2431 488 taminis.

2261 524 2352 583 96.
2396 525 2577 600 (Vcrs.
2612 525 2702 597 9.)
2734 525 2761 566 ιι
2797 526 3094 585 Vulnerasti
3137 547 3225 586 cor
3272 548 3459 600 meum,
3480 550 3627 590 soror
3644 552 3772 604 mea,

2189 635 2407 691 sponsa,
2432 621 2717 676 vulnerasti
2743 637 2832 675 cor
2856 638 3022 677 meum
3048 624 3103 679 in
3126 640 3229 678 uno
3253 626 3520 682 oculorum
3548 637 3774 699 tuorum,

2191 722 2238 767 et
2270 712 2322 766 in
2349 729 2453 768 uno
2484 714 2627 768 crine
2655 714 2778 769 colli
2806 715 2905 770 tui.
2938 714 3098 771 Oculi
3140 718 3285 773 enim
3321 721 3521 779 mentis
3549 722 3632 776 isti
3661 732 3778 780 sunt

2189 808 2369 873 oculi,
2415 807 2628 864 scilicet
2665 809 2944 864 interioris
2990 810 3266 877 hominis,
3300 828 3408 868 non
3437 813 3493 869 hi
3523 815 3661 869 oculi
3681 815 3767 887 qui

2190 901 2494 958 ministerio
2545 900 2844 973 funguntur
2886 901 3128 958 obtutus.
3176 902 3276 963 Est
3320 904 3469 963 enim
3513 906 3698 962 oculus
3730 916 3781 965 et

2192 998 2392 1052 mentis
2421 1004 2477 1052 et
2502 997 2685 1053 carnis
2705 1038 2720 1064 ,
2748 997 2844 1053 sed
2873 997 2965 1053 ille
3005 1012 3185 1056 ctecus
3211 1009 3297 1054 est
3326 1000 3520 1056 oculus
3552 1003 3641 1072 qui
3680 1016 3780 1059 non

2191 1089 2341 1145 videt
2376 1104 2501 1161 qua:
2530 1088 2714 1145 divina
2741 1099 2869 1145 sunt
2894 1131 2908 1157 ,
2934 1092 3027 1162 qui
3056 1090 3254 1147 frustra
3286 1104 3473 1150 mente
3497 1094 3672 1150 carnis
3700 1096 3780 1150 in-

2187 1184 2349 1239 flatus
2374 1192 2483 1241 est.
2512 1184 2613 1240 Est
2651 1194 2705 1243 et
2746 1183 2887 1240 alius
2931 1185 3125 1242 oculus
3169 1201 3367 1243 sensus
3415 1185 3654 1253 Christi,
3682 1202 3782 1259 quo

2190 1279 2433 1341 Ecclesia
2464 1279 2614 1335 videt
2643 1279 2956 1348 Christum,
2988 1282 3133 1336 sicut
3179 1280 3297 1351 ipse
3321 1280 3457 1338 dicit
3504 1283 3570 1338 ad
3612 1283 3780 1353 Spon-

2186 1385 2303 1427 sam
2332 1389 2345 1425 :
2378 1371 2547 1427 Corde
2575 1389 2670 1428 nos
2695 1373 2874 1444 cepisti
2899 1372 2964 1426 ab
3004 1389 3111 1428 uno
3137 1374 3408 1433 oculorum
3428 1385 3650 1431 tuorum.
3679 1375 3778 1433 Me-

2189 1466 2295 1523 rito
2335 1480 2443 1521 uno
2473 1467 2635 1527 oculo
2682 1465 2897 1522 videtur
2925 1466 3180 1527 Christus
3202 1508 3218 1536 ,
3248 1468 3377 1540 quia
3419 1484 3527 1526 non
3572 1471 3777 1527 videtur

2187 1558 2347 1617 oculo
2368 1559 2610 1629 carnali,
2633 1568 2727 1616 aut
2748 1560 2874 1630 quia
2900 1560 3038 1617 duos
3068 1561 3261 1617 oculos
3284 1562 3491 1620 habens
3516 1562 3778 1634 Ecclesia,

2188 1654 2449 1710 moralem
2490 1664 2548 1711 et
2586 1654 2909 1729 mysticum,
2942 1654 3067 1711 fidei
3109 1655 3272 1712 oculo
3303 1656 3431 1727 plus
3461 1656 3609 1714 videt
3632 1658 3780 1714 Chri—

479 1739 610 1792 bano
629 1754 649 1792 :
679 1738 924 1793 transibis
954 1750 1001 1794 et
1028 1741 1364 1810 perlransibis
1389 1760 1422 1796 a
1451 1744 1712 1816 principio
1743 1744 1871 1816 ﬁdei
1890 1788 1905 1815 ,
1938 1764 1968 1800 a
1996 1764 2085 1802 ca-
2114 1744 2165 1813 B
2192 1755 2373 1814 stum;
2403 1748 2667 1821 mysticus
2707 1748 2853 1807 enim
2900 1748 3094 1805 oculus
3137 1747 3351 1806 acutior
3390 1759 3477 1806 est
3497 1791 3514 1817 ,
3563 1750 3779 1808 muralis

479 1831 583 1900 pite
613 1827 774 1886 Sanir
803 1841 850 1885 et
879 1828 1115 1886 Hermon
1137 1875 1150 1897 ,
1178 1850 1209 1886 a
1239 1833 1470 1889 latibulis
1501 1836 1709 1891 leonum
1729 1878 1746 1906 ,
1775 1855 1806 1891 a
1831 1839 2088 1897 montibus

480 1924 784 1998 pardorum.
810 1925 1016 1995 Quibus
1065 1927 1283 1983 indiciis
1313 1930 1621 1985 ostenditur
1651 1930 1894 2001 perfecta
1922 1944 1976 1989 et
2011 1936 2087 1990 ir-

481 2019 934 2089 reprehensibilis
962 2021 1245 2093 virginalis
1290 2023 1488 2080 animm
1517 2025 1875 2097 pulchritudo
1898 2069 1914 2091 ,
1948 2028 2089 2083 alta-

483 2116 634 2171 ribus
674 2127 993 2172 consecrata
1025 2117 1260 2185 divinis,
1295 2119 1439 2175 inter
1465 2135 1726 2178 occursus
1757 2132 1809 2178 et
1858 2122 2088 2185 latibula

480 2209 808 2279 spiritalium
858 2211 1153 2267 bestiarum
1200 2228 1308 2269 non
1342 2212 1541 2277 inﬂexa
1573 2216 1896 2275 mortalibus
1921 2258 1935 2282 ,
1987 2218 2087 2277 sed

483 2301 686 2359 intenta
743 2304 1020 2377 mysteriis
1073 2305 1209 2372 Dei,
1262 2308 1531 2365 meruisse
1575 2308 1876 2380 dilectum,
1930 2310 2088 2381 cujus

484 2396 649 2463 ubera
682 2399 837 2471 plena
871 2400 1115 2467 laetitiae;
1148 2400 1347 2465 Vinum
1389 2407 1533 2467 enim
1582 2403 1826 2465 lzetiticat
1857 2420 1953 2462 cor
1984 2405 2086 2463 ho-

488 2492 670 2548 minis.

554 2584 648 2644 24.
684 2582 716 2624 ι)
749 2585 817 2642 Et
845 2588 1002 2657 odor,
1031 2590 1224 2663 inquit,
1253 2592 1669 2649 vestimentorum
1714 2604 1956 2661 tuorum,
1988 2596 2089 2651 sic-

482 2692 541 2737 ut
574 2683 703 2737 odor
736 2683 938 2739 Libani.
963 2683 1094 2740 Veni
1115 2705 1146 2739 a
1168 2684 1387 2753 Libano,
1410 2705 1624 2757 sponsa,
1651 2690 1763 2744 verti
1787 2707 1819 2745 a
1840 2688 2039 2746 Libano
2066 2707 2087 2746 :

484 2777 731 2833 transibis
759 2788 806 2834 et
833 2782 1168 2851 pertransibis
1193 2798 1225 2838 o
1251 2783 1507 2856 principio
1543 2783 1666 2855 ﬁdei
1692 2800 1712 2843 :
1741 2784 2000 2843 transibis
2033 2785 2086 2842 in

484 2871 745 2927 smculum
774 2884 1044 2933 certatura
1067 2916 1081 2941 ,
1116 2878 1472 2941 pertransibis
1497 2879 1564 2935 ad
1591 2877 1868 2937 Christum
1897 2881 2087 2937 trium-

487 2964 716 3041 pliatnra
748 2966 813 3022 de
844 2968 1065 3025 saeculo.
1094 2968 1306 3027 Audisti
1339 2971 1465 3042 quia
1496 2984 1547 3029 te
1573 2989 1601 3026 a
1632 2974 1854 3031 leonum
1883 2984 1941 3031 et
1966 2991 2089 3047 par-

485 3058 676 3117 dorum
700 3102 715 3127 ,
745 3060 796 3118 id
828 3070 912 3117 est
932 3105 948 3130 ,
982 3078 1012 3129 a
1042 3064 1370 3137 spiritalium
1411 3067 1779 3136 nequitiaruut
1811 3069 2085 3128 incursio-

2193 1840 2429 1897 dulcior.

2259 1934 2351 1991 27.
2394 1935 2465 1993 Et
2506 1934 2745 1993 fortasse
2773 1936 2860 1994 isti
2887 1936 3032 1993 oculi
3061 1946 3225 2004 sunt,
3254 1937 3457 2007 quibus
3488 1938 3677 1995 Paulus
3706 1938 3779 1994 vi-

2189 2028 2355 2091 debat
2386 2040 2620 2097 aslerna,
2648 2030 2739 2086 ubi
2766 2029 2936 2099 ρωνίι
2967 2029 3288 2101 temporalia
3316 2046 3427 2087 non
3461 2031 3661 2088 videre.
3682 2030 3778 2087 De—

2190 2120 2356 2193 nique
2385 2122 2477 2194 qui
2503 2118 2779 2177 Christqu
2810 2139 2917 2177 non
2953 2121 3208 2189 videbat,
3256 2122 3575 2195 priusquam
3604 2122 3777 2179 oculos

2192 2215 2505 2282 amitteret,
2540 2215 2678 2271 vidit
2708 2213 2930 2289 [584
2948 2231 3072 2271 eum
3106 2224 3463 2287 posteaquam
3501 2216 3676 2272 amisit
3707 2220 3778 2271 vi-

2191 2306 2608 2362 suinocnlortnn
2631 2323 2646 2373 ;
2674 2307 2805 2361 vidit
2828 2309 2974 2364 enim
2996 2308 3088 2378 qui
3120 2306 3293 2363 dixit:
3327 2306 3459 2375 Quis
3479 2324 3553 2376 es,
3571 2307 3774 2365 Domine

2191 2400 2329 2470 (Act.
2353 2415 2405 2454 Ix
2428 2442 2444 2467 ,
2474 2401 2571 2471 5)?
2599 2400 2832 2456 Videbat
2869 2401 3057 2472 utique
3094 2401 3371 2457 Christum
3392 2446 3407 2471 ,
3442 2417 3597 2473 quem
3625 2402 3773 2459 etiam

2194 2493 2476 2548 Dominum
2512 2494 2800 2551 fatebatur.
2833 2494 2898 2552 Et
2940 2493 3109 2560 infra,
3138 2491 3398 2565 Domine,
3429 2495 3632 2567 inquit,
3660 2493 3772 2562 quid

2190 2602 2270 2641 nte
2298 2585 2371 2641 vis
2396 2585 2570 2658 facere
2588 2586 2614 2640 ?
2641 2584 2761 2649 Non
2785 2601 2917 2658 ergo
2945 2585 3166 2643 videbat
3190 2602 3347 2654 eum,
3380 2586 3539 2659 cujus
3564 2600 3775 2658 exspec~

2193 2680 2340 2735 tabat
2370 2680 2698 2752 imperium?
2725 2680 2933 2751 Quibus
2965 2680 3127 2752 igitur
3168 2680 3348 2737 oculis
3376 2682 3560 2737 videre
3588 2679 3769 2739 Paulus

2193 2775 2312 2846 plus
2342 2774 2508 2845 ccepit
2528 2817 2543 2841 ,
2576 2775 2678 2830 nisi
2707 2776 2773 2830 iis
2802 2790 2939 2846 quos
2969 2776 3124 2831 nobis
3150 2776 3267 2847 ipse
3315 2774 3671 2843 monstravit,
3697 2774 3773 2830 div

2191 2883 2320 2922 cens
2351 2885 2363 2921 :
2402 2866 2572 2922 Orabo
2598 2868 2786 2938 spiritu
2804 2909 2819 2936 ,
2848 2868 3004 2927 orabo
3024 2876 3072 2924 et
3098 2878 3263 2925 mente
3286 2868 3334 2945 (1
3357 2867 3479 2942 Cor.
3517 2884 3633 2938 διν,
3657 2865 3770 2938 15)?

2192 2959 2438 3032 Denique
2473 2972 2532 3015 ut
2556 2961 2697 3019 scias
2725 2962 2852 3033 quia
2877 2961 3013 3016 vidit
3039 2961 3249 3019 orando
3276 2978 3290 3017 :
3324 2960 3546 3023 Factum
3574 2970 3671 3026 est,
3698 2958 3769 3014 in—

2192 3054 2343 3123 quit,
2392 3063 2675 3111 reuertente
2718 3070 2797 3108 me
2840 3055 2896 3109 in
2946 3052 3314 3125 Hierusalem,
3356 3072 3475 3113 cum
3501 3068 3689 3109 orarem
3722 3051 3770 3109 iu

488 3153 647 3209 nibus
678 3158 952 3224 ερρπεινίι
979 3173 991 3210 ε
1021 3156 1221 3217 audisti
1252 3159 1375 3235 quia
1423 3159 1601 3231 place;
1628 3161 1679 3216 ei
1712 3173 1926 3223 manu“
1967 3164 2087 3237 pm-
2114 3142 2161 3207 C
2194 3149 2415 3237 templo,
2464 3164 2704 3218 pavorem
2747 3148 2906 3202 Itabui
2931 3189 2946 3212 ,
2986 3146 3090 3201 vidi
3132 3148 3282 3203 illum
3327 3148 3575 3205 dicentem
3615 3144 3768 3201 milii:

487 3244 739 3301 chritudo
770 3248 1051 3304 virtutum.

559 3340 649 3396 25.
690 3351 711 3379 ε
737 3341 871 3397 Ades
893 3342 992 3397 huc
1016 3360 1047 3398 a
1071 3342 1294 3413 Libano,
1314 3363 1526 3417 sponsa,
1553 3347 1675 3403 ades
1694 3348 1837 3404 huca
1859 3348 2087 3411 Libano:

487 3432 753 3502 transibis,
770 3444 816 3499 et
835 3436 1209 3511 pertransibisa
1230 3439 1488 3511 principio
1511 3439 1653 3509 fidei,
1674 3444 1882 3513 acopite
1904 3443 2086 3513 Sanir,

489 3524 911 3593 etHermoniim,
937 3546 967 3581 a
1007 3529 1263 3599 speluncis
1285 3529 1522 3600 leonum,
1556 3549 1587 3586 a
1625 3533 1878 3591 montibus
1897 3537 2091 3606 partio-

486 3634 636 3687 rum;
665 3618 768 3675 hoc
792 3632 903 3689 est,
930 3621 1192 3699 egredere
1215 3622 1282 3677 de
1305 3637 1556 3694 corpore,
1584 3633 1639 3679 et
1662 3634 1825 3682 totam
1855 3635 1906 3683 te
1928 3643 2087 3686 exne.

486 3711 602 3779 Nan
634 3723 795 3787 potes
824 3715 967 3781 enim
1001 3716 1134 3772 mihi
1162 3715 1388 3784 adesse,
1423 3718 1530 3774 uisi
1570 3728 1697 3775 ante
1727 3721 2090 3795 peregrineris

486 3822 514 3860 a
543 3819 808 3885 Emere;
839 3808 1091 3883 quoniam
1120 3810 1211 3883 qui
1242 3810 1293 3865 in
1314 3827 1479 3869 carne
1502 3821 1652 3878 sunt,
1671 3815 2090 3885 peregrinantur

486 3823 514 3860 a
543 3823 589 3862 Ct
677 3823 808 3874 ore;
839 3823 1091 3883 quoniam
1120 3826 1211 3883 qur
1242 3827 1293 3865 ιιι
1314 3827 1479 3869 carne
1502 3823 1652 3878 sunt,
1671 3823 2089 3885 peregrinantur

486 3914 516 3954 a
548 3823 859 4047 gregum
884 3901 1050 3968 Ades,
1083 3902 1285 3977 inquit,
1309 3903 1454 3963 ades.
1483 3904 1628 3969 Bene
1659 3907 1935 3977 repetivit,
1963 3908 2089 3976 quia

488 3993 571 4047 siv
590 4036 603 4047 .
629 4010 889 4047 praesens.
919 3995 1033 4047 sive
1060 3996 1257 4047 absens
1275 4039 1290 4047 -
1315 3996 1512 4047 adesse
1535 4007 1589 4047 οι
1618 3999 1833 4047 placere
1858 3999 2089 4047 Dmninn

488 3966 889 4067 sivbprteseus.
919 3995 1033 4071 sive
1060 3996 1257 4053 absens
1275 4039 1290 4065 ,
1315 3996 1512 4059 adesse
1535 4007 1589 4055 et
1617 3999 1833 4069 placere
1857 3999 2089 4059 Domino

488 4087 601 4163 Deo
635 4099 726 4144 tuo
752 4088 961 4155 debes:
990 4088 1179 4146 adesto
1207 4105 1481 4160 praesens,
1511 4091 1702 4147 adesto
1729 4092 1957 4157 absens,
1983 4092 2089 4153 etsi

486 4182 664 4243 adhuc
709 4183 763 4239 in
803 4198 1034 4251 corpore
1062 4200 1158 4251 es;
1190 4184 1323 4243 mihi
1365 4184 1508 4239 enim
1550 4200 1742 4240 omnes
1789 4195 2089 4263 pnesentes

485 4286 649 4347 sunt,
678 4292 909 4349 quorum
942 4277 1076 4334 lides
1108 4294 1321 4333 mecum
1351 4287 1454 4333 est.
1486 4279 1656 4339 Adest
1684 4278 1812 4333 mihi
1837 4280 1927 4353 qui
1956 4281 2090 4338 exiit

482 4371 552 4428 de
572 4371 776 4428 saeculo
801 4390 813 4426 :
843 4371 1001 4427 adest
1033 4372 1164 4427 mihi
1191 4373 1280 4444 qui
1311 4388 1398 4428 me
1426 4372 1629 4443 cngitat
1652 4414 1666 4439 ,
1698 4388 1784 4429 me
1811 4374 2087 4445 intuetur,

483 4465 553 4523 de
584 4482 669 4522 me
707 4475 924 4536 sperat,
967 4466 1055 4522 cui
1089 4481 1189 4536 ego
1230 4466 1411 4537 portio
1442 4479 1562 4519 sum
1594 4481 1606 4518 :
1638 4464 1795 4521 adest
1836 4465 1966 4526 mihi
1994 4467 2088 4538 qui

2195 3236 2436 3307 Festina,
2465 3240 2547 3293 exi
2575 3239 2730 3295 citius
2770 3245 2833 3293 de
2861 3237 3227 3306 Hierusalem;
3260 3256 3363 3297 non
3392 3241 3525 3299 enim
3552 3238 3770 3311 recipient

2193 3333 2538 3387 testimonium
2565 3344 2707 3386 tuum
2736 3332 2799 3389 de
2825 3348 2907 3387 me
2937 3333 3076 3408 (Act.
3104 3348 3211 3389 XXII
3233 3373 3250 3402 ,
3282 3334 3349 3388 17
3374 3344 3419 3389 et
3454 3333 3564 3403 18).

2265 3428 2355 3484 28.
2403 3438 2426 3465 θ
2450 3426 2544 3482 lsti
2576 3444 2706 3499 ergo
2737 3428 2881 3485 oculi
2925 3429 2978 3483 in
3011 3431 3234 3487 verbum
3268 3427 3367 3489 Dei
3397 3428 3648 3485 delicium
3670 3465 3683 3489 ,
3722 3430 3771 3485 Et

2194 3522 2383 3578 dicunt.
2417 3540 2429 3576 :
2466 3522 2688 3593 Quando
2733 3522 3080 3579 consolaberis
3119 3522 3243 3577 me?
3279 3521 3406 3581 Istis
3452 3522 3617 3577 oculis
3657 3535 3768 3589 pru-

2196 3616 2371 3692 pheuc
2416 3615 2742 3671 dicebautur
2787 3616 3037 3673 videntes
3062 3657 3077 3683 ,
3107 3616 3234 3687 quia
3275 3631 3374 3685 per
3405 3614 3767 3700 revelationeut

2194 3728 2257 3769 ea
2306 3727 2427 3784 qua:
2470 3723 2625 3767 erant
2676 3710 3037 3779 abscondita,
3095 3719 3278 3766 mente
3326 3709 3632 3767 cernebant.
3674 3701 3769 3761 Sed

2193 3806 2317 3877 quia
2363 3804 2553 3860 oculus
2607 3803 2804 3863 mentis
2848 3813 2903 3860 et
2952 3803 3140 3861 oculus
3189 3804 3375 3863 carnis
3424 3816 3557 3859 unus
3598 3797 3770 3857 oculus

2191 3909 2358 3969 sunt,
2387 3912 2441 3956 et
2468 3911 2593 3956 tunc
2640 3901 2803 3957 homo
2826 3900 3205 3956 cunSuIatione
3236 3900 3486 3969 inicitur,
3518 3912 3635 3954 cum
3657 3906 3769 3951 caro

2194 4005 2249 4051 et
2274 4010 2428 4050 meus
2457 3993 2668 4050 diversa
2701 4010 2807 4050 non
2837 3994 3101 4062 cupiunt,
3127 3992 3223 4049 sed
3247 4007 3417 4051 unum
3444 3988 3768 4055 desiderant,

2192 4099 2247 4145 et
2279 4104 2444 4143 unum
2493 4088 2817 4158 requirunt;
2860 4086 2980 4141 ideo
3028 4086 3221 4142 intenti
3259 4085 3324 4140 ad
3379 4100 3502 4141 eum
3532 4081 3618 4153 qui
3657 4079 3766 4134 ait:

2194 4182 2307 4255 Ego
2337 4191 2384 4237 et
2422 4192 2570 4256 pater
2595 4196 2756 4237 unum
2787 4196 2963 4235 sumus
2993 4177 3176 4248 (Joau.
3201 4195 3235 4235 ι
3258 4222 3274 4246 ,
3301 4178 3421 4251 50).
3456 4177 3546 4233 Isti
3573 4183 3769 4246 quoque

2195 4276 2336 4331 oculi
2368 4291 2533 4330 unum
2565 4290 2689 4331 esse
2719 4290 2779 4330 se
2814 4274 3181 4340 conﬁtentur;
3212 4273 3340 4345 quia
3371 4288 3478 4330 uno
3507 4279 3661 4342 atque
3684 4279 3768 4322 eo-

2194 4368 2317 4425 dem
2343 4368 2621 4429 desiderio
2652 4366 2944 4439 ofﬁcioque
2969 4366 3290 4438 funguntur.

2263 4462 2355 4519 29.
2398 4461 2582 4535 (Vers.
2621 4462 2746 4533 10.)
2777 4459 2795 4499 τ
2834 4458 3147 4515 Pulchriora
3175 4471 3294 4517 sunt
3322 4462 3480 4516 ubera
3516 4468 3600 4513 tua
3631 4454 3766 4519 riuo,

485 4560 722 4625 abfuerit
748 4561 851 4623 sibi
878 4579 891 4614 :
922 4561 1017 4617 ille
1046 4576 1257 4616 mecum
1285 4569 1400 4627 est,
1431 4560 1519 4630 qui
1554 4559 1694 4615 intra
1735 4576 1795 4618 se
1829 4578 1933 4617 nun
1964 4572 2047 4620 est,
2065 4579 2080 4630 ;
2115 4549 2165 4609 D
2190 4567 2237 4612 et
2261 4557 2391 4612 odor
2417 4564 2797 4632 unguentorum
2827 4565 3031 4608 tuorum
3058 4569 3214 4625 super
3237 4555 3413 4609 omnia
3440 4558 3678 4607 aromata.
3709 4543 3769 4601 Et

484 4656 741 4729 quoniam
787 4658 879 4731 qui
914 4660 965 4713 in
998 4671 1164 4715 carne
1192 4666 1275 4711 cst
1298 4699 1313 4725 ,
1351 4670 1456 4711 non
1487 4664 1570 4715 est
1616 4656 1668 4716 in
1718 4656 1910 4727 Spiritu
1948 4675 1960 4711 :
1994 4657 2087 4721 ille

482 4764 696 4807 mecum
728 4758 846 4816 est,
880 4748 971 4817 qui
1003 4762 1069 4803 ex
1101 4748 1283 4818 seipso
1325 4747 1643 4818 egreditur:
1676 4747 1770 4811 ille
1794 4748 1949 4823 juxta
1998 4765 2088 4808 me

479 4853 566 4909 est
604 4844 694 4914 qui
727 4853 879 4901 extra
910 4857 969 4907 se
999 4840 1198 4898 fuerit:
1233 4841 1322 4897 ille
1353 4841 1483 4896 mihi
1518 4841 1764 4919 integer,
1798 4844 1890 4914 qui
1923 4860 2087 4917 prop-

482 4949 565 4995 ter
594 4952 679 4993 me
707 4934 1001 5009 perdiderit
1024 4935 1260 4990 animam
1290 4951 1480 5003 suam;
1507 4948 1558 4992 et
1589 4935 1736 5004 ideo,
1762 4938 2083 5007 Ades,ades,

479 5046 701 5105 sponsa;
758 5031 999 5091 transibis
1052 5040 1102 5085 et
1152 5030 1486 5102 pertransibis
1534 5047 1566 5097 tt
1622 5031 1880 5101 principio
1933 5032 2078 5102 ﬁdei.

479 5125 700 5189 Transit
719 5136 770 5182 et
802 5128 1099 5203 pertransit
1127 5135 1388 5191 caeteros,
1418 5142 1541 5199 qua:
1563 5126 1628 5187 ad
1655 5125 1932 5187 Christum
1961 5144 2081 5199 per-

480 5218 666 5290 venit;
693 5219 886 5289 transit
917 5217 1041 5273 ﬁdei
1071 5219 1293 5287 merito,
1320 5225 1375 5283 et
1401 5232 1631 5291 onerum
1658 5219 1936 5288 claritate,
1960 5238 2081 5297 qua;

477 5311 622 5369 lucct
652 5309 793 5371 sicut
823 5309 986 5369 Sauir
1014 5319 1070 5379 et
1099 5309 1369 5380 llermon,
1401 5310 1504 5366 hoc
1532 5322 1615 5367 est
1635 5354 1652 5381 ,
1680 5313 1763 5373 via
1799 5313 2034 5375 lucernae
2060 5333 2074 5372 :

479 5405 671 5469 transit
715 5402 948 5471 devictis
989 5402 1381 5471 tentationibns
1431 5405 1616 5461 satculi
1642 5446 1659 5474 ,
1705 5413 1762 5475 et
1804 5409 2077 5478 superatis

551 5620 575 5693 ρ
608 5610 725 5693 μμ,
753 5625 797 5693 ι’,
824 5607 1161 5693 nauigia”
1182 5622 1308 5681 cap.
1334 5608 1569 5693 7,_pum.
1595 5610 1666 5671 37
1692 5623 1758 5693 et
1770 5627 1886 5685 seq.

550 5681 576 5719 δ
610 5681 726 5736 Lib.
754 5681 822 5734 de
848 5679 1201 5751 Virginitate,
1235 5679 1353 5750 cap.
1386 5679 1477 5745 η,
1513 5698 1660 5737 num.
1691 5683 1780 5739 69.

546 5766 566 5795 ε
604 5752 723 5811 Lib.
746 5750 815 5807 de
844 5749 1020 5820 Isaac,
1050 5765 1168 5832 cap.
1195 5752 1264 5822 ὅ,
1292 5749 1439 5815 num.
1474 5753 1563 5821 47,

2191 4655 2329 4715 infra
2357 4673 2369 4708 :
2407 4653 2551 4711 Odor
2579 4654 2991 4709 vestimentorum
3029 4661 3236 4711 tuorum
3267 4650 3399 4707 sicut
3426 4647 3623 4706 Libani.
3650 4638 3767 4698 Vide

2190 4764 2349 4828 quem
2374 4746 2532 4803 nobis
2552 4724 2788 4812 tribuas,
2816 4745 2966 4816 virgo
2986 4784 3003 4811 ,
3034 4746 3381 4815 processura!
3411 4745 3614 4803 Primus
3632 4736 3763 4838 enim

2188 4843 2324 4899 odor
2358 4853 2479 4897 tuus
2508 4855 2672 4912 super
2712 4838 2894 4895 omnia
2926 4848 3170 4893 aromata
3194 4880 3208 4904 ,
3241 4854 3362 4910 qua:
3406 4838 3458 4894 in
3489 4834 3764 4892 Salvatoris

2189 4939 2355 4995 missa
2403 4946 2530 4994 sunt
2575 4934 2857 5007 sepultura
2886 4975 2900 5001 ,
2943 4944 2998 4989 et
3041 4944 3290 4989 mortuus
3338 4930 3577 5002 corporis
3605 4932 3763 4981 motus

2189 5033 2670 5100 membrorumque
2714 5029 2924 5085 redolet
2970 5028 3175 5089 obiisse
3217 5028 3462 5084 delicias.
3501 5016 3760 5081 Secundus

2188 5127 2323 5183 odor
2375 5135 2527 5190 tuus,
2558 5126 2701 5180 sicut
2753 5122 2888 5179 odor
2940 5122 3169 5191 Libani,
3219 5119 3479 5177 Dominici
3534 5107 3759 5183 corporis

2187 5222 2590 5294 integritatem,
2650 5218 2906 5291 virgineae
2972 5218 3162 5281 ﬂorem
3219 5216 3482 5273 castitatis
3540 5204 3755 5266 exhalat.

2187 5316 2389 5379 Favum
2444 5315 2629 5387 itaque
2677 5312 2859 5371 mellis
2899 5320 2987 5369 tua
3042 5325 3208 5382 opera
3251 5311 3590 5378 componant.
3625 5295 3758 5357 Odor

2185 5412 2347 5470 etiam
2427 5409 2874 5468 vestimentorum
2947 5418 3032 5464 est
3093 5405 3236 5463 odor
3290 5414 3502 5467 actuum
3562 5403 3756 5457 nostro-

2246 5615 2274 5664 (ι
2305 5613 2532 5741 luga“.
2556 5627 2720 5670 cum
2740 5661 2756 5686 ,
2781 5626 2950 5671 serta.
2982 5611 3042 5670 11
3067 5652 3083 5678 ,
3109 5617 3261 5673 num.
3287 5611 3343 5679 7,
3364 5610 3418 5668 8.

2250 5696 2274 5724 ⁸
2304 5686 2380 5741 lbi
2429 5726 2467 5741 ..
2493 5700 2646 5741 num.
2674 5683 2762 5741 10.

2250 5696 2274 5724 ⁸
2304 5683 2467 5752 lbid.,
2493 5700 2646 5741 num.
2674 5683 2762 5741 l0.

2250 5756 2269 5798 ι
2303 5757 2424 5821 Lib.
2450 5755 2557 5821 tde
2583 5755 2729 5833 Virg.
2753 5798 2770 5830 ,
2793 5770 2916 5843 cap.
2941 5757 2996 5829 7,
3021 5770 3168 5825 num.
3196 5753 3291 5829 τρε).
