4148 6362
401 257 539 316 1909

1377 258 1421 315 Ε
1459 258 1775 321 SCRIPTIS
1811 260 1872 321 S.
1914 260 2237 325 AMBROSII
2270 263 2694 329 οοιιεετυε.

3564 280 3703 341 1910

395 392 541 433 rum.
568 384 594 415 ι
616 374 859 433 Admove
886 375 1050 447 igitur
1071 389 1263 433 manus
1279 375 1504 434 naribus
1523 377 1653 445 tuis,
1674 388 1730 435 et
1772 378 2000 439 odorem
2028 385 2079 447 Α
2105 383 2321 441 irrideat
2348 385 2625 458 prudentes
2648 403 2905 447 sermones
2926 398 3041 453 tuos
3068 389 3250 463 (Prov.
3277 408 3431 464 mn,
3458 393 3534 469 9).
3557 396 3703 461 Eva.

394 480 617 524 actuum
640 476 861 523 tuorum
886 466 1158 524 indefessa
1179 483 1245 524 ac
1262 467 1513 537 pervigili
1530 468 1818 527 alacritate
1841 488 1997 530 men-

394 559 465 615 tis
488 559 745 629 explora.
769 559 1030 616 Mulcebit
1045 568 1095 617 te
1117 559 1256 616 odor
1271 560 1516 617 dextera:
1536 571 1665 629 tuae,
1682 572 1738 621 et
1756 562 2000 634 ﬂagrau-

394 655 524 711 tiam
539 654 963 710 resurrectionis
979 664 1067 710 tua
1084 655 1329 711 membra
1352 655 1697 725 redolebuut,
1721 658 1997 730 myrrham

390 749 542 822 digiti
572 749 649 805 tui
675 749 986 817 sudabunt,
1017 750 1121 806 hoc
1149 761 1264 816 est,
1293 765 1437 806 verte
1468 750 1594 808 lidei
1622 752 1856 823 gratiam
1889 754 2000 825 spi-

387 842 569 899 ritalia
598 849 750 913 gesta
790 840 1116 913 ﬂagrabunt.
1142 842 1303 913 Capis
1341 858 1507 913 ergo,
1546 844 1723 917 virgo,
1757 860 1823 903 ex
1854 845 1998 904 inte-

387 934 538 992 riore
563 944 657 991 tuo
676 950 907 1006 corpore
928 936 1289 1007 voluptatem,
1311 946 1365 992 et
1389 939 1504 1007 ipsa
1530 937 1627 994 tibi
1649 938 1823 996 dulcis
1838 980 1853 1005 ,
1881 941 1997 1012 ipsa

388 1034 488 1091 tibi
513 1034 695 1089 suavis
716 1048 777 1089 es
796 1075 812 1101 ,
841 1034 959 1105 ipsa
982 1033 1079 1090 tibi
1110 1033 1275 1106 (quod
1308 1035 1661 1106 peccantibus
1685 1050 1833 1108 saepe
1862 1052 1996 1094 con-

388 1127 570 1199 tingit)
600 1143 709 1183 non
739 1129 938 1199 incipis
968 1128 1282 1200 displicere.

458 1220 547 1275 50.
589 1218 773 1292 (Vers.
800 1217 917 1291 11.)
940 1218 968 1257 δ
998 1217 1176 1275 Favus
1196 1218 1489 1289 distillans,
1519 1220 1659 1277 labia
1681 1233 1797 1289 tua,
1830 1240 1994 1293 spon-

386 1329 466 1367 sa.
497 1312 700 1370 Favum
724 1313 909 1385 itaque
936 1313 1110 1371 mellis
1135 1323 1221 1370 tua
1247 1330 1416 1384 Opera
1437 1328 1804 1389 componant;
1829 1319 1991 1392 digna

384 1405 531 1462 enim
566 1407 852 1478 virginitas
890 1423 1012 1478 quae
1056 1408 1249 1479 apibus
1294 1421 1677 1482 comparetur,
1705 1413 1788 1492 sic
1836 1414 1990 1473 labo-

386 1500 534 1556 riosa
550 1540 566 1565 ,
589 1500 672 1556 sic
699 1499 892 1571 pudica
915 1542 932 1571 ,
957 1501 1041 1557 sic
1063 1502 1354 1561 continens
1379 1520 1392 1557 :
1422 1519 1547 1560 rore
1575 1504 1817 1575 pascitur
1839 1507 1987 1577 apis,

384 1595 561 1648 nescit
588 1592 943 1660 concubitus,
976 1595 1136 1651 mella
1167 1598 1468 1668 componit.
1501 1597 1610 1654 fios
1636 1614 1853 1671 quoque
1882 1601 1991 1659 vir-

381 1687 496 1758 gini
524 1698 610 1744 est
648 1704 831 1744 sermo
880 1688 1137 1756 divinus;
1180 1693 1306 1762 quia
1349 1691 1493 1749 sicut
1536 1710 1625 1751 ros
1674 1695 1768 1753 Dei
1820 1697 1985 1757 verba

2105 486 2215 530 met
2244 478 2389 531 enim
2421 486 2476 533 et
2503 476 2711 549 rejiciet
2732 493 3039 539 sermonem
3062 492 3211 543 tuum
3236 486 3556 561 stultus,qtti
3580 490 3699 558 ejus

2103 568 2308 624 sentire
2360 583 2469 625 non
2520 580 2700 640 potest
2741 570 3084 631 suavitatem.
3138 576 3424 647 Quomodo
3473 591 3702 653 possunt

2102 661 2269 719 verba
2303 662 2394 719 Dei
2426 663 2601 721 dulcia
2630 679 2753 723 esse
2781 668 2834 723 in
2866 668 3113 727 faucibus
3150 671 3275 737 tuis,
3306 671 3361 729 in
3393 673 3587 743 quibus
3616 684 3699 731 est

2101 756 2411 813 amaritudo
2445 759 2738 830 nequitiae?
2764 761 3048 831 Quomodo
3077 765 3176 821 mel
3203 776 3253 820 et
3289 766 3370 823 lac
3396 766 3487 823 sub
3520 767 3700 840 lingua

2100 858 2209 913 tua,
2239 865 2362 905 cum
2401 849 2587 907 dolum
2617 852 2794 921 lingua
2825 864 2911 909 tua
2941 869 3267 926 componat;
3301 866 3360 915 ut
3386 859 3530 917 aliud
3564 875 3698 931 pec—

2102 952 2219 998 tore
2247 942 2546 1014 concipias,
2575 945 2718 1000 aliud
2752 944 2955 1005 forensi
2984 963 3239 1005 sermone
3267 950 3608 1022 praetendas,
3636 961 3698 1007 ut

2099 1035 2343 1107 decipias
2374 1037 2651 1093 incautum
2674 1039 2697 1094 ?
2719 1039 2851 1095 Cum
2886 1040 2979 1098 tibi
3013 1041 3205 1100 Petrus
3230 1044 3512 1112 apostolus
3532 1044 3694 1113 dicat,

2099 1139 2159 1186 ut
2199 1131 2439 1202 deponas
2467 1148 2684 1190 omnem
2718 1135 2975 1195 malitiam
3000 1178 3015 1204 ,
3043 1147 3098 1192 et
3126 1138 3307 1196 fucum
3338 1139 3699 1199 simulationis

2096 1223 2351 1293 abjicias,
2389 1225 2575 1281 dicens
2610 1245 2622 1281 :
2672 1227 2822 1285 Sicut
2848 1229 3045 1287 dudum
3072 1230 3232 1302 geniti
3254 1232 3502 1300 infantes,
3530 1233 3696 1288 ratio-

2098 1315 2293 1371 nabiles
2339 1326 2387 1372 et
2429 1318 2541 1375 sine
2582 1318 2734 1388 dolo,
2775 1321 2859 1373 lac
2902 1322 3248 1391 concupiscite
3282 1321 3325 1394 (Ι
3359 1322 3475 1376 Pet.
3516 1338 3584 1390 tt,
3614 1320 3695 1396 2).

2096 1407 2405 1466 Ostendens
2433 1411 2577 1466 enim
2609 1411 2768 1469 nobis
2793 1413 2919 1485 quid
2945 1414 3015 1469 sit
3040 1416 3142 1471 mel
3172 1422 3228 1471 et
3249 1416 3331 1472 lac
3362 1415 3567 1475 habere
3597 1418 3699 1475 sub

2096 1501 2301 1573 lingua,
2326 1502 2488 1560 docet
2517 1512 2574 1559 ut
2607 1521 2714 1561 non
2742 1506 3070 1565 maledicere
3101 1507 3572 1576 maledicentibus,
3600 1512 3694 1566 sed

2093 1594 2532 1657 benedictionem
2563 1595 2770 1654 referre
2791 1600 3107 1656 noverimus
3134 1618 3148 1655 :
3178 1601 3492 1657 nesciamus
3516 1602 3699 1658 odisse

2094 1689 2197 1743 nisi
2230 1690 2372 1745 viam
2402 1688 2728 1760 iniquitatis.
2760 1703 2816 1746 ut
2839 1693 3020 1748 facere
3043 1693 3189 1767 quod
3210 1708 3583 1764 exsecramur,
3607 1711 3698 1752 re-

378 1780 745 1839 descendunt.
775 1783 960 1840 Pudor
997 1785 1222 1856 virginis
1259 1796 1346 1843 est
1392 1788 1716 1846 intemerata
1754 1801 1982 1862 natura,
2016 1787 2064 1853 Β
2093 1780 2324 1836 “manu
2352 1796 2642 1839 caveamus
2670 1781 2885 1841 θσθοω·

378 1887 569 1945 partus
596 1876 822 1947 virginis
848 1885 935 1932 est
964 1876 1108 1934 fetus
1147 1879 1443 1948 lahiorum,
1473 1896 1701 1952 exspers
1722 1885 1990 1940 amaritu-

376 1968 530 2025 dinis
556 2010 573 2037 ,
604 1969 802 2026 fertilis
839 1972 1166 2028 suavitatis:
1200 1974 1253 2030 in
1286 1988 1578 2031 commune
1619 1977 1806 2045 labor,
1837 1996 1989 2037 com-

376 2064 561 2119 munis
590 2073 675 2119 est
704 2065 932 2122 fructus.
963 2065 1136 2136 Quam
1164 2076 1218 2124 te
1245 2069 1406 2126 velim
1439 2070 1604 2126 ﬁliam
1639 2074 1985 2135 imitatricem

375 2169 507 2212 esse
534 2157 694 2228 hujus
718 2158 948 2229 apicula:
968 2200 983 2227 ,
1016 2161 1175 2231 cujus
1201 2160 1355 2218 cibus
1384 2160 1486 2219 llos
1524 2173 1608 2223 est
1626 2205 1642 2231 ,
1675 2180 1775 2223 ore
1816 2168 1984 2227 sobo-

378 2250 464 2304 les
504 2250 701 2322 legitur
722 2292 737 2319 ,
765 2266 863 2309 ore
890 2254 1257 2326 componitur.
1290 2256 1442 2314 Hanc
1470 2258 1688 2318 imitare
1715 2272 1772 2321 tu
1796 2304 1812 2330 ,
1841 2262 1983 2330 filia;

380 2342 548 2399 verba
580 2355 671 2399 tua
704 2347 911 2403 nullum
960 2350 1072 2405 doli
1117 2352 1365 2409 velamen
1396 2354 1733 2424 obtendant,
1778 2360 1984 2417 nullum

376 2435 617 2493 habeant
663 2436 871 2497 fraudis
918 2439 1306 2511 involucrum;
1359 2455 1507 2502 utet
1552 2448 1840 2518 puritatem
1887 2451 1990 2508 ha—

377 2530 582 2598 beant,
623 2541 678 2586 et
721 2532 880 2604 plena
919 2536 1204 2605 gravitatis
1238 2537 1368 2593 sint.
1413 2538 1726 2596 Meritorum
1766 2557 1985 2614 queque

378 2632 600 2679 tuorum
634 2625 729 2681 tibi
754 2634 959 2683 aeterna
991 2629 1285 2699 posteritas
1316 2640 1409 2685 tuo
1438 2647 1534 2688 ore
1572 2635 1818 2704 pariatur
1838 2676 1853 2702 ,
1882 2651 1985 2693 nec

376 2715 483 2771 soli
527 2715 659 2783 tibi,
704 2719 799 2774 sed
854 2720 1018 2775 etiam
1066 2720 1312 2791 pluribus
1355 2739 1656 2797 congreges
1703 2727 1829 2798 quid
1879 2730 1987 2787 scis

378 2812 525 2864 enim
558 2810 775 2880 quando
816 2826 848 2866 a
879 2821 932 2869 te
963 2825 1050 2869 tua
1082 2816 1267 2875 anima
1301 2828 1656 2889 reposcatur;
1691 2838 1760 2877 ne
1796 2839 1988 2895 recep-

383 2902 560 2958 tacula
595 2902 912 2961 horreorum
959 2907 1254 2966 frumentis
1298 2919 1618 2969 coacervata
1666 2913 1984 2987 dimittens,

381 3015 485 3055 nec
512 3001 638 3056 vitae
667 3011 773 3059 tute
814 3005 933 3061 usui
978 3004 1158 3062 futura
1207 3023 1309 3064 nec
1338 3009 1546 3066 meritis
1568 3054 1583 3080 ,
1617 3013 1848 3084 rapiaris
1875 3031 1943 3070 eo
1965 3057 1981 3083 ,

382 3111 494 3166 quo
536 3095 851 3154 thesaurum
900 3111 1047 3156 tuum
1081 3101 1227 3159 ferre
1256 3118 1363 3159 nou
1399 3105 1596 3172 possis.
1634 3107 1792 3164 Dives
1822 3108 1987 3179 igitur

2162 1874 2250 1931 55.
2274 1873 2456 1947 (Vers.
2478 1874 2591 1943 12.)
2628 1883 2651 1913 ο
2668 1874 2866 1931 Hortus
2882 1878 3153 1934 conclusus
3170 1894 3317 1934 soror
3330 1896 3442 1934 mea
3469 1896 3658 1950 sponsa
3676 1925 3689 1950 ,

2092 1969 2271 2024 hortus
2299 1971 2574 2025 conclusus
2594 2011 2609 2038 ,
2634 1971 2753 2042 fons
2782 1972 3041 2045 signatus.
3075 1972 3395 2031 Emissiones
3425 1985 3549 2044 tuae,
3580 1986 3687 2032 etc.

2092 2062 2174 2120 Eo
2217 2063 2361 2136 quod
2400 2064 2454 2129 in
2497 2064 2670 2121 hortis
2711 2065 2979 2137 ejusmodi
3034 2069 3352 2139 impressam
3404 2070 3697 2142 signaculis

2091 2154 2379 2229 imaginem
2429 2156 2554 2222 Dei,
2585 2156 2782 2213 sinceri
2807 2157 2973 2214 fontis
3006 2158 3146 2214 unda
3174 2159 3550 2232 resplendeat,
3586 2178 3687 2219 nec

2089 2250 2387 2307 volutabris
2412 2251 2772 2319 spiritualium
2799 2252 3094 2311 bestiarum
3110 2269 3297 2325 sparsa
3317 2270 3475 2312 caeno
3487 2254 3689 2323 fluenta

2092 2345 2399 2400 turbentur.
2428 2343 2561 2398 llinc
2583 2343 2674 2399 ille
2701 2344 2896 2399 murali
2925 2353 3110 2415 septus
3134 2345 3325 2417 spiritu
3351 2347 3525 2417 pudor
3547 2348 3697 2405 clau-

2090 2436 2267 2504 ditur,
2300 2452 2367 2493 ne
2396 2445 2579 2508 pateat
2604 2437 2669 2495 ad
2694 2437 2958 2509 rapinam.
2991 2438 3175 2509 Itaque
3205 2440 3348 2494 sicut
3376 2439 3569 2498 hortus
3600 2441 3690 2498 fu-

2089 2531 2243 2587 ribus
2274 2530 2601 2599 inaecessus,
2630 2531 2793 2585 vitem
2817 2529 3049 2599 redolet,
3077 2529 3267 2602 flagrat
3287 2532 3487 2601 oleam,
3510 2546 3689 2588 rosam

2091 2622 2347 2689 renidet;
2393 2631 2453 2677 ut
2487 2621 2541 2677 in
2570 2621 2683 2678 vite
2712 2621 2924 2695 religio,
2956 2623 3008 2676 in
3039 2623 3156 2679 olea
3197 2639 3325 2696 pax,
3359 2624 3411 2679 in
3439 2639 3563 2680 rosa
3597 2641 3694 2697 pu-

2089 2716 2191 2772 dor
2221 2726 2447 2771 sacrataa
2479 2714 2801 2786 virginitatis
2824 2715 3106 2770 inolescat.
3134 2715 3233 2772 Hic
3262 2725 3345 2772 est
3369 2716 3505 2772 odor
3531 2731 3690 2788 quem

2088 2810 2259 2867 JaCob
2303 2810 2606 2881 patriarcha
2652 2809 2922 2883 flagravit,
2950 2811 3170 2885 quando
3216 2812 3417 2871 meruit
3451 2813 3686 2873 audire:

2091 2903 2226 2960 Ecce
2273 2904 2404 2961 odor
2445 2904 2544 2975 ﬁlii
2588 2907 2685 2961 mei
2710 2947 2726 2971 ,
2773 2905 2905 2961 sicut
2954 2906 3082 2960 odor
3123 2908 3238 2980 agri
3284 2907 3424 2979 pleni
3475 2904 3686 2982 (Cenes.

2090 3013 2264 3067 xxvtt,
2304 2993 2421 3070 27).
2455 2997 2589 3053 Nam
2635 2999 2763 3054 licet
2791 2998 2984 3070 plenus
3010 2999 3263 3055 omnibus
3292 2999 3404 3056 fere
3426 3000 3692 3075 fructibus

2091 3091 2412 3163 patriarchae
2450 3094 2625 3148 sancti
2651 3090 2812 3157 fuerit
2839 3108 2999 3166 ager,
3034 3095 3124 3150 ille
3155 3105 3332 3152 tamen
3363 3094 3546 3170 fruges
3575 3114 3692 3165 ma-

379 3197 530 3253 esto,
560 3189 658 3245 sed
691 3192 912 3262 pauper;
934 3233 950 3259 θ
981 3202 1042 3248 ω
1072 3202 1279 3252 natura,
1310 3199 1605 3269 participes
1637 3209 1743 3256 ma,
1763 3242 1779 3267 ,
1814 3202 1982 3272 ρεηί,
2008 3187 2054 3252 C
2081 3184 2191 3257 jori
2240 3186 2456 3242 virtutis
2501 3187 2690 3244 labore
2719 3186 3031 3257 generavit,
3064 3186 3151 3244 hic
3173 3185 3356 3245 ﬂores.
3389 3190 3686 3264 Accingere

379 3282 531 3354 cipea
551 3283 661 3340 sint
692 3284 859 3341 etiam
888 3285 1230 3343 facultatum.

450 3380 543 3434 51.
584 3376 761 3435 Fauus
790 3381 1054 3437 distillans
1081 3383 1222 3438 labia
1251 3393 1339 3439 tua
1365 3401 1574 3455 sponsa.
1620 3386 1754 3456 Quis
1792 3389 1864 3446 sit
1904 3389 1988 3446 fa-

379 3486 515 3539 vus,
543 3472 686 3528 doce
735 3489 853 3543 nos,
896 3476 1179 3533 Salomon.
1216 3477 1297 3534 Tu
1347 3481 1491 3536 enim
1537 3481 1725 3538 dixisti
1761 3501 1776 3540 :
1807 3482 1987 3542 Fusus

378 3565 548 3622 mellis
576 3582 831 3623 sermones
860 3568 982 3623 boni
1006 3569 1196 3641 (Prov.
1221 3587 1309 3627 nt
1331 3614 1346 3639 ,
1375 3571 1493 3643 24).
1525 3574 1593 3631 Et
1636 3590 1767 3633 vere
1804 3576 1985 3636 bonus

377 3654 534 3713 favus
557 3699 572 3724 ,
604 3673 765 3728 quem
798 3660 1089 3716 manducet
1115 3661 1354 3719 Ecclesia
1376 3704 1391 3730 ,
1424 3665 1718 3723 multorum
1749 3668 1984 3739 prophe-

380 3758 556 3805 tarum
582 3751 732 3806 velut
769 3767 930 3824 apum
962 3753 1231 3823 Spirituali
1262 3756 1509 3814 ubertate
1536 3773 1792 3831 congesta
1825 3764 1981 3820 mella

377 3843 739 3902 redolentem.
772 3846 882 3901 Hoc
915 3857 999 3904 est
1030 3850 1137 3904 mel
1171 3851 1241 3906 de
1264 3865 1374 3921 quo
1400 3852 1513 3906 ait:
1547 3852 1862 3911 Manducavi
1888 3873 1984 3927 pa-

377 3954 493 3993 nem
520 3954 692 3996 meum
720 3956 841 3995 cunt
885 3941 1039 3998 melle
1064 3959 1177 3998 meo
1205 3942 1381 4016 (Cant.
1414 3962 1444 3998 ν
1464 3987 1479 4011 ,
1511 3947 1587 4015 1).
1616 3946 1839 4005 Stillaut
1876 3949 1983 4006 mel

378 4030 518 4088 labia
564 4033 948 4105 praedicantis‘,
976 4036 1195 4106 quando
1240 4038 1427 4093 collisa
1458 4039 1610 4096 duris
1637 4041 1858 4097 casibus
1897 4042 1983 4099 vel

379 4126 592 4192 ruinis,
633 4126 798 4197 lapsa:
842 4130 1038 4184 animm
1092 4131 1336 4187 membra
1390 4133 1727 4188 refoventur.
1780 4132 1982 4197 Favum

378 4218 637 4277 distillant
660 4220 801 4277 labia
826 4231 934 4287 tua,
960 4240 1177 4295 sponsa,
1210 4225 1309 4281 mel
1332 4236 1379 4281 et
1409 4227 1491 4282 lac
1518 4226 1610 4281 sub
1639 4227 1824 4301 lingua
1856 4237 1983 4297 tua;

379 4328 443 4369 os
462 4311 605 4369 enim
630 4314 761 4387 justi
786 4316 1013 4372 distillat
1038 4318 1359 4389 sapientiam
1386 4337 1398 4372 :
1425 4320 1493 4376 de
1523 4336 1619 4377 ore
1641 4320 1775 4391 justi
1803 4322 1983 4377 suavia

379 4409 507 4467 tatis
541 4418 599 4465 et
627 4409 1021 4469 misericordiae
1050 4414 1214 4471 mella
1256 4415 1555 4484 procedunt
1586 4433 1600 4470 :
1630 4415 1683 4471 in
1714 4431 1813 4472 ore
1848 4417 1981 4486 justi

378 4502 562 4561 nullus
606 4502 810 4572 dolus,
861 4506 1011 4563 nulla
1059 4508 1308 4575 fallacia,
1350 4511 1496 4569 nulla
1538 4521 1622 4567 est
1674 4513 1980 4570 amaritudo

378 4599 607 4667 peccati.
639 4600 806 4656 Audit
843 4601 1089 4659 Ecclesia
1130 4605 1292 4660 verba
1319 4606 1484 4675 justi,
1518 4608 1669 4663 audit
1700 4610 1852 4679 plebs
1884 4611 1980 4668 Dei
2006 4579 2059 4641 Β

378 4691 542 4746 verba
573 4693 862 4763 sapientis,
887 4696 1193 4753 delectatur
1218 4699 1437 4771 alloquii
1467 4704 1770 4771 suavitate,
1806 4719 1984 4759 mora-

378 4782 448 4840 lis
469 4784 847 4856 disputationis
866 4789 1211 4860 jucunditate
1237 4794 1532 4860 mulcetur,
1557 4794 1745 4850 dicens
1770 4813 1783 4849 :
1811 4795 1981 4862 Quam

379 4876 555 4935 dulcia
598 4882 839 4948 faucibus
866 4883 995 4939 meis
1031 4885 1185 4939 verba
1224 4897 1349 4953 tua,
1387 4904 1545 4960 super
1574 4888 1675 4943 mel
1716 4898 1764 4942 et
1807 4889 1983 4958 [unum

380 4970 463 5027 ori
490 4988 602 5026 meo
639 4971 878 5043 (Psalm.
923 4991 1116 5045 cxvtn,
1153 4978 1332 5051 103)!
1363 4981 1499 5049 Quia
1546 4981 1653 5038 mel
1700 4998 1860 5051 apum
1912 4983 1980 5041 ad

380 5063 570 5143 horam
609 5064 883 5135 delectat,
923 5070 1022 5127 sed
1071 5074 1180 5125 cito
1225 5087 1389 5141 sapor
1436 5074 1553 5142 ejus
1605 5073 1817 5148 1585
1856 5091 1984 5132 eva-

379 5159 588 5228 nescit,
620 5172 675 5217 et
706 5162 1023 5236 plerumque
1049 5168 1261 5224 viscera
1291 5169 1485 5225 vitiosa
1525 5171 1790 5227 laeduntur
1816 5190 1828 5227 :
1860 5186 1981 5228 ver-

378 5250 573 5309 borum
623 5261 804 5312 autem
855 5259 1141 5316 moraliunt
1173 5263 1273 5318 etsi
1304 5274 1571 5334 pungunt
1618 5264 1815 5333 mella,
1871 5282 1980 5329 non

378 5341 608 5401 laedunt.

453 5438 543 5495 52.
581 5437 864 5512 Cognosce
903 5452 1081 5502 tamen
1115 5448 1200 5501 cui
1228 5448 1319 5504 illa
1354 5448 1682 5517 credantur;
1716 5453 1980 5523 scriptum

378 5540 466 5587 eat
493 5533 679 5591 enim:
714 5533 779 5591 In
800 5553 978 5594 aurem
1005 5539 1298 5613 insipientis
1331 5543 1464 5599 nihil
1480 5543 1660 5613 dicas;
1692 5562 1755 5602 ne
1775 5549 1982 5617 quando

457 5675 484 5747 ξι
515 5668 636 5747 μς).
664 5669 732 5747 de
763 5664 1113 5747 virginitate,
1138 5689 1258 5747 cap.
1292 5676 1360 5732 12
1381 5720 1395 5743 ,
1438 5694 1587 5734 num.
1615 5679 1703 5736 75.

455 5737 484 5779 δ
516 5739 636 5818 [.ib.
662 5759 677 5797 I
700 5743 770 5818 de
805 5737 947 5818 [ἧς.
971 5787 988 5812 ,
1163 5737 1227 5813 8',
1259 5737 1413 5808 num.
1438 5751 1532 5808 40.

463 5823 484 5850 ε
518 5811 637 5885 Lib.
670 5829 689 5877 ι
716 5816 785 5880 de
814 5811 1049 5898 Virgini"
1080 5811 1287 5892 cap.l8,
1321 5838 1475 5883 num.
1507 5823 1599 5884 65.

2091 3280 2294 3353 itaque,
2320 3279 2571 3350 virgo,et
2597 3280 2644 3334 si
2676 3280 2758 3336 vis
2788 3278 3102 3352 hujusmodi
3133 3280 3226 3335 tibi
3252 3290 3310 3336 ut
3334 3280 3687 3357 hortusaspi‘

2087 3382 2201 3440 ret,
2231 3373 2567 3446 propheticis
2596 3388 2719 3430 eum
2749 3374 2940 3429 claude
2967 3375 3254 3446 praeceptis
3281 3392 3294 3430 :
3338 3373 3486 3433 Pone
3511 3387 3683 3433 custo-

2087 3469 2229 3522 diam
2260 3468 2335 3523 ori
2372 3478 2482 3537 tuo,
2505 3477 2555 3523 et
2576 3467 2763 3523 ostium
2789 3468 3190 3525 circumstantia:
3214 3467 3365 3525 labiis
3386 3470 3486 3535 tuis
3508 3467 3684 3542 (Psal.

2087 3577 2210 3627 CXL,
2239 3562 2317 3632 5).

2159 3651 2249 3709 54.
2278 3649 2303 3690 ἀ
2327 3651 2527 3709 Hortus
2552 3654 2824 3710 conclusus
2845 3669 2994 3710 soror
3009 3670 3120 3710 mea
3140 3670 3350 3727 sponsa,
3367 3655 3548 3710 hortus
3568 3671 3690 3714 con-

2087 3749 2295 3816 clusus,
2331 3752 2452 3821 fons
2487 3749 2761 3822 signatus;
2792 3749 3092 3805 emissiones
3133 3758 3235 3804 tuae
3267 3750 3543 3824 paradisus
3570 3767 3687 3807 ma-

2087 3840 2255 3896 lorum
2280 3842 2609 3913 punicorum,
2628 3857 2748 3897 cum
2774 3846 2950 3915 fructu
2975 3859 3243 3912 pomorum
3267 3840 3447 3917 Cypri.
3478 3832 3690 3901 Lauda-

2086 3945 2172 3992 tur
2201 3935 2408 4008 Sponsa
2435 3951 2501 3991 eo
2528 3935 2673 4006 quod
2703 3936 2895 3992 hortus
2916 3936 3012 4002 sit,
3045 3935 3255 3991 habens
3286 3935 3338 3990 in
3368 3951 3431 3992 se
3459 3935 3683 3993 odorem

2084 4031 2197 4103 agri
2239 4030 2385 4087 illius
2427 4032 2606 4102 pleni,
2638 4030 2708 4087 de
2736 4046 2844 4101 quo
2877 4030 3009 4087 dicit
3038 4029 3187 4087 Isaac
3218 4047 3233 4086 :
3263 4029 3408 4086 Odor
3426 4031 3533 4104 ﬁlii
3553 4033 3683 4101 mei,

2085 4136 2342 4197 tamquam
2389 4127 2517 4182 odor
2560 4127 2675 4201 agri
2715 4126 2855 4198 pleni
2896 4124 3106 4201 (Genes.
3156 4142 3327 4195 xxvn,
3367 4124 3485 4200 27).
3538 4128 3685 4203 Bona

2083 4236 2216 4292 ergo
2254 4221 2434 4283 anima
2472 4220 2664 4293 ﬂagrat
2692 4221 2891 4277 odores
2912 4220 3164 4293 justitizc.
3205 4220 3273 4277 Et
3301 4220 3536 4278 fortasse
3558 4236 3689 4295 ager

2084 4325 2166 4371 est
2198 4316 2504 4385 patriarcha
2525 4358 2542 4386 ,
2575 4315 2765 4373 hortus
2805 4326 2886 4373 est
2933 4315 3112 4373 anima
3142 4315 3418 4372 inferioris
3435 4316 3690 4395 alicujus,

2083 4410 2239 4483 quasi
2268 4410 2386 4482 agri
2428 4411 2608 4484 portio
2639 4426 2655 4466 :
2687 4418 2744 4468 et
2774 4408 2974 4467 Hortus
3000 4409 3297 4478 conclusus,
3332 4426 3402 4467 ne
3430 4410 3683 4468 incurse-

2084 4512 2171 4560 tur
2192 4523 2219 4559 a
2249 4505 2439 4563 bestiis
2467 4522 2480 4561 :
2504 4514 2558 4562 et
2584 4503 2730 4562 Fons
2750 4505 3005 4577 signatus,
3034 4520 3155 4577 qua:
3174 4506 3486 4577 integritate
3506 4506 3688 4581 signa-

2085 4596 2215 4662 culi,
2248 4597 2762 4667 perseverantiaque
2793 4596 2918 4661 ﬁdei
2948 4599 3163 4668 prepria
3196 4606 3414 4671 peccata
3443 4599 3685 4665 diluerit.

2087 4690 2221 4747 Nam
2271 4691 2362 4761 qui
2393 4691 2461 4747 de
2491 4691 2739 4749 Ecclesia
2768 4692 3080 4763 acceperit;
3111 4691 3274 4761 habet
3296 4693 3442 4766 quod
3474 4693 3541 4749 ad
3574 4695 3687 4752 vir.

2086 4784 2327 4854 ginitatis
2357 4784 2585 4855 gratiam
2623 4785 2858 4847 referat;
2890 4800 2957 4840 eo
2997 4785 3140 4856 qttod
3178 4786 3232 4842 in
3263 4788 3514 4858 paradiso
3543 4789 3693 4849 dele-

2087 4876 2341 4934 ctationis
2384 4878 2559 4950 posita
2590 4880 2709 4935 sine
2731 4879 2916 4935 labore
2946 4877 3151 4935 fructus
3177 4880 3355 4950 capiat
3381 4882 3687 4953 spiritales,

2087 4982 2146 5028 ut
2192 4973 2241 5028 ei
2289 4973 2721 5045 patriarcharum
2765 4973 2960 5031 animat
3006 4974 3171 5029 rurali
3221 4974 3450 5047 quodam
3491 4976 3689 5059 anith

2090 5083 2203 5124 δίκε
2247 5068 2437 5125 labore
2474 5070 2678 5125 fructus
2712 5084 2841 5127 suos
2879 5068 3162 5127 Conferant
3183 5112 3197 5137 ,
3230 5085 3338 5145 (tuo
3367 5070 3467 5127 ista
3494 5086 3692 5144 capere

2089 5164 2261 5235 possit
2280 5172 2596 5236 perpetuam
2626 5166 2946 5223 suavitatem
2973 5183 2986 5219 :
3010 5181 3129 5235 qua:
3156 5167 3349 5225 merito
3371 5165 3493 5223 fons
3509 5167 3691 5240 signa-

2088 5269 2173 5316 tus
2221 5259 2441 5329 dicitur,
2479 5275 2545 5317 eo
2574 5260 2718 5331 quod
2750 5261 2925 5332 imago
2949 5261 3003 5322 in
3036 5259 3124 5319 illa
3156 5259 3250 5319 Dei
3275 5260 3559 5323 invisibilis
3590 5275 3683 5321 ex-

2086 5354 2371 5426 primatur.

2158 5448 2229 5507 '55
2278 5457 2302 5487 ο
2350 5446 2546 5505 Hortus
2590 5449 2861 5504 conclusus
2907 5464 3054 5504 soror
3103 5464 3217 5505 mea
3245 5464 3467 5522 sponsa,
3507 5449 3690 5509 hortus

2089 5545 2397 5613 conclusus,
2429 5542 2547 5615 fons
2582 5544 2836 5618 signatus.
2865 5541 3068 5600 Omnes
3108 5543 3362 5600 doctores
3385 5554 3695 5617 congruunt

2169 5681 2196 5719 (ι
2219 5682 2342 5739 Lih.
2370 5681 2440 5738 de
2464 5683 2633 5748 Isaac,
2674 5696 2795 5753 cap.
2826 5683 2881 5747 5,
2915 5698 3066 5739 num.
3093 5683 3184 5738 48.

2172 5768 2196 5793 ι·
2227 5756 2399 5826 Epist.
2430 5755 2496 5813 ad
2519 5755 2801 5811 Sabinum.
