4040 6510
596 346 728 402 191!

1526 341 2072 402 COMMENTARIUS
2113 340 2178 396 IN
2216 339 2509 396 CANTICA
2540 338 2808 396 CANTIC.

3772 340 3863 400 una
3919 306 3921 398 i

593 463 646 517 in
699 461 958 534 paradiso
983 505 998 532 ,
1047 472 1098 520 et
1142 463 1345 534 lignum
1395 463 1516 516 vita:
1567 461 1863 516 radicatnm
1895 470 1948 516 et
1988 461 2187 531 lignum
2216 461 2269 522 Α
2297 457 2516 513 laceret.
2548 457 2675 513 Haec
2701 474 2831 530 ergo
2861 458 3017 514 nobis
3051 459 3193 515 sicut
3223 471 3469 529 serpens
3499 455 3747 510 astutiam
3771 459 3863 515 iniu.

591 559 874 624 scientiae,
917 574 1027 629 quo
1064 558 1337 614 discernat
1375 557 1575 612 bonum
1625 565 1678 610 et
1719 554 1918 610 malum
1965 572 1978 609 :
2033 565 2193 611 caste-

593 667 763 722 raque
806 651 950 722 ligna
993 651 1150 722 plena
1176 649 1409 721 vigoris,
1443 650 1601 720 plena
1636 648 2047 712 viviﬁcationis,
2083 648 2194 718 spi-

591 747 764 802 rantia
796 756 852 802 et
871 746 1232 802 rationabilia.
1262 745 1338 799 Ex
1361 744 1556 816 quibus
1577 743 1853 815 colligitur
1879 743 2190 812 paradisum

590 843 764 912 ipsum
799 851 1074 896 terrenum
1101 839 1270 895 videri
1295 853 1474 910 posse,
1501 853 1609 893 non
1633 838 1687 893 in
1717 838 1838 892 solo
1861 837 2067 908 aliquo,
2094 836 2191 892 sed

590 934 646 990 in
701 944 888 989 nostro
933 932 1254 1005 principali,
1306 947 1413 1003 quo
1459 933 1734 986 animatur
1778 940 1836 986 et
1883 928 2192 984 viviﬁcatut‘

589 1026 770 1082 aninta
811 1025 1104 1081 virtutibus
1135 1034 1192 1080 et
1222 1024 1495 1080 inlusione
1532 1025 1767 1094 Spiritus
1797 1024 1992 1079 sancti.
2029 1023 2191 1078 Deni-

587 1137 690 1192 que
737 1121 996 1176 Salomon
1041 1121 1093 1175 in
1141 1119 1339 1190 spiritu
1388 1120 1696 1190 paradisum
1730 1119 1781 1174 in
1816 1118 2037 1174 homine
2066 1133 2188 1174 esse

585 1213 870 1269 evidenter
905 1213 1227 1269 declaravit.
1271 1214 1335 1268 Et
1367 1213 1492 1284 quia
1529 1213 1786 1284 mysteria
1814 1212 2073 1281 exprimit
2104 1212 2187 1268 vel

586 1306 783 1360 anima:
813 1314 869 1361 et
896 1305 1088 1371 Verbi,
1121 1305 1204 1361 vel
1236 1303 1440 1360 Christi
1469 1314 1525 1360 et
1547 1304 1839 1369 Ecclesiae;
1870 1304 1995 1360 ideo
2023 1305 2098 1359 ait
2118 1303 2188 1360 de

582 1402 793 1472 virgine
840 1402 1021 1456 anima
1052 1402 1136 1457 vel
1172 1401 1448 1469 Ecclesia,
1479 1417 1637 1473 quam
1680 1401 1898 1458 volebat
1923 1402 2184 1472 virginem

582 1503 787 1549 castam
831 1495 1115 1564 assignare
1153 1492 1374 1549 Christo
1409 1512 1421 1547 :
1456 1493 1744 1548 Paradisus
1776 1495 2008 1560 clausus,
2037 1511 2186 1549 soror

582 1603 694 1642 mea
724 1604 935 1656 sponsa,
972 1587 1249 1656 paradisus
1275 1587 1508 1653 clausus,
1538 1592 1654 1660 [om
1675 1589 1928 1660 signatus.
1962 1588 2185 1643 Paradi-

580 1695 675 1735 sus
703 1679 917 1745 Graece,
947 1680 1144 1735 Latine
1183 1680 1375 1736 hortus
1403 1679 1625 1736 dicitur.
1661 1681 1907 1752 Denique
1935 1681 2184 1738 Susanna

580 1774 634 1828 in
666 1774 922 1845 paradiso
968 1784 1116 1841 erat,
1157 1785 1213 1830 et
1251 1775 1331 1831 sic
1365 1774 1566 1846 legitur
1604 1775 1808 1832 latine:
1842 1785 1896 1832 et
1925 1777 2092 1831 Adam
2129 1778 2183 1832 in

2297 550 2374 606 dit
2401 566 2414 612 ;
2461 566 2566 606 non
2598 552 2743 607 enim
2778 551 3093 617 delectatio,
3119 549 3218 606 sed
3242 551 3410 607 labor
3445 560 3505 606 et
3529 549 3770 604 diuturna
3789 567 3864 607 tue-

2296 645 2491 701 ditatio
2528 662 2650 702 cum
2697 645 2791 700 Dei
2839 647 3012 717 gratia
3049 645 3146 701 dat
3187 643 3506 716 perfectam
3557 644 3862 715 prudentiam.

2296 740 2502 796 Tamen
2533 741 2659 812 quia
2692 741 2964 811 serpentis
2995 739 3280 796 fraudibus
3305 739 3562 795 involuta
3591 749 3675 794 est
3701 738 3866 795 humani

2294 837 2512 906 generis
2547 834 2840 891 hmreditas
2862 877 2876 901 ,
2909 835 2961 890 in
3007 849 3075 890 eo
3111 836 3376 890 astutiam
3416 833 3701 906 serpentis
3723 849 3868 905 sequa-

2295 948 2447 999 mur,
2483 941 2539 986 ut
2567 941 2729 1002 caput
2759 942 3004 986 nostrum
3039 945 3144 986 non
3177 929 3627 1003 projiciamusin
3653 929 3868 1000 pericula,

2292 1024 2388 1080 sed
2419 1039 2528 1094 prae
2548 1024 2770 1080 ctetetis
2798 1023 3068 1094 integrum
3091 1021 3509 1090 custodiamus;
3549 1034 3715 1092 caput
3734 1034 3870 1078 autem

2293 1127 2539 1174 nostrum
2561 1116 2809 1173 Christus
2836 1127 2942 1174 est.
2976 1117 3089 1172 lloc
3121 1126 3345 1172 maneat
3377 1115 3685 1179 incolume,
3714 1129 3767 1170 ut
3787 1133 3870 1172 ser-

2292 1213 2471 1286 pentis
2512 1227 2717 1268 venena
2751 1213 2906 1268 nobis
2936 1226 3042 1267 non
3072 1212 3286 1282 possint
3318 1225 3567 1266 nocere:
3599 1211 3738 1266 bona
3761 1211 3868 1266 enim
3924 1213 3925 1246 ξ

2290 1316 2373 1362 est
2399 1304 2669 1377 sapientia
2695 1319 2820 1360 eum
2854 1304 3197 1371 haereditate,
3231 1304 3284 1359 id
3315 1315 3424 1370 est,
3450 1318 3584 1359 cum
3616 1302 3750 1368 fide;
3771 1320 3865 1376 quo-

2291 1398 2437 1453 niam
2470 1408 2552 1453 est
2579 1395 2869 1453 lia-reditas
2896 1397 3235 1453 credentium
3266 1399 3318 1453 in
3344 1397 3612 1452 Domino.

2361 1492 2452 1549 58.
2495 1491 2650 1560 Quod
2681 1495 2727 1546 si
2772 1491 2976 1562 primus
3004 1492 3188 1557 homo,
3213 1492 3304 1564 qui
3337 1507 3464 1547 cum
3502 1491 3622 1547 Deo
3655 1491 3869 1561 ιοᾳιιεὶηο
3926 1481 3927 1520 ³

2291 1596 2378 1642 tur
2419 1587 2473 1642 in
2509 1587 2762 1657 paradiso
2799 1587 3038 1657 positus,
3083 1587 3192 1642 labi
3234 1597 3344 1641 tam
3383 1585 3553 1642 facile
3587 1588 3789 1658 potuit,
3823 1603 3867 1643 ex

2289 1691 2433 1736 terra
2479 1689 2700 1737 creatus
2730 1680 2940 1752 virgine
2972 1721 2988 1746 ,
3022 1696 3142 1752 qua:
3169 1680 3237 1736 ad
3267 1680 3501 1736 verbum
3542 1679 3645 1735 Dei
3681 1679 3867 1735 formata

2287 1786 2342 1830 et
2367 1785 2553 1831 creata
2585 1777 2788 1830 recenti
2820 1774 3000 1831 fuerat
3028 1785 3221 1830 exortu
3247 1817 3260 1839 ,
3292 1774 3547 1829 nondum
3581 1789 3650 1830 ea
3685 1775 3866 1845 parrici-

576 1869 831 1938 paradiso
869 1879 1017 1933 erat,
1049 1877 1104 1924 et
1137 1869 1213 1925 sic
1256 1869 1506 1940 legimus.
1553 1870 1696 1941 Ergo
1735 1887 1842 1924 non
1887 1881 1936 1926 te
1963 1881 2181 1927 moveat
2211 1863 2258 1923 B
2285 1867 2394 1923 dali
2423 1877 2857 1939 caeteroruutque
2887 1877 3144 1924 concreta
3165 1867 3453 1938 sanguine,
3478 1867 3713 1938 ﬂagitiis
3739 1867 3867 1923 etde-

580 1961 726 2031 quod
764 1962 856 2016 alii
901 1962 1118 2018 codices
1151 1963 1301 2018 latini
1331 1961 1549 2018 hortum
1587 1963 1818 2032 habent,
1847 1963 1940 2019 alii
1966 1964 2180 2036 paradi-

577 2067 721 2108 sum.
769 2053 844 2110 lbi
889 2069 1021 2126 ergo
1071 2064 1156 2110 est
1184 2066 1334 2110 casta
1377 2071 1544 2124 uxor,
1587 2058 1678 2111 ubi
1718 2066 1773 2114 et
1814 2058 1986 2128 virgo.
2027 2059 2180 2114 Licet

573 2149 728 2221 virgo
767 2162 995 2222 excepta
1036 2153 1232 2209 habeat
1267 2153 1504 2209 claustra
1537 2170 1629 2208 sua
1664 2165 1718 2209 et
1752 2156 2051 2228 signacula,
2080 2157 2176 2212 sed

576 2253 804 2315 utraque
846 2246 898 2299 in
951 2245 1243 2316 paradiso;
1293 2255 1354 2301 ut
1393 2245 1682 2302 adversum
1725 2256 1890 2304 aestus
1930 2250 2178 2320 corporis

577 2346 634 2392 et
679 2338 862 2394 carnis
894 2337 1233 2410 flagrantiam
1273 2341 1630 2413 refrigeretur
1661 2341 1920 2398 virtutum
1960 2344 2176 2400 umbra-

569 2429 732 2486 culis.

652 2526 741 2581 56.
785 2526 926 2598 Ergo
948 2527 1233 2598 paradisus
1253 2529 1308 2584 in
1339 2529 1628 2602 principali
1668 2542 1857 2586 nostro
1881 2541 1986 2600 est,
2010 2532 2173 2588 silve-

569 2632 728 2674 scens
755 2620 1112 2690 plurimarum
1137 2622 1456 2692 opinionum
1483 2623 1786 2692 plantariis,
1813 2625 1864 2678 in
1889 2641 1998 2697 quo
2023 2627 2174 2696 prin-

570 2713 820 2786 cipaliter
861 2713 1065 2785 lignum
1099 2717 1224 2771 vitae
1255 2716 1537 2771 constituit
1565 2717 1742 2783 Deus,
1773 2717 1823 2773 id
1851 2727 1967 2784 est,
2001 2719 2169 2790 pieta-

573 2803 641 2859 tis
683 2804 943 2860 radicem.
982 2805 1053 2860 Ea
1095 2815 1177 2862 est
1202 2808 1348 2862 enim
1387 2808 1510 2862 vitm
1544 2818 1741 2863 nostra}
1768 2809 2091 2878 substantia,
2123 2812 2166 2866 si

566 2897 798 2954 Domino
825 2908 878 2954 et
903 2899 1016 2955 Deo
1045 2909 1232 2954 nostro
1261 2899 1476 2973 1586
1501 2899 1717 2956 debitos
1744 2903 1924 2958 cultus
1945 2902 2159 2958 defera-

560 3005 704 3046 mus.
737 2990 1029 3048 Constituit
1061 2993 1224 3048 ctiam
1254 2995 1498 3049 scientiae
1528 2995 1656 3049 boni
1687 3003 1742 3050 et
1772 2997 1898 3051 mali
1929 2997 2164 3052 semina-

559 3085 734 3153 rium;
767 3085 932 3143 homo
962 3087 1106 3143 enim
1137 3088 1285 3144 solus
1317 3090 1371 3144 in
1405 3091 1620 3145 caeteris
1649 3091 2017 3148 animantibus
2051 3103 2162 3148 ter-

559 3177 729 3241 renis,
769 3179 933 3235 habet
963 3179 1247 3235 scientiam
1285 3179 1412 3235 boni
1443 3191 1496 3236 et
1523 3182 1670 3237 mali.
1705 3184 1826 3238 Alia
1853 3199 2070 3256 quoque
2099 3185 2163 3239 il-

2284 1961 2484 2016 decore
2511 1961 2737 2031 polluta,
2770 1960 3012 2016 nondutn
3036 1976 3201 2016 carne
3230 1971 3418 2016 nostra
3442 1961 3718 2016 damnata
3741 1962 3866 2014 ωεις-

2281 2057 2432 2112 dicto
2474 2057 2725 2112 obnoxiae
2766 2056 3104 2112 ha'reditatis
3138 2075 3150 2110 :
3190 2067 3398 2128 quanto
3425 2057 3658 2111 facilius
3699 2067 3864 2126 postea,
3928 2037 3929 2048 ‘

2282 2149 2489 2205 lubrica
2537 2150 2604 2204 ad
2651 2150 2987 2220 peccandum
3031 2149 3149 2216 via,
3183 2149 3357 2221 majus
3401 2149 3640 2206 advexit
3671 2150 3863 2204 humana

2279 2244 2466 2316 generi
2509 2243 2908 2314 praecipitium,
2958 2258 3081 2299 cum
3125 2243 3366 2299 deterior
3401 2243 3773 2298 tolerabiliori
3800 2259 3863 2313 per

2278 2336 2426 2392 vices
2466 2335 2840 2407 generationis
2877 2335 3233 2392 successerit!
3268 2335 3498 2391 Etenim
3527 2339 3576 2391 si
3621 2347 3861 2406 magnetes

2280 2429 2418 2500 lapis
2459 2438 2665 2486 tantam
2713 2439 2922 2486 natura:
2970 2431 3080 2486 vim
3125 2430 3328 2496 habet,
3360 2441 3423 2486 ut
3465 2432 3690 2486 ferrum
3733 2431 3792 2486 ad
3823 2447 3862 2487 se

2278 2523 2490 2591 trahat,
2537 2532 2592 2579 et
2635 2522 2983 2579 transfundat
3027 2539 3086 2578 se
3131 2524 3181 2578 in
3225 2523 3374 2579 illius
3415 2525 3711 2596 speciem;
3740 2524 3801 2578 ita
3823 2537 3862 2578 tt:

2276 2615 2552 2686 plerisque
2593 2616 2831 2686 experiri
2875 2615 3221 2683 volentibus,
3257 2631 3381 2671 cum
3425 2616 3633 2686 plures
3669 2618 3860 2672 annulus

2277 2706 2486 2764 ferreos
2515 2707 2582 2763 ad
2610 2723 2734 2764 eum
2769 2709 3001 2779 lapidem
3030 2707 3395 2776 admoverint,
3429 2723 3644 2765 omnes
3678 2714 3784 2780 pari
3809 2720 3858 2764 te-

2276 2813 2402 2858 neat
2432 2803 2593 2858 modo
2629 2803 2862 2861 :deinde
2889 2804 2937 2860 si
2967 2805 3015 2861 ei
3047 2805 3251 2859 annulo
3272 2805 3361 2859 cui
3393 2803 3711 2861 adhmscrit
3734 2805 3856 2874 lapis,

2271 2896 2436 2951 alium
2481 2896 2773 2953 admoveas
2821 2898 3116 2966 annulum,
3151 2907 3206 2954 et
3245 2913 3462 2953 rursum
3500 2914 3608 2968 per
3645 2898 3855 2953 ordinm

2270 2989 2504 3061 singulis
2544 2991 2883 3059 substituas;
2928 2992 3054 3048 licet
3084 2994 3135 3047 in
3162 3008 3354 3047 omnes
3386 3003 3660 3061 penetret
3688 3008 3855 3064 peror-

2267 3082 2448 3138 dinem
2470 3099 2538 3139 ex
2563 3085 2656 3140 illo
2686 3085 2865 3156 lapide
2894 3088 2972 3140 vis
2998 3093 3236 3149 naturae,
3275 3096 3456 3141 tamen
3492 3087 3721 3158 priores
3745 3101 3853 3141 nexa

2267 3177 2682 3235 vehementiore
2723 3179 3079 3251 constringit,
3130 3180 3469 3251 posteriores
3512 3180 3850 3236 remissiore:

558 3267 631 3324 lic
676 3270 939 3340 plantaria
975 3271 1215 3338 diversa,
1250 3288 1482 3342 quorum
1513 3275 1718 3331 fruetus
1746 3253 2154 3332 virtutes—sunt.
2187 3253 2232 3318 (ἶ
2265 3280 2468 3342 quanto
2495 3273 2666 3343 magis
2695 3271 2915 3327 humani
2944 3273 3161 3344 generis
3191 3271 3436 3329 condilio
3460 3283 3639 3344 alque
3671 3283 3848 3336 natura.

559 3363 668 3420 Sed
711 3367 835 3436 quia
885 3368 1130 3424 scientiae
1161 3385 1332 3439 capax
1373 3369 1609 3426 hominis
1647 3371 1871 3429 aﬂ‘ectus
1912 3374 2160 3446 cognitus

558 3469 645 3516 est
695 3477 725 3515 a
778 3463 920 3529 Deo,
971 3463 1112 3535 qttod
1162 3466 1324 3520 citius
1372 3465 1436 3520 ad
1481 3466 1735 3522 astutiam
1769 3468 2154 3537 inclinaretur,

558 3569 721 3625 quam
759 3556 824 3612 ad
871 3572 1142 3613 summum
1182 3558 1518 3629 prudentiae;
1555 3577 1733 3632 neque
1772 3578 1894 3618 eum
1920 3563 2154 3633 judicent

559 3649 652 3720 qui
695 3651 832 3708 lines
877 3664 1058 3708 certos
1100 3654 1150 3708 in
1189 3655 1371 3708 anima
1403 3661 1589 3708 nostra
1620 3655 1930 3724 constituit,
1975 3659 2157 3728 operis

555 3744 642 3799 sui
669 3747 900 3816 qualitas
935 3748 1103 3803 latere
1132 3757 1382 3819 poterat:
1407 3748 1692 3804 eliminare
1715 3750 2151 3810 voluitastutiam

551 3836 622 3894 de
645 3839 917 3910 paradiso,
947 3841 1100 3910 quasi
1133 3840 1389 3908 providus
1411 3848 1602 3897 auctor
1629 3852 1830 3897 nostrae
1860 3843 2076 3912 salutis,
2101 3856 2156 3902 et

553 3929 681 3986 vitae
708 3931 950 3988 studium
977 3944 1031 3989 et
1057 3932 1402 4004 disciplinam
1432 3932 1651 4004 pietatis
1674 3933 1976 3992 infundere.
2003 3937 2154 3994 Ideo-

549 4039 654 4094 que
685 4027 946 4097 prtecepit
975 4026 1205 4095 homini,
1246 4026 1314 4081 ab
1345 4025 1495 4081 omni
1524 4026 1668 4098 ligno
1699 4028 1841 4099 quod
1866 4031 2023 4085 estin
2056 4047 2151 4103 pa-

547 4119 734 4175 radiso
773 4120 1132 4190 gustandum,
1173 4120 1240 4176 de
1267 4120 1412 4192 ligno
1444 4129 1624 4176 autem
1662 4122 1906 4177 scientiae
1935 4123 2062 4179 boni
2093 4134 2149 4180 et

546 4211 675 4268 mali
715 4229 822 4268 non
866 4229 990 4270 esse
1018 4214 1366 4284 gustandum.
1399 4214 1505 4271 Sed
1532 4215 1660 4286 quia
1689 4225 1942 4271 creatura
1967 4219 2145 4274 omnis

541 4306 784 4377 passioni
836 4307 1070 4362 obnoxia
1111 4315 1226 4372 est,
1263 4307 1386 4362 ideo
1425 4307 1717 4362 delectatio
1756 4309 1895 4365 sicut
1923 4324 2146 4381 serpen-

541 4397 657 4452 tino
687 4397 879 4470 illapsu
909 4398 1161 4454 humanis
1193 4399 1411 4470 irrepsit
1438 4398 1741 4456 affectibus.

613 4492 706 4547 57.
740 4493 925 4564 Itaque
957 4508 1064 4548 non
1102 4495 1376 4549 immerito
1416 4503 1636 4549 sanctus
1665 4493 1878 4567 Moyses
1907 4494 2142 4553 delecta-

537 4583 741 4639 tionem
787 4586 1057 4656 serpentis
1097 4585 1348 4656 liguravit
1398 4585 1797 4655 similitudine;
1849 4603 2016 4658 prona
2057 4601 2142 4646 est

2263 3381 2328 3422 cx
2356 3365 2571 3437 puriore
2599 3376 2744 3422 statu
2773 3367 2826 3422 in
2868 3367 3199 3423 deteriorem
3229 3367 3378 3438 lapsa
3407 3377 3523 3432 est.
3554 3381 3765 3440 quanto
3781 3383 3850 3423 ne-

2259 3460 2506 3530 quiorem
2550 3461 2763 3532 attigit!
2799 3460 2929 3515 Nam
2959 3460 3006 3515 si
3033 3476 3134 3532 per
3160 3476 3252 3516 eas
3281 3462 3504 3531 Species
3535 3463 3848 3518 imminuitur
3936 3460 3937 3530 Ε

2259 3561 2476 3618 natura,
2509 3569 2629 3625 qure
2655 3568 2761 3608 non
2793 3563 2921 3610 sunt
2951 3553 3124 3623 culpa:
3146 3569 3376 3624 capaces
3411 3573 3425 3611 :
3459 3563 3682 3626 quanto
3709 3555 3847 3626 magis
3936 3555 3937 3584 ‘

2259 3661 2357 3717 per
2381 3647 2594 3702 animos
2627 3656 2792 3718 atque
2819 3657 2971 3702 artus
3000 3646 3121 3703 labe
3155 3647 3393 3718 pollutos
3425 3648 3730 3716 scelerum,
3762 3649 3847 3703 rir-

2259 3749 2344 3795 tus
2357 3739 2474 3810 eius
2502 3739 2790 3796 hebetatur
2816 3740 2830 3796 !
2862 3739 3017 3798 Unde
3039 3742 3167 3811 quia
3193 3740 3450 3798 vincente
3480 3742 3846 3810 malitia,abo-

2256 3832 2348 3889 lita
2399 3833 2708 3890 innocentia
2758 3835 2952 3901 fuerat,
2997 3851 3102 3889 non
3134 3845 3253 3890 erat
3285 3837 3379 3907 qui
3405 3835 3625 3892 faceret
3654 3836 3843 3894 bonita-

2256 3938 2386 3997 tem,
2437 3944 2544 3985 non
2595 3938 2712 3985 erat
2755 3945 2928 4000 usque
2976 3929 3044 3985 ad
3090 3945 3279 3985 unum.
3318 3929 3486 3986 Venit
3517 3947 3660 4004 ergo
3689 3930 3844 3986 Domi-

2254 4037 2378 4090 nus,
2401 4023 2491 4095 qui
2522 4022 2844 4080 reformarct
2871 4034 3077 4079 natura“:
3103 4025 3356 4095 gratiam,
3389 4026 3569 4082 immo
3597 4036 3840 4099 augeret;

2252 4124 2311 4170 ut
2361 4115 2452 4172 ubi
2495 4116 2962 4189 superabundavit
3011 4129 3330 4190 peccatum,
3375 4119 3844 4193 superabundaret

2249 4211 2443 4284 gratia.

2320 4307 2410 4365 59.
2460 4307 2605 4381 Ergo
2653 4309 2824 4381 liquet
2867 4311 2990 4382 quia
3035 4318 3226 4364 auctor
3274 4309 3523 4366 hominis
3570 4311 3754 4376 Deus,
3796 4319 3840 4365 et

2246 4403 2391 4474 quod
2431 4417 2575 4460 unus
2617 4403 2788 4472 Deus,
2822 4419 2927 4459 non
2961 4403 3112 4458 multi
3144 4403 3249 4469 dii,
3279 4403 3377 4459 sed
3406 4420 3552 4459 unus
3583 4405 3678 4476 qui
3702 4420 3839 4459 mun-

2245 4495 2373 4551 dum
2403 4508 2660 4568 operatus
2687 4507 2792 4564 est,
2818 4509 2872 4554 et
2895 4514 3094 4565 unum,
3129 4513 3234 4554 non
3270 4499 3475 4556 multos
3500 4501 3760 4566 mundos,
3791 4509 3839 4554 ut

2245 4589 2435 4644 dicunt
2487 4590 2814 4662 philosophi.
2848 4591 3088 4646 Primum
3125 4607 3256 4664 ergo
3292 4593 3562 4649 mundum
3604 4593 3834 4655 creavit.

535 4678 683 4732 enim
718 4679 772 4733 in
813 4689 1060 4736 ventrem
1105 4679 1248 4735 sicut
1281 4694 1541 4750 serpens,
1585 4695 1692 4736 non
1730 4657 1962 4751 pedibus
1987 4683 2138 4740 ince-
2164 4657 2217 4718 D
2242 4679 2442 4738 deinde
2469 4657 2830 4740 habitatorem
2862 4685 3068 4753 mundi,
3097 4685 3186 4741 cui
3227 4694 3374 4742 totus
3399 4688 3646 4744 mundus
3674 4689 3834 4760 patria

533 4767 702 4836 dens,
747 4778 842 4824 aut
877 4771 1000 4826 ullis
1029 4770 1239 4827 elevata
1281 4772 1534 4828 cruribus
1566 4789 1580 4826 :
1611 4773 1706 4829 sed
1734 4773 1957 4830 sinuoso
1984 4773 2132 4831 flexu

529 4863 698 4920 tutius
733 4865 880 4920 velut
919 4866 1166 4934 corporis
1213 4867 1296 4921 sui
1344 4867 1574 4923 lubrica.
1606 4867 1666 4923 Ei
1697 4876 1838 4923 terra
1869 4869 2021 4925 cibus
2048 4879 2134 4926 est

527 4961 673 5015 sicut
699 4959 960 5030 serpenti,
984 4961 1239 5031 quoniam
1264 4975 1444 5016 escam
1475 4962 1648 5017 nescit
1670 4962 1947 5018 caelestem
1970 4981 1984 5029 ;
2008 4980 2132 5020 cor-

525 5052 807 5123 poralibus
849 5053 993 5108 enim
1043 5055 1306 5126 pascitur,
1359 5064 1523 5124 atque
1567 5055 1618 5109 in
1667 5058 1844 5112 varias
1891 5067 2128 5114 mutatur

525 5146 742 5217 species
790 5146 1150 5217 cupiditatum
1170 5188 1186 5213 ,
1228 5154 1285 5202 et
1315 5149 1574 5202 tortuosis
1604 5150 1896 5219 angulatur
1927 5152 2110 5206 anfra-

2238 4773 2375 4830 foret
2409 4793 2421 4830 :
2456 4792 2580 4831 nam
2611 4777 2657 4834 si
2697 4777 2858 4832 hodie
2888 4793 3234 4851 quocumque
3270 4784 3575 4838 accesserit
3598 4783 3831 4854 sapiens,

2237 4865 2436 4937 ubique
2471 4869 2606 4924 civis
2653 4881 2758 4937 est,
2792 4871 2991 4942 ubique
3032 4887 3130 4927 sua
3159 4872 3447 4945 intelligit,
3480 4891 3751 4947 nusquam
3781 4889 3835 4928 se

2236 4961 2606 5032 peregrinum,
2639 4979 2899 5035 nusquam
2929 4964 3196 5035 hospitem
3222 4965 3431 5037 iudicat
3457 4986 3470 5022 :
3494 4979 3706 5037 quanto
3726 4984 3832 5025 ma-

2231 5055 2315 5125 gis
2347 5056 2438 5112 ille
2468 5057 2673 5127 primus
2698 5061 2882 5127 homo,
2914 5061 3077 5116 totius
3100 5061 3288 5117 mundi
3317 5071 3439 5119 erat
3469 5063 3670 5128 incola.
3699 5075 3753 5120 et
3779 5072 3831 5119 ut

2231 5149 2422 5207 Grmce
2449 5152 2671 5219 dicitur,
2694 5157 3104 5225 cosmopolites,
3125 5157 3220 5214 Dei
3250 5173 3444 5214 recens
3475 5161 3692 5234 1587
3711 5175 3829 5217 con—

519 5239 720 5295 ctibus.
750 5239 1099 5296 Venenumin
1119 5240 1373 5297 dentibus
1405 5241 1589 5306 habet,
1617 5243 1813 5312 quibus
1833 5246 2123 5316 unusquis-

516 5349 626 5406 que
653 5349 712 5390 se
741 5335 1013 5391 eviscerat
1052 5335 1391 5401 luxuriosus,
1425 5335 1609 5392 helluo
1635 5337 1957 5407 internecat,
1985 5340 2120 5396 abli-

512 5429 723 5497 guritnr
771 5429 1008 5499 perimit.
1051 5429 1296 5498 Quantos
1339 5441 1607 5500 ruperunt
1658 5431 1817 5499 vina,
1866 5432 2115 5492 dissolvit

508 5522 769 5586 ebrietas,
801 5523 1060 5578 distendit
1083 5521 1354 5580 cruditas!
1387 5524 1541 5580 Nunc
1568 5527 1809 5598 intelligo
1825 5543 1926 5599 qua
1949 5544 2115 5587 causa

509 5615 773 5672 Dominus
823 5617 965 5672 Deus
1012 5617 1309 5674 insufflavit
1356 5620 1407 5674 in
1455 5617 1651 5676 faciem
1698 5619 1976 5691 hominis;
2035 5624 2108 5680 ibi

507 5710 652 5766 enim
696 5725 892 5766 sensus
940 5726 1154 5780 omnes,
1192 5712 1263 5768 ibi
1293 5713 1455 5770 sedes
1484 5723 1649 5786 atque
1677 5714 1934 5772 illecebra
1964 5717 2116 5774 dele-

499 5805 787 5886 ctationis,
828 5805 878 5860 in
903 5807 1099 5874 oculis,
1133 5807 1378 5878 auribus,
1407 5810 1662 5878 naribus,
1687 5820 1856 5882 atque
1886 5811 1939 5888 in
1971 5827 2098 5880 ore;

495 5893 557 5953 tit
600 5891 798 5955 sensus
842 5910 1063 5958 nostros
1091 5890 1352 5960 adverstis
1384 5889 1806 5962 delectationem
1849 5901 2102 5965 fortiores

2225 5251 2524 5322 fabulator,
2571 5255 2821 5312 assiduus
2857 5257 2992 5312 civis
3031 5261 3382 5316 sanctorum!
3427 5261 3827 5332 complantatus

2223 5344 2549 5414 virtutibus,
2591 5351 2918 5420 prmpositus
2963 5351 3216 5407 omnibus
3262 5354 3496 5410 terrenis
3540 5354 3829 5410 animanti-

2221 5436 2343 5504 bus,
2375 5439 2634 5509 marinis,
2661 5442 2997 5512 volatilibus,
3027 5452 3198 5498 totum
3227 5445 3488 5501 mundum
3516 5463 3672 5502 suam
3701 5459 3823 5520 pos«

2217 5532 2522 5586 sessionem
2557 5535 2802 5604 putabat,
2834 5553 2995 5607 quem
3029 5537 3286 5594 Dominus
3315 5539 3570 5595 tuebatur
3599 5549 3659 5594 ιιι
3687 5554 3820 5611 opus

2215 5639 2405 5690 suum,
2438 5641 2615 5698 neque
2642 5637 2702 5684 ut
2739 5628 2914 5684 bonus
2945 5645 3141 5702 parens
3176 5641 3339 5703 atque
3375 5643 3568 5689 auctor
3595 5633 3816 5689 desere-

2214 5714 2327 5772 bat.
2367 5719 2612 5791 Denique
2655 5736 2899 5793 eousque
2939 5733 3185 5781 creatum
3223 5725 3394 5792 fovit,
3418 5736 3478 5782 ut
3507 5728 3811 5785 abdicatum

2209 5814 2538 5881 redimeret,
2567 5815 2904 5872 eliminatum
2935 5821 3226 5890 reciperet,
3261 5829 3536 5877 mortuum
3562 5825 3808 5894 passione

2207 5903 2304 5966 filii
2333 5910 2418 5968 sui
2447 5901 2710 5983 unigeniii
2739 5905 3116 5970 resuscitaret.
3147 5913 3246 5971 Est
3281 5930 3415 5989 ergo
3440 5911 3674 5972 hominis
3705 5930 3798 5970 au-
