4040 6488
143 397 311 454 1915

1100 395 1141 450 Ε
1179 395 1485 454 SCRIP'I‘IS
1519 396 1578 454 S.
1620 395 1944 454 AMBROSII
1985 398 2406 456 COLLECTUS.

3336 401 3476 460 19H

144 523 288 569 ctor
327 513 504 579 Deus,
529 522 585 568 et
611 510 784 582 diligit
813 523 950 581 opus
973 524 1132 566 suum
1165 518 1424 577 aperator
1446 511 1644 578 bonus,
1676 525 1776 566 nec
1801 513 1856 574 Α
1881 513 2172 582 capreolus
2219 523 2314 569 aut
2353 529 2638 571 cervorum
2676 514 2987 574 hinniculus
3011 516 3150 574 'dunt
3183 516 3380 572 affatur
3403 516 3485 572 di-

145 605 504 676 derelinquit
538 604 712 660 bonus
740 613 913 674 pater,
949 618 1110 674 quem
1141 603 1310 659 etiam
1337 603 1478 659 sicut
1503 603 1658 660 dives
1683 619 1777 676 pa-

149 703 498 759 terfamilias
527 715 694 756 censu
725 699 961 771 propriae
991 697 1328 753 haereditatis
1359 697 1608 754 redemit.

231 797 334 853 40.
377 794 678 851 Caveamus
722 809 852 866 ergo
923 809 990 848 ne
1039 793 1318 849 hominem
1369 793 1565 860 istum,
1600 792 1650 848 id
1693 801 1776 848 est

144 897 305 956 νοῦν,
336 890 538 945 mulier
568 889 691 956 illa,
725 887 774 943 id
799 895 917 957 est,
950 887 1135 958 passio
1163 903 1420 943 sensuum
1464 896 1772 943 nostrorum

145 983 536 1040 delectatione
572 994 625 1040 et
667 984 785 1055 ipsa
810 984 1034 1054 decepta
1063 993 1227 1054 atque
1271 983 1428 1038 illusa
1457 983 1771 1051 effeminet,

144 1085 208 1131 et
232 1076 720 1147 circumscriptum
749 1076 804 1131 in
833 1075 981 1148 leges
1003 1090 1131 1130 suas
1155 1084 1208 1131 et
1225 1076 1550 1131 sententiam
1573 1076 1769 1132 trahat.

146 1169 466 1240 Fugiamus
510 1171 931 1227 delectationem
987 1171 1130 1226 sicut
1179 1179 1526 1242 serpentem,
1574 1172 1773 1228 multas

147 1274 315 1320 artes
349 1263 514 1321 habet
544 1273 600 1320 et
629 1266 863 1320 maxime
894 1263 948 1319 in
975 1263 1216 1319 homine.
1245 1262 1378 1318 Nam
1402 1263 1502 1319 alia
1526 1265 1772 1320 animan-

150 1359 234 1413 tia
288 1358 401 1414 cibi
451 1358 712 1414 aviditate
757 1359 1074 1429 capiuntur;
1121 1357 1285 1412 homo
1325 1357 1541 1428 quando
1589 1356 1772 1428 plures

151 1467 369 1509 sensus
413 1454 698 1509 oculorum
750 1453 1074 1524 auriumque
1123 1452 1316 1517 habet,
1369 1461 1518 1507 tanto
1566 1451 1771 1522 majora

154 1550 437 1618 pericula.
471 1558 496 1587 ει
547 1549 732 1618 Itaque
775 1564 908 1604 cave
939 1564 1005 1604 ne
1033 1550 1187 1619 vigor
1217 1549 1415 1603 mentis
1450 1557 1556 1603 tua:
1580 1591 1596 1616 ,
1625 1549 1771 1604 coitu

154 1642 407 1713 quodam
443 1657 722 1714 corporeae
746 1642 1036 1713 voluptatis
1065 1639 1297 1697 inflexus
1322 1641 1654 1708 emolliatur,
1691 1651 1772 1696 at-

154 1752 273 1808 que
324 1738 377 1792 in
417 1737 535 1807 ejus
584 1751 776 1791 omnes
821 1736 1109 1806 amplexus
1132 1735 1460 1802 resolvatur,
1486 1747 1540 1792 et
1568 1736 1768 1792 fontem

154 1829 286 1900 ejus
317 1831 554 1901 aperiat,
583 1829 674 1899 qui
705 1828 870 1884 debet
899 1843 1021 1883 esse
1047 1828 1264 1883 clausus
1295 1836 1350 1883 et
1380 1840 1566 1895 septus
1595 1829 1772 1882 inten-

1881 603 2108 671 leetam,
2133 607 2370 662 exsilivit
2397 617 2451 664 et
2483 609 2722 681 reliquit.
2764 609 2950 666 Tertio
2984 626 3106 666 cum
3151 611 3202 666 in
3236 609 3398 666 cubili
3426 618 3483 666 et

1880 702 2153 768 noctibus,
2180 703 2232 757 in
2261 703 2486 760 civitate
2513 713 2569 761 et
2596 707 2736 773 foro,
2769 705 2822 760 in
2849 705 3042 777 plateis
3068 705 3353 777 qumsitum
3374 719 3479 760 non

1878 794 2117 865 reperit,
2169 804 2224 850 et
2270 796 2563 869 aliquando
2608 798 2947 855 orationibus
2976 798 3089 855 suis
3127 797 3298 870 gratia
3329 812 3478 868 qua:—

1877 895 2087 942 rentem
2121 889 2424 956 revocavit,
2449 889 2588 945 adeo
2617 891 2781 945 etiam
2809 899 2867 945 ut
2898 889 3116 962 propius
3139 897 3429 945 vocaretur
3450 903 3479 944 a

1874 995 2112 1052 sponso.
2149 981 2352 1048 Quarto
2392 983 2507 1053 ipsa
2537 983 2648 1053 jam
2689 983 2969 1039 dormiens
3006 983 3076 1039 ab
3116 984 3234 1054 ipso
3268 983 3478 1039 excita-

1877 1085 2001 1143 tur,
2041 1077 2296 1147 quamvis
2335 1077 2502 1134 corde
2541 1078 2820 1149 vigilaret;
2869 1089 2927 1133 ut
2978 1078 3236 1134 continuo
3287 1091 3476 1132 vocem

1877 1170 2142 1239 pulsantis
2181 1169 2400 1225 audiret
2449 1189 2462 1224 :
2511 1170 2605 1226 sed
2646 1186 2852 1226 moram
2899 1185 3087 1242 passa,
3141 1169 3268 1226 dum
3307 1171 3480 1242 surgit

1877 1263 2024 1336 (quia
2068 1263 2416 1320 velocitatem
2434 1264 2597 1321 Verbi
2625 1281 2733 1321 non
2768 1266 2939 1336 potuit
2969 1264 3476 1338 comprehendere),

1875 1359 2001 1414 dum
2035 1359 2210 1430 aperit
2249 1359 2472 1427 ostium,
2513 1359 2761 1414 transivit
2787 1359 3023 1416 Verbum
3045 1403 3058 1426 ,
3083 1367 3139 1415 et
3168 1361 3281 1431 ipsa
3313 1360 3480 1416 exivit

1876 1451 1929 1508 in
1961 1452 2140 1508 Verbo
2177 1453 2295 1522 ejus
2327 1469 2342 1508 :
2376 1463 2430 1508 et
2469 1469 2564 1524 per
2609 1453 2828 1509 vulnera
2853 1455 3199 1523 requisitum,
3234 1454 3326 1510 sed
3355 1453 3477 1509 vul-

1875 1562 2008 1602 nera
2051 1545 2358 1613 charitatis,
2407 1547 2494 1602 vix
2545 1547 2762 1603 tandem
2809 1549 3032 1617 invenit,
3083 1558 3137 1605 et
3177 1547 3374 1614 tenuit,
3420 1555 3480 1604 ut

1875 1650 2064 1712 postea
2095 1657 2200 1696 nou
2229 1643 2523 1697 amitteret.
2549 1640 2630 1696 Ad
2653 1656 2918 1697 summam
2946 1643 3061 1696 haec
3085 1641 3479 1714 compendioso

1873 1747 2128 1791 sermone
2161 1736 2476 1805 perstrinxi,
2512 1750 2656 1790 nunc
2681 1735 3039 1791 discutiamus
3069 1734 3304 1807 singula.

1944 1828 2036 1882 45.
2071 1827 2256 1899 (Vers.
2298 1827 2416 1897 15.)
2459 1838 2478 1865 ο
2512 1825 2655 1882 Fons
2687 1827 2980 1894 hortorum,
3008 1837 3194 1900 puteus
3223 1843 3478 1898 aquarum

153 1923 332 1980 tionis
359 1920 540 1977 studio
571 1921 1082 1977 etconsideratione
1109 1921 1336 1976 rationis
1363 1939 1376 1976 :
1409 1919 1609 1975 Hortus
1633 1921 1768 1975 enim
1798 1909 1846 1970 B
1874 1921 2152 1976 virentium
2173 1963 2186 1987 ,
2219 1921 2530 1994 autcf/luunt
2571 1923 2768 1991 impetu
2798 1921 2863 1974 de
2894 1919 3113 1977 Libano.
3155 1920 3334 1976 llabes
3364 1918 3482 1975 hanc

153 2017 405 2082 clausus,
425 2019 542 2090 fons
565 2017 819 2088 signatus.
845 2015 1088 2087 Namque
1108 2016 1348 2070 resoluto
1372 2017 1567 2070 mentis
1587 2030 1768 2081 senSu,

157 2125 224 2167 se
255 2112 574 2182 corporales
601 2111 988 2167 delectationes
1024 2110 1310 2166 effundunt
1342 2112 1658 2181 lerniciosae
1687 2113 1771 2166 ni-

158 2205 296 2274 mis,
329 2215 384 2260 et
424 2206 475 2260 in
517 2206 882 2276 appetentiam
917 2205 1132 2276 plenam
1167 2207 1347 2276 gravis
1386 2205 1611 2276 periculi
1651 2221 1774 2275 pro-

160 2295 437 2364 fluentes;
469 2314 604 2369 quas
642 2299 686 2354 si
715 2296 912 2354 mentis
949 2297 1143 2353 vivida:
1174 2297 1519 2354 considerata
1544 2298 1775 2353 mansis-

157 2400 250 2446 set
279 2393 551 2461 custodia,
578 2395 926 2450 relrenasset.

238 2487 333 2542 41.
367 2485 550 2560 (Vers.
576 2488 629 2554 3,
660 2485 1471 2559 4.)bEmissiones,inquit,tuaa
1497 2487 1774 2559 paradisus

164 2581 431 2635 malorum
458 2582 766 2652 punicorum
797 2598 913 2635 cum
942 2597 1213 2652 pomorum
1244 2585 1438 2651 fructu,
1472 2581 1632 2651 Cypri
1658 2597 1775 2635 cum

166 2676 341 2730 nardo
364 2718 378 2742 ,
420 2676 615 2730 nardus
644 2687 691 2729 et
719 2692 923 2741 crocus,
953 2675 1132 2746 ﬁstula
1161 2687 1204 2729 et
1237 2676 1619 2729 cinnamomum
1660 2691 1776 2728 cum

168 2769 430 2824 universis
471 2770 624 2840 lignis
675 2768 882 2832 Libani,
924 2769 1128 2822 mirrlta
1161 2777 1210 2822 et
1251 2768 1368 2821 aloe
1397 2783 1510 2820 cum
1542 2767 1778 2822 omnibus

172 2863 360 2934 primis
416 2863 710 2936 unguentis.
764 2861 1078 2916 Laudanlur
1140 2877 1364 2916 munera
1417 2860 1614 2915 animm
1657 2875 1777 2931 quas

172 2955 345 3011 missa
392 2966 518 3011 sunt
561 2972 589 3009 a
631 2955 878 3025 Sponso,
913 2953 1110 3026 quibus
1138 2953 1321 3008 dotata
1351 2954 1602 3009 veniebat
1641 2953 1777 3023 (Deo

171 3061 356 3107 autem
378 3051 478 3123 pia:
521 3051 714 3105 animm
739 3050 866 3106 boni
895 3049 1090 3104 odores
1116 3047 1287 3120 sunt),
1338 3047 1555 3120 myrrha
1578 3088 1592 3113 ,
1623 3047 1774 3113 aloe,

173 3161 372 3203 crocus
420 3154 475 3201 et
521 3144 662 3212 alia,
693 3145 892 3215 quibus
941 3143 1113 3213 spirat
1159 3142 1440 3196 hortorum
1489 3142 1690 3210 gratia.
1723 3148 1778 3195 ct

173 3253 522 3313 peccatorum
555 3242 692 3294 fetor
728 3237 993 3293 aboletur.
1024 3236 1209 3307 Itaque
1243 3244 1390 3289 tanto
1421 3248 1612 3288 secura
1637 3249 1774 3304 prm-

1877 2015 1931 2070 in
1977 2014 2306 2078 Salomone,
2352 2015 2478 2084 quia
2518 2014 2808 2070 Proverbia
2847 2014 2965 2084 ejus
3003 2013 3261 2080 moralia,
3294 2013 3483 2069 Eccle-

1877 2108 2074 2166 siastcs
2108 2108 2371 2163 naturalis
2393 2151 2407 2174 ,
2441 2109 2493 2164 in
2542 2125 2648 2180 quo
2682 2109 2833 2180 quasi
2882 2109 3154 2164 vanitates
3206 2109 3364 2164 istius
3393 2107 3484 2165 de-

1875 2203 2036 2274 Spicit
2051 2203 2235 2258 mundi
2264 2221 2275 2256 :
2299 2203 2523 2276 mystica
2538 2212 2664 2258 sunt
2680 2203 2798 2273 ejus
2810 2202 3030 2260 Cantica
3055 2204 3271 2277 1588
3287 2200 3476 2260 Canti-

1875 2312 2087 2354 corum.
2142 2298 2320 2354 Habes
2363 2310 2417 2354 et
2458 2299 2511 2353 in
2559 2299 2824 2370 propheta
2866 2318 2878 2354 :
2932 2299 3198 2356 Sentinate
3231 2299 3373 2356 vobis
3411 2301 3481 2355 ad

1875 2394 2153 2461 iustitiam,
2172 2393 2478 2450 rindemiate
2499 2395 2568 2449 ad
2593 2396 2820 2466 fructum
2847 2396 2982 2462 rittc,
3021 2397 3314 2452 illuminate
3338 2395 3481 2453 vobis

1878 2487 2051 2541 lumen
2087 2487 2396 2559 cognitionis
2439 2488 2588 2561 (Usa.
2625 2505 2679 2556 x,
2714 2489 2837 2560 I2);
2872 2489 2973 2544 hoc
3008 2499 3091 2544 est
3117 2490 3263 2545 enim
3293 2490 3477 2546 lumen

1877 2581 2225 2650 cognitionis,
2256 2581 2460 2637 habere
2489 2583 2772 2638 charitatis
2799 2583 3220 2654 perfectionem.
3248 2584 3484 2655 Ideoque

1877 2673 2084 2728 dictum
2113 2684 2196 2730 est
2228 2691 2241 2728 :
2276 2674 2358 2728 Ne
2381 2676 2561 2729 timeas
2583 2677 2766 2749 (Joan.
2793 2693 2887 2744 xu,
2913 2678 3041 2748 15);
3070 2677 3310 2733 Charitas
3332 2675 3480 2734 enim

1880 2766 2133 2821 timorem
2165 2766 2407 2822 excludit
2440 2767 2603 2823 foras.

1950 2859 2040 2914 44.
2084 2859 2152 2916 Ut
2194 2875 2588 2932 cognoscamus
2624 2871 2803 2917 autem
2835 2863 2959 2933 quia
2987 2862 3247 2920 Salomon
3277 2864 3349 2919 ita
3381 2864 3481 2922 hos

1878 2949 2275 3022 interpretatus
2314 2965 2397 3009 est
2443 2963 2554 3010 tres
2600 2964 2816 3025 puteos,
2846 2969 2982 3026 quos
3025 2955 3162 3011 fodit
3196 2955 3392 3023 Jacob;
3423 2965 3484 3012 ut

1877 3043 1944 3099 ad
1965 3045 2225 3100 moralem
2270 3045 2572 3102 doctrinam
2601 3056 2655 3102 et
2684 3049 2982 3102 naturalem
3011 3047 3242 3104 referret
3282 3058 3337 3105 et
3367 3065 3484 3122 my-

1877 3139 2093 3207 sticam,
2127 3139 2180 3194 in
2224 3140 2453 3212 singulis
2476 3141 2631 3196 libris
2669 3144 2804 3206 suis,
2831 3157 2965 3210 quos
3005 3141 3072 3198 de
3100 3142 3396 3198 moralibus
3425 3152 3481 3199 et

1879 3231 2220 3287 naturalibus
2245 3234 2330 3289 vel
2361 3233 2604 3306 mySIicis
2637 3234 2880 3306 scripsit,
2925 3234 3106 3305 posuit
3131 3237 3228 3290 hos
3259 3246 3478 3305 puteos.

172 3335 334 3391 conio
358 3377 371 3400 ,
403 3337 793 3404 conquiescere
829 3331 1138 3403 aquilonem
1171 3345 1388 3401 gravem
1423 3339 1642 3383 ventqu
1674 3344 1768 3398 pe-
1799 3299 1844 3361 Ο
1876 3323 2009 3380 Nam
2047 3335 2101 3381 et
2131 3328 2182 3380 in
2215 3326 2554 3396 Proverbiis,
2586 3343 2708 3384 cum
2732 3327 3108 3384 declinandam
3137 3329 3376 3400 speciem
3398 3328 3482 3384 di-

173 3431 268 3496 tit,
301 3445 369 3485 ne
407 3431 568 3484 liores
619 3427 879 3483 discutiat
911 3446 924 3480 :
973 3426 1184 3497 spirare
1213 3435 1486 3491 austrum,
1523 3422 1625 3478 hoc
1653 3432 1768 3489 est,

169 3524 318 3581 velut
348 3524 596 3596 hyemem
628 3523 925 3592 praeterire,
959 3532 1012 3577 et
1054 3519 1314 3576 mollioris
1352 3519 1513 3575 tlatus
1541 3535 1770 3575 vernare

168 3618 512 3688 temperiem.
550 3617 745 3672 Invitat
774 3615 1047 3687 Sponsum
1101 3616 1153 3670 in
1188 3614 1404 3670 hortum
1454 3631 1642 3683 suum,
1673 3615 1770 3672 de-

170 3711 382 3768 scendit
421 3725 674 3782 sponsus,
707 3722 760 3765 et
787 3709 1060 3766 fructuum
1091 3709 1207 3780 ejus
1238 3709 1556 3764 diversitate
1585 3708 1770 3764 delec-

172 3816 331 3870 tatus.
368 3806 578 3861 laetatur
600 3805 743 3876 quod
772 3805 1043 3859 invenerit
1076 3802 1355 3858 fortiorem
1381 3803 1584 3868 cibum,
1621 3803 1769 3858 inve-

170 3901 312 3958 nerit
349 3901 508 3956 etiam
539 3899 860 3955 dulciorem.
899 3899 996 3952 Est
1019 3898 1162 3953 enim
1191 3899 1337 3952 velut
1361 3897 1516 3966 panis
1546 3897 1765 3967 quidam

171 3994 332 4051 Verbi
372 4003 426 4048 et
477 3994 620 4059 mel,
663 3993 805 4047 alius
854 3992 1260 4052 vehementior,
1303 3991 1444 4045 alius
1490 3992 1768 4046 suasorius

172 4102 371 4146 sermo.
414 4087 510 4142 Est
546 4096 602 4142 et
641 4086 775 4142 lides
819 4087 922 4140 alia
963 4085 1281 4152 ferventior,
1312 4095 1367 4139 ut
1403 4087 1626 4150 vinum;
1661 4085 1766 4141 alia

174 4182 400 4240 lucidior
423 4224 440 4249 ,
488 4191 546 4236 ut
589 4195 783 4236 succus
810 4190 892 4235 est
920 4179 1100 4234 Iactis.
1129 4177 1286 4232 Ilunc
1311 4179 1490 4233 cibum
1519 4177 1767 4236 Christus

174 4274 421 4346 epulatur
457 4275 508 4328 in
539 4273 699 4328 nobis
723 4315 736 4340 ,
773 4273 874 4327 hoc
914 4271 1166 4343 poculum
1209 4270 1362 4338 bibit,
1394 4281 1446 4325 et
1466 4270 1584 4341 ejus
1609 4283 1766 4341 potus

175 4367 430 4423 ebrietate
480 4380 580 4421 nos
627 4375 905 4436 provocat,
949 4377 1008 4420 ut
1037 4363 1103 4419 ad
1134 4364 1358 4419 meliora
1386 4371 1442 4419 et
1469 4365 1670 4434 Optima
1698 4363 1764 4420 ab

177 4459 518 4517 inferioribus
542 4459 803 4515 faciamus
833 4475 1139 4514 excessum.

243 4553 327 4610 4:2.
343 4553 583 4609 Audiens
602 4553 717 4608 hare
735 4553 914 4607 anima
934 4552 1114 4607 hausit
1130 4551 1509 4624 mysteriorum
1528 4551 1763 4608 ebrieta-

177 4659 276 4705 tem
301 4648 626 4716 coalestium,
655 4657 710 4702 et
742 4647 887 4701 velut
916 4655 1170 4716 soporata
1203 4660 1230 4699 a
1262 4645 1406 4710 vino,
1434 4655 1488 4699 et
1511 4647 1665 4716 quasi
1704 4646 1756 4700 in

175 4759 390 4798 excessu
417 4743 497 4797 vel
527 4752 750 4812 stupore
775 4739 974 4812 posita,
1007 4739 1137 4795 dicit
1164 4758 1175 4794 :
1210 4739 1322 4811 Ego
1345 4741 1572 4806 dormio,
1599 4751 1643 4796 et
1673 4759 1763 4797 cor

177 4854 334 4891 meum
371 4837 546 4907 vigilat
593 4835 768 4910 (Cant.
808 4853 862 4903 v,
893 4835 975 4908 2).
1016 4835 1152 4891 Tum
1188 4836 1347 4892 Verbi
1373 4836 1652 4906 prwseutis
1683 4837 1763 4891 lu-

179 4932 313 4986 mine
357 4946 643 5002 percussa,
688 4933 954 4988 excitatur
991 4947 1021 4986 a
1063 4931 1262 4988 Verbo.
1307 4931 1543 4998 Quartus
1584 4941 1761 4986 autem

180 5022 261 5080 hic
289 5037 567 5092 processus
595 5033 680 5080 est
709 5024 923 5078 animai.
961 5024 1204 5079 Primum
1232 5025 1434 5079 etenim
1477 5023 1762 5080 charitatis

181 5116 452 5188 impatiens
476 5159 490 5182 ,
540 5126 594 5172 et
638 5116 800 5172 Verbi
842 5133 1022 5173 moras
1054 5135 1159 5172 non
1205 5118 1415 5186 ferens,
1447 5118 1673 5190 rogabat
1706 5129 1764 5175 ut

179 5211 351 5266 oscula
402 5219 737 5276 mereretur,
783 5219 840 5266 et
888 5211 1089 5266 meruit
1135 5210 1502 5268 desideratum
1549 5211 1758 5271 videre.

179 5304 416 5360 Secundo
454 5304 763 5360 introducta
793 5304 845 5358 in
875 5303 1184 5361 cubiculum
1218 5306 1356 5377 regis
1380 5349 1394 5370 ,
1418 5320 1538 5361 cum
1577 5315 1759 5362 mutua

180 5402 417 5460 misceret
445 5398 701 5472 alloquia,
738 5400 790 5456 in
817 5400 1006 5456 umbra
1029 5401 1146 5471 ejus
1176 5403 1462 5474 requievit,
1495 5413 1550 5459 et
1577 5404 1758 5459 subito

177 5500 223 5555 ei
245 5497 471 5554 Verbum
495 5497 675 5552 medio
698 5511 956 5554 sermone
979 5495 1263 5562 discessit;
1284 5499 1550 5568 quzerenti
1577 5507 1757 5554 tamen

179 5608 275 5648 non
303 5591 389 5646 diu
433 5589 625 5657 abfuit,
671 5589 768 5646 sed
806 5589 1007 5644 saliens
1037 5604 1199 5659 supra
1237 5597 1449 5646 montes
1485 5600 1541 5647 et
1563 5593 1764 5648 transi-

179 5685 305 5742 licns
354 5700 524 5756 super
563 5685 733 5742 colles
766 5683 1012 5741 advenit.
1061 5683 1169 5740 Nec
1214 5683 1390 5740 multo
1445 5695 1568 5757 post
1609 5687 1764 5758 quasi

246 5822 406 5896 etilli.
437 5821 506 5896 de
531 5820 854 5896 Isaac,.cap-
883 5823 937 5896 1,
967 5837 1116 5893 num-
1146 5823 1212 5896 2-.
1246 5885 1252 5892 .
1328 5894 1367 5896 μ
1406 5888 1408 5890 .
1536 5889 1542 5895 .
1623 5892 1628 5896 .

245 5891 268 5930 ιι
295 5884 405 5949 Lib.
435 5893 504 5951 de
534 5884 718 5960 usas",
747 5884 868 5968 δεῖν.
902 5884 968 5962 εξ,
1009 5884 1157 5952 num.
1187 5885 1279 5968 ts,
1311 5888 1411 5962 ως
1444 5906 1497 5955 et
1533 5889 1653 5973 cap.
1687 5898 1754 5968 δ,

1874 3429 2026 3476 ceret
2070 3423 2352 3478 saecularis
2385 3423 2687 3492 illecebrae,
2727 3424 2845 3478 ait:
2890 3423 3015 3478 Bibe
3057 3441 3246 3492 aquam
3288 3424 3354 3479 de
3377 3425 3480 3479 tuis

1874 3516 2030 3582 vasis,
2061 3527 2110 3570 et
2151 3516 2214 3572 de
2254 3528 2518 3587 puteorum
2549 3527 2753 3573 tuorum
2783 3518 3042 3591 fontibus,
3077 3530 3126 3574 ct
3156 3520 3478 3592 superﬂuant

1874 3610 1967 3664 tibi
2000 3628 2148 3682 aqua:
2180 3613 2242 3667 de
2280 3622 2365 3667 tuo
2404 3617 2546 3686 fonte
2576 3612 2758 3684 (Prov.
2791 3630 2844 3680 v,
2882 3615 2992 3681 I5).
3019 3613 3086 3669 Et
3116 3614 3250 3670 infra
3284 3633 3296 3670 :
3332 3614 3477 3670 Fons

1873 3723 2022 3776 aqua:
2048 3718 2148 3762 tua:
2170 3708 2234 3761 sit
2260 3708 2350 3762 tibi
2368 3709 2630 3778 proprius,
2659 3719 2708 3762 et
2721 3708 3014 3781 jucundare
3041 3725 3159 3762 cum
3189 3724 3346 3763 uxore
3363 3723 3479 3778 qua:

1873 3802 1937 3856 ab
1962 3802 2305 3856 adolescentia
2323 3812 2408 3856 tua
2431 3801 2623 3875 (Ibid.,
2655 3802 2747 3872 I8)
2775 3819 2788 3866 ;
2816 3819 2881 3856 eo
2903 3801 3046 3873 quod
3073 3801 3336 3856 adversus
3359 3810 3476 3856 ten-

1875 3903 2112 3949 tamenta
2157 3894 2348 3949 mundi
2391 3895 2690 3950 remedium
2731 3895 2886 3950 nobis
2925 3911 3052 3950 vera
3091 3894 3351 3964 sapientia
3383 3894 3477 3948 sit.

1875 3987 2100 4042 Moralis
2141 4003 2358 4058 quoque
2407 3988 2650 4043 doctrina
2696 4004 2816 4058 qum
2864 3987 3153 4058 imaginem
3187 3985 3476 4041 mundanae

1873 4081 2168 4153 voluptatis
2212 4081 2535 4137 meretriciis
2577 4081 2904 4152 quibusdam
2956 4079 3146 4135 illitam
3177 4077 3315 4134 fucis
3347 4078 3472 4134 irri-

1873 4190 1981 4246 guo
2012 4189 2112 4230 suo
2135 4174 2321 4240 diluat,
2360 4184 2415 4230 et
2443 4174 2649 4230 Ilnento
2671 4175 2752 4229 sui
2780 4173 2944 4228 fontis
2972 4173 3270 4244 abstergat.

1945 4268 2037 4323 45.
2088 4270 2164 4325 De
2198 4272 2534 4326 naturalibus
2583 4287 2798 4342 quoque
2842 4270 3008 4324 babes
3049 4271 3101 4324 in
3143 4268 3475 4325 Ecclesiaste

1875 4362 2049 4430 ipsum
2081 4381 2093 4418 :
2125 4362 2249 4418 Feci
2278 4365 2404 4418 milii
2429 4365 2656 4436 piscinas
2679 4380 2932 4436 aquarum
2960 4367 3029 4418 ad
3059 4363 3386 4437 irrigandum
3412 4379 3476 4418 ex

1871 4454 1952 4510 Itis
1983 4456 2168 4511 saltum
2195 4459 2564 4528 germinantem
2596 4456 2821 4530 (Ecclcs.
2854 4473 2914 4522 ll,
2943 4457 3026 4527 6).
3053 4454 3238 4527 Neque
3268 4464 3320 4510 te
3352 4470 3442 4510 mo
3461 4486 3473 4496 -

1871 4558 1996 4604 veat
2021 4549 2164 4618 quod
2195 4566 2291 4621 pro
2323 4562 2487 4622 puteo
2515 4553 2750 4621 piscinas
2779 4550 2980 4621 posuit,
3011 4549 3138 4620 quia
3173 4560 3228 4604 et
3261 4548 3474 4621 Moyses

1874 4651 2094 4713 puteum
2125 4641 2429 4698 latitudinis
2456 4643 2625 4710 dixit;
2643 4658 2710 4699 eo
2731 4644 2872 4713 quod
2894 4657 2923 4696 a
2941 4641 3308 4698 sollicitudine
3326 4643 3472 4698 omni

1869 4748 1925 4794 et
1964 4738 2229 4808 angustiis
2273 4738 2525 4804 solvitur,
2555 4739 2646 4808 qui
2688 4737 2945 4794 mundum
2989 4738 3130 4792 hunc
3165 4738 3253 4808 pia
3287 4747 3472 4794 mente

1871 4831 2290 4888 transcenderit.
2321 4831 2440 4888 Non
2472 4833 2745 4888 immerito
2769 4848 2900 4902 ergo
2933 4833 3166 4903 piscinas
3189 4832 3349 4888 habet
3379 4832 3475 4888 Ec-

1867 4925 2154 4981 clesiastes
2179 4969 2194 4993 ,
2239 4927 2327 4998 qui
2373 4925 2504 4982 vidit
2539 4926 2736 4981 nullam
2778 4925 3160 4981 abundantiam
3197 4940 3324 4982 esse
3367 4926 3471 4982 sub

1866 5019 2021 5076 sole:
2053 5020 2146 5076 sed
2171 5022 2214 5076 si
2247 5022 2367 5092 quis
2392 5020 2670 5078 abundare
2702 5021 2856 5089 velit,
2889 5021 2940 5077 in
2965 5020 3182 5078 Christo
3205 5021 3467 5078 abundet.

1939 5114 2028 5170 46.
2082 5115 2158 5169 De
2204 5117 2445 5188 mysticis
2481 5126 2537 5172 et
2581 5126 2771 5186 puteus
2811 5127 3058 5186 superest
3089 5117 3267 5184 nobis,
3308 5133 3469 5188 queat

1865 5208 2030 5264 etiam
2077 5209 2250 5279 ipsum
2285 5209 2590 5281 reperimus
2621 5210 2673 5264 in
2707 5207 2943 5265 Canticis
2977 5207 3357 5278 Canticorum,
3389 5211 3473 5265 di-

1867 5314 2027 5360 cente
2056 5303 2336 5374 Scriptura
2370 5324 2383 5362 :
2428 5303 2575 5360 Fons
2601 5305 2896 5371 hortorum,
2925 5316 3111 5376 puteus
3132 5322 3280 5377 aqua!
3309 5307 3433 5361 viva:
3453 5346 3469 5372 ,

1863 5406 1910 5452 et
1937 5399 2128 5467 impetu
2149 5398 2461 5454 descendens
2482 5417 2513 5452 a
2535 5398 2753 5454 Libano.
2772 5399 2984 5456 Etenim
3011 5402 3061 5456 si
3078 5402 3466 5473 mysteriorum

1865 5491 2208 5548 altitudinem
2239 5492 2813 5565 persequaris,puteus
2842 5495 2935 5550 tibi
2961 5495 3172 5550 videtur
3194 5503 3466 5564 minqnam

1869 5587 1924 5644 in
1950 5587 2216 5660 profundo
2247 5589 2606 5660 sitajmystica
2635 5603 2758 5646 esse
2788 5589 3091 5660 Sapientiaj:
3119 5588 3164 5642 si
3181 5601 3313 5642 vero
3335 5585 3469 5640 hau-

1873 5683 1985 5740 rire
2023 5683 2159 5740 velis
2200 5681 2534 5739 affluentiam
2565 5681 2864 5751 charitatis,
2891 5697 3012 5754 qua:
3052 5681 3227 5752 major
3248 5688 3303 5734 et
3331 5677 3466 5734 ube-

1865 5843 2016 5885 num.
2051 5825 2146 5883 50.

1943 5910 1966 5936 θ
1999 5897 2120 5956 Lib.
2153 5896 2222 5954 de
2251 5895 2424 5963 Isaac,
2455 5909 2509 5956 c.
2539 5896 2596 5964 4,
2632 5909 2779 5952 num.
2809 5893 2882 5950 23
2901 5901 2954 5950 et
2980 5907 3097 5963 seq.
