4148 6362
573 317 713 385 1915

1500 314 2047 375 COMMENTARIUS
2082 314 2150 372 IN
2187 313 2484 375 CANTlC-A
2521 315 2792 378 CANTIC.

3735 318 3854 377 ii‘iti

571 435 685 499 t‘iot'
717 440 822 498 est,
850 446 1012 505 quam
1041 429 1174 489 ﬁdes
1211 441 1263 489 et
1284 445 1432 503 Spes,
1460 441 1586 487 tunc
1613 430 1707 486 tibi
1737 430 1856 491 fons
1886 440 1989 489 est.
2019 429 2165 487 Exu-
2197 445 2245 506 Δ
2273 432 2487 493 scendit
2513 448 2632 499 eos,
2665 442 2720 491 et
2755 446 3143 504 supergressus
3187 443 3318 489 est-:
3365 432 3461 488 sed
3504 434 3752 493 minuitur
3785 440 3856 496 vis

574 527 730 587 berat
773 525 917 583 enim
958 524 1219 593 cbaritas,
1249 531 1388 580 utet
1420 525 1636 582 haurire
1662 539 1781 579 eam
1810 524 2090 591 comintts,
2122 533 2176 581 et

573 622 752 692 rigare
789 620 908 692 ejus
939 619 1211 677 afﬂuentia
1252 619 1466 674 hortum
1498 625 1649 674 tuum
1681 618 1878 690 possis,
1911 617 2175 688 spiritali-

578 713 679 769 bus
706 712 969 769 fructibus
1001 711 1413 766 redundantem.
1442 711 1509 767 Et
1530 712 1655 782 quia
1683 713 1795 782 ipse
1828 719 2023 781 puteus
2055 710 2176 767 lati-

578 807 779 865 tudinis
807 816 910 872 est,
939 805 1029 878 qui
1048 808 1367 861 charitatem
1399 806 1593 872 habet;
1621 806 1742 863 ideo
1764 805 1923 872 dixit,
1946 805 2070 878 quia
2088 805 2175 861 ubi

577 900 814 961 cbaritas
841 909 956 969 est,
982 901 1053 971 ibi
1085 901 1317 969 impetus
1343 914 1568 970 magnus
1590 900 1874 958 descendit
1894 916 1923 957 a
1947 900 2173 959 Libano.

655 995 747 1049 47.
778 993 856 1049 Ne
892 993 1019 1065 quid
1061 1001 1241 1055 autem
1290 1001 1546 1059 moveat,
1577 993 1721 1066 quod
1756 1003 1812 1049 et
1838 1003 2091 1063 puteum,
2124 1004 2181 1051 et

575 1087 781 1143 fontem
810 1088 1061 1155 eumdem
1082 1088 1249 1154 dixit;
1274 1088 1435 1143 etiam
1462 1087 1813 1159 Evangelium
1844 1097 1897 1145 te
1921 1088 2176 1154 instruat,

578 1181 632 1237 in
677 1195 785 1251 quo
827 1182 1090 1251 scriptum
1132 1190 1258 1237 est:
1308 1180 1443 1248 Quia
1480 1181 1615 1235 venit
1640 1178 1795 1237 Jesus
1828 1180 1885 1235 in
1927 1179 2180 1235 ciuitatem

581 1272 872 1343 Samariw,
918 1289 1035 1345 quae
1072 1273 1264 1330 dicitur
1307 1272 1531 1341 Sic/sar,
1566 1277 1727 1348 juxta
1766 1274 2017 1345 praedium
2045 1274 2182 1346 quod

582 1366 723 1421 dedit
767 1365 933 1422 Jacob
962 1366 1161 1440 Joseph
1189 1367 1301 1439 ﬁlio
1331 1383 1425 1421 suo
1468 1364 1646 1437 (Joan.
1678 1382 1753 1431 tv,
1791 1366 1825 1422 5
1866 1377 1912 1422 et
1944 1364 2021 1439 6).
2054 1367 2185 1427 Erat

581 1470 764 1523 autem
814 1461 885 1517 ibi
934 1461 1053 1517 fons
1077 1460 1246 1518 Jacob
1279 1479 1292 1514 :
1330 1460 1395 1516 Et
1423 1462 1695 1536 fatigatus,
1729 1462 1936 1534 inquit,
1976 1461 2183 1519 sedebat

583 1556 658 1609 sic
684 1570 837 1627 super
867 1566 1095 1622 puteum.
1129 1552 1285 1610 Unde
1313 1553 1378 1611 ad
1408 1555 1691 1627 mysticam
1714 1553 2014 1611 doctrinam
2038 1554 2183 1610 hunc

584 1649 778 1704 referri
823 1659 1040 1718 puteum
1085 1649 1248 1705 etiam
1280 1648 1352 1703 ibi
1396 1653 1800 1721 cognoscimtts,
1830 1649 1955 1721 quia
1988 1650 2059 1705 ibi
2088 1651 2186 1705 Sa-

587 1744 853 1801 maritana
884 1743 995 1809 illa,
1022 1742 1073 1798 id
1102 1751 1205 1813 est,
1235 1750 1417 1799 custos
1446 1743 1653 1818 (custos
1674 1752 1852 1800 autem
1876 1744 2184 1800 caelestium

2278 528 2500 595 eloquii,
2526 545 2633 599 quo
2656 530 2737 586 vis
2777 532 2951 599 major
2971 528 3265 586 afﬂuentia:
3295 529 3693 599 descendentis,
3714 549 3857 604 quam

2279 623 2619 679 ascendentis
2645 624 2989 695 exprimitur.
3015 624 3168 690 Vide,
3187 640 3340 696 rogo,
3358 626 3488 696 quid
3512 626 3579 681 de
3602 643 3697 681 usu
3715 629 3861 683 verba

2280 713 2537 783 habeant,
2562 716 2819 787 impetum
2842 732 3000 773 suum
3023 733 3204 774 sermo
3230 717 3577 787 prepbeticus
3599 735 3702 774 non
3722 720 3863 775 antit-

2282 817 2380 875 tat,
2410 809 2537 867 licet
2563 824 2690 865 usus
2723 810 2838 880 ipse
2858 810 3183 882 scriptorum
3211 811 3391 867 sensui
3420 812 3652 879 servire,
3678 814 3864 883 majore

2280 901 2479 959 decore
2498 903 2865 959 consueverit.

2355 995 2445 1051 fit.
2467 994 2495 1034 ι)
2526 994 2725 1053 Puteus
2766 1012 3019 1067 agnorunt
3060 996 3383 1064 uiuentium;
3414 1005 3606 1066 puteus
3651 995 3783 1051 enim
3825 996 3865 1053 si

2284 1089 2414 1149 nihil
2439 1090 2658 1146 haurias
2679 1130 2693 1155 ,
2724 1090 2885 1147 inerti
2925 1090 3038 1145 otio
3067 1100 3119 1145 et
3145 1089 3400 1160 degeneri
3440 1088 3548 1146 situ
3577 1086 3729 1145 facile
3754 1103 3864 1146 cor-

2283 1184 2553 1252 rumpitur
2589 1200 2603 1237 :
2640 1183 2969 1241 exercitatus
3016 1192 3196 1241 autem
3238 1181 3458 1238 nitescit
3500 1183 3567 1239 ad
3608 1183 3866 1253 speciem,

2284 1275 2548 1332 dulcescit
2571 1274 2636 1331 ad
2668 1284 2873 1347 potum.
2896 1276 2968 1332 Ita
2994 1285 3050 1333 et
3072 1291 3299 1332 acervus
3322 1275 3652 1339 divitiarum,
3674 1276 3869 1334 cumulo

2284 1386 2572 1436 arenosus,
2604 1371 2881 1441 Speciosus
2911 1378 2997 1427 est
3026 1387 3157 1437 usu,
3185 1372 3298 1428 otio
3335 1382 3519 1426 autem
3558 1369 3756 1425 inutilis
3788 1372 3869 1425 hev

2284 1466 2463 1521 betur.
2511 1466 2766 1522 Derivato
2803 1465 2964 1536 igitur
2992 1465 3194 1536 aliquid
3226 1464 3294 1521 de
3335 1472 3500 1535 puteo
3531 1462 3633 1519 hoc
3666 1480 3679 1517 :
3710 1461 3869 1535 Ignem

2286 1559 2424 1613 enim
2466 1558 2731 1613 ardentem
2767 1558 3039 1627 restinguit
3073 1573 3209 1627 aqua
3234 1598 3248 1620 ,
3277 1566 3323 1612 et
3355 1556 3675 1627 elemosyna
3702 1555 3870 1611 resistit

2287 1651 2507 1721 peccatis
2538 1651 2728 1723 (Eccli.
2762 1666 2841 1718 ttt,
2864 1650 2935 1707 53
2952 1650 2994 1723 ).
3016 1650 3167 1721 Aqua
3194 1658 3375 1705 autem
3406 1649 3605 1703 stativa
3634 1648 3736 1704 cito
3762 1662 3867 1705 ver-

2291 1760 2406 1802 mes
2438 1747 2599 1801 facit:
2627 1762 2732 1803 non
2754 1757 2859 1802 Stet
2882 1744 3173 1802 thesaurus
3196 1753 3341 1809 tuus,
3369 1758 3438 1799 ne
3462 1744 3599 1813 ignis
3624 1752 3739 1799 tuus
3759 1752 3866 1801 stet.

589 1835 1010 1909 praeceptorum)
1043 1833 1223 1891 hausit
1261 1835 1329 1892 de
1373 1845 1536 1906 puteo
1561 1836 1657 1892 illo
1687 1835 1868 1893 divina
1897 1837 2182 1908 mysteria,
2215 1846 2262 1907 Β
2290 1842 2466 1898 Stabit
2493 1840 2545 1899 in
2579 1840 2920 1909 te,nisieunt
2947 1840 3203 1910 operibus
3229 1848 3334 1895 tua:
3358 1836 3723 1895 miserationis
3738 1850 3871 1895 aver-

586 1942 925 1999 cognoscens
961 1929 1089 1999 quia
1124 1930 1266 1985 Deus
1302 1930 1535 1998 spiritus
1578 1939 1695 1997 est,
1723 1937 1778 1984 et
1818 1943 1924 1984 non
1977 1930 2028 1984 in
2062 1928 2184 1984 loco

583 2023 844 2094 aduratur
864 2065 880 2092 ,
925 2026 1023 2083 sed
1055 2023 1110 2079 in
1138 2023 1333 2094 spiritu
1362 2040 1374 2077 :
1408 2033 1463 2079 et
1487 2022 1611 2092 quia
1641 2021 1869 2080 Messias
1897 2023 2063 2090 venit,
2095 2022 2187 2094 qui

587 2117 840 2175 Christus
860 2127 965 2179 est.
998 2117 1206 2187 Quibus
1237 2117 1435 2183 auditis
1474 2118 1670 2173 mulier
1692 2117 1780 2174 illa
1804 2134 1924 2189 qua:
1947 2118 2186 2189 speciem

594 2211 855 2269 Ecclesim
884 2212 1055 2285 gerit,
1090 2211 1248 2284 Legis
1279 2220 1624 2269 sacramenta
1651 2212 1904 2283 cognovit
1933 2221 1987 2267 et
2011 2210 2189 2266 credi—

594 2305 695 2367 dit.

658 2400 749 2457 48.
781 2409 807 2437 ἰ
835 2397 982 2457 Fons
1006 2400 1298 2469 hortorum,
1333 2412 1517 2474 puteus
1539 2417 1792 2473 aquarum
1816 2401 2115 2468 uiuentium,
2144 2410 2192 2457 et

591 2496 809 2567 impetus
842 2496 1154 2551 descendens
1193 2514 1227 2552 a
1263 2495 1482 2551 Libano.
1518 2495 1629 2553 Hos
1666 2497 1901 2568 impetus
1946 2494 2192 2551 Ecclesia

592 2588 817 2661 deduxit
843 2604 871 2644 a
894 2587 1124 2656 Libano,
1155 2587 1262 2644 hoc
1291 2590 1496 2660 impetu
1520 2588 1803 2644 diluuntur
1824 2596 2066 2659 peccata,
2089 2587 2193 2645 hoc

594 2682 799 2753 impetu
843 2684 959 2753 puri
1011 2684 1173 2739 fontis
1202 2683 1437 2754 Spiritus
1478 2685 1651 2739 saneti
1693 2682 1865 2739 adfuit
1909 2698 1940 2737 a
1986 2684 2194 2741 Libano

594 2776 799 2848 Sponsa
824 2819 840 2846 ,
891 2790 945 2833 et
985 2793 1016 2832 a
1056 2778 1325 2850 principio
1368 2778 1491 2834 ﬂdei
1530 2778 1778 2837 transivit
1818 2777 2107 2844 saeculum,
2140 2788 2198 2835 et

597 2875 948 2947 pertransivit
974 2875 1043 2932 ad
1084 2891 1332 2948 regnum.
1366 2876 1504 2932 Aliis
1543 2877 1666 2931 fons
1698 2886 1805 2942 est,
1836 2875 1959 2937 aliis
1998 2886 2197 2945 puteus

600 2985 699 3039 pro
729 2979 890 3042 captu
921 2981 1113 3027 nostro
1141 2972 1313 3043 gratia
1342 2971 1603 3041 Spiritalis
1634 2989 1648 3025 :
1682 2971 1804 3027 aliis
1834 2969 2027 3027 hortus
2047 2970 2197 3026 clau-

600 3080 716 3133 sus,
742 3064 864 3120 fons
886 3065 1153 3136 signatus,
1185 3064 1309 3120 aliis
1340 3064 1620 3123 hortorum
1648 3063 1789 3127 foris,
1810 3064 1903 3136 qui
1928 3064 1979 3118 in
2007 3062 2199 3121 Eccle-

601 3158 696 3215 sia:
727 3156 854 3214 dote
880 3167 1200 3214 numeratur
1229 3174 1245 3216 :
1282 3158 1404 3214 aliis
1432 3158 1671 3229 impetus
1691 3155 2033 3214 descendens
2055 3172 2084 3210 a
2107 3155 2200 3215 Li-

2290 1937 2441 1993 teris.

2365 2029 2453 2087 52.
2493 2041 2513 2069 ο
2547 2028 2733 2103 (Vcrs.
2768 2026 2887 2098 16.)
2922 2025 3185 2097 Exsurge,
3216 2024 3392 2093 aquilo
3421 2066 3436 2092 ,
3472 2034 3521 2080 et
3546 2024 3675 2088 ueni,
3702 2033 3867 2088 auster,

2288 2126 2469 2197 aspira
2513 2125 2711 2180 hortum
2743 2139 2912 2178 meum
2936 2164 2951 2190 ,
2980 2133 3028 2176 et
3050 2123 3310 2193 per/luunt
3356 2129 3594 2175 aromata
3624 2135 3745 2172 mea.
3774 2116 3867 2173 Atto

2290 2218 2417 2275 disti
2437 2259 2451 2285 ,
2482 2215 2681 2277 Christi
2716 2231 2915 2288 sponsa
2938 2258 2952 2283 ,
2979 2216 3105 2286 quia
3134 2216 3310 2286 placet
3338 2212 3393 2269 ei
3421 2225 3631 2270 tuarum
3661 2209 3867 2282 pulcltti-

2292 2311 2420 2366 tudo
2455 2311 2756 2377 virtutum;
2787 2308 2981 2364 audisti
3026 2308 3151 2376 quia
3193 2310 3638 2363 vestimentorum
3684 2313 3866 2361 tuorum

2292 2415 2559 2472 arotnata,
2590 2403 2695 2460 hoc
2722 2413 2825 2467 est,
2850 2402 3050 2461 bonum
3088 2402 3311 2456 odorem
3363 2399 3689 2470 integritatis
3717 2394 3864 2451 omni-

2297 2499 2396 2557 bus
2427 2497 2687 2555 odoribus
2712 2496 2970 2568 praetulit.
3003 2494 3217 2553 Audisti
3240 2537 3254 2560 ,
3285 2496 3411 2564 quia
3441 2492 3629 2550 hortus
3653 2506 3709 2548 es
3742 2490 3866 2546 clau-

2295 2610 2389 2651 sus
2421 2636 2437 2663 ,
2483 2594 2732 2651 suavium
2779 2590 3159 2661 pomiferarum
3210 2587 3444 2647 refertus
3489 2587 3737 2657 frugibus.
3761 2581 3868 2638 Pete

2296 2690 2462 2761 igitur
2500 2698 2559 2746 ut
2600 2686 2802 2758 aspiret
2834 2686 2927 2741 tibi
2955 2684 3188 2754 Spiritus
3218 2693 3471 2749 sanctus,
3501 2682 3700 2753 aSpiret
3729 2689 3866 2745 supra

2296 2783 2474 2843 cubile
2506 2792 2678 2847 tuutu,
2706 2791 2870 2848 atque
2897 2778 3120 2834 odorem
3147 2777 3249 2847 pia:
3271 2774 3494 2842 mentis,
3514 2782 3561 2827 cl
3583 2770 3756 2842 gratia:
3779 2766 3867 2835 Spi-

2298 2876 2473 2933 ritalis
2504 2872 2831 2931 accumnlet.
2869 2871 3054 2927 Excita
3089 2870 3348 2941 Spiritum
3388 2877 3629 2923 sanctum
3659 2861 3862 2917 dicens:

2302 2969 2560 3040 Exsurge,
2592 2966 2784 3036 aquilo,
2814 2975 2859 3019 et
2873 2964 3006 3033 veni,
3021 2974 3216 3028 auster;
3230 2960 3410 3029 aspira
3433 2961 3633 3015 hortum
3652 2958 3865 3019 meum,et

2299 3063 2558 3135 perﬂuant
2596 3071 2832 3115 aromata
2877 3074 3011 3113 mea.
3042 3056 3329 3112 Descendat
3374 3059 3633 3128 fraternus
3669 3063 3795 3103 meus
3821 3046 3865 3100 in

2302 3156 2507 3209 hortum
2533 3171 2706 3219 suum,
2738 3162 2787 3208 et
2813 3150 3088 3207 manducet
3110 3150 3340 3221 fructum
3382 3147 3736 3219 pomiferarum
3763 3155 3865 3196 sua-

599 3248 763 3317 bauo,
791 3258 847 3305 et
873 3265 1098 3320 magnus
1136 3248 1373 3320 impetus
1401 3252 1492 3321 qui
1525 3264 1817 3321 numquam
1844 3249 2049 3306 deficit.
2077 3248 2192 3307 Non
2223 3238 2269 3303 C
2300 3269 2433 3306 rum.
2468 3250 2671 3307 Hortus
2702 3248 2859 3305 Verbi
2901 3245 3098 3301 anima:
3123 3243 3404 3300 vernantis
3441 3239 3659 3297 affectus
3689 3243 3793 3295 est.
3821 3239 3865 3287 et

595 3342 741 3398 enim
774 3342 1035 3399 deficiunt
1071 3342 1137 3399 de
1184 3352 1334 3414 petra
1362 3344 1558 3411 ubera,
1585 3358 1762 3415 neque
1784 3342 1873 3403 nix
1898 3358 1926 3401 ει
1962 3342 2195 3408 Libano,

601 3450 779 3506 neque
821 3450 958 3508 aqua
1004 3451 1124 3508 qua:
1167 3436 1336 3495 fertur
1364 3437 1545 3495 Valido
1586 3445 1748 3494 vento
1778 3436 1974 3508 virgini
2006 3436 2198 3493 Hieru-

600 3528 794 3585 salem.

670 3626 764 3680 49.
812 3625 1099 3683 Descendit
1131 3625 1367 3701 impetus
1392 3641 1420 3681 a
1454 3625 1682 3692 Libano;
1710 3624 1926 3697 quando
1953 3623 2201 3682 collectis

603 3720 656 3775 in
691 3736 856 3777 unum
884 3721 1149 3790 apostolis
1178 3731 1233 3777 et
1256 3721 1503 3792 pluribus
1528 3720 1896 3785 credentibus,
1922 3719 2094 3779 factus
2117 3728 2204 3779 cst

601 3813 782 3871 subito
826 3813 895 3870 de
931 3814 1072 3871 ctelo
1118 3830 1288 3870 sonus
1310 3857 1325 3880 ,
1358 3823 1635 3887 tamquam
1664 3815 1715 3870 vi
1749 3829 1938 3887 magna
1978 3815 2201 3886 spiritus

603 3908 863 3974 ferretur,
892 3917 943 3962 et
977 3906 1170 3979 repleti
1202 3916 1327 3965 sunt
1354 3923 1543 3963 omnes
1567 3906 1778 3978 Spiritu
1805 3915 1995 3963 sancto
2018 3906 2203 3963 diver-

604 4004 796 4061 sitates
837 4000 1074 4058 donante
1111 4000 1419 4073 linguarum
1449 4000 1589 4074 (Act.
1622 4016 1681 4069 tt,
1706 4001 1758 4065 1.
1792 4001 1871 4071 5).
1900 3999 2080 4055 Bonus
2104 4000 2203 4055 im”

601 4107 758 4167 pctus
789 4096 882 4166 qui
913 4096 1112 4153 laedere
1139 4095 1366 4161 nesciat,
1410 4096 1553 4150 norit
1581 4095 1828 4166 implere.
1873 4094 1929 4153 Si
1952 4095 2073 4166 quis
2099 4095 2202 4166 igi-

603 4198 689 4247 tur
718 4189 860 4245 ltnnc
888 4188 1149 4259 impetum
1181 4189 1621 4260 supervenientis
1642 4203 1674 4243 e
1698 4188 1840 4245 caelo
1866 4187 2056 4261 gratia!
2087 4189 2204 4241 vult

603 4284 826 4350 mereri,
852 4281 1147 4339 descendat
1168 4282 1335 4340 etiam
1358 4283 1472 4353 ipse
1495 4282 1665 4338 oculis
1688 4282 1740 4337 in
1761 4282 2023 4337 decursus
2045 4296 2205 4353 aqua-

599 4394 740 4433 rum.
769 4378 871 4449 Qui
907 4379 1048 4433 hunc
1076 4380 1311 4451 primum
1341 4378 1599 4451 impetum
1634 4376 1863 4443 fuderit,
1894 4376 2049 4432 illum
2091 4390 2206 4431 me-

607 4473 833 4539 tebitur.
886 4473 1179 4531 Descendit
1224 4474 1401 4528 oculis
1448 4473 1562 4528 suis
1597 4472 1651 4528 in
1688 4470 1789 4527 hos
1824 4471 2015 4527 ductus
2042 4484 2207 4542 aqua-

605 4581 744 4631 rum,
781 4581 899 4635 qua:
930 4565 1186 4637 lacrymis
1221 4566 1274 4621 in
1316 4564 1612 4636 Evangelio
1653 4562 1846 4635 rigavit
1871 4562 2086 4619 Domini
2113 4578 2209 4636 pe-

2299 3346 2352 3401 in
2386 3342 2662 3414 pomiferis
2699 3341 2914 3396 virttttis
2939 3349 3024 3396 est
3061 3338 3288 3395 fructus.
3317 3335 3476 3392 Venit
3510 3347 3670 3404 ergo,
3698 3337 3749 3387 et
3772 3326 3865 3379 sive

2302 3438 2618 3504 manduccs,
2643 3438 2762 3492 sive
2794 3434 2967 3501 bibas,
2992 3434 3036 3489 si
3062 3431 3342 3489 Christum
3375 3432 3622 3494 invocas,
3645 3423 3781 3480 adest
3799 3417 3867 3475 di-

2301 3549 2431 3590 cens
2457 3550 2471 3587 :
2518 3531 2725 3600 Venite,
2757 3530 3061 3585 manducate
3091 3543 3249 3598 panes
3279 3542 3420 3582 meos
3442 3566 3458 3593 ,
3490 3533 3537 3578 et
3561 3520 3701 3576 bibite
3723 3516 3865 3571 riuum

2303 3644 2471 3685 meum
2499 3626 2681 3699 (Prov.
2708 3641 2759 3681 η
2778 3665 2793 3693 ,
2822 3623 2900 3698 5).

2373 3724 2461 3780 55.
2495 3720 2522 3759 ά
2548 3720 2806 3792 Exsurge,
2831 3718 3029 3790 inquit,
3060 3717 3259 3787 aquilo,
3291 3725 3339 3771 et
3358 3701 3866 3780 veni,auster;aspim

2305 3820 2511 3875 hortum
2541 3832 2730 3883 meum,
2753 3827 2801 3872 et
2829 3815 3088 3888 perﬂuant
3109 3821 3345 3867 aromata
3377 3826 3508 3867 mea.
3544 3806 3616 3862 Ex
3650 3795 3867 3857 omnibus

2305 3910 2449 3973 enim
2479 3910 2718 3982 partibus
2749 3908 2931 3965 intindi
2957 3905 3093 3963 odor
3127 3919 3297 3961 sacrzc
3330 3900 3609 3973 religionis
3633 3887 3862 3982 adolevit.

2306 4022 2412 4077 quo
2438 3978 2651 4059 dilectae
2679 4000 2903 4072 virginis
2932 3999 3171 4057 membra
3199 3999 3526 4068 fragrarunt.
3548 3987 3694 4048 Unde
3715 3994 3757 4039 et
3786 3978 3867 4037 Ec.

2306 4099 2470 4159 etesia
2496 4095 2834 4155 altitudinem
2878 4109 3104 4150 servans
3140 4091 3525 4165 mysteriorum
3558 4078 3831 4140 (ωιϐειίυιη
3852 4109 3865 4135 ο

2307 4194 2484 4264 reiicit
2511 4208 2539 4249 a
2572 4208 2632 4249 se
2659 4193 2937 4263 graviores
2966 4187 3109 4245 venti
3143 4186 3443 4261 procellas,
3478 4191 3532 4239 ct
3564 4178 3737 4235 invitat
3768 4181 3867 4225 ver-

2311 4288 2492 4347 nantis
2518 4290 2705 4357 gratiae
2743 4285 3103 4348 suavitatem;
3132 4292 3187 4336 et
3226 4280 3406 4336 sciens
3434 4274 3573 4348 quod
3605 4278 3741 4324 ortus
3761 4269 3868 4316 SW3

2307 4383 2527 4438 Christo
2553 4381 2841 4453 diSplicere
2855 4394 2959 4433 non
2978 4376 3166 4448 possit,
3183 4376 3409 4431 advocat
3430 4372 3689 4443 Sponsum
3708 4365 3865 4453 5"'_'"“

2312 4474 2572 4547 Exsurge,
2599 4445 2792 4543 inquit,
2817 4445 3015 4539 aquilo,
3032 4479 3078 4526 et
3103 4467 3237 4535 veni,
3265 4475 3459 4523 auster.
3481 4456 3750 4547 PPleriquc
3772 4445 3867 4499 1|th

2312 4570 2385 4625 ita
2416 4543 2687 4639 accipiunt
2719 4608 2731 4631 ,
2763 4566 2915 4636 quasi
2951 4562 3268 4634 projiciatur
3317 4558 3498 4631 aquilo
3519 4597 3533 4623 ,
3564 4561 3617 4608 et
3644 4543 3863 4639 invitetur

604 4656 702 4711 des
730 4627 904 4731 ’(Ιλιιο.
958 4627 1065 4723 vn:
1104 4656 1196 4731 58)
1223 4699 1238 4723 ,
1280 4668 1337 4715 et
1380 4627 1501 4717 ideo
1549 4657 1672 4713 fidei
1701 4627 1826 4715 sua:
1871 4658 2046 4728 pretio
2075 4627 2207 4714 einit
2232 4648 2288 4711 D
2312 4670 2514 4721 auster.
2538 4627 2695 4731 Quod
2721 4627 2868 4715 si'ita
2895 4627 3201 4726 accipiunt,
3226 4627 3546 4710 enurbatur
3570 4643 3634 4699 ab
3659 4627 3866 4731 Ecclc-‘ia

603 4752 801 4807 anima:
829 4768 941 4808 suae
972 4762 1026 4808 et
1052 4753 1270 4823 corpori
1298 4753 1609 4818 sanitatem,
1634 4752 1748 4825 jam
1781 4767 1887 4806 non
1920 4750 2205 4823 sanguinis

608 4844 837 4917 proﬂua,
865 4845 962 4900 sed
990 4846 1176 4916 gratia:
1202 4846 1486 4918 spiritalis.

682 4938 918 5011 1589.
949 4938 1039 4995 50.
1073 4939 1360 4995 Descendit
1381 4954 1512 5011 ergo
1546 4938 1708 4995 David
1751 4939 2010 5011 propheta
2037 4982 2051 5008 ,
2084 4938 2207 4996 ideo

605 5033 673 5089 de
703 5042 923 5105 peccato
948 5035 1173 5105 gratiam
1205 5034 1411 5091 retulit.
1425 5034 1717 5090 Descendit
1746 5035 1798 5091 in
1826 5050 2089 5106 aquarum
2110 5035 2209 5091 du-

607 5135 750 5191 etus,
781 5125 884 5181 hoc
909 5136 1011 5191 est,
1046 5126 1275 5195 replevit
1300 5141 1417 5191 eos,
1443 5137 1496 5181 ct
1516 5125 1922 5189 decurrentium
1950 5142 2210 5197 aquarum

610 5218 863 5291 lacrymis
890 5220 1004 5276 suis
1027 5218 1225 5275 ﬂuenta
1256 5220 1574 5288 cumulavit,
1605 5230 1696 5273 aut
1722 5220 1912 5277 inanes
1933 5230 1985 5275 et
2012 5234 2211 5279 vacuos

610 5313 806 5371 ductus
852 5315 983 5370 solis
1023 5313 1254 5385 replevit
1286 5313 1523 5371 ﬂetibus.
1555 5314 1665 5371 Ant
1706 5316 1851 5388 quod
1891 5314 2211 5373 elocutionis

611 5408 831 5464 moralis
858 5408 1117 5481 quosdam
1149 5424 1339 5466 :ensus
1369 5409 1608 5466 ostendit
1633 5451 1647 5477 ,
1671 5408 1953 5467 descendit
1973 5410 2024 5466 in
2046 5424 2211 5481 aquae

610 5517 733 5558 rum
750 5503 962 5572 ductus,
991 5503 1241 5559 transivit
1262 5519 1377 5560 eos.
1407 5503 1469 5560 Et
1495 5518 1780 5577 possemus
1801 5502 1985 5563 dicere
2004 5543 2020 5572 ,
2065 5515 2141 5559 tra
2152 5518 2213 5557 n-

686 5717 713 5782 f
746 5710 892 5769 Psal.
922 5729 1106 5782 cxvnt,
1134 5712 1313 5771 Serm.
1343 5713 1430 5779 17,
1465 5726 1618 5765 num.
1652 5710 1719 5767 51
1754 5718 1810 5766 et
1837 5725 1953 5779 seq.

687 5779 714 5819 ι’
744 5782 861 5841 Lib.
888 5787 957 5843 de
984 5779 1252 5851 Nabuthe,
1281 5800 1332 5840 c.
1368 5784 1456 5838 12.

694 5863 714 5891 ε
740 5852 858 5933 Lib.
882 5857 953 5940 de
978 5857 1319 5941 Virginitate,
1346 5869 1467 5937 cap.
1503 5856 1594 5926 10,
1624 5869 1772 5912 num.
1801 5853 1872 5915 64

2314 4729 2816 4825 perfidiaeglacialis
2847 4750 3133 4819 asperitas,
3159 4762 3228 4801 ne
3253 4745 3343 4801 fiat
3365 4744 3483 4816 fuga
3512 4743 3685 4794 nostra
3705 4729 3867 4799 hyeme

2313 4851 2398 4905 vel
2446 4848 2702 4915 sabbato,
2759 4855 2814 4904 et
2872 4842 3133 4901 invitatur
3185 4839 3435 4901 australis
3485 4846 3639 4891 verna
3691 4827 3866 4887 tempe-

2316 4944 2442 4998 ries.
3857 4995 3868 5008 ,

2389 5036 2476 5091 54.
2512 5038 2619 5090 Ant
2646 5042 2794 5089 certe
2818 5049 2831 5086 :
2860 5029 3120 5101 Exsurge,
3144 5027 3341 5100 aquilo,
3372 5025 3470 5081 hoc
3499 5026 3598 5079 est,
3622 5021 3778 5081 surge,
3798 5013 3867 5101 om

2318 5128 2535 5194 dormis,
2569 5137 2617 5185 et
2643 5140 2858 5199 exsurge
2882 5141 2913 5179 a
2941 5093 3159 5178 mortuis
3185 5093 3417 5194 (Eplies.
3442 5131 3492 5181 v,
3520 5108 3582 5167 14
3599 5106 3636 5182 ).
3666 5093 3866 5199 Pot-tul"?

2316 5189 2591 5275 nationum
2621 5217 2715 5289 qui
2742 5189 2831 5273 diu
2856 5226 2981 5273 ante
3001 5189 3281 5279 dortuisti,
3300 5210 3494 5283 evigila
3525 5189 3868 5289 θιίιιιιθιιάοτθξ

2313 5314 2593 5369 illucescet
2636 5286 2732 5368 tibi
2778 5310 3045 5366 Christus.
3074 5310 3356 5373 Postremo
3396 5311 3579 5361 omnes
3615 5286 3866 5387 ίιινλίξθθψῗ

2316 5407 2382 5463 ad
2418 5406 2711 5463 Ecclesium
2740 5446 2756 5471 ,
2810 5412 2860 5460 et
2891 5402 3193 5476 Synagogte
3230 5399 3454 5472 populus
3487 5401 3537 5447 ει
3572 5379 3862 5476 εεηιίείωῗῖῤ

2314 5455 2953 5571 ξέάῇρέῑλιξιιέίείῖέίέί
3112 5455 3336 5569 ἶῐίδτεξ
3357 5504 3425 5549 ex
3452 5455 3643 5542 ludatis
3669 5455 3862 5541 2908",“

2393 5708 2416 5748 δ
2455 5711 2575 5767 Lib.
2605 5727 2623 5766 ι
2652 5708 2722 5766 de
2742 5706 2913 5780 Virg.,
2942 5720 3062 5776 cap.
3087 5703 3324 5780 8,_num.
3356 5700 3442 5780 47:

2401 5795 2423 5823 “
2456 5784 2512 5846 In
2542 5783 2685 5840 Psal.
2717 5767 2910 5863 cxvfit,
2939 5767 3106 5839 serui.
3128 5767 3225 5842 ἠ,
3252 5790 3400 5831 num.
3420 5767 3508 5851 ῆι.

4053 2102 4055 2245 1

4053 2302 4055 2425 Ι

4053 2694 4055 2781 i

4054 2884 4055 2959 ι

4053 3064 4055 3137 ι

4054 3230 4055 3303 l

4054 5350 4055 5417 ι
