4148 6362
607 304 748 365 1919
1603 304 2162 365 COMMENTARIUS
2199 305 2268 365 1N
2305 306 2611 366 CANTICA
2647 307 2920 366 CANTIC.
3756 314 3876 374 i920

597 439 727 482 suas
751 439 887 498 quas
915 425 1148 484 tinxerat
1173 425 1226 482 in
1253 423 1393 482 sacri
1422 422 1584 480 fontis
1611 424 1839 496 irriguo,
1865 426 1996 481 etin
2027 426 2203 482 bonos
2232 437 2284 499 Α
2309 427 2480 482 medat
2514 431 2744 499 fructum
2773 427 3145 501 pomiferarum
3184 445 3416 484 suarum.
3455 429 3586 500 Quae
3623 442 3742 489 sunt
3779 434 3879 491 ista

597 517 807 578 fructus
847 536 1000 576 novae
1040 519 1386 576 fecunditatis
1415 517 1663 590 genuine
1695 517 2121 588 pullulaverint;
2154 525 2214 573 ut
2316 520 2640 594 pomiferte?
2665 521 2892 593 Lignum
2930 521 3142 578 aridum
3191 521 3366 578 factus
3397 538 3459 580 es
3498 523 3552 580 in
3576 523 3736 581 Adam
3756 568 3770 594 ,
3799 528 3880 585 sed

601 627 712 669 non
746 613 858 684 jam
893 612 1210 684 prophetica
1236 610 1516 668 οωάὂηῑυτ
1537 610 1736 677 securi.
1768 609 1863 665 sed
1904 609 2214 680 evangelica
2315 631 2460 671 nunc
2506 630 2601 687 per
2641 616 2869 686 gratiam
2893 615 3092 671 Christi
3127 614 3388 686 pomifera
3423 616 3585 672 arbor
3619 618 3881 686 pullulasti.

601 707 852 766 ubertate
895 705 1275 764 fecundeutur.
1310 706 1553 778 Denique
1593 704 1868 762 fertilitate
1895 719 2080 761 earum
2108 703 2214 760 Do-
2314 707 2574 765 Libenter
2595 708 2804 779 accepit
2826 708 3088 764 Dominus
3115 708 3295 777 Jesus,
3327 719 3380 765 et
3406 708 3710 779 dignatione
3737 711 3884 768 cmic-

603 802 786 860 minus
810 801 1110 858 delectatus
1134 801 1429 874 respondet
1461 817 1476 856 :
2315 802 2386 858 sti
2419 801 2694 872 respondit
2718 801 2981 858 Ecclesiae
3001 817 3114 858 sua:
3139 819 3152 855 :
3189 801 3464 868 vescendi,
3493 802 3683 873 inquit,
3709 804 3759 860 in
3787 805 3886 858 lior-

678 898 732 952 7.
758 893 1035 968 Ingressus
1063 913 1179 952 sum
1200 898 1252 951 in
1283 897 1490 951 hortum
1517 913 1713 964 meum,
1745 913 1895 951 soror
1924 911 2034 950 mea
2062 911 2219 966 spon-
2319 905 2422 952 tum
2462 913 2656 963 nteum,
2683 896 2989 952 uindemiavi
3022 895 3284 968 myrrham
3317 913 3436 950 cum
3463 898 3725 968 unguentis
3747 899 3886 966 meis,

602 1005 662 1043 sa
693 1003 712 1043 :
737 989 1044 1043 uindemiavi
1069 989 1336 1060 myrrham
1357 1005 1473 1045 cum
1501 989 1774 1060 unguentis
1803 989 1959 1054 meis,
1993 987 2220 1042 mandu-
2319 991 2628 1046 manducavi
2653 1008 2839 1061 panem
2868 1007 3033 1045 meum
3064 1007 3179 1045 cum
3206 990 3354 1046 ntelle
3385 1007 3519 1058 meo,
3550 1000 3595 1046 et
3619 991 3715 1047 bibi
3741 993 3888 1049 uinum

603 1082 717 1137 cavi
739 1098 924 1153 panem
962 1097 1132 1137 meum
1175 1099 1294 1137 cum
1339 1084 1492 1140 melle
1519 1099 1630 1138 meo
1663 1101 1682 1139 :
1707 1083 1808 1137 bibi
1841 1092 2017 1149 potum
2052 1099 2220 1137 nteum
2321 1100 2488 1139 nteum
2515 1101 2631 1138 cunt
2658 1084 2790 1139 lacte
2818 1101 2953 1140 meo.

605 1190 725 1230 cum
752 1174 882 1229 lacte
911 1191 1047 1232 meo.
1070 1176 1250 1244 Quare
1289 1192 1484 1247 panem
1515 1186 1571 1233 et
1597 1176 1783 1232 vinum
1809 1175 2063 1244 dixerim,
2089 1173 2222 1229 lide-
2397 1177 2484 1233 10.
2518 1177 2696 1246 Edite,
2753 1177 2948 1250 inquit,
3006 1177 3203 1234 fratres
3259 1178 3400 1246 mei,
3437 1186 3492 1234 et
3537 1178 3888 1235 inebriamiui:

608 1268 692 1325 les
722 1269 1051 1341 intelligunt.
1088 1271 1223 1327 lllud
1263 1282 1450 1328 autem
1483 1288 1590 1328 non
1622 1271 2036 1343 dubium,quod
2063 1270 2221 1326 nobis
2331 1269 2653 1325 Vindemiavi
2703 1269 2966 1342 myrrham
3009 1287 3126 1325 cum
3174 1272 3451 1345 unguentis
3500 1273 3624 1326 meis
3674 1270 3886 1344 (Psalm.

605 1360 724 1434 ipse
753 1364 1042 1420 manducat
1069 1374 1125 1421 et
1154 1365 1307 1432 bibit,
1337 1366 1478 1422 sicut
1506 1368 1559 1422 in
1589 1367 1744 1423 uobis
1777 1366 1978 1439 legisti,
2013 1367 2138 1440 quia
2166 1365 2222 1420 in
2325 1365 2608 1437 Lxm,9).
2628 1364 2758 1432 Quae
2784 1375 2866 1420 est
2895 1365 2996 1419 ista
3025 1365 3668 1436 vindemia?Coguoscite
3683 1367 3890 1433 vineam,

610 1467 838 1511 carcere
861 1470 984 1512 esse
1010 1472 1070 1512 se
1099 1457 1237 1513 dixit
1268 1457 1495 1529 (Matth.
1532 1474 1659 1528 xxv,
1691 1461 1761 1518 56
1783 1460 1826 1534 ).
1852 1460 2006 1517 Unde
2035 1471 2092 1518 et
2118 1461 2221 1518 Ec-
2325 1466 2382 1513 ct
2409 1460 2718 1528 agnoscatis
2748 1457 3095 1514 vindemiam.
3125 1458 3361 1524 Vineam,
3388 1460 3582 1530 inquit,
3605 1476 3666 1514 ea:
3689 1459 3892 1533 /Egyplo

614 1545 782 1601 clesia
818 1546 1005 1603 videns
1052 1556 1254 1604 tantam
1299 1552 1528 1621 gratiam
1551 1593 1565 1617 ,
1606 1552 1854 1608 hortatur
1891 1553 2032 1610 filios
2061 1569 2221 1622 suos,
2327 1553 2670 1617 transtulisti,
2702 1552 2806 1608 hoc
2832 1562 2954 1619 est,
2991 1552 3246 1623 populum
3291 1552 3408 1607 Dei.
3440 1551 3549 1608 Vos
3589 1555 3713 1609 estis
3738 1555 3890 1621 vinea,

616 1638 868 1696 hortatur
895 1642 1197 1712 proximos,
1225 1654 1281 1699 ut
1308 1645 1375 1700 ad
1403 1658 1744 1704 sacramenta
1770 1660 2119 1717 concurrant,
2144 1651 2224 1707 di-
2329 1658 2424 1698 vos
2455 1642 2586 1699 estis
2612 1642 2881 1699 vindemia
2921 1660 2934 1697 :
2967 1644 3119 1715 quasi
3149 1643 3310 1698 vinea
3343 1642 3568 1713 plantati
3590 1685 3604 1710 ,
3634 1643 3778 1715 quasi
3800 1646 3894 1699 vin-

616 1734 993 1806 cettszEdite,
1017 1738 1240 1808 proximi
1265 1740 1632 1809 ntei,etbibite,
1657 1752 1704 1797 et
1735 1744 2083 1811 inebriamini,
2115 1750 2227 1817 fra-
2329 1735 2506 1793 demia
2556 1737 2788 1792 fructum
2839 1736 3086 1793 dediStis.
3138 1735 3462 1791 Vindemiavi
3511 1737 3761 1807 myrrham
3796 1753 3894 1790 cum

619 1837 726 1884 tres
750 1829 870 1884 mei.
905 1831 1042 1898 Quid
1073 1831 1298 1890 edamus
1322 1875 1338 1902 ,
1372 1834 1501 1906 quid
1532 1835 1780 1893 bibamus
1803 1879 1818 1904 ,
1845 1837 1977 1893 alibi
2006 1839 2100 1895 tibi
2128 1855 2226 1910 per
2255 1848 2257 1906 ς

2259 1847 2303 1907 Β
2331 1831 2602 1904 unguentis
2631 1833 2792 1899 meis,
2825 1829 2929 1886 hoc
2976 1839 3098 1899 est,
3140 1831 3195 1885 in
3243 1829 3469 1887 odorem
3519 1845 3674 1900 quem
3718 1827 3897 1901 accepi-

617 1921 937 1995 prophetam
981 1923 1216 1995 Spiritus
1259 1937 1480 1984 sanctus
1518 1929 1820 2000 expressit,
1854 1931 2042 1988 dicens
2076 1949 2090 1986 :
2121 1931 2228 1988 Gu-
2330 1925 2449 1981 stis.

618 2025 772 2084 state,
802 2027 851 2073 et
880 2019 1044 2074 videte
1064 2021 1310 2092 quoniam
1340 2023 1512 2076 suavis
1537 2033 1612 2078 est
1643 2023 1920 2092 Dominus;
1948 2025 2125 2081 beatus
2154 2027 2232 2081 vir
2407 2021 2492 2076 il.
2516 2020 2833 2076 Manducavi
2855 2035 3046 2092 panem
3071 2035 3249 2076 meum
3277 2035 3402 2076 cum
3429 2019 3589 2076 melle
3613 2015 3896 2074 meo.Vides

619 2113 711 2184 qui
733 2122 908 2184 sperat
937 2115 989 2168 in
1018 2114 1328 2202 eo(Pfsalm.
1356 2133 1554 2183 χχχιιι,
1580 2119 1740 2190 9).ln
1769 2121 1861 2175 illo
1888 2131 2232 2178 sacramento
2333 2114 2474 2186 quod
2532 2113 2584 2169 in
2630 2114 2732 2170 hoc
2772 2129 2908 2185 pane
2961 2114 3108 2169 nulla
3152 2115 3223 2170 sit
3252 2113 3594 2179 amaritudo,
3624 2112 3716 2168 sed
3751 2110 3898 2166 omnis

621 2205 877 2262 Christus
903 2217 1009 2274 est,
1037 2209 1159 2280 quia
1188 2224 1388 2280 corpus
1419 2221 1502 2266 est
1530 2209 1730 2267 Christi
1766 2230 1780 2266 :
1810 2227 1918 2269 non
1953 2230 2084 2287 ergo
2107 2229 2233 2272 θοι·-
2334 2209 2582 2265 suavitas
2607 2209 2698 2265 sit.
2734 2207 2851 2264 Bibi
2876 2210 3052 2263 uinum
3089 2226 3255 2264 meum
3293 2226 3412 2264 cum
3453 2209 3583 2264 tacte
3610 2223 3745 2272 meo,
3777 2204 3898 2260 vides

622 2299 826 2370 poralis
852 2314 999 2370 esca,
1030 2302 1126 2359 sed
1153 2305 1416 2374 spiritalis
1443 2315 1547 2362 est.
1577 2305 1732 2363 Unde
1758 2317 1816 2362 et
1844 2308 2140 2378 Apostolus
2167 2308 2235 2367 de

2338 2302 2648 2373 hujusmodi
2679 2318 2800 2359 esse
2827 2303 3069 2359 laetitiam
3093 2345 3106 2369 ,
3139 2319 3261 2374 quae
3293 2303 3498 2358 nullius
3534 2300 3729 2373 peccati
3756 2296 3897 2354 sordi-

625 2398 759 2463 typo
786 2393 905 2462 ejus
923 2394 1002 2450 ait
1027 2395 1196 2461 :Quia
1211 2406 1385 2466 patres
1412 2401 1571 2453 nostri
1593 2415 1759 2454 eseam
1783 2399 2070 2473 spiritalem
2091 2419 2234 2457 man-
2339 2397 2440 2453 bus
2466 2398 2772 2469 polluatur?
2796 2397 3256 2468 Quotiescumque
3279 2395 3426 2450 enim
3460 2394 3600 2450 bibis
3617 2435 3631 2460 ,
3653 2390 3897 2449 remissio-

626 2483 966 2555 ducaverunt,
1001 2498 1046 2543 et
1068 2499 1245 2560 potum
1271 2491 1555 2564 spiritalem
1583 2492 1817 2548 biberunt
1850 2493 1895 2567 (ι
1915 2493 2033 2549 Cor.
2066 2510 2121 2560 κ,
2152 2495 2234 2566 5).
2341 2509 2466 2550 nem
2497 2493 2697 2564 accipis
2731 2502 3074 2563 peccatorum
3095 2533 3109 2556 ,
3144 2500 3198 2546 ct
3233 2489 3522 2546 inebriaris
3550 2487 3750 2560 spiritu.
3775 2482 3900 2540 Unde

627 2577 843 2651 Corpus
871 2582 1018 2638 enim
1050 2583 1143 2640 Dei
1165 2599 1364 2654 corpus
1390 2595 1476 2642 est
1504 2587 1775 2659 spiritale,
1805 2603 2004 2661 corpus
2035 2587 2239 2646 Christi
2341 2599 2397 2644 et
2423 2588 2715 2659 Apostolus
2746 2587 2822 2642 ait
2851 2605 2864 2642 :
2902 2585 3081 2642 Nolite
3105 2585 3354 2640 inebriari
3382 2585 3621 2640 vino.....
3643 2581 3726 2638 sed
3751 2579 3897 2649 implo-

627 2685 828 2744 corpus
854 2684 939 2730 est
968 2675 1136 2732 divini
1165 2680 1419 2749 spiritus;
1443 2681 1572 2752 quia
1599 2682 1827 2752 spiritus
1856 2691 1942 2737 est
1965 2680 2237 2750 Christus,
2343 2683 2470 2736 mini
2520 2682 2723 2752 Spiritu
2763 2691 2941 2736 saneto
2972 2679 3195 2753 (Ephes.
3229 2695 3280 2747 v,
3315 2678 3387 2734 18
3407 2679 3448 2751 ).
3471 2676 3612 2734 Vino
3661 2675 3790 2730 cnim
3829 2669 3899 2740 qui

630 2775 692 2822 ut
741 2766 970 2838 legimus
1011 2786 1025 2824 :
1065 2768 1300 2838 Spiritus
1348 2781 1468 2827 ante
1501 2774 1682 2844 facient
1723 2785 1954 2830 nostram
2003 2775 2242 2830 Christus
2344 2774 2666 2844 inebriatur,
2691 2775 2908 2831 vacillat
2935 2785 2990 2830 et
3021 2773 3217 2829 titubat
3245 2788 3260 2829 :
3291 2773 3488 2844 spiritu
3515 2770 3602 2842 qui
3625 2765 3897 2828 inebriatur,

631 2859 888 2917 Dominus
913 2863 932 2937 (
954 2863 1146 2920 Thren.
1180 2882 1271 2932 tv,
1301 2866 1430 2939 20).
1467 2867 1535 2922 Et
1563 2869 1613 2922 in
1647 2869 1788 2925 Petri
1816 2871 2048 2942 epistola
2072 2870 2241 2927 habe-
2345 2869 2616 2926 radicatus
2649 2870 2703 2924 in
2731 2868 2949 2923 Christo
2975 2877 3095 2934 est,
3129 2875 3185 2923 et
3220 2866 3347 2922 ideo
3381 2863 3641 2937 praeclara
3667 2858 3898 2924 ebrietas,

633 2970 756 3011 mus
786 2975 800 3012 :
826 2956 1063 3013 Christus
1096 2975 1194 3031 pro
1223 2960 1368 3014 nobis
1403 2972 1636 3016 mortuus
1671 2973 1743 3016 est
1769 2963 1786 3034 (
1813 2961 1828 3016 I
1857 2961 1975 3018 Pet.
2007 2980 2040 3018 ιι
2066 3005 2082 3032 ,
2106 2963 2173 3018 21
2200 2963 2240 3036 ).
2347 2978 2468 3034 qua”:
2496 2962 2846 3018 sobrietatem
2878 2963 3075 3018 mentis
3098 2971 3380 3032 operatur.

635 3050 881 3124 Denique
927 3068 1025 3109 cor
1071 3065 1317 3110 nostrum
1360 3071 1483 3111 esca
1522 3056 1628 3111 ista
1655 3056 1940 3112 confirmat
1960 3098 1976 3125 ,
2005 3068 2060 3113 et
2084 3066 2245 3128 potus
2425 3058 2656 3131 1592.
2685 3058 2775 3114 12.
2805 3069 2826 3096 ε
2856 3057 3029 3125 Edite,
3062 3055 3258 3127 inquit,
3286 3055 3443 3110 amici
3473 3054 3591 3119 ntei,
3620 3060 3664 3107 et
3691 3049 3839 3110 bibite,
3867 3054 3901 3099 et

634 3144 740 3201 iste
795 3145 1039 3203 laetificat
1095 3163 1190 3204 cor
1237 3148 1471 3207 hominis
1495 3193 1511 3218 ,
1534 3158 1593 3206 ut
1629 3150 1891 3222 propheta
1923 3152 2248 3208 memoravit
2349 3150 2701 3205 inebriamini.
2731 3149 2879 3204 Bona
2901 3149 3136 3204 ebrietas
3170 3163 3292 3220 quae
3318 3146 3391 3201 ad
3425 3146 3648 3202 meliora
3678 3150 3821 3212 atque
3837 3137 3904 3208 ju-

634 3239 813 3310 (Ριαιο
844 3257 959 3309 CIII,
990 3242 1106 3315 25).
2273 3247 2319 3310 C
2351 3243 2527 3301 cuuda
2557 3244 2684 3300 facit
2711 3242 2998 3314 quemdam
3031 3243 3228 3297 mentis
3248 3255 3560 3307 excessum,
3591 3249 3644 3294 ut
3665 3239 3904 3294 immemor

709 3330 763 3388 8.
792 3343 817 3370 ⁸
848 3331 1044 3390 Hortus
1073 3337 1346 3392 conclusus
1372 3353 1522 3392 soror
1544 3355 1657 3394 mea
1674 3355 1884 3410 sponsa,
1918 3339 2100 3394 hortus
2123 3355 2248 3394 con-
2352 3339 2778 3396 sollicitudinum
2810 3339 3024 3392 animus
3049 3345 3256 3404 noster,
3283 3336 3413 3392 vino
3438 3332 3777 3407 jucunditatis
3798 3327 3905 3383 hila-

634 3423 832 3492 clusus,
865 3429 984 3496 fons
1014 3427 1284 3499 signatus;
1311 3447 1378 3486 ne
1407 3430 1564 3487 facile
1597 3432 1810 3502 aperiat
1835 3446 1896 3487 os
1923 3447 2116 3500 suum,
2151 3447 2251 3488 nec
2353 3445 2525 3490 retur.
2551 3433 2699 3488 Bona
2728 3447 2929 3486 mensae
2959 3430 3216 3502 spiritalis
3247 3428 3758 3498 ehrietas;deuiqtte
3781 3436 3905 3493 pocu-

634 3515 845 3587 vulgari
876 3518 1116 3589 resignet
1153 3521 1421 3594 alloquio;
1455 3539 1630 3596 neque
1659 3524 1805 3580 enim
1837 3525 1902 3581 de
1942 3525 2077 3597 ipsis
2113 3527 2252 3582 divi-
2353 3529 2458 3583 lum
2489 3525 2748 3582 inebrians
2773 3541 2926 3590 quam
2963 3524 3272 3594 prim-larum
3306 3523 3551 3597 (Psalm.
3578 3535 3714 3585 χχιι,
3739 3515 3826 3588 5)!
3854 3511 3906 3567 Ει

636 3609 726 3664 nis
763 3609 942 3677 decet,
988 3612 1090 3668 nisi
1139 3617 1308 3670 verbo
1353 3616 1447 3672 Dei
1500 3618 1842 3688 interpellata
1895 3620 2246 3691 respondeas.
2352 3619 2480 3673 alibi
2509 3618 2678 3673 habes
2707 3635 2719 3671 :
2746 3617 2904 3672 Rivos
2927 3617 3272 3690 ejusinebria,
3292 3617 3582 3690 multiplica
3607 3609 3906 3688 generationes

635 3701 776 3769 Quid
820 3703 917 3758 tibi
943 3721 1063 3760 cum
1098 3707 1345 3763 caeteris?
1371 3709 1488 3766 Soli
1511 3710 1726 3766 Christo
1754 3711 2009 3782 loquere,
2038 3712 2140 3768 soli
2170 3716 2249 3767 l'a-
2351 3711 2465 3780 ejus
2491 3708 2713 3780 (Psalm.
2741 3725 2885 3773 LXIV.
2920 3707 3045 3782 il);
3073 3725 3139 3765 eo
3167 3710 3309 3780 quod
3357 3711 3594 3766 ebrietas
3636 3717 3779 3762 terra:
3809 3711 3904 3753 cum

638 3797 829 3855 bularc
850 3797 1087 3856 Christo.
1117 3801 1176 3858 Si
1199 3803 1342 3858 enim
1377 3814 1433 3858 ut
1455 3804 1716 3861 mulieres
1743 3815 1961 3862 taceant
1980 3807 2034 3861 in
2064 3805 2251 3862 Ecclc-
2352 3803 2528 3860 infusa
2556 3803 2716 3859 fuerit
2741 3803 2914 3860 imbre
2942 3803 3464 3867 coelesti,suscitare
3493 3800 3710 3865 semina,
3739 3795 3906 3851 fructus

638 3893 719 3948 sia
760 3893 1021 3964 scriptum
1051 3906 1133 3950 est
1167 3896 1220 3969 (Ι
1242 3896 1362 3954 Cor.
1396 3914 1506 3968 xtv,
1532 3898 1625 3972 54)
1664 3918 1676 3955 :
1708 3911 1913 3973 quanto
1940 3902 2114 3973 magis
2141 3918 2249 3958 non
2353 3899 2717 3969 multiplicare
2751 3899 3120 3954 consueverit.
3152 3897 3339 3969 Itaque
3381 3897 3474 3953 ubi
3526 3895 3746 3951 Verbum
3795 3880 3906 3956 quod

637 3984 796 4042 decet
819 3999 1008 4058 patere
1031 3990 1257 4062 virginis
1281 3991 1523 4063 januam,
1545 4010 1652 4050 non
1669 3995 1831 4051 decet
1857 3995 2032 4052 vidum
2063 4004 2252 4066 patere
2354 3993 2498 4047 sicut
2526 3991 2702 4063 pluvia
2727 3990 3011 4048 descendit
3041 3991 3108 4046 de
3139 3992 3281 4047 coelo
3305 4033 3320 4058 ,
3349 4006 3515 4047 venas
3547 3999 3696 4044 terra:
3724 3989 3906 4039 nostrai.

641 4080 820 4138 fores!
855 4083 974 4140 Cito
1019 4084 1309 4142 insidiator
1339 4089 1561 4158 pudoris
1590 4090 1846 4161 obrepit,
1880 4091 2248 4160 cito_verbum
2357 4084 2410 4140 id
2442 4095 2544 4152 est.
2575 4086 2772 4140 animae
2811 4101 2874 4140 ac
2915 4085 3114 4140 mentis
3143 4083 3439 4139 inebriavit
3467 4077 3823 4154 prtedicalione
3842 4067 3908 4123 ἀί·

637 4177 860 4249 excipit,
886 4178 1030 4248 quod
1057 4195 1316 4238 revocare
1346 4183 1653 4240 desideres.
1673 4186 1729 4241 Si
1759 4185 1886 4241 Eva:
1913 4186 2098 4242 clausa
2123 4187 2251 4242 fuis-
2355 4178 2503 4244 Vina,
2529 4178 2838 4233 exeilanlul‘
2858 4178 3114 4233 Virlulum
3145 4175 3322 4231 Studia
3349 4167 3910 4237 dit’ersarumtfmcws‘

638 4281 724 4327 set
757 4271 921 4342 janua
947 4312 964 4340 ,
999 4289 1100 4330 nec
1126 4274 1298 4332 Adam
1329 4275 1590 4347 deceptus
1621 4277 1816 4335 fuisse;
1837 4323 1852 4348 ,
1889 4295 1991 4337 nec
2018 4294 2249 4350 respon-
2354 4287 2460 4344 que
2488 4271 2614 4327 fidei
2637 4313 2651 4340 ,
2673 4271 2737 4328 'et
2774 4282 2941 4326 castae
2993 4269 3301 4326 devotionis
3331 4269 3630 4332 adolescit,
3657 4261 3912 4326 meritoque

641 4363 812 4421 disset
865 4365 1196 4440 interrogata
1235 4373 1501 4440 serpenti.
1536 4369 1789 4427 Introivit
1829 4388 1977 4428 mors
2027 4388 2126 4444 per
2167 4373 2250 4430 fe-
2354 4365 2406 4420 ei
2435 4364 2634 4421 dicitur
2665 4383 2677 4418 :
2713 4363 2947 4419 Visitasti
2967 4373 3180 4432 terram,
3213 4375 3259 4418 et
3288 4362 3555 4418 inebriasti
3581 4375 3685 4417 eam
3713 4350 3910 4426 (Psatmo

642 4471 908 4530 uestram,
944 4461 1048 4519 hoc
1078 4473 1197 4530 est,
1227 4479 1321 4535 per
1347 4465 1476 4520 Eva:
1523 4465 1745 4521 ostium.
1771 4466 2078 4539 Ingreditur
2104 4482 2251 4524 mors
2357 4472 2507 4526 utv,
2543 4457 2655 4530 10).
2689 4456 3052 4529 Susceptioue
3087 4459 3288 4512 etenim
3326 4456 3575 4526 corporis
3598 4447 3913 4546 visitavitstti

641 4567 738 4626 per
765 4557 962 4611 ostium
996 4567 1146 4613 tuum
1167 4603 1182 4627 ,
1223 4559 1268 4614 si
1299 4557 1496 4616 falsum
1527 4560 1798 4632 loquaris,
1828 4562 1874 4618 si
1904 4563 2159 4634 turpiter,
2203 4562 2248 4617 si

2359 4561 2577 4608 sanaret
2601 4551 2847 4608 infirmos
2872 4570 2887 4609 :
2912 4551 3203 4608 inebriavit
3223 4551 3396 4624 gratia
3427 4546 3670 4622 spiritali,
3687 4551 3738 4599 ιιι
3759 4547 3913 4596 amttos

644 4651 988 4720 procaciter,
1020 4666 1301 4725 postremo
1346 4655 1393 4711 si
1439 4657 1533 4712 ubi
1565 4671 1674 4712 non
1703 4664 1952 4729 oportet,
1986 4659 2252 4732 loquaris.
2281 4643 2336 4705 Ῑ)
2357 4645 2698 4718 ,ἱυθυιιάίιθῑθ
2736 4649 3025 4704 ιηιιιοθτθῑο

646 4741 860 4799 Clausa:
874 4745 1444 4817 sintigiturlabiorum
1465 4758 1677 4806 tuorum
1695 4750 2256 4818 fores,etobseratum
2437 4742 2524 4797 15·
2557 4739 2586 4779 ¹¹
2614 4740 2729 4813 Εςο
2758 4742 2992 4809 dormio.
3022 4752 3069 4798 ει
3092 4758 3181 4797 εον
3201 4757 3368 4796 meum
3392 4739 3588 4812 υίθίίαθο
3622 4735 3712 4792 Εεί
3739 4733 3917 4826 stam“?

649 4839 1034 4895 maneatvocis
1063 4843 1409 4910 vestibulum,
1438 4854 1568 4900 tunc
1599 4843 1836 4901 fortasse
1862 4848 2218 4904 reserandum
2241 4889 2256 4914 ,
2363 4853 2484 4894 rum
2516 4850 2742 4892 somnus
2769 4837 2934 4891 etiam
2962 4835 3243 4905 onerarius
3267 4878 3282 4903 ,
3316 4832 3611 4890 secundum
3645 4825 3774 4900 quod
3811 4825 3919 4877 scrt-

649 4946 773 4989 cum
801 4932 1042 4990 audieris
1065 4936 1165 4992 Dei
1196 4953 1406 5007 vocem,
1437 4955 1563 4996 cum
1606 4939 1845 4998 audieris
1872 4941 1969 4997 Dei
2005 4943 2253 5000 verbum.

2365 4941 2516 5004 ptum
2548 4939 2672 4987 est:
2700 4929 2809 5002 Ego
2838 4928 3059 4996 dormio,
3084 4937 3130 4983 et
3153 4945 3242 4983 cor
3268 4943 3437 4983 meum
3467 4925 3656 5000 vigilat.
3685 4922 3745 4977 Et
3763 4927 3917 4974 secun-

645 5023 800 5081 Tunc
833 5027 927 5081 tibi
960 5032 1182 5101 myrrha
1205 5032 1441 5100 sudabit,
1467 5042 1594 5089 tunc
1621 5035 1715 5090 tibi
1749 5034 2090 5106 baptismatis
2113 5037 2259 5107 aspi-
2367 5026 2494 5083 dum
2527 5025 2672 5097 ηυοά
2711 5024 2882 5082 1300b
2921 5033 3144 5080 ⁵³³0⁸⁸⁸
3183 5023 3367 5079 δίνί¹¹³
3424 5021 3692 5079 dormiens
3739 5008 3919 5107 "hiem

649 5119 792 5175 rabit
819 5123 1016 5193 gratia,
1037 5132 1095 5180 ut
1115 5127 1182 5182 ab
1210 5127 1500 5184 elementis
1529 5129 1716 5184 tnuudi
1743 5103 2106 5186 commoriare
2134 5103 2258 5187 cum
2373 5121 2654 5192 mysteria.
2681 5134 2804 5190 qua)
2823 5118 3056 5188 vigilans
3087 5133 3193 5172 non
3219 5117 3463 5183 Viderat;
3505 5115 3571 5170 de
3596 5109 3726 5168 εωιο
3752 5103 3809 5159 ad
3832 5111 3917 5155 ευτ’

649 5211 963 5281 Christo,et
989 5233 1108 5272 cum
1137 5218 1356 5275 Christo
1383 5235 1657 5290 resurgas.
1681 5221 1823 5289 Quid
1847 5223 2039 5289 adhuc,
2067 5222 2261 5295 inquit,
2371 5231 2462 5273 ras
2490 5231 2670 5271 aerem
2705 5213 2966 5286 praevium
2997 5211 3224 5277 sanctis,
3253 5211 3630 5282 respicientem
3658 5199 3917 5295 Domitium:

650 5309 788 5363 uelut
817 5311 1140 5378 viuentes,de
1169 5313 1267 5367 hoc
1294 5315 1487 5369 mundo
1513 5309 1832 5372 decernitis?
1863 5315 1948 5372 Ne
1970 5290 2262 5389 tetigeritis,
2371 5321 2426 5367 et
2450 5310 2797 5380 pollicentem
2829 5319 2988 5362 terrm
3007 5307 3127 5376 ejus
3158 5305 3574 5374 possessionem.
3607 5290 3917 5389 itaque‘ltfe"

649 5416 714 5455 ne
739 5403 1186 5472 attaminaveritis,
1218 5422 1280 5460 ne
1299 5408 1650 5479 gustaveritis,
1677 5425 1792 5482 qua:
1820 5418 1942 5466 sunt
1983 5383 2264 5466 advcorru;
2370 5420 2567 5462 somno
2622 5403 2934 5468 dormiens,
2983 5401 3300 5472 impetravit
3347 5397 3488 5471 quod
3539 5405 3724 5465 magno
3769 5383 3919 5442 labore

653 5495 883 5566 ptionem
901 5496 1018 5566 ipso
1047 5513 1146 5551 usu
1175 5496 1400 5568 (Coloss.
1430 5516 1501 5568 ιι,
1524 5501 1597 5557 20
1621 5512 1668 5557 et
1694 5505 1847 5577 seq.).

2371 5510 2560 5574 postea
2613 5499 2926 5570 acquisivit,
2968 5497 3258 5554 luereditas
3287 5496 3432 5552 enim
3461 5494 3577 5563 ejus
3624 5496 3701 5544 est
3738 5484 3917 5577 sonttttts

729 5587 782 5646 9.
821 5587 846 5628 δ
873 5585 1167 5646 Desoendat
1193 5594 1355 5664 frater
1389 5611 1531 5650 meus
1554 5596 1608 5652 in
1634 5574 1840 5654 hortum
1867 5615 2021 5655 suum
2048 5640 2062 5667 ,
2089 5607 2146 5655 ut
2172 5615 2262 5655 co-
2371 5606 2717 5664 sanctorum,
2750 5594 2976 5653 feriatus
3017 5595 3086 5651 ab
3130 5592 3383 5650 omnibus
3412 5582 3650 5658 corporis
3679 5574 3918 5640 voltth'l'

726 5807 895 5884 sint).
919 5807 1365 5884 de_Virgiuitate,
1395 5823 1517 5882 cap.
1549 5812 1636 5881 15,
1665 5829 1815 5884 nunt.
1844 5813 1936 5872 80.
2449 5817 2472 5884 ς
2502 5810 2558 5884 [η
2582 5808 2992 5884 psalm_._cxvu_t,
3021 5821 3188 5864 serm.
3212 5807 3268 5874 8,
3294 5814 3447 5884 rium;

725 5878 754 5920 tt
776 5879 895 5935 ιλιι).
929 5897 957 5936 v
980 5880 1049 5938 de
1075 5875 1428 5946 Sicrachi.
1455 5875 1510 5955 3,
1541 5875 1688 5944 num:
1723 5878 1812 5948 li.
2441 5875 2464 5910 "
2499 5875 2668 5951 Epist.
2703 5880 2768 5938 ad
2793 5880 3077 5950 Anysium.
3112 5891 3262 5937 num.-
3293 5875 3383 5936 δι.
