  <div class='ocr_page' id='page_1' title='image "/cluster/home/n/w/nwhite01/storage/ocr_20150623/15/hvd.32044015471311/370.png"; bbox 0 0 4148 6362; ppageno 0'>
   <div class='ocr_carea' id='block_1_1' title="bbox 287 319 429 381">
    <p class='ocr_par' dir='ltr' id='par_1_1' title="bbox 287 319 429 381">
     <span class='ocr_line' id='line_1_1' title="bbox 287 319 429 381; baseline 0.007 -1"><span class='ocrx_word' id='word_1_1' title='bbox 287 319 429 381; x_wconf 68' lang='grc'><strong>1921</strong></span> 
     </span>
    </p>
   </div>
   <div class='ocr_carea' id='block_1_2' title="bbox 1307 318 2625 382">
    <p class='ocr_par' dir='ltr' id='par_1_2' title="bbox 1307 318 2625 382">
     <span class='ocr_line' id='line_1_2' title="bbox 1307 318 2625 382; baseline -0.002 -1"><span class='ocrx_word' id='word_1_2' title='bbox 1307 325 1348 381; x_wconf 81' lang='grc' dir='ltr'>Ε</span> <span class='ocrx_word' id='word_1_3' title='bbox 1389 319 1693 382; x_wconf 75' lang='lat' dir='ltr'><strong>SClllPTIS</strong></span> <span class='ocrx_word' id='word_1_4' title='bbox 1733 325 1789 382; x_wconf 87' lang='lat' dir='ltr'><strong>S.</strong></span> <span class='ocrx_word' id='word_1_5' title='bbox 1826 318 2161 381; x_wconf 75' lang='lat' dir='ltr'><strong>AMBROSII</strong></span> <span class='ocrx_word' id='word_1_6' title='bbox 2203 320 2625 382; x_wconf 80' lang='lat' dir='ltr'><strong>COLLECTUS.</strong></span> 
     </span>
    </p>
   </div>
   <div class='ocr_carea' id='block_1_3' title="bbox 3463 326 3603 384">
    <p class='ocr_par' dir='ltr' id='par_1_3' title="bbox 3463 326 3603 384">
     <span class='ocr_line' id='line_1_3' title="bbox 3463 326 3603 384; baseline 0 0"><span class='ocrx_word' id='word_1_7' title='bbox 3463 326 3603 384; x_wconf 57' lang='lat'><strong>&quot;:22</strong></span> 
     </span>
    </p>
   </div>
   <div class='ocr_carea' id='block_1_4' title="bbox 286 436 3603 512">
    <p class='ocr_par' dir='ltr' id='par_1_4' title="bbox 286 436 3603 512">
     <span class='ocr_line' id='line_1_4' title="bbox 286 436 3603 512; baseline 0.001 -20"><span class='ocrx_word' id='word_1_8' title='bbox 286 438 412 504; x_wconf 78' lang='lat' dir='ltr'><strong>bus,</strong></span> <span class='ocrx_word' id='word_1_9' title='bbox 446 436 514 492; x_wconf 87' lang='lat' dir='ltr'><strong>ab</strong></span> <span class='ocrx_word' id='word_1_10' title='bbox 557 436 701 492; x_wconf 88' lang='lat' dir='ltr'><strong>omni</strong></span> <span class='ocrx_word' id='word_1_11' title='bbox 753 436 918 492; x_wconf 87' lang='lat' dir='ltr'><strong>animi</strong></span> <span class='ocrx_word' id='word_1_12' title='bbox 967 437 1405 507; x_wconf 86' lang='lat' dir='ltr'><strong>perturbatione,</strong></span> <span class='ocrx_word' id='word_1_13' title='bbox 1449 441 1899 512; x_wconf 76' lang='lat' dir='ltr'><strong>tranquillitatem</strong></span> <span class='ocrx_word' id='word_1_14' title='bbox 1928 447 1978 505; x_wconf 76' lang='grc' dir='ltr'>Α</span> <span class='ocrx_word' id='word_1_15' title='bbox 2007 454 2328 512; x_wconf 85' lang='lat' dir='ltr'><strong>consurgas,</strong></span> <span class='ocrx_word' id='word_1_16' title='bbox 2369 441 2636 497; x_wconf 85' lang='lat' dir='ltr'><strong>internant</strong></span> <span class='ocrx_word' id='word_1_17' title='bbox 2679 439 3016 496; x_wconf 84' lang='lat' dir='ltr'><strong>orationibus</strong></span> <span class='ocrx_word' id='word_1_18' title='bbox 3045 451 3316 510; x_wconf 78' lang='lat' dir='ltr'><strong>pra-pares</strong></span> <span class='ocrx_word' id='word_1_19' title='bbox 3344 449 3603 509; x_wconf 88' lang='lat' dir='ltr'><strong>mentem,</strong></span> 
     </span>
    </p>
   </div>
   <div class='ocr_carea' id='block_1_5' title="bbox 287 532 1890 606">
    <p class='ocr_par' dir='ltr' id='par_1_5' title="bbox 287 532 1890 606">
     <span class='ocr_line' id='line_1_5' title="bbox 287 532 1890 606; baseline 0.001 -19"><span class='ocrx_word' id='word_1_20' title='bbox 287 533 459 588; x_wconf 86' lang='lat' dir='ltr'><strong>menti</strong></span> <span class='ocrx_word' id='word_1_21' title='bbox 491 532 772 598; x_wconf 85' lang='lat' dir='ltr'><strong>invehens,</strong></span> <span class='ocrx_word' id='word_1_22' title='bbox 820 532 1188 603; x_wconf 89' lang='lat' dir='ltr'><strong>placiditatem</strong></span> <span class='ocrx_word' id='word_1_23' title='bbox 1238 535 1472 602; x_wconf 68' lang='lat' dir='ltr'><strong>animae;</strong></span> <span class='ocrx_word' id='word_1_24' title='bbox 1525 546 1584 591; x_wconf 91' lang='lat' dir='ltr'><strong>ut</strong></span> <span class='ocrx_word' id='word_1_25' title='bbox 1617 544 1890 606; x_wconf 85' lang='lat' dir='ltr'><strong>tamquam</strong></span> 
     </span>
    </p>
   </div>
   <div class='ocr_carea' id='block_1_6' title="bbox 286 627 1891 698">
    <p class='ocr_par' dir='ltr' id='par_1_6' title="bbox 286 627 1891 698">
     <span class='ocr_line' id='line_1_6' title="bbox 286 627 1891 698; baseline 0.003 -16"><span class='ocrx_word' id='word_1_26' title='bbox 286 627 465 682; x_wconf 89' lang='lat' dir='ltr'><strong>soluta</strong></span> <span class='ocrx_word' id='word_1_27' title='bbox 494 642 635 682; x_wconf 84' lang='lat' dir='ltr'><strong>nexu</strong></span> <span class='ocrx_word' id='word_1_28' title='bbox 661 627 910 698; x_wconf 91' lang='lat' dir='ltr'><strong>corporis</strong></span> <span class='ocrx_word' id='word_1_29' title='bbox 935 643 994 683; x_wconf 87' lang='lat' dir='ltr'><strong>se</strong></span> <span class='ocrx_word' id='word_1_30' title='bbox 1019 628 1328 696; x_wconf 84' lang='lat' dir='ltr'><strong>ablevet,et</strong></span> <span class='ocrx_word' id='word_1_31' title='bbox 1347 629 1572 686; x_wconf 86' lang='lat' dir='ltr'><strong>Christo</strong></span> <span class='ocrx_word' id='word_1_32' title='bbox 1591 629 1891 687; x_wconf 71' lang='lat' dir='ltr'><strong>adhaereat.</strong></span> 
     </span>
    </p>
   </div>
   <div class='ocr_carea' id='block_1_7' title="bbox 288 718 1268 778">
    <p class='ocr_par' dir='ltr' id='par_1_7' title="bbox 288 718 1268 778">
     <span class='ocr_line' id='line_1_7' title="bbox 288 718 1268 778; baseline 0.005 -5"><span class='ocrx_word' id='word_1_33' title='bbox 288 718 392 776; x_wconf 90' lang='lat' dir='ltr'><strong>llic</strong></span> <span class='ocrx_word' id='word_1_34' title='bbox 413 728 498 776; x_wconf 90' lang='lat' dir='ltr'><strong>est</strong></span> <span class='ocrx_word' id='word_1_35' title='bbox 525 735 750 776; x_wconf 91' lang='lat' dir='ltr'><strong>somnus</strong></span> <span class='ocrx_word' id='word_1_36' title='bbox 777 721 901 776; x_wconf 77' lang='lat' dir='ltr'><strong>vita:</strong></span> <span class='ocrx_word' id='word_1_37' title='bbox 928 729 1268 778; x_wconf 91' lang='lat' dir='ltr'><strong>sanctorum.</strong></span> 
     </span>
    </p>
   </div>
   <div class='ocr_carea' id='block_1_8' title="bbox 363 812 1897 890">
    <p class='ocr_par' dir='ltr' id='par_1_8' title="bbox 363 812 1897 890">
     <span class='ocr_line' id='line_1_8' title="bbox 363 812 1897 890; baseline 0.001 -20"><span class='ocrx_word' id='word_1_38' title='bbox 363 814 456 870; x_wconf 73' lang='lat' dir='ltr'><strong>M.</strong></span> <span class='ocrx_word' id='word_1_39' title='bbox 483 823 509 850; x_wconf 77' lang='grc' dir='ltr'><strong>ιι</strong></span> <span class='ocrx_word' id='word_1_40' title='bbox 546 812 663 869; x_wconf 75' lang='lat' dir='ltr'><strong>Vox</strong></span> <span class='ocrx_word' id='word_1_41' title='bbox 691 814 869 869; x_wconf 77' lang='lat' dir='ltr'><strong>dilecti</strong></span> <span class='ocrx_word' id='word_1_42' title='bbox 905 816 1006 871; x_wconf 90' lang='lat' dir='ltr'><strong>mei</strong></span> <span class='ocrx_word' id='word_1_43' title='bbox 1048 817 1323 887; x_wconf 71' lang='lat' dir='ltr'><strong>pulsantis,</strong></span> <span class='ocrx_word' id='word_1_44' title='bbox 1357 819 1504 890; x_wconf 85' lang='lat' dir='ltr'><strong>aperi</strong></span> <span class='ocrx_word' id='word_1_45' title='bbox 1550 818 1702 886; x_wconf 84' lang='lat' dir='ltr'><strong>mihi,</strong></span> <span class='ocrx_word' id='word_1_46' title='bbox 1747 833 1897 874; x_wconf 86' lang='lat' dir='ltr'><strong>soror</strong></span> 
     </span>
    </p>
   </div>
   <div class='ocr_carea' id='block_1_9' title="bbox 291 908 1897 977">
    <p class='ocr_par' dir='ltr' id='par_1_9' title="bbox 291 908 1897 977">
     <span class='ocr_line' id='line_1_9' title="bbox 291 908 1897 977; baseline 0.002 -13"><span class='ocrx_word' id='word_1_47' title='bbox 291 925 426 964; x_wconf 87' lang='lat' dir='ltr'><strong>mea.</strong></span> <span class='ocrx_word' id='word_1_48' title='bbox 449 909 515 964; x_wconf 88' lang='lat' dir='ltr'><strong>Et</strong></span> <span class='ocrx_word' id='word_1_49' title='bbox 545 908 590 964; x_wconf 89' lang='lat' dir='ltr'><strong>si</strong></span> <span class='ocrx_word' id='word_1_50' title='bbox 619 909 900 977; x_wconf 85' lang='lat' dir='ltr'><strong>dormias‘,</strong></span> <span class='ocrx_word' id='word_1_51' title='bbox 932 921 987 966; x_wconf 91' lang='lat' dir='ltr'><strong>et</strong></span> <span class='ocrx_word' id='word_1_52' title='bbox 1013 911 1060 966; x_wconf 89' lang='lat' dir='ltr'><strong>si</strong></span> <span class='ocrx_word' id='word_1_53' title='bbox 1107 911 1270 967; x_wconf 91' lang='lat' dir='ltr'><strong>modo</strong></span> <span class='ocrx_word' id='word_1_54' title='bbox 1307 911 1653 968; x_wconf 87' lang='lat' dir='ltr'><strong>devotionem</strong></span> <span class='ocrx_word' id='word_1_55' title='bbox 1701 913 1897 968; x_wconf 67' lang='lat' dir='ltr'><strong>animae</strong></span> 
     </span>
    </p>
   </div>
   <div class='ocr_carea' id='block_1_10' title="bbox 293 1000 1892 1076">
    <p class='ocr_par' dir='ltr' id='par_1_10' title="bbox 293 1000 1892 1076">
     <span class='ocr_line' id='line_1_10' title="bbox 293 1000 1892 1076; baseline 0.003 -20"><span class='ocrx_word' id='word_1_56' title='bbox 293 1009 403 1056; x_wconf 68' lang='lat' dir='ltr'><strong>ture</strong></span> <span class='ocrx_word' id='word_1_57' title='bbox 428 1001 637 1057; x_wconf 90' lang='lat' dir='ltr'><strong>noverit</strong></span> <span class='ocrx_word' id='word_1_58' title='bbox 670 1000 920 1058; x_wconf 86' lang='lat' dir='ltr'><strong>Christus</strong></span> <span class='ocrx_word' id='word_1_59' title='bbox 947 1044 961 1068; x_wconf 91' lang='lat'><strong>,</strong></span> <span class='ocrx_word' id='word_1_60' title='bbox 985 1003 1136 1058; x_wconf 85' lang='lat' dir='ltr'><strong>venit</strong></span> <span class='ocrx_word' id='word_1_61' title='bbox 1161 1045 1174 1069; x_wconf 95' lang='lat'><strong>,</strong></span> <span class='ocrx_word' id='word_1_62' title='bbox 1202 1012 1258 1059; x_wconf 89' lang='lat' dir='ltr'><strong>et</strong></span> <span class='ocrx_word' id='word_1_63' title='bbox 1283 1004 1462 1076; x_wconf 88' lang='lat' dir='ltr'><strong>pulsat</strong></span> <span class='ocrx_word' id='word_1_64' title='bbox 1489 1004 1608 1076; x_wconf 88' lang='lat' dir='ltr'><strong>ejus</strong></span> <span class='ocrx_word' id='word_1_65' title='bbox 1631 1004 1852 1076; x_wconf 90' lang='lat' dir='ltr'><strong>januam</strong></span> <span class='ocrx_word' id='word_1_66' title='bbox 1877 1045 1892 1070; x_wconf 95' lang='lat'><strong>,</strong></span> 
     </span>
    </p>
   </div>
   <div class='ocr_carea' id='block_1_11' title="bbox 291 1094 1898 1168">
    <p class='ocr_par' dir='ltr' id='par_1_11' title="bbox 291 1094 1898 1168">
     <span class='ocr_line' id='line_1_11' title="bbox 291 1094 1898 1168; baseline 0 -18"><span class='ocrx_word' id='word_1_67' title='bbox 291 1103 349 1150; x_wconf 86' lang='lat' dir='ltr'><strong>et</strong></span> <span class='ocrx_word' id='word_1_68' title='bbox 395 1094 524 1150; x_wconf 87' lang='lat' dir='ltr'><strong>dicit</strong></span> <span class='ocrx_word' id='word_1_69' title='bbox 552 1111 566 1160; x_wconf 85' lang='lat'><strong>;</strong></span> <span class='ocrx_word' id='word_1_70' title='bbox 597 1094 756 1164; x_wconf 81' lang='lat' dir='ltr'><strong>Aperi</strong></span> <span class='ocrx_word' id='word_1_71' title='bbox 783 1095 930 1161; x_wconf 85' lang='lat' dir='ltr'><strong>mihi,</strong></span> <span class='ocrx_word' id='word_1_72' title='bbox 981 1111 1132 1150; x_wconf 86' lang='lat' dir='ltr'><strong>soror</strong></span> <span class='ocrx_word' id='word_1_73' title='bbox 1172 1113 1304 1152; x_wconf 88' lang='lat' dir='ltr'><strong>mea.</strong></span> <span class='ocrx_word' id='word_1_74' title='bbox 1339 1097 1488 1152; x_wconf 89' lang='lat' dir='ltr'><strong>Bene</strong></span> <span class='ocrx_word' id='word_1_75' title='bbox 1533 1113 1712 1164; x_wconf 86' lang='lat' dir='ltr'><strong>soror,</strong></span> <span class='ocrx_word' id='word_1_76' title='bbox 1773 1097 1898 1168; x_wconf 84' lang='lat' dir='ltr'><strong>quia</strong></span> 
     </span>
    </p>
   </div>
   <div class='ocr_carea' id='block_1_12' title="bbox 291 1187 1898 1261">
    <p class='ocr_par' dir='ltr' id='par_1_12' title="bbox 291 1187 1898 1261">
     <span class='ocr_line' id='line_1_12' title="bbox 291 1187 1898 1261; baseline 0.002 -18"><span class='ocrx_word' id='word_1_77' title='bbox 291 1188 495 1259; x_wconf 68' lang='lat' dir='ltr'><strong>nuptiae</strong></span> <span class='ocrx_word' id='word_1_78' title='bbox 543 1187 814 1259; x_wconf 82' lang='lat' dir='ltr'><strong>spiritales</strong></span> <span class='ocrx_word' id='word_1_79' title='bbox 861 1197 990 1244; x_wconf 91' lang='lat' dir='ltr'><strong>sunt</strong></span> <span class='ocrx_word' id='word_1_80' title='bbox 1027 1188 1189 1245; x_wconf 89' lang='lat' dir='ltr'><strong>Verbi</strong></span> <span class='ocrx_word' id='word_1_81' title='bbox 1243 1198 1408 1260; x_wconf 90' lang='lat' dir='ltr'><strong>atque</strong></span> <span class='ocrx_word' id='word_1_82' title='bbox 1459 1191 1691 1257; x_wconf 64' lang='lat' dir='ltr'><strong>animae;</strong></span> <span class='ocrx_word' id='word_1_83' title='bbox 1720 1205 1898 1261; x_wconf 90' lang='lat' dir='ltr'><strong>neque</strong></span> 
     </span>
    </p>
   </div>
   <div class='ocr_carea' id='block_1_13' title="bbox 292 1283 1901 1355">
    <p class='ocr_par' dir='ltr' id='par_1_13' title="bbox 292 1283 1901 1355">
     <span class='ocr_line' id='line_1_13' title="bbox 292 1283 1901 1355; baseline -0.001 -14"><span class='ocrx_word' id='word_1_84' title='bbox 292 1283 442 1341; x_wconf 85' lang='lat' dir='ltr'><strong>enim</strong></span> <span class='ocrx_word' id='word_1_85' title='bbox 467 1283 660 1340; x_wconf 73' lang='lat' dir='ltr'><strong>animae</strong></span> <span class='ocrx_word' id='word_1_86' title='bbox 689 1283 1281 1355; x_wconf 83' lang='lat' dir='ltr'><strong>norunteonjugiorum</strong></span> <span class='ocrx_word' id='word_1_87' title='bbox 1313 1283 1539 1352; x_wconf 83' lang='lat' dir='ltr'><strong>foedera,</strong></span> <span class='ocrx_word' id='word_1_88' title='bbox 1566 1292 1624 1340; x_wconf 90' lang='lat' dir='ltr'><strong>et</strong></span> <span class='ocrx_word' id='word_1_89' title='bbox 1649 1299 1780 1340; x_wconf 89' lang='lat' dir='ltr'><strong>usus</strong></span> <span class='ocrx_word' id='word_1_90' title='bbox 1807 1299 1901 1340; x_wconf 91' lang='lat' dir='ltr'><strong>co-</strong></span> 
     </span>
    </p>
   </div>
   <div class='ocr_carea' id='block_1_14' title="bbox 294 1379 1896 1454">
    <p class='ocr_par' dir='ltr' id='par_1_14' title="bbox 294 1379 1896 1454">
     <span class='ocr_line' id='line_1_14' title="bbox 294 1379 1896 1454; baseline -0.002 -16"><span class='ocrx_word' id='word_1_91' title='bbox 294 1382 440 1454; x_wconf 75' lang='lat' dir='ltr'><strong>pulae</strong></span> <span class='ocrx_word' id='word_1_92' title='bbox 465 1379 767 1452; x_wconf 88' lang='lat' dir='ltr'><strong>corporalis</strong></span> <span class='ocrx_word' id='word_1_93' title='bbox 788 1423 801 1448; x_wconf 94' lang='lat'><strong>,</strong></span> <span class='ocrx_word' id='word_1_94' title='bbox 831 1379 927 1437; x_wconf 90' lang='lat' dir='ltr'><strong>sed</strong></span> <span class='ocrx_word' id='word_1_95' title='bbox 957 1389 1082 1436; x_wconf 91' lang='lat' dir='ltr'><strong>sunt</strong></span> <span class='ocrx_word' id='word_1_96' title='bbox 1113 1380 1250 1435; x_wconf 92' lang='lat' dir='ltr'><strong>sicut</strong></span> <span class='ocrx_word' id='word_1_97' title='bbox 1282 1381 1464 1452; x_wconf 80' lang='lat' dir='ltr'><strong>angeli</strong></span> <span class='ocrx_word' id='word_1_98' title='bbox 1503 1381 1598 1437; x_wconf 86' lang='lat' dir='ltr'><strong>Dei</strong></span> <span class='ocrx_word' id='word_1_99' title='bbox 1639 1381 1692 1436; x_wconf 87' lang='lat' dir='ltr'><strong>in</strong></span> <span class='ocrx_word' id='word_1_100' title='bbox 1732 1380 1896 1438; x_wconf 65' lang='lat' dir='ltr'><strong>casio.</strong></span> 
     </span>
    </p>
   </div>
   <div class='ocr_carea' id='block_1_15' title="bbox 293 1473 1903 1546">
    <p class='ocr_par' dir='ltr' id='par_1_15' title="bbox 293 1473 1903 1546">
     <span class='ocr_line' id='line_1_15' title="bbox 293 1473 1903 1546; baseline 0 -14"><span class='ocrx_word' id='word_1_101' title='bbox 293 1477 474 1546; x_wconf 80' lang='lat' dir='ltr'><strong>Aperi,</strong></span> <span class='ocrx_word' id='word_1_102' title='bbox 503 1475 696 1546; x_wconf 88' lang='lat' dir='ltr'><strong>inquit,</strong></span> <span class='ocrx_word' id='word_1_103' title='bbox 729 1474 878 1541; x_wconf 87' lang='lat' dir='ltr'><strong>mihi,</strong></span> <span class='ocrx_word' id='word_1_104' title='bbox 908 1473 1002 1530; x_wconf 89' lang='lat' dir='ltr'><strong>sed</strong></span> <span class='ocrx_word' id='word_1_105' title='bbox 1027 1475 1307 1531; x_wconf 84' lang='lat' dir='ltr'><strong>extraneis</strong></span> <span class='ocrx_word' id='word_1_106' title='bbox 1332 1475 1547 1532; x_wconf 86' lang='lat' dir='ltr'><strong>claude.</strong></span> <span class='ocrx_word' id='word_1_107' title='bbox 1570 1475 1774 1532; x_wconf 87' lang='lat' dir='ltr'><strong>Claude</strong></span> <span class='ocrx_word' id='word_1_108' title='bbox 1799 1490 1903 1532; x_wconf 79' lang='lat' dir='ltr'><strong>sae-</strong></span> 
     </span>
    </p>
   </div>
   <div class='ocr_carea' id='block_1_16' title="bbox 291 1568 1904 1641">
    <p class='ocr_par' dir='ltr' id='par_1_16' title="bbox 291 1568 1904 1641">
     <span class='ocr_line' id='line_1_16' title="bbox 291 1568 1904 1641; baseline -0.002 -13"><span class='ocrx_word' id='word_1_109' title='bbox 291 1572 452 1632; x_wconf 86' lang='lat' dir='ltr'><strong>culo.</strong></span> <span class='ocrx_word' id='word_1_110' title='bbox 480 1569 669 1626; x_wconf 89' lang='lat' dir='ltr'><strong>claude</strong></span> <span class='ocrx_word' id='word_1_111' title='bbox 698 1569 921 1624; x_wconf 88' lang='lat' dir='ltr'><strong>tnttndo.</strong></span> <span class='ocrx_word' id='word_1_112' title='bbox 948 1568 1136 1641; x_wconf 87' lang='lat' dir='ltr'><strong>Neque</strong></span> <span class='ocrx_word' id='word_1_113' title='bbox 1182 1570 1295 1640; x_wconf 89' lang='lat' dir='ltr'><strong>ipsa</strong></span> <span class='ocrx_word' id='word_1_114' title='bbox 1324 1570 1477 1625; x_wconf 82' lang='lat' dir='ltr'><strong>foras</strong></span> <span class='ocrx_word' id='word_1_115' title='bbox 1517 1569 1584 1625; x_wconf 88' lang='lat' dir='ltr'><strong>ad</strong></span> <span class='ocrx_word' id='word_1_116' title='bbox 1613 1569 1704 1624; x_wconf 91' lang='lat' dir='ltr'><strong>illa</strong></span> <span class='ocrx_word' id='word_1_117' title='bbox 1732 1578 1904 1625; x_wconf 89' lang='lat' dir='ltr'><strong>mate-</strong></span> 
     </span>
    </p>
   </div>
   <div class='ocr_carea' id='block_1_17' title="bbox 293 1662 1905 1735">
    <p class='ocr_par' dir='ltr' id='par_1_17' title="bbox 293 1662 1905 1735">
     <span class='ocr_line' id='line_1_17' title="bbox 293 1662 1905 1735; baseline -0.001 -15"><span class='ocrx_word' id='word_1_118' title='bbox 293 1664 453 1720; x_wconf 88' lang='lat' dir='ltr'><strong>rialia</strong></span> <span class='ocrx_word' id='word_1_119' title='bbox 483 1662 746 1735; x_wconf 83' lang='lat' dir='ltr'><strong>prodeas,</strong></span> <span class='ocrx_word' id='word_1_120' title='bbox 780 1677 956 1732; x_wconf 89' lang='lat' dir='ltr'><strong>neque</strong></span> <span class='ocrx_word' id='word_1_121' title='bbox 986 1671 1136 1718; x_wconf 87' lang='lat' dir='ltr'><strong>tuum</strong></span> <span class='ocrx_word' id='word_1_122' title='bbox 1167 1662 1483 1734; x_wconf 91' lang='lat' dir='ltr'><strong>relinquens</strong></span> <span class='ocrx_word' id='word_1_123' title='bbox 1515 1662 1702 1718; x_wconf 90' lang='lat' dir='ltr'><strong>lumen</strong></span> <span class='ocrx_word' id='word_1_124' title='bbox 1728 1703 1743 1729; x_wconf 95' lang='lat'><strong>,</strong></span> <span class='ocrx_word' id='word_1_125' title='bbox 1771 1663 1905 1718; x_wconf 84' lang='lat' dir='ltr'><strong>alie-</strong></span> 
     </span>
    </p>
   </div>
   <div class='ocr_carea' id='block_1_18' title="bbox 293 1757 1905 1830">
    <p class='ocr_par' dir='ltr' id='par_1_18' title="bbox 293 1757 1905 1830">
     <span class='ocr_line' id='line_1_18' title="bbox 293 1757 1905 1830; baseline -0.002 -14"><span class='ocrx_word' id='word_1_126' title='bbox 293 1776 428 1817; x_wconf 85' lang='lat' dir='ltr'><strong>num</strong></span> <span class='ocrx_word' id='word_1_127' title='bbox 455 1758 732 1830; x_wconf 89' lang='lat' dir='ltr'><strong>requiras;</strong></span> <span class='ocrx_word' id='word_1_128' title='bbox 765 1758 888 1829; x_wconf 88' lang='lat' dir='ltr'><strong>quia</strong></span> <span class='ocrx_word' id='word_1_129' title='bbox 931 1757 1209 1813; x_wconf 87' lang='lat' dir='ltr'><strong>materiale</strong></span> <span class='ocrx_word' id='word_1_130' title='bbox 1234 1757 1417 1813; x_wconf 91' lang='lat' dir='ltr'><strong>lumen</strong></span> <span class='ocrx_word' id='word_1_131' title='bbox 1445 1758 1792 1814; x_wconf 89' lang='lat' dir='ltr'><strong>tenebrosam</strong></span> <span class='ocrx_word' id='word_1_132' title='bbox 1823 1757 1905 1812; x_wconf 89' lang='lat' dir='ltr'><strong>in-</strong></span> 
     </span>
    </p>
   </div>
   <div class='ocr_carea' id='block_1_19' title="bbox 1997 532 3607 605">
    <p class='ocr_par' dir='ltr' id='par_1_19' title="bbox 1997 532 3607 605">
     <span class='ocr_line' id='line_1_19' title="bbox 1997 532 3607 605; baseline 0.001 -18"><span class='ocrx_word' id='word_1_133' title='bbox 1997 533 2124 587; x_wconf 92' lang='lat' dir='ltr'><strong>dum</strong></span> <span class='ocrx_word' id='word_1_134' title='bbox 2157 534 2370 605; x_wconf 90' lang='lat' dir='ltr'><strong>surgis;</strong></span> <span class='ocrx_word' id='word_1_135' title='bbox 2399 545 2454 588; x_wconf 92' lang='lat' dir='ltr'><strong>ut</strong></span> <span class='ocrx_word' id='word_1_136' title='bbox 2487 549 2553 589; x_wconf 83' lang='lat' dir='ltr'><strong>ex</strong></span> <span class='ocrx_word' id='word_1_137' title='bbox 2588 532 2881 590; x_wconf 89' lang='lat' dir='ltr'><strong>humilibus</strong></span> <span class='ocrx_word' id='word_1_138' title='bbox 2921 532 2988 588; x_wconf 87' lang='lat' dir='ltr'><strong>ad</strong></span> <span class='ocrx_word' id='word_1_139' title='bbox 3028 548 3259 604; x_wconf 89' lang='lat' dir='ltr'><strong>superna</strong></span> <span class='ocrx_word' id='word_1_140' title='bbox 3289 534 3607 599; x_wconf 84' lang='lat' dir='ltr'><strong>contendas,</strong></span> 
     </span>
    </p>
   </div>
   <div class='ocr_carea' id='block_1_20' title="bbox 1995 626 3604 701">
    <p class='ocr_par' dir='ltr' id='par_1_20' title="bbox 1995 626 3604 701">
     <span class='ocr_line' id='line_1_20' title="bbox 1995 626 3604 701; baseline 0.002 -18"><span class='ocrx_word' id='word_1_141' title='bbox 1995 637 2052 683; x_wconf 89' lang='lat' dir='ltr'><strong>et</strong></span> <span class='ocrx_word' id='word_1_142' title='bbox 2095 627 2317 684; x_wconf 87' lang='lat' dir='ltr'><strong>studeas</strong></span> <span class='ocrx_word' id='word_1_143' title='bbox 2369 629 2513 684; x_wconf 88' lang='lat' dir='ltr'><strong>fores</strong></span> <span class='ocrx_word' id='word_1_144' title='bbox 2563 628 2639 684; x_wconf 90' lang='lat' dir='ltr'><strong>tui</strong></span> <span class='ocrx_word' id='word_1_145' title='bbox 2688 628 2872 685; x_wconf 91' lang='lat' dir='ltr'><strong>cordis</strong></span> <span class='ocrx_word' id='word_1_146' title='bbox 2929 626 3164 700; x_wconf 86' lang='lat' dir='ltr'><strong>aperire.</strong></span> <span class='ocrx_word' id='word_1_147' title='bbox 3223 629 3355 684; x_wconf 91' lang='lat' dir='ltr'><strong>Dum</strong></span> <span class='ocrx_word' id='word_1_148' title='bbox 3393 627 3604 701; x_wconf 78' lang='lat'><strong>1593</strong></span> 
     </span>
    </p>
   </div>
   <div class='ocr_carea' id='block_1_21' title="bbox 1999 722 3611 796">
    <p class='ocr_par' dir='ltr' id='par_1_21' title="bbox 1999 722 3611 796">
     <span class='ocr_line' id='line_1_21' title="bbox 1999 722 3611 796; baseline 0.002 -20"><span class='ocrx_word' id='word_1_149' title='bbox 1999 737 2196 778; x_wconf 89' lang='lat' dir='ltr'><strong>manus</strong></span> <span class='ocrx_word' id='word_1_150' title='bbox 2242 730 2363 780; x_wconf 86' lang='lat' dir='ltr'><strong>tuas</strong></span> <span class='ocrx_word' id='word_1_151' title='bbox 2396 723 2572 780; x_wconf 88' lang='lat' dir='ltr'><strong>tendis</strong></span> <span class='ocrx_word' id='word_1_152' title='bbox 2610 723 2678 780; x_wconf 89' lang='lat' dir='ltr'><strong>ad</strong></span> <span class='ocrx_word' id='word_1_153' title='bbox 2710 722 3010 790; x_wconf 86' lang='lat' dir='ltr'><strong>Christum,</strong></span> <span class='ocrx_word' id='word_1_154' title='bbox 3041 722 3256 780; x_wconf 83' lang='lat' dir='ltr'><strong>fidelem</strong></span> <span class='ocrx_word' id='word_1_155' title='bbox 3313 733 3402 780; x_wconf 90' lang='lat' dir='ltr'><strong>tua</strong></span> <span class='ocrx_word' id='word_1_156' title='bbox 3459 733 3611 796; x_wconf 88' lang='lat' dir='ltr'><strong>gesta</strong></span> 
     </span>
    </p>
   </div>
   <div class='ocr_carea' id='block_1_22' title="bbox 2000 815 2556 886">
    <p class='ocr_par' dir='ltr' id='par_1_22' title="bbox 2000 815 2556 886">
     <span class='ocr_line' id='line_1_22' title="bbox 2000 815 2556 886; baseline 0.002 -17"><span class='ocrx_word' id='word_1_157' title='bbox 2000 815 2287 886; x_wconf 90' lang='lat' dir='ltr'><strong>spirabunt</strong></span> <span class='ocrx_word' id='word_1_158' title='bbox 2307 815 2556 872; x_wconf 87' lang='lat' dir='ltr'><strong>odorem.</strong></span> 
     </span>
    </p>
   </div>
   <div class='ocr_carea' id='block_1_23' title="bbox 2075 909 3605 984">
    <p class='ocr_par' dir='ltr' id='par_1_23' title="bbox 2075 909 3605 984">
     <span class='ocr_line' id='line_1_23' title="bbox 2075 909 3605 984; baseline 0.003 -21"><span class='ocrx_word' id='word_1_159' title='bbox 2075 909 2166 966; x_wconf 89' lang='grc'><strong>18.</strong></span> <span class='ocrx_word' id='word_1_160' title='bbox 2203 920 2224 949; x_wconf 76' lang='grc' dir='ltr'><em>ε</em></span> <span class='ocrx_word' id='word_1_161' title='bbox 2250 909 2412 982; x_wconf 80' lang='lat' dir='ltr'><strong>Aperi</strong></span> <span class='ocrx_word' id='word_1_162' title='bbox 2442 911 2589 979; x_wconf 82' lang='lat' dir='ltr'><strong>mihi,</strong></span> <span class='ocrx_word' id='word_1_163' title='bbox 2624 928 2773 967; x_wconf 90' lang='lat' dir='ltr'><strong>soror</strong></span> <span class='ocrx_word' id='word_1_164' title='bbox 2801 927 2932 966; x_wconf 75' lang='lat' dir='ltr'><strong>mea.</strong></span> <span class='ocrx_word' id='word_1_165' title='bbox 2957 909 3150 968; x_wconf 86' lang='lat' dir='ltr'><strong>Nonne</strong></span> <span class='ocrx_word' id='word_1_166' title='bbox 3196 925 3319 967; x_wconf 90' lang='lat' dir='ltr'><strong>cum</strong></span> <span class='ocrx_word' id='word_1_167' title='bbox 3365 910 3605 984; x_wconf 88' lang='lat' dir='ltr'><strong>aliquem</strong></span> 
     </span>
    </p>
   </div>
   <div class='ocr_carea' id='block_1_24' title="bbox 2000 1003 3605 1077">
    <p class='ocr_par' dir='ltr' id='par_1_24' title="bbox 2000 1003 3605 1077">
     <span class='ocr_line' id='line_1_24' title="bbox 2000 1003 3605 1077; baseline 0.003 -19"><span class='ocrx_word' id='word_1_168' title='bbox 2000 1003 2068 1059; x_wconf 86' lang='lat' dir='ltr'><strong>de</strong></span> <span class='ocrx_word' id='word_1_169' title='bbox 2093 1003 2366 1074; x_wconf 89' lang='lat' dir='ltr'><strong>primariis</strong></span> <span class='ocrx_word' id='word_1_170' title='bbox 2393 1005 2525 1060; x_wconf 89' lang='lat' dir='ltr'><strong>viris</strong></span> <span class='ocrx_word' id='word_1_171' title='bbox 2546 1005 2830 1062; x_wconf 87' lang='lat' dir='ltr'><strong>desideras</strong></span> <span class='ocrx_word' id='word_1_172' title='bbox 2851 1005 3169 1074; x_wconf 89' lang='lat' dir='ltr'><strong>convenire,</strong></span> <span class='ocrx_word' id='word_1_173' title='bbox 3193 1005 3368 1075; x_wconf 92' lang='lat' dir='ltr'><strong>primo</strong></span> <span class='ocrx_word' id='word_1_174' title='bbox 3394 1005 3460 1061; x_wconf 88' lang='lat' dir='ltr'><strong>ad</strong></span> <span class='ocrx_word' id='word_1_175' title='bbox 3485 1005 3605 1077; x_wconf 83' lang='lat' dir='ltr'><strong>ejus</strong></span> 
     </span>
    </p>
   </div>
   <div class='ocr_carea' id='block_1_25' title="bbox 1999 1095 3604 1170">
    <p class='ocr_par' dir='ltr' id='par_1_25' title="bbox 1999 1095 3604 1170">
     <span class='ocr_line' id='line_1_25' title="bbox 1999 1095 3604 1170; baseline 0.002 -18"><span class='ocrx_word' id='word_1_176' title='bbox 1999 1095 2218 1152; x_wconf 88' lang='lat' dir='ltr'><strong>domum</strong></span> <span class='ocrx_word' id='word_1_177' title='bbox 2269 1099 2672 1170; x_wconf 88' lang='lat' dir='ltr'><strong>appropinquas</strong></span> <span class='ocrx_word' id='word_1_178' title='bbox 2699 1115 2715 1153; x_wconf 90' lang='lat'><strong>:</strong></span> <span class='ocrx_word' id='word_1_179' title='bbox 2746 1109 2929 1169; x_wconf 88' lang='lat' dir='ltr'><strong>postea</strong></span> <span class='ocrx_word' id='word_1_180' title='bbox 2961 1099 3165 1170; x_wconf 68' lang='lat' dir='ltr'><strong>qureris</strong></span> <span class='ocrx_word' id='word_1_181' title='bbox 3206 1099 3486 1156; x_wconf 83' lang='lat' dir='ltr'><strong>informari</strong></span> <span class='ocrx_word' id='word_1_182' title='bbox 3519 1107 3604 1156; x_wconf 85' lang='lat' dir='ltr'><strong>at-</strong></span> 
     </span>
    </p>
   </div>
   <div class='ocr_carea' id='block_1_26' title="bbox 2001 1191 3607 1264">
    <p class='ocr_par' dir='ltr' id='par_1_26' title="bbox 2001 1191 3607 1264">
     <span class='ocr_line' id='line_1_26' title="bbox 2001 1191 3607 1264; baseline 0.003 -19"><span class='ocrx_word' id='word_1_183' title='bbox 2001 1205 2110 1262; x_wconf 89' lang='lat' dir='ltr'><strong>que</strong></span> <span class='ocrx_word' id='word_1_184' title='bbox 2140 1191 2366 1259; x_wconf 90' lang='lat' dir='ltr'><strong>instrui,</strong></span> <span class='ocrx_word' id='word_1_185' title='bbox 2398 1199 2457 1246; x_wconf 92' lang='lat' dir='ltr'><strong>ut</strong></span> <span class='ocrx_word' id='word_1_186' title='bbox 2480 1207 2781 1264; x_wconf 79' lang='lat' dir='ltr'><strong>cognoscas</strong></span> <span class='ocrx_word' id='word_1_187' title='bbox 2813 1201 3054 1249; x_wconf 91' lang='lat' dir='ltr'><strong>mentem</strong></span> <span class='ocrx_word' id='word_1_188' title='bbox 3106 1194 3274 1264; x_wconf 85' lang='lat' dir='ltr'><strong>patris</strong></span> <span class='ocrx_word' id='word_1_189' title='bbox 3322 1191 3558 1251; x_wconf 83' lang='lat' dir='ltr'><strong>familias</strong></span> <span class='ocrx_word' id='word_1_190' title='bbox 3591 1209 3607 1250; x_wconf 88' lang='lat'><strong>:</strong></span> 
     </span>
    </p>
   </div>
   <div class='ocr_carea' id='block_1_27' title="bbox 2001 1282 3610 1358">
    <p class='ocr_par' dir='ltr' id='par_1_27' title="bbox 2001 1282 3610 1358">
     <span class='ocr_line' id='line_1_27' title="bbox 2001 1282 3610 1358; baseline 0.002 -18"><span class='ocrx_word' id='word_1_191' title='bbox 2001 1282 2202 1340; x_wconf 89' lang='lat' dir='ltr'><strong>deinde</strong></span> <span class='ocrx_word' id='word_1_192' title='bbox 2248 1295 2306 1340; x_wconf 91' lang='lat' dir='ltr'><strong>ut</strong></span> <span class='ocrx_word' id='word_1_193' title='bbox 2353 1284 2471 1356; x_wconf 89' lang='lat' dir='ltr'><strong>ejus</strong></span> <span class='ocrx_word' id='word_1_194' title='bbox 2515 1285 2736 1341; x_wconf 90' lang='lat' dir='ltr'><strong>domum</strong></span> <span class='ocrx_word' id='word_1_195' title='bbox 2789 1286 3147 1357; x_wconf 86' lang='lat' dir='ltr'><strong>ingrediaris,</strong></span> <span class='ocrx_word' id='word_1_196' title='bbox 3202 1285 3494 1358; x_wconf 91' lang='lat' dir='ltr'><strong>imploras,</strong></span> <span class='ocrx_word' id='word_1_197' title='bbox 3539 1301 3610 1344; x_wconf 82' lang='lat' dir='ltr'><strong>ne</strong></span> 
     </span>
    </p>
   </div>
   <div class='ocr_carea' id='block_1_28' title="bbox 2003 1379 3607 1454">
    <p class='ocr_par' dir='ltr' id='par_1_28' title="bbox 2003 1379 3607 1454">
     <span class='ocr_line' id='line_1_28' title="bbox 2003 1379 3607 1454; baseline 0.004 -20"><span class='ocrx_word' id='word_1_198' title='bbox 2003 1379 2126 1450; x_wconf 90' lang='lat' dir='ltr'><strong>quis</strong></span> <span class='ocrx_word' id='word_1_199' title='bbox 2155 1388 2208 1436; x_wconf 91' lang='lat' dir='ltr'><strong>te</strong></span> <span class='ocrx_word' id='word_1_200' title='bbox 2239 1379 2459 1450; x_wconf 89' lang='lat' dir='ltr'><strong>abjiciat</strong></span> <span class='ocrx_word' id='word_1_201' title='bbox 2484 1391 2538 1438; x_wconf 92' lang='lat' dir='ltr'><strong>et</strong></span> <span class='ocrx_word' id='word_1_202' title='bbox 2566 1381 2844 1438; x_wconf 84' lang='lat' dir='ltr'><strong>excludat.</strong></span> <span class='ocrx_word' id='word_1_203' title='bbox 2874 1381 3030 1438; x_wconf 89' lang='lat' dir='ltr'><strong>Pulsa</strong></span> <span class='ocrx_word' id='word_1_204' title='bbox 3064 1397 3196 1454; x_wconf 86' lang='lat' dir='ltr'><strong>ergo</strong></span> <span class='ocrx_word' id='word_1_205' title='bbox 3227 1390 3284 1439; x_wconf 87' lang='lat' dir='ltr'><strong>et</strong></span> <span class='ocrx_word' id='word_1_206' title='bbox 3315 1392 3368 1438; x_wconf 92' lang='lat' dir='ltr'><strong>tu</strong></span> <span class='ocrx_word' id='word_1_207' title='bbox 3402 1382 3607 1453; x_wconf 83' lang='lat' dir='ltr'><strong>regiam</strong></span> 
     </span>
    </p>
   </div>
   <div class='ocr_carea' id='block_1_29' title="bbox 2003 1470 3610 1547">
    <p class='ocr_par' dir='ltr' id='par_1_29' title="bbox 2003 1470 3610 1547">
     <span class='ocr_line' id='line_1_29' title="bbox 2003 1470 3610 1547; baseline 0.003 -21"><span class='ocrx_word' id='word_1_208' title='bbox 2003 1470 2156 1526; x_wconf 87' lang='lat' dir='ltr'><strong>illam</strong></span> <span class='ocrx_word' id='word_1_209' title='bbox 2183 1471 2496 1540; x_wconf 77' lang='lat' dir='ltr'><strong>ctelestem,</strong></span> <span class='ocrx_word' id='word_1_210' title='bbox 2536 1473 2688 1544; x_wconf 88' lang='lat' dir='ltr'><strong>pulsa</strong></span> <span class='ocrx_word' id='word_1_211' title='bbox 2716 1489 2821 1529; x_wconf 92' lang='lat' dir='ltr'><strong>non</strong></span> <span class='ocrx_word' id='word_1_212' title='bbox 2853 1489 3016 1529; x_wconf 90' lang='lat' dir='ltr'><strong>manu</strong></span> <span class='ocrx_word' id='word_1_213' title='bbox 3047 1472 3330 1545; x_wconf 80' lang='lat' dir='ltr'><strong>corporis,</strong></span> <span class='ocrx_word' id='word_1_214' title='bbox 3352 1475 3448 1531; x_wconf 90' lang='lat' dir='ltr'><strong>sed</strong></span> <span class='ocrx_word' id='word_1_215' title='bbox 3472 1489 3610 1547; x_wconf 84' lang='lat' dir='ltr'><strong>qua-</strong></span> 
     </span>
    </p>
   </div>
   <div class='ocr_carea' id='block_1_30' title="bbox 2005 1562 3610 1640">
    <p class='ocr_par' dir='ltr' id='par_1_30' title="bbox 2005 1562 3610 1640">
     <span class='ocr_line' id='line_1_30' title="bbox 2005 1562 3610 1640; baseline 0.006 -22"><span class='ocrx_word' id='word_1_216' title='bbox 2005 1562 2132 1619; x_wconf 90' lang='lat' dir='ltr'><strong>dam</strong></span> <span class='ocrx_word' id='word_1_217' title='bbox 2155 1564 2420 1621; x_wconf 90' lang='lat' dir='ltr'><strong>orationis</strong></span> <span class='ocrx_word' id='word_1_218' title='bbox 2449 1573 2554 1622; x_wconf 71' lang='lat' dir='ltr'><strong>tute</strong></span> <span class='ocrx_word' id='word_1_219' title='bbox 2582 1566 2833 1624; x_wconf 83' lang='lat' dir='ltr'><strong>dextera.</strong></span> <span class='ocrx_word' id='word_1_220' title='bbox 2859 1567 2979 1624; x_wconf 88' lang='lat' dir='ltr'><strong>Non</strong></span> <span class='ocrx_word' id='word_1_221' title='bbox 3005 1568 3119 1625; x_wconf 86' lang='lat' dir='ltr'><strong>sola</strong></span> <span class='ocrx_word' id='word_1_222' title='bbox 3149 1585 3342 1625; x_wconf 87' lang='lat' dir='ltr'><strong>manus</strong></span> <span class='ocrx_word' id='word_1_223' title='bbox 3359 1570 3610 1640; x_wconf 90' lang='lat' dir='ltr'><strong>corporis</strong></span> 
     </span>
    </p>
   </div>
   <div class='ocr_carea' id='block_1_31' title="bbox 2008 1658 3615 1737">
    <p class='ocr_par' dir='ltr' id='par_1_31' title="bbox 2008 1658 3615 1737">
     <span class='ocr_line' id='line_1_31' title="bbox 2008 1658 3615 1737; baseline 0.007 -30"><span class='ocrx_word' id='word_1_224' title='bbox 2008 1658 2220 1728; x_wconf 86' lang='lat' dir='ltr'><strong>pulsat,</strong></span> <span class='ocrx_word' id='word_1_225' title='bbox 2249 1660 2425 1729; x_wconf 87' lang='lat' dir='ltr'><strong>pulsat</strong></span> <span class='ocrx_word' id='word_1_226' title='bbox 2449 1672 2503 1715; x_wconf 91' lang='lat' dir='ltr'><strong>et</strong></span> <span class='ocrx_word' id='word_1_227' title='bbox 2533 1675 2676 1727; x_wconf 84' lang='lat' dir='ltr'><strong>vox;</strong></span> <span class='ocrx_word' id='word_1_228' title='bbox 2710 1662 2972 1733; x_wconf 88' lang='lat' dir='ltr'><strong>scriptum</strong></span> <span class='ocrx_word' id='word_1_229' title='bbox 3003 1672 3087 1719; x_wconf 89' lang='lat' dir='ltr'><strong>est</strong></span> <span class='ocrx_word' id='word_1_230' title='bbox 3129 1663 3274 1719; x_wconf 89' lang='lat' dir='ltr'><strong>enim</strong></span> <span class='ocrx_word' id='word_1_231' title='bbox 3306 1679 3319 1716; x_wconf 94' lang='lat'><strong>:</strong></span> <span class='ocrx_word' id='word_1_232' title='bbox 3350 1663 3468 1718; x_wconf 71' lang='lat' dir='ltr'><strong>Vox</strong></span> <span class='ocrx_word' id='word_1_233' title='bbox 3503 1666 3615 1737; x_wconf 79' lang='lat' dir='ltr'><strong>fra-</strong></span> 
     </span>
    </p>
   </div>
   <div class='ocr_carea' id='block_1_32' title="bbox 2011 1752 3614 1830">
    <p class='ocr_par' dir='ltr' id='par_1_32' title="bbox 2011 1752 3614 1830">
     <span class='ocr_line' id='line_1_32' title="bbox 2011 1752 3614 1830; baseline 0.007 -26"><span class='ocrx_word' id='word_1_234' title='bbox 2011 1752 2104 1806; x_wconf 90' lang='lat' dir='ltr'><strong>tris</strong></span> <span class='ocrx_word' id='word_1_235' title='bbox 2133 1753 2232 1806; x_wconf 81' lang='lat' dir='ltr'><strong>mei</strong></span> <span class='ocrx_word' id='word_1_236' title='bbox 2265 1753 2438 1822; x_wconf 89' lang='lat' dir='ltr'><strong>pulsat</strong></span> <span class='ocrx_word' id='word_1_237' title='bbox 2467 1753 2537 1808; x_wconf 85' lang='lat' dir='ltr'><strong>ad</strong></span> <span class='ocrx_word' id='word_1_238' title='bbox 2577 1755 2824 1826; x_wconf 85' lang='lat' dir='ltr'><strong>januam.</strong></span> <span class='ocrx_word' id='word_1_239' title='bbox 2868 1755 3156 1814; x_wconf 89' lang='lat' dir='ltr'><strong>Pulsamus</strong></span> <span class='ocrx_word' id='word_1_240' title='bbox 3201 1767 3256 1813; x_wconf 89' lang='lat' dir='ltr'><strong>et</strong></span> <span class='ocrx_word' id='word_1_241' title='bbox 3285 1757 3472 1830; x_wconf 87' lang='lat' dir='ltr'><strong>digito.</strong></span> <span class='ocrx_word' id='word_1_242' title='bbox 3507 1759 3614 1816; x_wconf 83' lang='lat' dir='ltr'><strong>De-</strong></span> 
     </span>
    </p>
   </div>
   <div class='ocr_carea' id='block_1_33' title="bbox 294 1846 3615 1924">
    <p class='ocr_par' dir='ltr' id='par_1_33' title="bbox 294 1846 3615 1924">
     <span class='ocr_line' id='line_1_33' title="bbox 294 1846 3615 1924; baseline 0 -16"><span class='ocrx_word' id='word_1_243' title='bbox 294 1853 477 1909; x_wconf 88' lang='lat' dir='ltr'><strong>fundit</strong></span> <span class='ocrx_word' id='word_1_244' title='bbox 501 1851 810 1924; x_wconf 82' lang='lat' dir='ltr'><strong>caliginem,</strong></span> <span class='ocrx_word' id='word_1_245' title='bbox 839 1860 897 1906; x_wconf 91' lang='lat' dir='ltr'><strong>ut</strong></span> <span class='ocrx_word' id='word_1_246' title='bbox 924 1865 1034 1906; x_wconf 93' lang='lat' dir='ltr'><strong>non</strong></span> <span class='ocrx_word' id='word_1_247' title='bbox 1058 1850 1304 1905; x_wconf 88' lang='lat' dir='ltr'><strong>videatur</strong></span> <span class='ocrx_word' id='word_1_248' title='bbox 1325 1850 1509 1906; x_wconf 92' lang='lat' dir='ltr'><strong>lumen</strong></span> <span class='ocrx_word' id='word_1_249' title='bbox 1529 1865 1675 1906; x_wconf 87' lang='lat' dir='ltr'><strong>verae</strong></span> <span class='ocrx_word' id='word_1_250' title='bbox 1696 1850 1903 1922; x_wconf 66' lang='lat' dir='ltr'><strong>gloriae.</strong></span> <span class='ocrx_word' id='word_1_251' title='bbox 1934 1862 1983 1924; x_wconf 77' lang='grc' dir='ltr'><strong>Β</strong></span> <span class='ocrx_word' id='word_1_252' title='bbox 2013 1847 2175 1917; x_wconf 90' lang='lat' dir='ltr'><strong>nique</strong></span> <span class='ocrx_word' id='word_1_253' title='bbox 2196 1846 2505 1903; x_wconf 87' lang='lat' dir='ltr'><strong>et&#39;l‘homas</strong></span> <span class='ocrx_word' id='word_1_254' title='bbox 2529 1847 2700 1920; x_wconf 91' lang='lat' dir='ltr'><strong>digito</strong></span> <span class='ocrx_word' id='word_1_255' title='bbox 2729 1849 2924 1905; x_wconf 88' lang='lat' dir='ltr'><strong>meruit</strong></span> <span class='ocrx_word' id='word_1_256' title='bbox 2942 1849 3164 1920; x_wconf 88' lang='lat' dir='ltr'><strong>januam</strong></span> <span class='ocrx_word' id='word_1_257' title='bbox 3196 1851 3615 1908; x_wconf 86' lang='lat' dir='ltr'><strong>resurrectionis</strong></span> 
     </span>
    </p>
   </div>
   <div class='ocr_carea' id='block_1_34' title="bbox 294 1943 1908 2019">
    <p class='ocr_par' dir='ltr' id='par_1_34' title="bbox 294 1943 1908 2019">
     <span class='ocr_line' id='line_1_34' title="bbox 294 1943 1908 2019; baseline -0.002 -16"><span class='ocrx_word' id='word_1_258' title='bbox 294 1947 458 2017; x_wconf 82' lang='lat' dir='ltr'><strong>Aperi</strong></span> <span class='ocrx_word' id='word_1_259' title='bbox 483 1962 604 2019; x_wconf 82' lang='lat' dir='ltr'><strong>ergo</strong></span> <span class='ocrx_word' id='word_1_260' title='bbox 633 1945 910 2011; x_wconf 85' lang='lat' dir='ltr'><strong>milu,noli</strong></span> <span class='ocrx_word' id='word_1_261' title='bbox 938 1944 1226 2008; x_wconf 88' lang='lat' dir='ltr'><strong>coarctari,</strong></span> <span class='ocrx_word' id='word_1_262' title='bbox 1251 1943 1346 2000; x_wconf 90' lang='lat' dir='ltr'><strong>sed</strong></span> <span class='ocrx_word' id='word_1_263' title='bbox 1371 1943 1537 2000; x_wconf 86' lang='lat' dir='ltr'><strong>dilata</strong></span> <span class='ocrx_word' id='word_1_264' title='bbox 1570 1951 1715 2010; x_wconf 88' lang='lat' dir='ltr'><strong>te,et</strong></span> <span class='ocrx_word' id='word_1_265' title='bbox 1736 1943 1908 2000; x_wconf 82' lang='lat' dir='ltr'><strong>adim-</strong></span> 
     </span>
    </p>
   </div>
   <div class='ocr_carea' id='block_1_35' title="bbox 295 2036 1908 2112">
    <p class='ocr_par' dir='ltr' id='par_1_35' title="bbox 295 2036 1908 2112">
     <span class='ocr_line' id='line_1_35' title="bbox 295 2036 1908 2112; baseline -0.002 -16"><span class='ocrx_word' id='word_1_266' title='bbox 295 2039 463 2112; x_wconf 84' lang='lat' dir='ltr'><strong>plebo</strong></span> <span class='ocrx_word' id='word_1_267' title='bbox 490 2048 561 2094; x_wconf 90' lang='lat' dir='ltr'><strong>te.</strong></span> <span class='ocrx_word' id='word_1_268' title='bbox 591 2037 662 2093; x_wconf 88' lang='lat' dir='ltr'><strong>Et</strong></span> <span class='ocrx_word' id='word_1_269' title='bbox 689 2037 818 2109; x_wconf 84' lang='lat' dir='ltr'><strong>quia</strong></span> <span class='ocrx_word' id='word_1_270' title='bbox 840 2037 1071 2093; x_wconf 89' lang='lat' dir='ltr'><strong>decurso</strong></span> <span class='ocrx_word' id='word_1_271' title='bbox 1097 2037 1230 2092; x_wconf 90' lang='lat' dir='ltr'><strong>orbe</strong></span> <span class='ocrx_word' id='word_1_272' title='bbox 1259 2045 1525 2091; x_wconf 85' lang='lat' dir='ltr'><strong>terrarum</strong></span> <span class='ocrx_word' id='word_1_273' title='bbox 1547 2077 1561 2101; x_wconf 94' lang='lat'><strong>,</strong></span> <span class='ocrx_word' id='word_1_274' title='bbox 1586 2036 1708 2107; x_wconf 91' lang='lat' dir='ltr'><strong>plus</strong></span> <span class='ocrx_word' id='word_1_275' title='bbox 1735 2036 1908 2092; x_wconf 92' lang='lat' dir='ltr'><strong>mole-</strong></span> 
     </span>
    </p>
   </div>
   <div class='ocr_carea' id='block_1_36' title="bbox 296 2127 1910 2202">
    <p class='ocr_par' dir='ltr' id='par_1_36' title="bbox 296 2127 1910 2202">
     <span class='ocr_line' id='line_1_36' title="bbox 296 2127 1910 2202; baseline -0.002 -12"><span class='ocrx_word' id='word_1_276' title='bbox 296 2135 532 2190; x_wconf 82' lang='lat' dir='ltr'><strong>stiarum</strong></span> <span class='ocrx_word' id='word_1_277' title='bbox 555 2141 612 2188; x_wconf 91' lang='lat' dir='ltr'><strong>et</strong></span> <span class='ocrx_word' id='word_1_278' title='bbox 640 2129 965 2188; x_wconf 80' lang='lat' dir='ltr'><strong>ollensionis</strong></span> <span class='ocrx_word' id='word_1_279' title='bbox 996 2130 1198 2202; x_wconf 89' lang='lat' dir='ltr'><strong>reperi,</strong></span> <span class='ocrx_word' id='word_1_280' title='bbox 1223 2145 1324 2186; x_wconf 90' lang='lat' dir='ltr'><strong>nec</strong></span> <span class='ocrx_word' id='word_1_281' title='bbox 1345 2127 1505 2186; x_wconf 80' lang='lat' dir='ltr'><strong>facile</strong></span> <span class='ocrx_word' id='word_1_282' title='bbox 1532 2129 1696 2186; x_wconf 88' lang='lat' dir='ltr'><strong>habui</strong></span> <span class='ocrx_word' id='word_1_283' title='bbox 1718 2129 1806 2186; x_wconf 89' lang='lat' dir='ltr'><strong>ubi</strong></span> <span class='ocrx_word' id='word_1_284' title='bbox 1824 2147 1910 2186; x_wconf 89' lang='lat' dir='ltr'><strong>re-</strong></span> 
     </span>
    </p>
   </div>
   <div class='ocr_carea' id='block_1_37' title="bbox 297 2223 1913 2299">
    <p class='ocr_par' dir='ltr' id='par_1_37' title="bbox 297 2223 1913 2299">
     <span class='ocr_line' id='line_1_37' title="bbox 297 2223 1913 2299; baseline -0.002 -16"><span class='ocrx_word' id='word_1_285' title='bbox 297 2228 684 2299; x_wconf 86' lang='lat' dir='ltr'><strong>quiescerem;</strong></span> <span class='ocrx_word' id='word_1_286' title='bbox 716 2224 840 2281; x_wconf 91' lang='lat' dir='ltr'><strong>ideo</strong></span> <span class='ocrx_word' id='word_1_287' title='bbox 869 2234 924 2281; x_wconf 88' lang='lat' dir='ltr'><strong>tu</strong></span> <span class='ocrx_word' id='word_1_288' title='bbox 960 2225 1143 2296; x_wconf 87' lang='lat' dir='ltr'><strong>aperi,</strong></span> <span class='ocrx_word' id='word_1_289' title='bbox 1190 2233 1249 2279; x_wconf 92' lang='lat' dir='ltr'><strong>ut</strong></span> <span class='ocrx_word' id='word_1_290' title='bbox 1290 2223 1343 2279; x_wconf 92' lang='lat' dir='ltr'><strong>in</strong></span> <span class='ocrx_word' id='word_1_291' title='bbox 1392 2233 1446 2279; x_wconf 91' lang='lat' dir='ltr'><strong>te</strong></span> <span class='ocrx_word' id='word_1_292' title='bbox 1493 2223 1636 2279; x_wconf 84' lang='lat' dir='ltr'><strong>filius</strong></span> <span class='ocrx_word' id='word_1_293' title='bbox 1679 2223 1913 2280; x_wconf 91' lang='lat' dir='ltr'><strong>hominis</strong></span> 
     </span>
    </p>
   </div>
   <div class='ocr_carea' id='block_1_38' title="bbox 299 2315 1912 2391">
    <p class='ocr_par' dir='ltr' id='par_1_38' title="bbox 299 2315 1912 2391">
     <span class='ocr_line' id='line_1_38' title="bbox 299 2315 1912 2391; baseline -0.003 -13"><span class='ocrx_word' id='word_1_294' title='bbox 299 2321 535 2378; x_wconf 87' lang='lat' dir='ltr'><strong>reclinet</strong></span> <span class='ocrx_word' id='word_1_295' title='bbox 561 2327 756 2391; x_wconf 87' lang='lat' dir='ltr'><strong>caput,</strong></span> <span class='ocrx_word' id='word_1_296' title='bbox 784 2319 868 2375; x_wconf 91' lang='lat' dir='ltr'><strong>cui</strong></span> <span class='ocrx_word' id='word_1_297' title='bbox 900 2334 1006 2375; x_wconf 91' lang='lat' dir='ltr'><strong>non</strong></span> <span class='ocrx_word' id='word_1_298' title='bbox 1046 2325 1130 2374; x_wconf 90' lang='lat' dir='ltr'><strong>est</strong></span> <span class='ocrx_word' id='word_1_299' title='bbox 1159 2316 1376 2388; x_wconf 87' lang='lat' dir='ltr'><strong>requies</strong></span> <span class='ocrx_word' id='word_1_300' title='bbox 1403 2315 1511 2373; x_wconf 92' lang='lat' dir='ltr'><strong>nisi</strong></span> <span class='ocrx_word' id='word_1_301' title='bbox 1541 2331 1705 2389; x_wconf 89' lang='lat' dir='ltr'><strong>super</strong></span> <span class='ocrx_word' id='word_1_302' title='bbox 1732 2317 1912 2374; x_wconf 84' lang='lat' dir='ltr'><strong>humi-</strong></span> 
     </span>
    </p>
   </div>
   <div class='ocr_carea' id='block_1_39' title="bbox 301 2416 879 2474">
    <p class='ocr_par' dir='ltr' id='par_1_39' title="bbox 301 2416 879 2474">
     <span class='ocr_line' id='line_1_39' title="bbox 301 2416 879 2474; baseline -0.007 -1"><span class='ocrx_word' id='word_1_303' title='bbox 301 2416 417 2474; x_wconf 86' lang='lat' dir='ltr'><strong>lem</strong></span> <span class='ocrx_word' id='word_1_304' title='bbox 439 2425 494 2472; x_wconf 92' lang='lat' dir='ltr'><strong>et</strong></span> <span class='ocrx_word' id='word_1_305' title='bbox 515 2423 879 2471; x_wconf 89' lang='lat' dir='ltr'><strong>mansuetum.</strong></span> 
     </span>
    </p>
   </div>
   <div class='ocr_carea' id='block_1_40' title="bbox 388 2511 1914 2584">
    <p class='ocr_par' dir='ltr' id='par_1_40' title="bbox 388 2511 1914 2584">
     <span class='ocr_line' id='line_1_40' title="bbox 388 2511 1914 2584; baseline -0.004 -15"><span class='ocrx_word' id='word_1_306' title='bbox 388 2513 476 2569; x_wconf 76' lang='grc'><strong>15.</strong></span> <span class='ocrx_word' id='word_1_307' title='bbox 502 2511 532 2552; x_wconf 73' lang='grc' dir='ltr'><strong>ι)</strong></span> <span class='ocrx_word' id='word_1_308' title='bbox 567 2513 722 2584; x_wconf 88' lang='lat' dir='ltr'><strong>Aperi</strong></span> <span class='ocrx_word' id='word_1_309' title='bbox 767 2512 915 2576; x_wconf 83' lang='lat' dir='ltr'><strong>mihi,</strong></span> <span class='ocrx_word' id='word_1_310' title='bbox 961 2528 1107 2567; x_wconf 86' lang='lat' dir='ltr'><strong>soror</strong></span> <span class='ocrx_word' id='word_1_311' title='bbox 1131 2527 1267 2579; x_wconf 89' lang='lat' dir='ltr'><strong>mea,</strong></span> <span class='ocrx_word' id='word_1_312' title='bbox 1297 2528 1468 2584; x_wconf 86' lang='lat' dir='ltr'><strong>surge,</strong></span> <span class='ocrx_word' id='word_1_313' title='bbox 1496 2511 1733 2576; x_wconf 75' lang='lat' dir='ltr'><strong>proxima</strong></span> <span class='ocrx_word' id='word_1_314' title='bbox 1762 2526 1874 2564; x_wconf 87' lang='lat' dir='ltr'><strong>mea</strong></span> <span class='ocrx_word' id='word_1_315' title='bbox 1900 2550 1914 2577; x_wconf 94' lang='lat'><strong>,</strong></span> 
     </span>
    </p>
   </div>
   <div class='ocr_carea' id='block_1_41' title="bbox 306 2605 1920 2678">
    <p class='ocr_par' dir='ltr' id='par_1_41' title="bbox 306 2605 1920 2678">
     <span class='ocr_line' id='line_1_41' title="bbox 306 2605 1920 2678; baseline -0.003 -15"><span class='ocrx_word' id='word_1_316' title='bbox 306 2607 551 2664; x_wconf 86' lang='lat' dir='ltr'><strong>columba</strong></span> <span class='ocrx_word' id='word_1_317' title='bbox 582 2623 693 2661; x_wconf 89' lang='lat' dir='ltr'><strong>mea</strong></span> <span class='ocrx_word' id='word_1_318' title='bbox 718 2649 733 2673; x_wconf 93' lang='lat'><strong>,</strong></span> <span class='ocrx_word' id='word_1_319' title='bbox 765 2609 990 2678; x_wconf 76' lang='lat' dir='ltr'><strong>perfecta</strong></span> <span class='ocrx_word' id='word_1_320' title='bbox 1027 2622 1162 2662; x_wconf 87' lang='lat' dir='ltr'><strong>mea.</strong></span> <span class='ocrx_word' id='word_1_321' title='bbox 1193 2605 1473 2661; x_wconf 84' lang='lat' dir='ltr'><strong>Charitate</strong></span> <span class='ocrx_word' id='word_1_322' title='bbox 1512 2605 1758 2676; x_wconf 85' lang='lat' dir='ltr'><strong>proxima</strong></span> <span class='ocrx_word' id='word_1_323' title='bbox 1781 2646 1794 2668; x_wconf 94' lang='lat'><strong>,</strong></span> <span class='ocrx_word' id='word_1_324' title='bbox 1827 2619 1920 2659; x_wconf 88' lang='lat' dir='ltr'><strong>co—</strong></span> 
     </span>
    </p>
   </div>
   <div class='ocr_carea' id='block_1_42' title="bbox 307 2696 1920 2770">
    <p class='ocr_par' dir='ltr' id='par_1_42' title="bbox 307 2696 1920 2770">
     <span class='ocr_line' id='line_1_42' title="bbox 307 2696 1920 2770; baseline -0.005 -13"><span class='ocrx_word' id='word_1_325' title='bbox 307 2699 499 2757; x_wconf 79' lang='lat' dir='ltr'><strong>lumba</strong></span> <span class='ocrx_word' id='word_1_326' title='bbox 555 2697 943 2770; x_wconf 89' lang='lat' dir='ltr'><strong>simplicitate,</strong></span> <span class='ocrx_word' id='word_1_327' title='bbox 995 2699 1195 2753; x_wconf 87' lang='lat' dir='ltr'><strong>virtute</strong></span> <span class='ocrx_word' id='word_1_328' title='bbox 1260 2696 1520 2768; x_wconf 87' lang='lat' dir='ltr'><strong>perfecta.</strong></span> <span class='ocrx_word' id='word_1_329' title='bbox 1577 2697 1714 2764; x_wconf 85' lang='lat' dir='ltr'><strong>Quia</strong></span> <span class='ocrx_word' id='word_1_330' title='bbox 1765 2704 1920 2767; x_wconf 87' lang='lat' dir='ltr'><strong>caput</strong></span> 
     </span>
    </p>
   </div>
   <div class='ocr_carea' id='block_1_43' title="bbox 310 2790 1922 2866">
    <p class='ocr_par' dir='ltr' id='par_1_43' title="bbox 310 2790 1922 2866">
     <span class='ocr_line' id='line_1_43' title="bbox 310 2790 1922 2866; baseline -0.001 -19"><span class='ocrx_word' id='word_1_331' title='bbox 310 2809 487 2847; x_wconf 85' lang='lat' dir='ltr'><strong>meum</strong></span> <span class='ocrx_word' id='word_1_332' title='bbox 514 2793 723 2866; x_wconf 85' lang='lat' dir='ltr'><strong>plenum</strong></span> <span class='ocrx_word' id='word_1_333' title='bbox 749 2801 822 2847; x_wconf 87' lang='lat' dir='ltr'><strong>est</strong></span> <span class='ocrx_word' id='word_1_334' title='bbox 849 2807 1000 2857; x_wconf 87' lang='lat' dir='ltr'><strong>rore;</strong></span> <span class='ocrx_word' id='word_1_335' title='bbox 1030 2790 1173 2847; x_wconf 91' lang='lat' dir='ltr'><strong>sicut</strong></span> <span class='ocrx_word' id='word_1_336' title='bbox 1193 2792 1338 2846; x_wconf 89' lang='lat' dir='ltr'><strong>enim</strong></span> <span class='ocrx_word' id='word_1_337' title='bbox 1365 2806 1456 2846; x_wconf 89' lang='lat' dir='ltr'><strong>ros</strong></span> <span class='ocrx_word' id='word_1_338' title='bbox 1479 2790 1603 2847; x_wconf 72' lang='lat' dir='ltr'><strong>cmli</strong></span> <span class='ocrx_word' id='word_1_339' title='bbox 1627 2800 1922 2846; x_wconf 88' lang='lat' dir='ltr'><strong>nocturnas</strong></span> 
     </span>
    </p>
   </div>
   <div class='ocr_carea' id='block_1_44' title="bbox 311 2881 1923 2954">
    <p class='ocr_par' dir='ltr' id='par_1_44' title="bbox 311 2881 1923 2954">
     <span class='ocr_line' id='line_1_44' title="bbox 311 2881 1923 2954; baseline -0.004 -10"><span class='ocrx_word' id='word_1_340' title='bbox 311 2895 538 2944; x_wconf 83' lang='lat' dir='ltr'><strong>amovet</strong></span> <span class='ocrx_word' id='word_1_341' title='bbox 564 2887 862 2954; x_wconf 88' lang='lat' dir='ltr'><strong>siccitates,</strong></span> <span class='ocrx_word' id='word_1_342' title='bbox 889 2885 959 2940; x_wconf 90' lang='lat' dir='ltr'><strong>ita</strong></span> <span class='ocrx_word' id='word_1_343' title='bbox 989 2901 1080 2942; x_wconf 89' lang='lat' dir='ltr'><strong>ros</strong></span> <span class='ocrx_word' id='word_1_344' title='bbox 1110 2885 1322 2942; x_wconf 89' lang='lat' dir='ltr'><strong>Domini</strong></span> <span class='ocrx_word' id='word_1_345' title='bbox 1363 2884 1535 2940; x_wconf 89' lang='lat' dir='ltr'><strong>nostri</strong></span> <span class='ocrx_word' id='word_1_346' title='bbox 1563 2883 1692 2940; x_wconf 85' lang='lat' dir='ltr'><strong>Jesu</strong></span> <span class='ocrx_word' id='word_1_347' title='bbox 1720 2881 1923 2939; x_wconf 88' lang='lat' dir='ltr'><strong>Christi</strong></span> 
     </span>
    </p>
   </div>
   <div class='ocr_carea' id='block_1_45' title="bbox 314 2975 1925 3038">
    <p class='ocr_par' dir='ltr' id='par_1_45' title="bbox 314 2975 1925 3038">
     <span class='ocr_line' id='line_1_45' title="bbox 314 2975 1925 3038; baseline -0.006 0"><span class='ocrx_word' id='word_1_348' title='bbox 314 2981 600 3038; x_wconf 88' lang='lat' dir='ltr'><strong>nocturnis</strong></span> <span class='ocrx_word' id='word_1_349' title='bbox 631 2987 686 3036; x_wconf 89' lang='lat' dir='ltr'><strong>et</strong></span> <span class='ocrx_word' id='word_1_350' title='bbox 705 2979 1062 3036; x_wconf 71' lang='lat' dir='ltr'><strong>smcularibus</strong></span> <span class='ocrx_word' id='word_1_351' title='bbox 1092 2978 1330 3034; x_wconf 89' lang='lat' dir='ltr'><strong>tenebris</strong></span> <span class='ocrx_word' id='word_1_352' title='bbox 1358 2987 1577 3032; x_wconf 71' lang='lat' dir='ltr'><strong>aeterna:</strong></span> <span class='ocrx_word' id='word_1_353' title='bbox 1605 2977 1730 3032; x_wconf 72' lang='lat' dir='ltr'><strong>vita:</strong></span> <span class='ocrx_word' id='word_1_354' title='bbox 1752 2975 1925 3031; x_wconf 87' lang='lat' dir='ltr'><strong>stilla-</strong></span> 
     </span>
    </p>
   </div>
   <div class='ocr_carea' id='block_1_46' title="bbox 313 3072 1927 3146">
    <p class='ocr_par' dir='ltr' id='par_1_46' title="bbox 313 3072 1927 3146">
     <span class='ocr_line' id='line_1_46' title="bbox 313 3072 1927 3146; baseline -0.005 -12"><span class='ocrx_word' id='word_1_355' title='bbox 313 3079 398 3134; x_wconf 87' lang='lat' dir='ltr'><strong>vit</strong></span> <span class='ocrx_word' id='word_1_356' title='bbox 425 3077 728 3134; x_wconf 90' lang='lat' dir='ltr'><strong>humorem.</strong></span> <span class='ocrx_word' id='word_1_357' title='bbox 759 3075 872 3132; x_wconf 87' lang='lat' dir='ltr'><strong>Hoc</strong></span> <span class='ocrx_word' id='word_1_358' title='bbox 899 3085 979 3131; x_wconf 88' lang='lat' dir='ltr'><strong>est</strong></span> <span class='ocrx_word' id='word_1_359' title='bbox 1015 3083 1176 3145; x_wconf 90' lang='lat' dir='ltr'><strong>caput</strong></span> <span class='ocrx_word' id='word_1_360' title='bbox 1199 3072 1342 3146; x_wconf 90' lang='lat' dir='ltr'><strong>quod</strong></span> <span class='ocrx_word' id='word_1_361' title='bbox 1371 3081 1507 3129; x_wconf 72' lang='lat' dir='ltr'><strong>testu</strong></span> <span class='ocrx_word' id='word_1_362' title='bbox 1538 3072 1720 3128; x_wconf 86' lang='lat' dir='ltr'><strong>mundi</strong></span> <span class='ocrx_word' id='word_1_363' title='bbox 1751 3072 1927 3128; x_wconf 87' lang='lat' dir='ltr'><strong>nesci-</strong></span> 
     </span>
    </p>
   </div>
   <div class='ocr_carea' id='block_1_47' title="bbox 314 3165 1924 3239">
    <p class='ocr_par' dir='ltr' id='par_1_47' title="bbox 314 3165 1924 3239">
     <span class='ocr_line' id='line_1_47' title="bbox 314 3165 1924 3239; baseline -0.007 -9"><span class='ocrx_word' id='word_1_364' title='bbox 314 3174 400 3230; x_wconf 85' lang='lat' dir='ltr'><strong>vit</strong></span> <span class='ocrx_word' id='word_1_365' title='bbox 426 3187 698 3238; x_wconf 84' lang='lat' dir='ltr'><strong>arescere,</strong></span> <span class='ocrx_word' id='word_1_366' title='bbox 731 3170 873 3227; x_wconf 91' lang='lat' dir='ltr'><strong>unde</strong></span> <span class='ocrx_word' id='word_1_367' title='bbox 893 3169 1000 3226; x_wconf 91' lang='lat' dir='ltr'><strong>ait:</strong></span> <span class='ocrx_word' id='word_1_368' title='bbox 1023 3170 1158 3238; x_wconf 82' lang='lat' dir='ltr'><strong>Quia</strong></span> <span class='ocrx_word' id='word_1_369' title='bbox 1179 3169 1223 3224; x_wconf 85' lang='lat' dir='ltr'><strong>si</strong></span> <span class='ocrx_word' id='word_1_370' title='bbox 1253 3170 1306 3223; x_wconf 85' lang='lat' dir='ltr'><strong>in</strong></span> <span class='ocrx_word' id='word_1_371' title='bbox 1329 3168 1541 3223; x_wconf 82' lang='lat' dir='ltr'><strong>humido</strong></span> <span class='ocrx_word' id='word_1_372' title='bbox 1567 3165 1676 3223; x_wconf 74' lang='lat' dir='ltr'><strong>hwc</strong></span> <span class='ocrx_word' id='word_1_373' title='bbox 1704 3166 1924 3239; x_wconf 82' lang='lat' dir='ltr'><strong>faciunt,</strong></span> 
     </span>
    </p>
   </div>
   <div class='ocr_carea' id='block_1_48' title="bbox 2011 1940 3614 2016">
    <p class='ocr_par' dir='ltr' id='par_1_48' title="bbox 2011 1940 3614 2016">
     <span class='ocr_line' id='line_1_48' title="bbox 2011 1940 3614 2016; baseline 0.003 -22"><span class='ocrx_word' id='word_1_374' title='bbox 2011 1940 2226 2009; x_wconf 86' lang='lat' dir='ltr'><strong>aperire</strong></span> <span class='ocrx_word' id='word_1_375' title='bbox 2253 1957 2266 1994; x_wconf 86' lang='lat'><strong><em>:</em></strong></span> <span class='ocrx_word' id='word_1_376' title='bbox 2293 1949 2347 1995; x_wconf 90' lang='lat' dir='ltr'><strong>et</strong></span> <span class='ocrx_word' id='word_1_377' title='bbox 2373 1941 2468 1996; x_wconf 90' lang='lat' dir='ltr'><strong>tibi</strong></span> <span class='ocrx_word' id='word_1_378' title='bbox 2500 1940 2635 1997; x_wconf 90' lang='lat' dir='ltr'><strong>dicit</strong></span> <span class='ocrx_word' id='word_1_379' title='bbox 2661 1941 2822 1998; x_wconf 81' lang='lat' dir='ltr'><strong>Jesus</strong></span> <span class='ocrx_word' id='word_1_380' title='bbox 2847 1960 2860 1995; x_wconf 90' lang='lat'><strong>:</strong></span> <span class='ocrx_word' id='word_1_381' title='bbox 2886 1940 3039 2014; x_wconf 82' lang='lat' dir='ltr'><strong>Infer</strong></span> <span class='ocrx_word' id='word_1_382' title='bbox 3065 1943 3287 2016; x_wconf 84' lang='lat' dir='ltr'><strong>digitum</strong></span> <span class='ocrx_word' id='word_1_383' title='bbox 3319 1953 3465 1999; x_wconf 87' lang='lat' dir='ltr'><strong>tuum</strong></span> <span class='ocrx_word' id='word_1_384' title='bbox 3489 1946 3614 2014; x_wconf 80' lang='lat' dir='ltr'><strong>huc,</strong></span> 
     </span>
    </p>
   </div>
   <div class='ocr_carea' id='block_1_49' title="bbox 2011 2033 3619 2106">
    <p class='ocr_par' dir='ltr' id='par_1_49' title="bbox 2011 2033 3619 2106">
     <span class='ocr_line' id='line_1_49' title="bbox 2011 2033 3619 2106; baseline 0.005 -20"><span class='ocrx_word' id='word_1_385' title='bbox 2011 2041 2061 2086; x_wconf 91' lang='lat' dir='ltr'><strong>et</strong></span> <span class='ocrx_word' id='word_1_386' title='bbox 2091 2033 2234 2088; x_wconf 86' lang='lat' dir='ltr'><strong>mitte</strong></span> <span class='ocrx_word' id='word_1_387' title='bbox 2261 2034 2315 2088; x_wconf 84' lang='lat' dir='ltr'><strong>in</strong></span> <span class='ocrx_word' id='word_1_388' title='bbox 2347 2051 2530 2089; x_wconf 85' lang='lat' dir='ltr'><strong>manus</strong></span> <span class='ocrx_word' id='word_1_389' title='bbox 2553 2051 2692 2090; x_wconf 86' lang='lat' dir='ltr'><strong>meas</strong></span> <span class='ocrx_word' id='word_1_390' title='bbox 2717 2046 2765 2091; x_wconf 90' lang='lat' dir='ltr'><strong>et</strong></span> <span class='ocrx_word' id='word_1_391' title='bbox 2793 2037 2930 2092; x_wconf 90' lang='lat' dir='ltr'><strong>latus</strong></span> <span class='ocrx_word' id='word_1_392' title='bbox 2955 2053 3155 2106; x_wconf 85' lang='lat' dir='ltr'><strong>meum,</strong></span> <span class='ocrx_word' id='word_1_393' title='bbox 3187 2049 3234 2093; x_wconf 90' lang='lat' dir='ltr'><strong>et</strong></span> <span class='ocrx_word' id='word_1_394' title='bbox 3266 2039 3372 2093; x_wconf 85' lang='lat' dir='ltr'><strong>noli</strong></span> <span class='ocrx_word' id='word_1_395' title='bbox 3405 2056 3513 2096; x_wconf 86' lang='lat' dir='ltr'><strong>esse</strong></span> <span class='ocrx_word' id='word_1_396' title='bbox 3533 2039 3619 2094; x_wconf 86' lang='lat' dir='ltr'><strong>in-</strong></span> 
     </span>
    </p>
   </div>
   <div class='ocr_carea' id='block_1_50' title="bbox 2012 2128 3616 2207">
    <p class='ocr_par' dir='ltr' id='par_1_50' title="bbox 2012 2128 3616 2207">
     <span class='ocr_line' id='line_1_50' title="bbox 2012 2128 3616 2207; baseline 0.006 -25"><span class='ocrx_word' id='word_1_397' title='bbox 2012 2128 2276 2195; x_wconf 86' lang='lat' dir='ltr'><strong>credulus,</strong></span> <span class='ocrx_word' id='word_1_398' title='bbox 2302 2131 2392 2184; x_wconf 85' lang='lat' dir='ltr'><strong>sed</strong></span> <span class='ocrx_word' id='word_1_399' title='bbox 2413 2129 2584 2201; x_wconf 78' lang='lat' dir='ltr'><strong>ﬁdelis</strong></span> <span class='ocrx_word' id='word_1_400' title='bbox 2609 2130 2795 2204; x_wconf 82' lang='lat' dir='ltr'><strong>(Joan.</strong></span> <span class='ocrx_word' id='word_1_401' title='bbox 2823 2148 2914 2199; x_wconf 87' lang='lat' dir='ltr'><strong>xx,</strong></span> <span class='ocrx_word' id='word_1_402' title='bbox 2940 2133 3058 2204; x_wconf 72' lang='lat'><strong>27).</strong></span> <span class='ocrx_word' id='word_1_403' title='bbox 3085 2133 3246 2189; x_wconf 87' lang='lat' dir='ltr'><strong>Pulsa</strong></span> <span class='ocrx_word' id='word_1_404' title='bbox 3270 2149 3400 2206; x_wconf 91' lang='lat' dir='ltr'><strong>ergo</strong></span> <span class='ocrx_word' id='word_1_405' title='bbox 3421 2134 3616 2207; x_wconf 88' lang='lat' dir='ltr'><strong>digito,</strong></span> 
     </span>
    </p>
   </div>
   <div class='ocr_carea' id='block_1_51' title="bbox 2014 2224 3621 2298">
    <p class='ocr_par' dir='ltr' id='par_1_51' title="bbox 2014 2224 3621 2298">
     <span class='ocr_line' id='line_1_51' title="bbox 2014 2224 3621 2298; baseline 0.007 -22"><span class='ocrx_word' id='word_1_406' title='bbox 2014 2224 2058 2277; x_wconf 89' lang='lat' dir='ltr'><strong>si</strong></span> <span class='ocrx_word' id='word_1_407' title='bbox 2094 2239 2201 2278; x_wconf 92' lang='lat' dir='ltr'><strong>non</strong></span> <span class='ocrx_word' id='word_1_408' title='bbox 2235 2235 2390 2295; x_wconf 88' lang='lat' dir='ltr'><strong>potes</strong></span> <span class='ocrx_word' id='word_1_409' title='bbox 2421 2233 2528 2280; x_wconf 87' lang='lat' dir='ltr'><strong>tota</strong></span> <span class='ocrx_word' id='word_1_410' title='bbox 2563 2241 2756 2292; x_wconf 84' lang='lat' dir='ltr'><strong>manu,</strong></span> <span class='ocrx_word' id='word_1_411' title='bbox 2792 2227 2947 2297; x_wconf 86' lang='lat' dir='ltr'><strong>pulsa</strong></span> <span class='ocrx_word' id='word_1_412' title='bbox 2975 2226 3222 2298; x_wconf 87' lang='lat' dir='ltr'><strong>januam.</strong></span> <span class='ocrx_word' id='word_1_413' title='bbox 3255 2228 3506 2286; x_wconf 89' lang='lat' dir='ltr'><strong>Christus</strong></span> <span class='ocrx_word' id='word_1_414' title='bbox 3534 2237 3621 2287; x_wconf 87' lang='lat' dir='ltr'><strong>est</strong></span> 
     </span>
    </p>
   </div>
   <div class='ocr_carea' id='block_1_52' title="bbox 2012 2316 3620 2392">
    <p class='ocr_par' dir='ltr' id='par_1_52' title="bbox 2012 2316 3620 2392">
     <span class='ocr_line' id='line_1_52' title="bbox 2012 2316 3620 2392; baseline 0.006 -22"><span class='ocrx_word' id='word_1_415' title='bbox 2012 2316 2178 2388; x_wconf 88' lang='lat' dir='ltr'><strong>janua</strong></span> <span class='ocrx_word' id='word_1_416' title='bbox 2209 2319 2300 2390; x_wconf 86' lang='lat' dir='ltr'><strong>qui</strong></span> <span class='ocrx_word' id='word_1_417' title='bbox 2348 2321 2466 2376; x_wconf 87' lang='lat' dir='ltr'><strong>ait:</strong></span> <span class='ocrx_word' id='word_1_418' title='bbox 2503 2318 2610 2375; x_wconf 85' lang='lat' dir='ltr'><strong>Per</strong></span> <span class='ocrx_word' id='word_1_419' title='bbox 2642 2337 2720 2376; x_wconf 86' lang='lat' dir='ltr'><strong>me</strong></span> <span class='ocrx_word' id='word_1_420' title='bbox 2767 2320 2813 2375; x_wconf 95' lang='lat' dir='ltr'><strong>si</strong></span> <span class='ocrx_word' id='word_1_421' title='bbox 2854 2322 2972 2392; x_wconf 84' lang='lat' dir='ltr'><strong>quis</strong></span> <span class='ocrx_word' id='word_1_422' title='bbox 3011 2322 3292 2392; x_wconf 82' lang='lat' dir='ltr'><strong>introierit,</strong></span> <span class='ocrx_word' id='word_1_423' title='bbox 3337 2323 3620 2380; x_wconf 82' lang='lat' dir='ltr'><strong>salvabitur</strong></span> 
     </span>
    </p>
   </div>
   <div class='ocr_carea' id='block_1_53' title="bbox 2017 2409 2392 2486">
    <p class='ocr_par' dir='ltr' id='par_1_53' title="bbox 2017 2409 2392 2486">
     <span class='ocr_line' id='line_1_53' title="bbox 2017 2409 2392 2486; baseline 0.013 -22"><span class='ocrx_word' id='word_1_424' title='bbox 2017 2409 2202 2483; x_wconf 83' lang='lat' dir='ltr'><strong>(Joan.</strong></span> <span class='ocrx_word' id='word_1_425' title='bbox 2234 2428 2288 2479; x_wconf 83' lang='lat' dir='ltr'><strong>x,</strong></span> <span class='ocrx_word' id='word_1_426' title='bbox 2313 2410 2392 2486; x_wconf 91' lang='lat'><strong>9).</strong></span> 
     </span>
    </p>
   </div>
   <div class='ocr_carea' id='block_1_54' title="bbox 2093 2503 3624 2582">
    <p class='ocr_par' dir='ltr' id='par_1_54' title="bbox 2093 2503 3624 2582">
     <span class='ocr_line' id='line_1_54' title="bbox 2093 2503 3624 2582; baseline 0.005 -24"><span class='ocrx_word' id='word_1_427' title='bbox 2093 2504 2181 2560; x_wconf 83' lang='lat' dir='ltr'><strong>l9.</strong></span> <span class='ocrx_word' id='word_1_428' title='bbox 2211 2503 2348 2560; x_wconf 92' lang='lat' dir='ltr'><strong>Cum</strong></span> <span class='ocrx_word' id='word_1_429' title='bbox 2380 2505 2521 2562; x_wconf 90' lang='lat' dir='ltr'><strong>hanc</strong></span> <span class='ocrx_word' id='word_1_430' title='bbox 2547 2505 2951 2578; x_wconf 88' lang='lat' dir='ltr'><strong>igiturjanuam</strong></span> <span class='ocrx_word' id='word_1_431' title='bbox 2981 2507 3318 2581; x_wconf 81' lang='lat' dir='ltr'><strong>pulsaveris,</strong></span> <span class='ocrx_word' id='word_1_432' title='bbox 3337 2509 3459 2566; x_wconf 89' lang='lat' dir='ltr'><strong>vide</strong></span> <span class='ocrx_word' id='word_1_433' title='bbox 3487 2524 3624 2582; x_wconf 49' lang='lat' dir='ltr'><strong>quo.</strong></span> 
     </span>
    </p>
   </div>
   <div class='ocr_carea' id='block_1_55' title="bbox 2020 2597 3623 2674">
    <p class='ocr_par' dir='ltr' id='par_1_55' title="bbox 2020 2597 3623 2674">
     <span class='ocr_line' id='line_1_55' title="bbox 2020 2597 3623 2674; baseline 0.006 -22"><span class='ocrx_word' id='word_1_434' title='bbox 2020 2597 2184 2652; x_wconf 88' lang='lat' dir='ltr'><strong>modo</strong></span> <span class='ocrx_word' id='word_1_435' title='bbox 2230 2597 2594 2669; x_wconf 89' lang='lat' dir='ltr'><strong>ingrediaris;</strong></span> <span class='ocrx_word' id='word_1_436' title='bbox 2630 2616 2700 2656; x_wconf 91' lang='lat' dir='ltr'><strong>ne</strong></span> <span class='ocrx_word' id='word_1_437' title='bbox 2751 2599 2892 2657; x_wconf 91' lang='lat' dir='ltr'><strong>forte</strong></span> <span class='ocrx_word' id='word_1_438' title='bbox 2921 2602 3087 2658; x_wconf 89' lang='lat' dir='ltr'><strong>etiam</strong></span> <span class='ocrx_word' id='word_1_439' title='bbox 3120 2601 3430 2674; x_wconf 88' lang='lat' dir='ltr'><strong>ingressus,</strong></span> <span class='ocrx_word' id='word_1_440' title='bbox 3465 2613 3623 2661; x_wconf 81' lang='lat' dir='ltr'><strong>extra</strong></span> 
     </span>
    </p>
   </div>
   <div class='ocr_carea' id='block_1_56' title="bbox 2020 2694 3629 2768">
    <p class='ocr_par' dir='ltr' id='par_1_56' title="bbox 2020 2694 3629 2768">
     <span class='ocr_line' id='line_1_56' title="bbox 2020 2694 3629 2768; baseline 0.006 -22"><span class='ocrx_word' id='word_1_441' title='bbox 2020 2700 2376 2762; x_wconf 90' lang='lat' dir='ltr'><strong>conspectum</strong></span> <span class='ocrx_word' id='word_1_442' title='bbox 2409 2694 2553 2765; x_wconf 88' lang='lat' dir='ltr'><strong>regis</strong></span> <span class='ocrx_word' id='word_1_443' title='bbox 2581 2694 2682 2750; x_wconf 92' lang='lat' dir='ltr'><strong>sis.</strong></span> <span class='ocrx_word' id='word_1_444' title='bbox 2715 2694 2868 2750; x_wconf 78' lang='lat' dir='ltr'><strong>Multi</strong></span> <span class='ocrx_word' id='word_1_445' title='bbox 2899 2695 3280 2768; x_wconf 87' lang='lat' dir='ltr'><strong>ingrediuntur</strong></span> <span class='ocrx_word' id='word_1_446' title='bbox 3308 2697 3538 2768; x_wconf 90' lang='lat' dir='ltr'><strong>palatia,</strong></span> <span class='ocrx_word' id='word_1_447' title='bbox 3571 2705 3629 2756; x_wconf 86' lang='lat' dir='ltr'><strong>et</strong></span> 
     </span>
    </p>
   </div>
   <div class='ocr_carea' id='block_1_57' title="bbox 2023 2787 3631 2864">
    <p class='ocr_par' dir='ltr' id='par_1_57' title="bbox 2023 2787 3631 2864">
     <span class='ocr_line' id='line_1_57' title="bbox 2023 2787 3631 2864; baseline 0.005 -24"><span class='ocrx_word' id='word_1_448' title='bbox 2023 2799 2134 2840; x_wconf 91' lang='lat' dir='ltr'><strong>non</strong></span> <span class='ocrx_word' id='word_1_449' title='bbox 2171 2787 2354 2841; x_wconf 87' lang='lat' dir='ltr'><strong>statim</strong></span> <span class='ocrx_word' id='word_1_450' title='bbox 2403 2802 2586 2859; x_wconf 87' lang='lat' dir='ltr'><strong>regem</strong></span> <span class='ocrx_word' id='word_1_451' title='bbox 2621 2788 2784 2844; x_wconf 89' lang='lat' dir='ltr'><strong>istum</strong></span> <span class='ocrx_word' id='word_1_452' title='bbox 2817 2798 2977 2846; x_wconf 72' lang='lat' dir='ltr'><strong>terrae</strong></span> <span class='ocrx_word' id='word_1_453' title='bbox 3004 2790 3221 2857; x_wconf 90' lang='lat' dir='ltr'><strong>vident,</strong></span> <span class='ocrx_word' id='word_1_454' title='bbox 3250 2791 3347 2848; x_wconf 90' lang='lat' dir='ltr'><strong>sed</strong></span> <span class='ocrx_word' id='word_1_455' title='bbox 3375 2791 3631 2864; x_wconf 75' lang='lat' dir='ltr'><strong>frequen-</strong></span> 
     </span>
    </p>
   </div>
   <div class='ocr_carea' id='block_1_58' title="bbox 2025 2879 3629 2953">
    <p class='ocr_par' dir='ltr' id='par_1_58' title="bbox 2025 2879 3629 2953">
     <span class='ocr_line' id='line_1_58' title="bbox 2025 2879 3629 2953; baseline 0.005 -19"><span class='ocrx_word' id='word_1_456' title='bbox 2025 2887 2108 2934; x_wconf 91' lang='lat' dir='ltr'><strong>ter</strong></span> <span class='ocrx_word' id='word_1_457' title='bbox 2132 2879 2454 2947; x_wconf 88' lang='lat' dir='ltr'><strong>observant,</strong></span> <span class='ocrx_word' id='word_1_458' title='bbox 2487 2888 2544 2936; x_wconf 91' lang='lat' dir='ltr'><strong>ut</strong></span> <span class='ocrx_word' id='word_1_459' title='bbox 2585 2881 2882 2953; x_wconf 90' lang='lat' dir='ltr'><strong>aliquando</strong></span> <span class='ocrx_word' id='word_1_460' title='bbox 2932 2881 3121 2940; x_wconf 89' lang='lat' dir='ltr'><strong>videre</strong></span> <span class='ocrx_word' id='word_1_461' title='bbox 3152 2894 3480 2941; x_wconf 89' lang='lat' dir='ltr'><strong>mereantur.</strong></span> <span class='ocrx_word' id='word_1_462' title='bbox 3514 2884 3629 2942; x_wconf 88' lang='lat' dir='ltr'><strong>Nec</strong></span> 
     </span>
    </p>
   </div>
   <div class='ocr_carea' id='block_1_59' title="bbox 2027 2973 3631 3049">
    <p class='ocr_par' dir='ltr' id='par_1_59' title="bbox 2027 2973 3631 3049">
     <span class='ocr_line' id='line_1_59' title="bbox 2027 2973 3631 3049; baseline 0.004 -21"><span class='ocrx_word' id='word_1_463' title='bbox 2027 2984 2367 3044; x_wconf 69' lang='lat' dir='ltr'><strong>prmsumunt</strong></span> <span class='ocrx_word' id='word_1_464' title='bbox 2386 2973 2607 3031; x_wconf 90' lang='lat' dir='ltr'><strong>videndi</strong></span> <span class='ocrx_word' id='word_1_465' title='bbox 2635 2977 2849 3047; x_wconf 90' lang='lat' dir='ltr'><strong>copiam</strong></span> <span class='ocrx_word' id='word_1_466' title='bbox 2869 3017 2885 3044; x_wconf 95' lang='lat'><strong>,</strong></span> <span class='ocrx_word' id='word_1_467' title='bbox 2907 2976 3002 3033; x_wconf 91' lang='lat' dir='ltr'><strong>sed</strong></span> <span class='ocrx_word' id='word_1_468' title='bbox 3028 2976 3185 3048; x_wconf 92' lang='lat' dir='ltr'><strong>jussu</strong></span> <span class='ocrx_word' id='word_1_469' title='bbox 3226 2987 3631 3049; x_wconf 71' lang='lat' dir='ltr'><strong>reprmsentan-</strong></span> 
     </span>
    </p>
   </div>
   <div class='ocr_carea' id='block_1_60' title="bbox 2027 3068 3631 3138">
    <p class='ocr_par' dir='ltr' id='par_1_60' title="bbox 2027 3068 3631 3138">
     <span class='ocr_line' id='line_1_60' title="bbox 2027 3068 3631 3138; baseline 0.005 -17"><span class='ocrx_word' id='word_1_470' title='bbox 2027 3075 2137 3134; x_wconf 88' lang='lat' dir='ltr'><strong>tur,</strong></span> <span class='ocrx_word' id='word_1_471' title='bbox 2166 3077 2221 3124; x_wconf 91' lang='lat' dir='ltr'><strong>et</strong></span> <span class='ocrx_word' id='word_1_472' title='bbox 2250 3084 2466 3138; x_wconf 90' lang='lat' dir='ltr'><strong>precem</strong></span> <span class='ocrx_word' id='word_1_473' title='bbox 2495 3068 2762 3138; x_wconf 90' lang='lat' dir='ltr'><strong>fundunt;</strong></span> <span class='ocrx_word' id='word_1_474' title='bbox 2790 3078 2849 3124; x_wconf 92' lang='lat' dir='ltr'><strong>ut</strong></span> <span class='ocrx_word' id='word_1_475' title='bbox 2878 3086 2999 3126; x_wconf 91' lang='lat' dir='ltr'><strong>cum</strong></span> <span class='ocrx_word' id='word_1_476' title='bbox 3049 3072 3428 3130; x_wconf 88' lang='lat' dir='ltr'><strong>benevolentia</strong></span> <span class='ocrx_word' id='word_1_477' title='bbox 3457 3073 3631 3129; x_wconf 84' lang='lat' dir='ltr'><strong>susci-</strong></span> 
     </span>
    </p>
   </div>
   <div class='ocr_carea' id='block_1_61' title="bbox 2027 3160 3626 3240">
    <p class='ocr_par' dir='ltr' id='par_1_61' title="bbox 2027 3160 3626 3240">
     <span class='ocr_line' id='line_1_61' title="bbox 2027 3160 3626 3240; baseline 0.006 -26"><span class='ocrx_word' id='word_1_478' title='bbox 2027 3160 2265 3231; x_wconf 90' lang='lat' dir='ltr'><strong>piantur,</strong></span> <span class='ocrx_word' id='word_1_479' title='bbox 2299 3173 2556 3218; x_wconf 87' lang='lat' dir='ltr'><strong>caventes</strong></span> <span class='ocrx_word' id='word_1_480' title='bbox 2603 3162 2807 3234; x_wconf 90' lang='lat' dir='ltr'><strong>primos</strong></span> <span class='ocrx_word' id='word_1_481' title='bbox 2847 3165 2930 3220; x_wconf 90' lang='lat' dir='ltr'><strong>sui</strong></span> <span class='ocrx_word' id='word_1_482' title='bbox 2977 3166 3251 3222; x_wconf 90' lang='lat' dir='ltr'><strong>sermonis</strong></span> <span class='ocrx_word' id='word_1_483' title='bbox 3310 3169 3626 3240; x_wconf 89' lang='lat' dir='ltr'><strong>ingressus;</strong></span> 
     </span>
    </p>
   </div>
   <div class='ocr_carea' id='block_1_62' title="bbox 315 3256 3636 3336">
    <p class='ocr_par' dir='ltr' id='par_1_62' title="bbox 315 3256 3636 3336">
     <span class='ocr_line' id='line_1_62' title="bbox 315 3256 3636 3336; baseline -0.001 -13"><span class='ocrx_word' id='word_1_484' title='bbox 315 3269 375 3324; x_wconf 87' lang='lat' dir='ltr'><strong>in</strong></span> <span class='ocrx_word' id='word_1_485' title='bbox 405 3268 549 3323; x_wconf 85' lang='lat' dir='ltr'><strong>arido</strong></span> <span class='ocrx_word' id='word_1_486' title='bbox 580 3266 704 3336; x_wconf 85' lang='lat' dir='ltr'><strong>quid</strong></span> <span class='ocrx_word' id='word_1_487' title='bbox 727 3264 957 3336; x_wconf 82' lang='lat' dir='ltr'><strong>[acieut(</strong></span> <span class='ocrx_word' id='word_1_488' title='bbox 986 3261 1112 3319; x_wconf 89' lang='lat' dir='ltr'><strong>Luc.</strong></span> <span class='ocrx_word' id='word_1_489' title='bbox 1146 3279 1297 3331; x_wconf 77' lang='lat' dir='ltr'><strong>xxut,</strong></span> <span class='ocrx_word' id='word_1_490' title='bbox 1331 3261 1598 3334; x_wconf 74' lang='lat' dir='ltr'><strong>31)?lloc</strong></span> <span class='ocrx_word' id='word_1_491' title='bbox 1635 3262 1796 3331; x_wconf 78' lang='lat' dir='ltr'><strong>igitur</strong></span> <span class='ocrx_word' id='word_1_492' title='bbox 1835 3275 1926 3316; x_wconf 88' lang='lat' dir='ltr'><strong>ca—</strong></span> <span class='ocrx_word' id='word_1_493' title='bbox 1950 3259 1996 3323; x_wconf 89' lang='lat' dir='ltr'><strong>C</strong></span> <span class='ocrx_word' id='word_1_494' title='bbox 2031 3271 2100 3312; x_wconf 88' lang='lat' dir='ltr'><strong>ne</strong></span> <span class='ocrx_word' id='word_1_495' title='bbox 2130 3256 2257 3328; x_wconf 87' lang='lat' dir='ltr'><strong>quid</strong></span> <span class='ocrx_word' id='word_1_496' title='bbox 2289 3257 2508 3326; x_wconf 86' lang='lat' dir='ltr'><strong>titubet,</strong></span> <span class='ocrx_word' id='word_1_497' title='bbox 2538 3273 2606 3314; x_wconf 90' lang='lat' dir='ltr'><strong>ne</strong></span> <span class='ocrx_word' id='word_1_498' title='bbox 2636 3259 2763 3330; x_wconf 89' lang='lat' dir='ltr'><strong>quid</strong></span> <span class='ocrx_word' id='word_1_499' title='bbox 2797 3258 3037 3316; x_wconf 78' lang='lat' dir='ltr'><strong>oll&#39;endat</strong></span> <span class='ocrx_word' id='word_1_500' title='bbox 3069 3278 3082 3314; x_wconf 91' lang='lat'><strong>:</strong></span> <span class='ocrx_word' id='word_1_501' title='bbox 3112 3273 3315 3333; x_wconf 87' lang='lat' dir='ltr'><strong>quanto</strong></span> <span class='ocrx_word' id='word_1_502' title='bbox 3345 3261 3517 3334; x_wconf 90' lang='lat' dir='ltr'><strong>magis</strong></span> <span class='ocrx_word' id='word_1_503' title='bbox 3545 3277 3636 3319; x_wconf 81' lang='lat' dir='ltr'><strong>ro-</strong></span> 
     </span>
    </p>
   </div>
   <div class='ocr_carea' id='block_1_63' title="bbox 318 3355 1929 3435">
    <p class='ocr_par' dir='ltr' id='par_1_63' title="bbox 318 3355 1929 3435">
     <span class='ocr_line' id='line_1_63' title="bbox 318 3355 1929 3435; baseline -0.006 -16"><span class='ocrx_word' id='word_1_504' title='bbox 318 3372 420 3435; x_wconf 87' lang='lat' dir='ltr'><strong>put</strong></span> <span class='ocrx_word' id='word_1_505' title='bbox 446 3373 594 3418; x_wconf 91' lang='lat' dir='ltr'><strong>rorat</strong></span> <span class='ocrx_word' id='word_1_506' title='bbox 618 3361 762 3429; x_wconf 88' lang='lat' dir='ltr'><strong>aliis,</strong></span> <span class='ocrx_word' id='word_1_507' title='bbox 796 3361 895 3416; x_wconf 92' lang='lat' dir='ltr'><strong>sibi</strong></span> <span class='ocrx_word' id='word_1_508' title='bbox 928 3359 1187 3415; x_wconf 85' lang='lat' dir='ltr'><strong>abundat.</strong></span> <span class='ocrx_word' id='word_1_509' title='bbox 1212 3357 1285 3413; x_wconf 88' lang='lat' dir='ltr'><strong>Et</strong></span> <span class='ocrx_word' id='word_1_510' title='bbox 1315 3357 1456 3413; x_wconf 91' lang='lat' dir='ltr'><strong>bene</strong></span> <span class='ocrx_word' id='word_1_511' title='bbox 1486 3355 1729 3412; x_wconf 88' lang='lat' dir='ltr'><strong>abundat</strong></span> <span class='ocrx_word' id='word_1_512' title='bbox 1767 3363 1929 3426; x_wconf 90' lang='lat' dir='ltr'><strong>caput</strong></span> 
     </span>
    </p>
   </div>
   <div class='ocr_carea' id='block_1_64' title="bbox 317 3448 1931 3527">
    <p class='ocr_par' dir='ltr' id='par_1_64' title="bbox 317 3448 1931 3527">
     <span class='ocr_line' id='line_1_64' title="bbox 317 3448 1931 3527; baseline -0.007 -13"><span class='ocrx_word' id='word_1_513' title='bbox 317 3456 556 3523; x_wconf 88' lang='lat' dir='ltr'><strong>Christi;</strong></span> <span class='ocrx_word' id='word_1_514' title='bbox 585 3455 708 3527; x_wconf 89' lang='lat' dir='ltr'><strong>quia</strong></span> <span class='ocrx_word' id='word_1_515' title='bbox 740 3463 902 3525; x_wconf 91' lang='lat' dir='ltr'><strong>caput</strong></span> <span class='ocrx_word' id='word_1_516' title='bbox 929 3463 1079 3508; x_wconf 90' lang='lat' dir='ltr'><strong>tuum</strong></span> <span class='ocrx_word' id='word_1_517' title='bbox 1110 3451 1358 3507; x_wconf 91' lang='lat' dir='ltr'><strong>Christus</strong></span> <span class='ocrx_word' id='word_1_518' title='bbox 1383 3458 1486 3518; x_wconf 90' lang='lat' dir='ltr'><strong>est,</strong></span> <span class='ocrx_word' id='word_1_519' title='bbox 1516 3449 1602 3520; x_wconf 89' lang='lat' dir='ltr'><strong>qui</strong></span> <span class='ocrx_word' id='word_1_520' title='bbox 1628 3448 1818 3519; x_wconf 88' lang='lat' dir='ltr'><strong>plenus</strong></span> <span class='ocrx_word' id='word_1_521' title='bbox 1845 3456 1931 3504; x_wconf 89' lang='lat' dir='ltr'><strong>est</strong></span> 
     </span>
    </p>
   </div>
   <div class='ocr_carea' id='block_1_65' title="bbox 320 3540 1930 3620">
    <p class='ocr_par' dir='ltr' id='par_1_65' title="bbox 320 3540 1930 3620">
     <span class='ocr_line' id='line_1_65' title="bbox 320 3540 1930 3620; baseline -0.007 -13"><span class='ocrx_word' id='word_1_522' title='bbox 320 3565 562 3620; x_wconf 90' lang='lat' dir='ltr'><strong>semper,</strong></span> <span class='ocrx_word' id='word_1_523' title='bbox 596 3563 698 3604; x_wconf 92' lang='lat' dir='ltr'><strong>nec</strong></span> <span class='ocrx_word' id='word_1_524' title='bbox 728 3545 1153 3603; x_wconf 86' lang='lat' dir='ltr'><strong>liberalitatibus</strong></span> <span class='ocrx_word' id='word_1_525' title='bbox 1175 3544 1423 3599; x_wconf 89' lang='lat' dir='ltr'><strong>hauritur</strong></span> <span class='ocrx_word' id='word_1_526' title='bbox 1444 3542 1576 3608; x_wconf 91' lang='lat' dir='ltr'><strong>suis,</strong></span> <span class='ocrx_word' id='word_1_527' title='bbox 1601 3551 1694 3596; x_wconf 89' lang='lat' dir='ltr'><strong>aut</strong></span> <span class='ocrx_word' id='word_1_528' title='bbox 1718 3540 1930 3596; x_wconf 89' lang='lat' dir='ltr'><strong>diutina</strong></span> 
     </span>
    </p>
   </div>
   <div class='ocr_carea' id='block_1_66' title="bbox 322 3634 1928 3714">
    <p class='ocr_par' dir='ltr' id='par_1_66' title="bbox 322 3634 1928 3714">
     <span class='ocr_line' id='line_1_66' title="bbox 322 3634 1928 3714; baseline -0.007 -13"><span class='ocrx_word' id='word_1_529' title='bbox 322 3643 508 3701; x_wconf 82' lang='lat' dir='ltr'><strong>deﬁcit</strong></span> <span class='ocrx_word' id='word_1_530' title='bbox 539 3643 808 3714; x_wconf 87' lang='lat' dir='ltr'><strong>largitate.</strong></span> <span class='ocrx_word' id='word_1_531' title='bbox 839 3639 897 3696; x_wconf 93' lang='lat' dir='ltr'><strong>ln</strong></span> <span class='ocrx_word' id='word_1_532' title='bbox 939 3640 1043 3696; x_wconf 92' lang='lat' dir='ltr'><strong>hoc</strong></span> <span class='ocrx_word' id='word_1_533' title='bbox 1075 3646 1241 3710; x_wconf 89' lang='lat' dir='ltr'><strong>caput</strong></span> <span class='ocrx_word' id='word_1_534' title='bbox 1287 3638 1491 3693; x_wconf 86' lang='lat' dir='ltr'><strong>ferrum</strong></span> <span class='ocrx_word' id='word_1_535' title='bbox 1520 3653 1626 3692; x_wconf 91' lang='lat' dir='ltr'><strong>non</strong></span> <span class='ocrx_word' id='word_1_536' title='bbox 1657 3634 1928 3702; x_wconf 87' lang='lat' dir='ltr'><strong>ascendit,</strong></span> 
     </span>
    </p>
   </div>
   <div class='ocr_carea' id='block_1_67' title="bbox 322 3730 1932 3812">
    <p class='ocr_par' dir='ltr' id='par_1_67' title="bbox 322 3730 1932 3812">
     <span class='ocr_line' id='line_1_67' title="bbox 322 3730 1932 3812; baseline -0.006 -18"><span class='ocrx_word' id='word_1_537' title='bbox 322 3739 472 3812; x_wconf 87' lang='lat' dir='ltr'><strong>quod</strong></span> <span class='ocrx_word' id='word_1_538' title='bbox 499 3746 584 3794; x_wconf 89' lang='lat' dir='ltr'><strong>est</strong></span> <span class='ocrx_word' id='word_1_539' title='bbox 603 3737 1020 3794; x_wconf 88' lang='lat' dir='ltr'><strong>instrumentum</strong></span> <span class='ocrx_word' id='word_1_540' title='bbox 1050 3734 1200 3798; x_wconf 93' lang='lat' dir='ltr'><strong>belli,</strong></span> <span class='ocrx_word' id='word_1_541' title='bbox 1222 3733 1429 3804; x_wconf 82' lang='lat' dir='ltr'><strong>insigne</strong></span> <span class='ocrx_word' id='word_1_542' title='bbox 1450 3731 1760 3788; x_wconf 84' lang='lat' dir='ltr'><strong>discordiae.</strong></span> <span class='ocrx_word' id='word_1_543' title='bbox 1778 3730 1932 3785; x_wconf 87' lang='lat' dir='ltr'><strong>Nunc</strong></span> 
     </span>
    </p>
   </div>
   <div class='ocr_carea' id='block_1_68' title="bbox 324 3823 1932 3906">
    <p class='ocr_par' dir='ltr' id='par_1_68' title="bbox 324 3823 1932 3906">
     <span class='ocr_line' id='line_1_68' title="bbox 324 3823 1932 3906; baseline -0.006 -16"><span class='ocrx_word' id='word_1_544' title='bbox 324 3841 534 3906; x_wconf 89' lang='lat' dir='ltr'><strong>specta,</strong></span> <span class='ocrx_word' id='word_1_545' title='bbox 553 3842 606 3889; x_wconf 92' lang='lat' dir='ltr'><strong>et</strong></span> <span class='ocrx_word' id='word_1_546' title='bbox 629 3831 749 3889; x_wconf 88' lang='lat' dir='ltr'><strong>vide</strong></span> <span class='ocrx_word' id='word_1_547' title='bbox 775 3847 865 3888; x_wconf 93' lang='lat' dir='ltr'><strong>ros</strong></span> <span class='ocrx_word' id='word_1_548' title='bbox 894 3830 986 3887; x_wconf 93' lang='lat' dir='ltr'><strong>ille</strong></span> <span class='ocrx_word' id='word_1_549' title='bbox 1009 3829 1185 3902; x_wconf 88' lang='lat' dir='ltr'><strong>qualis</strong></span> <span class='ocrx_word' id='word_1_550' title='bbox 1216 3828 1536 3895; x_wconf 91' lang='lat' dir='ltr'><strong>sit,scilicet</strong></span> <span class='ocrx_word' id='word_1_551' title='bbox 1565 3841 1671 3882; x_wconf 91' lang='lat' dir='ltr'><strong>non</strong></span> <span class='ocrx_word' id='word_1_552' title='bbox 1693 3823 1932 3896; x_wconf 90' lang='lat' dir='ltr'><strong>vulgaris</strong></span> 
     </span>
    </p>
   </div>
   <div class='ocr_carea' id='block_1_69' title="bbox 327 3926 599 3982">
    <p class='ocr_par' dir='ltr' id='par_1_69' title="bbox 327 3926 599 3982">
     <span class='ocr_line' id='line_1_69' title="bbox 327 3926 599 3982; baseline -0.007 0"><span class='ocrx_word' id='word_1_553' title='bbox 327 3926 599 3982; x_wconf 81' lang='lat' dir='ltr'><strong>humoris.</strong></span> 
     </span>
    </p>
   </div>
   <div class='ocr_carea' id='block_1_70' title="bbox 403 4010 1936 4090">
    <p class='ocr_par' dir='ltr' id='par_1_70' title="bbox 403 4010 1936 4090">
     <span class='ocr_line' id='line_1_70' title="bbox 403 4010 1936 4090; baseline -0.006 -15"><span class='ocrx_word' id='word_1_554' title='bbox 403 4021 490 4076; x_wconf 88' lang='grc'><strong>16.</strong></span> <span class='ocrx_word' id='word_1_555' title='bbox 510 4018 749 4074; x_wconf 83' lang='lat' dir='ltr'><strong>Ciuciuni</strong></span> <span class='ocrx_word' id='word_1_556' title='bbox 771 4026 939 4072; x_wconf 89' lang='lat' dir='ltr'><strong>autem</strong></span> <span class='ocrx_word' id='word_1_557' title='bbox 964 4016 1064 4072; x_wconf 87' lang='lat' dir='ltr'><strong>mei</strong></span> <span class='ocrx_word' id='word_1_558' title='bbox 1091 4024 1354 4090; x_wconf 84' lang='lat' dir='ltr'><strong>guttarum</strong></span> <span class='ocrx_word' id='word_1_559' title='bbox 1379 4015 1562 4068; x_wconf 80' lang='lat' dir='ltr'><strong>noctis.</strong></span> <span class='ocrx_word' id='word_1_560' title='bbox 1583 4011 1725 4079; x_wconf 88' lang='lat' dir='ltr'><strong>Noli,</strong></span> <span class='ocrx_word' id='word_1_561' title='bbox 1751 4010 1936 4083; x_wconf 84' lang='lat' dir='ltr'><strong>proxi-</strong></span> 
     </span>
    </p>
   </div>
   <div class='ocr_carea' id='block_1_71' title="bbox 328 4108 1933 4185">
    <p class='ocr_par' dir='ltr' id='par_1_71' title="bbox 328 4108 1933 4185">
     <span class='ocr_line' id='line_1_71' title="bbox 328 4108 1933 4185; baseline -0.007 -11"><span class='ocrx_word' id='word_1_562' title='bbox 328 4131 416 4174; x_wconf 84' lang='lat' dir='ltr'><strong>ma</strong></span> <span class='ocrx_word' id='word_1_563' title='bbox 443 4130 586 4183; x_wconf 90' lang='lat' dir='ltr'><strong>mea,</strong></span> <span class='ocrx_word' id='word_1_564' title='bbox 605 4113 853 4185; x_wconf 88' lang='lat' dir='ltr'><strong>accipere</strong></span> <span class='ocrx_word' id='word_1_565' title='bbox 879 4114 1162 4169; x_wconf 90' lang='lat' dir='ltr'><strong>cincinnos</strong></span> <span class='ocrx_word' id='word_1_566' title='bbox 1183 4109 1548 4182; x_wconf 89' lang='lat' dir='ltr'><strong>corporalium</strong></span> <span class='ocrx_word' id='word_1_567' title='bbox 1571 4108 1890 4180; x_wconf 89' lang='lat' dir='ltr'><strong>capillorum</strong></span> <span class='ocrx_word' id='word_1_568' title='bbox 1917 4123 1933 4162; x_wconf 87' lang='lat'><strong>:</strong></span> 
     </span>
    </p>
   </div>
   <div class='ocr_carea' id='block_1_72' title="bbox 330 4200 1935 4274">
    <p class='ocr_par' dir='ltr' id='par_1_72' title="bbox 330 4200 1935 4274">
     <span class='ocr_line' id='line_1_72' title="bbox 330 4200 1935 4274; baseline -0.007 -7"><span class='ocrx_word' id='word_1_569' title='bbox 330 4225 440 4267; x_wconf 92' lang='lat' dir='ltr'><strong>non</strong></span> <span class='ocrx_word' id='word_1_570' title='bbox 469 4207 564 4265; x_wconf 89' lang='lat' dir='ltr'><strong>illa</strong></span> <span class='ocrx_word' id='word_1_571' title='bbox 596 4215 936 4274; x_wconf 89' lang='lat' dir='ltr'><strong>ornamenta,</strong></span> <span class='ocrx_word' id='word_1_572' title='bbox 964 4205 1060 4263; x_wconf 88' lang='lat' dir='ltr'><strong>sed</strong></span> <span class='ocrx_word' id='word_1_573' title='bbox 1093 4205 1322 4261; x_wconf 87' lang='lat' dir='ltr'><strong>crimina</strong></span> <span class='ocrx_word' id='word_1_574' title='bbox 1345 4210 1506 4259; x_wconf 88' lang='lat' dir='ltr'><strong>sunt:</strong></span> <span class='ocrx_word' id='word_1_575' title='bbox 1536 4201 1804 4259; x_wconf 87' lang='lat' dir='ltr'><strong>lenocinia</strong></span> <span class='ocrx_word' id='word_1_576' title='bbox 1827 4200 1935 4256; x_wconf 87' lang='lat' dir='ltr'><strong>for-</strong></span> 
     </span>
    </p>
   </div>
   <div class='ocr_carea' id='block_1_73' title="bbox 331 4294 1938 4375">
    <p class='ocr_par' dir='ltr' id='par_1_73' title="bbox 331 4294 1938 4375">
     <span class='ocr_line' id='line_1_73' title="bbox 331 4294 1938 4375; baseline -0.008 -12"><span class='ocrx_word' id='word_1_577' title='bbox 331 4321 458 4373; x_wconf 84' lang='lat' dir='ltr'><strong>mae,</strong></span> <span class='ocrx_word' id='word_1_578' title='bbox 483 4321 588 4361; x_wconf 90' lang='lat' dir='ltr'><strong>non</strong></span> <span class='ocrx_word' id='word_1_579' title='bbox 621 4313 886 4375; x_wconf 84' lang='lat' dir='ltr'><strong>praecepta</strong></span> <span class='ocrx_word' id='word_1_580' title='bbox 909 4300 1143 4358; x_wconf 89' lang='lat' dir='ltr'><strong>virtutis.</strong></span> <span class='ocrx_word' id='word_1_581' title='bbox 1163 4299 1312 4354; x_wconf 82' lang='lat' dir='ltr'><strong>Alios</strong></span> <span class='ocrx_word' id='word_1_582' title='bbox 1341 4297 1627 4354; x_wconf 91' lang='lat' dir='ltr'><strong>cincinnos</strong></span> <span class='ocrx_word' id='word_1_583' title='bbox 1649 4294 1938 4351; x_wconf 74' lang='lat' dir='ltr'><strong>Nazaraeus</strong></span> 
     </span>
    </p>
   </div>
   <div class='ocr_carea' id='block_1_74' title="bbox 336 4393 1939 4472">
    <p class='ocr_par' dir='ltr' id='par_1_74' title="bbox 336 4393 1939 4472">
     <span class='ocr_line' id='line_1_74' title="bbox 336 4393 1939 4472; baseline -0.006 -15"><span class='ocrx_word' id='word_1_584' title='bbox 336 4399 528 4465; x_wconf 86' lang='lat' dir='ltr'><strong>habet,</strong></span> <span class='ocrx_word' id='word_1_585' title='bbox 560 4399 612 4454; x_wconf 93' lang='lat' dir='ltr'><strong>in</strong></span> <span class='ocrx_word' id='word_1_586' title='bbox 639 4397 837 4472; x_wconf 91' lang='lat' dir='ltr'><strong>quibus</strong></span> <span class='ocrx_word' id='word_1_587' title='bbox 879 4397 1078 4454; x_wconf 90' lang='lat' dir='ltr'><strong>ferrum</strong></span> <span class='ocrx_word' id='word_1_588' title='bbox 1110 4411 1219 4452; x_wconf 93' lang='lat' dir='ltr'><strong>non</strong></span> <span class='ocrx_word' id='word_1_589' title='bbox 1267 4393 1555 4461; x_wconf 88' lang='lat' dir='ltr'><strong>ascendit,</strong></span> <span class='ocrx_word' id='word_1_590' title='bbox 1595 4408 1732 4466; x_wconf 90' lang='lat' dir='ltr'><strong>quos</strong></span> <span class='ocrx_word' id='word_1_591' title='bbox 1775 4406 1939 4448; x_wconf 91' lang='lat' dir='ltr'><strong>nemo</strong></span> 
     </span>
    </p>
   </div>
   <div class='ocr_carea' id='block_1_75' title="bbox 337 4485 1938 4567">
    <p class='ocr_par' dir='ltr' id='par_1_75' title="bbox 337 4485 1938 4567">
     <span class='ocr_line' id='line_1_75' title="bbox 337 4485 1938 4567; baseline -0.007 -16"><span class='ocrx_word' id='word_1_592' title='bbox 337 4493 584 4567; x_wconf 66' lang='lat' dir='ltr'><strong>praecidit</strong></span> <span class='ocrx_word' id='word_1_593' title='bbox 607 4511 620 4547; x_wconf 88' lang='lat'><strong>:</strong></span> <span class='ocrx_word' id='word_1_594' title='bbox 644 4492 736 4564; x_wconf 90' lang='lat' dir='ltr'><strong>qui</strong></span> <span class='ocrx_word' id='word_1_595' title='bbox 767 4507 874 4548; x_wconf 90' lang='lat' dir='ltr'><strong>non</strong></span> <span class='ocrx_word' id='word_1_596' title='bbox 897 4489 1222 4548; x_wconf 87' lang='lat' dir='ltr'><strong>calamistris</strong></span> <span class='ocrx_word' id='word_1_597' title='bbox 1247 4487 1535 4560; x_wconf 92' lang='lat' dir='ltr'><strong>compositi</strong></span> <span class='ocrx_word' id='word_1_598' title='bbox 1566 4496 1660 4542; x_wconf 90' lang='lat' dir='ltr'><strong>aut</strong></span> <span class='ocrx_word' id='word_1_599' title='bbox 1697 4495 1817 4542; x_wconf 83' lang='lat' dir='ltr'><strong>arte</strong></span> <span class='ocrx_word' id='word_1_600' title='bbox 1851 4485 1938 4541; x_wconf 84' lang='lat' dir='ltr'><strong>di-</strong></span> 
     </span>
    </p>
   </div>
   <div class='ocr_carea' id='block_1_76' title="bbox 337 4579 1939 4661">
    <p class='ocr_par' dir='ltr' id='par_1_76' title="bbox 337 4579 1939 4661">
     <span class='ocr_line' id='line_1_76' title="bbox 337 4579 1939 4661; baseline -0.006 -17"><span class='ocrx_word' id='word_1_601' title='bbox 337 4589 474 4661; x_wconf 86' lang='lat' dir='ltr'><strong>gesti</strong></span> <span class='ocrx_word' id='word_1_602' title='bbox 501 4629 515 4654; x_wconf 95' lang='lat'><strong>,</strong></span> <span class='ocrx_word' id='word_1_603' title='bbox 547 4585 642 4643; x_wconf 90' lang='lat' dir='ltr'><strong>sed</strong></span> <span class='ocrx_word' id='word_1_604' title='bbox 673 4585 956 4658; x_wconf 92' lang='lat' dir='ltr'><strong>multiplici</strong></span> <span class='ocrx_word' id='word_1_605' title='bbox 1001 4583 1306 4653; x_wconf 80' lang='lat' dir='ltr'><strong>criSpantes</strong></span> <span class='ocrx_word' id='word_1_606' title='bbox 1354 4581 1617 4637; x_wconf 91' lang='lat' dir='ltr'><strong>virtutum</strong></span> <span class='ocrx_word' id='word_1_607' title='bbox 1650 4579 1939 4636; x_wconf 90' lang='lat' dir='ltr'><strong>nitentium</strong></span> 
     </span>
    </p>
   </div>
   <div class='ocr_carea' id='block_1_77' title="bbox 2029 3350 3635 3420">
    <p class='ocr_par' dir='ltr' id='par_1_77' title="bbox 2029 3350 3635 3420">
     <span class='ocr_line' id='line_1_77' title="bbox 2029 3350 3635 3420; baseline 0.007 -17"><span class='ocrx_word' id='word_1_608' title='bbox 2029 3350 2238 3420; x_wconf 86' lang='lat' dir='ltr'><strong>gandus</strong></span> <span class='ocrx_word' id='word_1_609' title='bbox 2267 3360 2351 3406; x_wconf 81' lang='lat' dir='ltr'><strong>est</strong></span> <span class='ocrx_word' id='word_1_610' title='bbox 2375 3351 2538 3418; x_wconf 91' lang='lat' dir='ltr'><strong>Deus,</strong></span> <span class='ocrx_word' id='word_1_611' title='bbox 2569 3360 2629 3407; x_wconf 92' lang='lat' dir='ltr'><strong>ut</strong></span> <span class='ocrx_word' id='word_1_612' title='bbox 2652 3353 2855 3409; x_wconf 92' lang='lat' dir='ltr'><strong>ostium</strong></span> <span class='ocrx_word' id='word_1_613' title='bbox 2889 3353 3282 3412; x_wconf 72' lang='lat' dir='ltr'><strong>misericordia:</strong></span> <span class='ocrx_word' id='word_1_614' title='bbox 3313 3371 3424 3413; x_wconf 79' lang='lat' dir='ltr'><strong>sua:</strong></span> <span class='ocrx_word' id='word_1_615' title='bbox 3446 3366 3635 3414; x_wconf 88' lang='lat' dir='ltr'><strong>nostra</strong></span> 
     </span>
    </p>
   </div>
   <div class='ocr_carea' id='block_1_78' title="bbox 2028 3440 2599 3514">
    <p class='ocr_par' dir='ltr' id='par_1_78' title="bbox 2028 3440 2599 3514">
     <span class='ocr_line' id='line_1_78' title="bbox 2028 3440 2599 3514; baseline 0.004 -17"><span class='ocrx_word' id='word_1_616' title='bbox 2028 3440 2369 3514; x_wconf 88' lang='lat' dir='ltr'><strong>ingrediatur</strong></span> <span class='ocrx_word' id='word_1_617' title='bbox 2391 3445 2599 3501; x_wconf 89' lang='lat' dir='ltr'><strong>oratio!</strong></span> 
     </span>
    </p>
   </div>
   <div class='ocr_carea' id='block_1_79' title="bbox 2100 3535 3632 3616">
    <p class='ocr_par' dir='ltr' id='par_1_79' title="bbox 2100 3535 3632 3616">
     <span class='ocr_line' id='line_1_79' title="bbox 2100 3535 3632 3616; baseline 0.007 -26"><span class='ocrx_word' id='word_1_618' title='bbox 2100 3537 2191 3593; x_wconf 73' lang='lat'><strong>20.</strong></span> <span class='ocrx_word' id='word_1_619' title='bbox 2221 3535 2247 3574; x_wconf 75' lang='grc' dir='ltr'><em>ἀ</em></span> <span class='ocrx_word' id='word_1_620' title='bbox 2290 3536 2408 3593; x_wconf 77' lang='lat' dir='ltr'><strong>V0.1:</strong></span> <span class='ocrx_word' id='word_1_621' title='bbox 2441 3538 2621 3610; x_wconf 80' lang='lat' dir='ltr'><strong>fratris</strong></span> <span class='ocrx_word' id='word_1_622' title='bbox 2662 3539 2760 3594; x_wconf 90' lang='lat' dir='ltr'><strong>mei</strong></span> <span class='ocrx_word' id='word_1_623' title='bbox 2809 3539 2984 3612; x_wconf 88' lang='lat' dir='ltr'><strong>pulsat</strong></span> <span class='ocrx_word' id='word_1_624' title='bbox 3021 3542 3091 3596; x_wconf 83' lang='lat' dir='ltr'><strong>ad</strong></span> <span class='ocrx_word' id='word_1_625' title='bbox 3110 3544 3357 3616; x_wconf 84' lang='lat' dir='ltr'><strong>januam.</strong></span> <span class='ocrx_word' id='word_1_626' title='bbox 3400 3541 3632 3600; x_wconf 85' lang='lat' dir='ltr'><strong>Januam</strong></span> 
     </span>
    </p>
   </div>
   <div class='ocr_carea' id='block_1_80' title="bbox 2031 3630 3636 3707">
    <p class='ocr_par' dir='ltr' id='par_1_80' title="bbox 2031 3630 3636 3707">
     <span class='ocr_line' id='line_1_80' title="bbox 2031 3630 3636 3707; baseline 0.007 -24"><span class='ocrx_word' id='word_1_627' title='bbox 2031 3644 2246 3701; x_wconf 91' lang='lat' dir='ltr'><strong>quoque</strong></span> <span class='ocrx_word' id='word_1_628' title='bbox 2289 3638 2434 3685; x_wconf 87' lang='lat' dir='ltr'><strong>tuam</strong></span> <span class='ocrx_word' id='word_1_629' title='bbox 2480 3630 2660 3699; x_wconf 88' lang='lat' dir='ltr'><strong>disce,</strong></span> <span class='ocrx_word' id='word_1_630' title='bbox 2702 3647 2736 3688; x_wconf 91' lang='grc' dir='ltr'><strong>ο</strong></span> <span class='ocrx_word' id='word_1_631' title='bbox 2779 3647 2978 3702; x_wconf 90' lang='lat' dir='ltr'><strong>sponsa</strong></span> <span class='ocrx_word' id='word_1_632' title='bbox 3020 3633 3254 3702; x_wconf 90' lang='lat' dir='ltr'><strong>Christi,</strong></span> <span class='ocrx_word' id='word_1_633' title='bbox 3299 3637 3636 3707; x_wconf 83' lang='lat' dir='ltr'><strong>temporibus</strong></span> 
     </span>
    </p>
   </div>
   <div class='ocr_carea' id='block_1_81' title="bbox 2033 3722 3636 3801">
    <p class='ocr_par' dir='ltr' id='par_1_81' title="bbox 2033 3722 3636 3801">
     <span class='ocr_line' id='line_1_81' title="bbox 2033 3722 3636 3801; baseline 0.007 -24"><span class='ocrx_word' id='word_1_634' title='bbox 2033 3722 2296 3779; x_wconf 90' lang='lat' dir='ltr'><strong>obserare</strong></span> <span class='ocrx_word' id='word_1_635' title='bbox 2347 3725 2660 3790; x_wconf 90' lang='lat' dir='ltr'><strong>nocturnis;</strong></span> <span class='ocrx_word' id='word_1_636' title='bbox 2709 3741 2776 3781; x_wconf 90' lang='lat' dir='ltr'><strong>ne</strong></span> <span class='ocrx_word' id='word_1_637' title='bbox 2816 3725 2978 3783; x_wconf 85' lang='lat' dir='ltr'><strong>facile</strong></span> <span class='ocrx_word' id='word_1_638' title='bbox 3025 3729 3310 3800; x_wconf 87' lang='lat' dir='ltr'><strong>quisquam</strong></span> <span class='ocrx_word' id='word_1_639' title='bbox 3362 3739 3636 3801; x_wconf 88' lang='lat' dir='ltr'><strong>patentem</strong></span> 
     </span>
    </p>
   </div>
   <div class='ocr_carea' id='block_1_82' title="bbox 2034 3816 3638 3894">
    <p class='ocr_par' dir='ltr' id='par_1_82' title="bbox 2034 3816 3638 3894">
     <span class='ocr_line' id='line_1_82' title="bbox 2034 3816 3638 3894; baseline 0.006 -24"><span class='ocrx_word' id='word_1_640' title='bbox 2034 3817 2299 3886; x_wconf 85' lang='lat' dir='ltr'><strong>reperiat.</strong></span> <span class='ocrx_word' id='word_1_641' title='bbox 2343 3816 2589 3886; x_wconf 92' lang='lat' dir='ltr'><strong>Sponsus</strong></span> <span class='ocrx_word' id='word_1_642' title='bbox 2618 3819 2736 3888; x_wconf 88' lang='lat' dir='ltr'><strong>ipse</strong></span> <span class='ocrx_word' id='word_1_643' title='bbox 2765 3819 2879 3874; x_wconf 92' lang='lat' dir='ltr'><strong>vult</strong></span> <span class='ocrx_word' id='word_1_644' title='bbox 2910 3819 3150 3876; x_wconf 87' lang='lat' dir='ltr'><strong>clausam</strong></span> <span class='ocrx_word' id='word_1_645' title='bbox 3181 3836 3326 3890; x_wconf 88' lang='lat' dir='ltr'><strong>esse,</strong></span> <span class='ocrx_word' id='word_1_646' title='bbox 3359 3837 3481 3879; x_wconf 92' lang='lat' dir='ltr'><strong>cum</strong></span> <span class='ocrx_word' id='word_1_647' title='bbox 3515 3824 3638 3894; x_wconf 85' lang='lat' dir='ltr'><strong>pul-</strong></span> 
     </span>
    </p>
   </div>
   <div class='ocr_carea' id='block_1_83' title="bbox 2035 3907 3642 3986">
    <p class='ocr_par' dir='ltr' id='par_1_83' title="bbox 2035 3907 3642 3986">
     <span class='ocr_line' id='line_1_83' title="bbox 2035 3907 3642 3986; baseline 0.006 -23"><span class='ocrx_word' id='word_1_648' title='bbox 2035 3917 2140 3963; x_wconf 89' lang='lat' dir='ltr'><strong>sat.</strong></span> <span class='ocrx_word' id='word_1_649' title='bbox 2166 3907 2338 3963; x_wconf 85' lang='lat' dir='ltr'><strong>Janua</strong></span> <span class='ocrx_word' id='word_1_650' title='bbox 2370 3918 2556 3965; x_wconf 91' lang='lat' dir='ltr'><strong>nostra</strong></span> <span class='ocrx_word' id='word_1_651' title='bbox 2584 3925 2647 3966; x_wconf 90' lang='lat' dir='ltr'><strong>os</strong></span> <span class='ocrx_word' id='word_1_652' title='bbox 2678 3919 2924 3967; x_wconf 91' lang='lat' dir='ltr'><strong>nostrum</strong></span> <span class='ocrx_word' id='word_1_653' title='bbox 2954 3921 3070 3980; x_wconf 91' lang='lat' dir='ltr'><strong>est,</strong></span> <span class='ocrx_word' id='word_1_654' title='bbox 3093 3911 3317 3969; x_wconf 88' lang='lat' dir='ltr'><strong>Christo</strong></span> <span class='ocrx_word' id='word_1_655' title='bbox 3348 3930 3642 3986; x_wconf 83' lang='lat' dir='ltr'><strong>propemo-</strong></span> 
     </span>
    </p>
   </div>
   <div class='ocr_carea' id='block_1_84' title="bbox 2036 3999 3644 4082">
    <p class='ocr_par' dir='ltr' id='par_1_84' title="bbox 2036 3999 3644 4082">
     <span class='ocr_line' id='line_1_84' title="bbox 2036 3999 3644 4082; baseline 0.007 -26"><span class='ocrx_word' id='word_1_656' title='bbox 2036 3999 2165 4057; x_wconf 92' lang='lat' dir='ltr'><strong>dum</strong></span> <span class='ocrx_word' id='word_1_657' title='bbox 2193 4003 2294 4059; x_wconf 91' lang='lat' dir='ltr'><strong>soli</strong></span> <span class='ocrx_word' id='word_1_658' title='bbox 2325 4001 2487 4060; x_wconf 87' lang='lat' dir='ltr'><strong>debet</strong></span> <span class='ocrx_word' id='word_1_659' title='bbox 2519 4005 2720 4075; x_wconf 90' lang='lat' dir='ltr'><strong>aperiri</strong></span> <span class='ocrx_word' id='word_1_660' title='bbox 2746 4047 2760 4071; x_wconf 92' lang='lat'><strong>,</strong></span> <span class='ocrx_word' id='word_1_661' title='bbox 2795 4020 2898 4062; x_wconf 90' lang='lat' dir='ltr'><strong>nec</strong></span> <span class='ocrx_word' id='word_1_662' title='bbox 2925 4008 3203 4078; x_wconf 86' lang='lat' dir='ltr'><strong>aperiatur</strong></span> <span class='ocrx_word' id='word_1_663' title='bbox 3233 4009 3338 4065; x_wconf 91' lang='lat' dir='ltr'><strong>nisi</strong></span> <span class='ocrx_word' id='word_1_664' title='bbox 3367 4019 3494 4067; x_wconf 89' lang='lat' dir='ltr'><strong>ante</strong></span> <span class='ocrx_word' id='word_1_665' title='bbox 3524 4011 3644 4082; x_wconf 83' lang='lat' dir='ltr'><strong>pul-</strong></span> 
     </span>
    </p>
   </div>
   <div class='ocr_carea' id='block_1_85' title="bbox 2037 4096 3639 4176">
    <p class='ocr_par' dir='ltr' id='par_1_85' title="bbox 2037 4096 3639 4176">
     <span class='ocr_line' id='line_1_85' title="bbox 2037 4096 3639 4176; baseline 0.006 -24"><span class='ocrx_word' id='word_1_666' title='bbox 2037 4097 2173 4152; x_wconf 86' lang='lat' dir='ltr'><strong>sarit</strong></span> <span class='ocrx_word' id='word_1_667' title='bbox 2196 4096 2292 4153; x_wconf 88' lang='lat' dir='ltr'><strong>Dei</strong></span> <span class='ocrx_word' id='word_1_668' title='bbox 2317 4096 2577 4154; x_wconf 82' lang='lat' dir='ltr'><strong>Verbum.</strong></span> <span class='ocrx_word' id='word_1_669' title='bbox 2616 4099 2730 4154; x_wconf 76' lang='lat' dir='ltr'><strong>Vox</strong></span> <span class='ocrx_word' id='word_1_670' title='bbox 2757 4099 2937 4170; x_wconf 79' lang='lat' dir='ltr'><strong>fratris</strong></span> <span class='ocrx_word' id='word_1_671' title='bbox 2979 4102 3078 4156; x_wconf 84' lang='lat' dir='ltr'><strong>mei</strong></span> <span class='ocrx_word' id='word_1_672' title='bbox 3107 4103 3281 4172; x_wconf 90' lang='lat' dir='ltr'><strong>pulsat</strong></span> <span class='ocrx_word' id='word_1_673' title='bbox 3308 4102 3377 4157; x_wconf 87' lang='lat' dir='ltr'><strong>ad</strong></span> <span class='ocrx_word' id='word_1_674' title='bbox 3402 4107 3639 4176; x_wconf 79' lang='lat' dir='ltr'><strong>ianuam.</strong></span> 
     </span>
    </p>
   </div>
   <div class='ocr_carea' id='block_1_86' title="bbox 2039 4189 3331 4266">
    <p class='ocr_par' dir='ltr' id='par_1_86' title="bbox 2039 4189 3331 4266">
     <span class='ocr_line' id='line_1_86' title="bbox 2039 4189 3331 4266; baseline 0.005 -20"><span class='ocrx_word' id='word_1_675' title='bbox 2039 4189 2182 4247; x_wconf 86' lang='lat' dir='ltr'><strong>Audi</strong></span> <span class='ocrx_word' id='word_1_676' title='bbox 2215 4191 2521 4261; x_wconf 89' lang='lat' dir='ltr'><strong>pulsantem</strong></span> <span class='ocrx_word' id='word_1_677' title='bbox 2541 4234 2555 4259; x_wconf 93' lang='lat'><strong>,</strong></span> <span class='ocrx_word' id='word_1_678' title='bbox 2585 4192 2709 4248; x_wconf 88' lang='lat' dir='ltr'><strong>audi</strong></span> <span class='ocrx_word' id='word_1_679' title='bbox 2741 4192 2970 4250; x_wconf 90' lang='lat' dir='ltr'><strong>introire</strong></span> <span class='ocrx_word' id='word_1_680' title='bbox 2995 4195 3331 4266; x_wconf 90' lang='lat' dir='ltr'><strong>cupientem.</strong></span> 
     </span>
    </p>
   </div>
   <div class='ocr_carea' id='block_1_87' title="bbox 2039 4283 3642 4362">
    <p class='ocr_par' dir='ltr' id='par_1_87' title="bbox 2039 4283 3642 4362">
     <span class='ocr_line' id='line_1_87' title="bbox 2039 4283 3642 4362; baseline 0.005 -22"><span class='ocrx_word' id='word_1_681' title='bbox 2039 4288 2082 4354; x_wconf 60' lang='grc' dir='ltr'><strong>εξ</strong></span> <span class='ocrx_word' id='word_1_682' title='bbox 2111 4283 2428 4358; x_wconf 56' lang='lat' dir='ltr'><strong>21.0(Vers.</strong></span> <span class='ocrx_word' id='word_1_683' title='bbox 2444 4286 2692 4359; x_wconf 74' lang='lat' dir='ltr'><strong>‘2.)Aperi</strong></span> <span class='ocrx_word' id='word_1_684' title='bbox 2705 4287 3010 4356; x_wconf 75' lang='lat' dir='ltr'><strong>milti,soror</strong></span> <span class='ocrx_word' id='word_1_685' title='bbox 3022 4305 3156 4358; x_wconf 78' lang='lat' dir='ltr'><strong>mea,</strong></span> <span class='ocrx_word' id='word_1_686' title='bbox 3173 4308 3385 4362; x_wconf 83' lang='lat' dir='ltr'><strong>sponsa,</strong></span> <span class='ocrx_word' id='word_1_687' title='bbox 3402 4291 3642 4348; x_wconf 77' lang='lat' dir='ltr'><strong>columba</strong></span> 
     </span>
    </p>
   </div>
   <div class='ocr_carea' id='block_1_88' title="bbox 2041 4383 3642 4456">
    <p class='ocr_par' dir='ltr' id='par_1_88' title="bbox 2041 4383 3642 4456">
     <span class='ocr_line' id='line_1_88' title="bbox 2041 4383 3642 4456; baseline 0.005 -22"><span class='ocrx_word' id='word_1_688' title='bbox 2041 4395 2179 4446; x_wconf 89' lang='lat' dir='ltr'><strong>mea,</strong></span> <span class='ocrx_word' id='word_1_689' title='bbox 2201 4385 2429 4452; x_wconf 83' lang='lat' dir='ltr'><strong>perfecta</strong></span> <span class='ocrx_word' id='word_1_690' title='bbox 2455 4397 2590 4448; x_wconf 87' lang='lat' dir='ltr'><strong>mea;</strong></span> <span class='ocrx_word' id='word_1_691' title='bbox 2609 4383 2900 4456; x_wconf 79' lang='lat' dir='ltr'><strong>quiacapnt</strong></span> <span class='ocrx_word' id='word_1_692' title='bbox 2918 4400 3088 4438; x_wconf 88' lang='lat' dir='ltr'><strong>meum</strong></span> <span class='ocrx_word' id='word_1_693' title='bbox 3108 4385 3318 4456; x_wconf 83' lang='lat' dir='ltr'><strong>plenum</strong></span> <span class='ocrx_word' id='word_1_694' title='bbox 3335 4397 3407 4442; x_wconf 87' lang='lat' dir='ltr'><strong>est</strong></span> <span class='ocrx_word' id='word_1_695' title='bbox 3427 4404 3564 4456; x_wconf 84' lang='lat' dir='ltr'><strong>rore,</strong></span> <span class='ocrx_word' id='word_1_696' title='bbox 3592 4396 3642 4443; x_wconf 78' lang='lat' dir='ltr'><strong>et</strong></span> 
     </span>
    </p>
   </div>
   <div class='ocr_carea' id='block_1_89' title="bbox 2043 4475 3644 4551">
    <p class='ocr_par' dir='ltr' id='par_1_89' title="bbox 2043 4475 3644 4551">
     <span class='ocr_line' id='line_1_89' title="bbox 2043 4475 3644 4551; baseline 0.007 -25"><span class='ocrx_word' id='word_1_697' title='bbox 2043 4475 2211 4528; x_wconf 85' lang='lat' dir='ltr'><strong>crines</strong></span> <span class='ocrx_word' id='word_1_698' title='bbox 2253 4475 2356 4529; x_wconf 87' lang='lat' dir='ltr'><strong>mei</strong></span> <span class='ocrx_word' id='word_1_699' title='bbox 2391 4475 2552 4546; x_wconf 85' lang='lat' dir='ltr'><strong>guttis</strong></span> <span class='ocrx_word' id='word_1_700' title='bbox 2581 4476 2766 4532; x_wconf 85' lang='lat' dir='ltr'><strong>noctis.</strong></span> <span class='ocrx_word' id='word_1_701' title='bbox 2817 4475 3116 4534; x_wconf 89' lang='lat' dir='ltr'><strong>Considera</strong></span> <span class='ocrx_word' id='word_1_702' title='bbox 3158 4480 3377 4551; x_wconf 87' lang='lat' dir='ltr'><strong>quando</strong></span> <span class='ocrx_word' id='word_1_703' title='bbox 3407 4481 3644 4540; x_wconf 86' lang='lat' dir='ltr'><strong>maxime</strong></span> 
     </span>
    </p>
   </div>
   <div class='ocr_carea' id='block_1_90' title="bbox 2044 4568 3644 4647">
    <p class='ocr_par' dir='ltr' id='par_1_90' title="bbox 2044 4568 3644 4647">
     <span class='ocr_line' id='line_1_90' title="bbox 2044 4568 3644 4647; baseline 0.006 -23"><span class='ocrx_word' id='word_1_704' title='bbox 2044 4568 2226 4639; x_wconf 90' lang='lat' dir='ltr'><strong>pulsat</strong></span> <span class='ocrx_word' id='word_1_705' title='bbox 2267 4568 2490 4640; x_wconf 88' lang='lat' dir='ltr'><strong>januam</strong></span> <span class='ocrx_word' id='word_1_706' title='bbox 2524 4580 2672 4627; x_wconf 90' lang='lat' dir='ltr'><strong>tuam</strong></span> <span class='ocrx_word' id='word_1_707' title='bbox 2720 4571 2862 4628; x_wconf 85' lang='lat' dir='ltr'><strong>Deus</strong></span> <span class='ocrx_word' id='word_1_708' title='bbox 2907 4571 3180 4642; x_wconf 86' lang='lat' dir='ltr'><strong>Verbum,</strong></span> <span class='ocrx_word' id='word_1_709' title='bbox 3221 4589 3343 4630; x_wconf 93' lang='lat' dir='ltr'><strong>cum</strong></span> <span class='ocrx_word' id='word_1_710' title='bbox 3375 4575 3644 4647; x_wconf 90' lang='lat' dir='ltr'><strong>repletum</strong></span> 
     </span>
    </p>
   </div>
   <div class='ocr_carea' id='block_1_91' title="bbox 335 4660 1921 4753">
    <p class='ocr_par' dir='ltr' id='par_1_91' title="bbox 335 4660 1921 4753">
     <span class='ocr_line' id='line_1_91' title="bbox 335 4660 1921 4753; baseline -0.006 -17"><span class='ocrx_word' id='word_1_711' title='bbox 335 4660 513 4753; x_wconf 87' lang='lat' dir='ltr'><strong>gratia</strong></span> <span class='ocrx_word' id='word_1_712' title='bbox 542 4679 892 4735; x_wconf 77' lang='lat' dir='ltr'><strong>refulserunt.</strong></span> <span class='ocrx_word' id='word_1_713' title='bbox 918 4677 1078 4733; x_wconf 90' lang='lat' dir='ltr'><strong>Disce</strong></span> <span class='ocrx_word' id='word_1_714' title='bbox 1107 4677 1158 4731; x_wconf 94' lang='lat' dir='ltr'><strong>in</strong></span> <span class='ocrx_word' id='word_1_715' title='bbox 1184 4673 1410 4732; x_wconf 91' lang='lat' dir='ltr'><strong>historia</strong></span> <span class='ocrx_word' id='word_1_716' title='bbox 1443 4673 1632 4745; x_wconf 89' lang='lat' dir='ltr'><strong>quales</strong></span> <span class='ocrx_word' id='word_1_717' title='bbox 1653 4672 1921 4729; x_wconf 70' lang='lat' dir='ltr'><strong>Nazarmu:</strong></span> 
     </span>
    </p>
   </div>
   <div class='ocr_carea' id='block_1_92' title="bbox 2023 4660 3645 4753">
    <p class='ocr_par' dir='ltr' id='par_1_92' title="bbox 2045 4663 3645 4735">
     <span class='ocr_line' id='line_1_92' title="bbox 2045 4663 3645 4735; baseline 0.007 -17"><span class='ocrx_word' id='word_1_718' title='bbox 2045 4671 2132 4718; x_wconf 90' lang='lat' dir='ltr'><strong>est</strong></span> <span class='ocrx_word' id='word_1_719' title='bbox 2175 4672 2339 4735; x_wconf 91' lang='lat' dir='ltr'><strong>caput</strong></span> <span class='ocrx_word' id='word_1_720' title='bbox 2383 4663 2506 4735; x_wconf 86' lang='lat' dir='ltr'><strong>ejus</strong></span> <span class='ocrx_word' id='word_1_721' title='bbox 2546 4679 2675 4722; x_wconf 88' lang='lat' dir='ltr'><strong>rore</strong></span> <span class='ocrx_word' id='word_1_722' title='bbox 2707 4678 2998 4723; x_wconf 89' lang='lat' dir='ltr'><strong>nocturno.</strong></span> <span class='ocrx_word' id='word_1_723' title='bbox 3032 4667 3085 4722; x_wconf 90' lang='lat' dir='ltr'><strong>In</strong></span> <span class='ocrx_word' id='word_1_724' title='bbox 3119 4668 3470 4727; x_wconf 87' lang='lat' dir='ltr'><strong>tribulatione</strong></span> <span class='ocrx_word' id='word_1_725' title='bbox 3497 4671 3645 4729; x_wconf 90' lang='lat' dir='ltr'><strong>enim</strong></span> 
     </span>
    </p>
   </div>
   <div class='ocr_carea' id='block_1_93' title="bbox 337 4765 1938 4842">
    <p class='ocr_par' dir='ltr' id='par_1_93' title="bbox 337 4765 1938 4842">
     <span class='ocr_line' id='line_1_93' title="bbox 337 4765 1938 4842; baseline -0.006 -13"><span class='ocrx_word' id='word_1_726' title='bbox 337 4769 858 4836; x_wconf 90' lang='lat' dir='ltr'><strong>cineinnoshabeat,</strong></span> <span class='ocrx_word' id='word_1_727' title='bbox 891 4785 1026 4842; x_wconf 90' lang='lat' dir='ltr'><strong>quos</strong></span> <span class='ocrx_word' id='word_1_728' title='bbox 1052 4767 1306 4842; x_wconf 90' lang='lat' dir='ltr'><strong>quamdiu</strong></span> <span class='ocrx_word' id='word_1_729' title='bbox 1353 4767 1582 4825; x_wconf 87' lang='lat' dir='ltr'><strong>Samson</strong></span> <span class='ocrx_word' id='word_1_730' title='bbox 1627 4765 1815 4822; x_wconf 89' lang='lat' dir='ltr'><strong>habuit</strong></span> <span class='ocrx_word' id='word_1_731' title='bbox 1853 4766 1938 4821; x_wconf 85' lang='lat' dir='ltr'><strong>in-</strong></span> 
     </span>
    </p>
   </div>
   <div class='ocr_carea' id='block_1_94' title="bbox 342 4857 1942 4936">
    <p class='ocr_par' dir='ltr' id='par_1_94' title="bbox 342 4857 1942 4936">
     <span class='ocr_line' id='line_1_94' title="bbox 342 4857 1942 4936; baseline -0.005 -15"><span class='ocrx_word' id='word_1_732' title='bbox 342 4873 535 4932; x_wconf 88' lang='lat' dir='ltr'><strong>tactos,</strong></span> <span class='ocrx_word' id='word_1_733' title='bbox 560 4878 852 4936; x_wconf 89' lang='lat' dir='ltr'><strong>numquam</strong></span> <span class='ocrx_word' id='word_1_734' title='bbox 881 4863 1022 4918; x_wconf 88' lang='lat' dir='ltr'><strong>vinci</strong></span> <span class='ocrx_word' id='word_1_735' title='bbox 1052 4863 1250 4933; x_wconf 90' lang='lat' dir='ltr'><strong>potuit.</strong></span> <span class='ocrx_word' id='word_1_736' title='bbox 1275 4860 1570 4917; x_wconf 90' lang='lat' dir='ltr'><strong>Cincinuos</strong></span> <span class='ocrx_word' id='word_1_737' title='bbox 1600 4857 1858 4931; x_wconf 90' lang='lat' dir='ltr'><strong>perdidit,</strong></span> <span class='ocrx_word' id='word_1_738' title='bbox 1887 4865 1942 4914; x_wconf 90' lang='lat' dir='ltr'><strong>et</strong></span> 
     </span>
    </p>
   </div>
   <div class='ocr_carea' id='block_1_95' title="bbox 341 4951 1493 5029">
    <p class='ocr_par' dir='ltr' id='par_1_95' title="bbox 341 4951 1493 5029">
     <span class='ocr_line' id='line_1_95' title="bbox 341 4951 1493 5029; baseline -0.007 -14"><span class='ocrx_word' id='word_1_739' title='bbox 341 4958 596 5015; x_wconf 88' lang='lat' dir='ltr'><strong>meritum</strong></span> <span class='ocrx_word' id='word_1_740' title='bbox 622 4955 832 5013; x_wconf 86' lang='lat' dir='ltr'><strong>virtutis</strong></span> <span class='ocrx_word' id='word_1_741' title='bbox 857 4953 1037 5011; x_wconf 89' lang='lat' dir='ltr'><strong>amisit</strong></span> <span class='ocrx_word' id='word_1_742' title='bbox 1063 4953 1215 5029; x_wconf 83' lang='lat' dir='ltr'><strong>(Jud.</strong></span> <span class='ocrx_word' id='word_1_743' title='bbox 1239 4970 1350 5022; x_wconf 83' lang='lat' dir='ltr'><strong>xvt,</strong></span> <span class='ocrx_word' id='word_1_744' title='bbox 1382 4951 1493 5025; x_wconf 81' lang='lat' dir='ltr'><strong>l7).</strong></span> 
     </span>
    </p>
   </div>
   <div class='ocr_carea' id='block_1_96' title="bbox 416 5044 1942 5124">
    <p class='ocr_par' dir='ltr' id='par_1_96' title="bbox 416 5044 1942 5124">
     <span class='ocr_line' id='line_1_96' title="bbox 416 5044 1942 5124; baseline -0.005 -16"><span class='ocrx_word' id='word_1_745' title='bbox 416 5053 504 5108; x_wconf 85' lang='grc'><strong>17.</strong></span> <span class='ocrx_word' id='word_1_746' title='bbox 524 5051 704 5124; x_wconf 88' lang='lat' dir='ltr'><strong>(Vers.</strong></span> <span class='ocrx_word' id='word_1_747' title='bbox 728 5050 811 5122; x_wconf 79' lang='grc'><strong>5.)</strong></span> <span class='ocrx_word' id='word_1_748' title='bbox 833 5049 1025 5106; x_wconf 79' lang='lat' dir='ltr'><strong>Audita</strong></span> <span class='ocrx_word' id='word_1_749' title='bbox 1058 5048 1217 5120; x_wconf 86' lang='lat' dir='ltr'><strong>igitur</strong></span> <span class='ocrx_word' id='word_1_750' title='bbox 1244 5063 1377 5104; x_wconf 89' lang='lat' dir='ltr'><strong>voce</strong></span> <span class='ocrx_word' id='word_1_751' title='bbox 1393 5044 1749 5117; x_wconf 84' lang='lat' dir='ltr'><strong>Verbi,quam</strong></span> <span class='ocrx_word' id='word_1_752' title='bbox 1772 5059 1942 5101; x_wconf 84' lang='lat' dir='ltr'><strong>exue-</strong></span> 
     </span>
    </p>
   </div>
   <div class='ocr_carea' id='block_1_97' title="bbox 344 5139 1947 5215">
    <p class='ocr_par' dir='ltr' id='par_1_97' title="bbox 344 5139 1947 5215">
     <span class='ocr_line' id='line_1_97' title="bbox 344 5139 1947 5215; baseline -0.007 -9"><span class='ocrx_word' id='word_1_753' title='bbox 344 5162 436 5206; x_wconf 88' lang='lat' dir='ltr'><strong>ras</strong></span> <span class='ocrx_word' id='word_1_754' title='bbox 467 5147 702 5204; x_wconf 87' lang='lat' dir='ltr'><strong>tunicam</strong></span> <span class='ocrx_word' id='word_1_755' title='bbox 734 5153 914 5213; x_wconf 91' lang='lat' dir='ltr'><strong>nocte,</strong></span> <span class='ocrx_word' id='word_1_756' title='bbox 947 5160 1016 5201; x_wconf 90' lang='lat' dir='ltr'><strong>ne</strong></span> <span class='ocrx_word' id='word_1_757' title='bbox 1041 5143 1324 5215; x_wconf 72' lang='lat' dir='ltr'><strong>qutesieris</strong></span> <span class='ocrx_word' id='word_1_758' title='bbox 1368 5139 1825 5214; x_wconf 91' lang='lat' dir='ltr'><strong>quemadmodum</strong></span> <span class='ocrx_word' id='word_1_759' title='bbox 1863 5139 1947 5195; x_wconf 89' lang='lat' dir='ltr'><strong>in-</strong></span> 
     </span>
    </p>
   </div>
   <div class='ocr_carea' id='block_1_98' title="bbox 346 5233 1952 5307">
    <p class='ocr_par' dir='ltr' id='par_1_98' title="bbox 346 5233 1952 5307">
     <span class='ocr_line' id='line_1_98' title="bbox 346 5233 1952 5307; baseline -0.004 -11"><span class='ocrx_word' id='word_1_760' title='bbox 346 5240 482 5296; x_wconf 85' lang='lat' dir='ltr'><strong>duas</strong></span> <span class='ocrx_word' id='word_1_761' title='bbox 510 5255 666 5306; x_wconf 88' lang='lat' dir='ltr'><strong>eam;</strong></span> <span class='ocrx_word' id='word_1_762' title='bbox 695 5237 1002 5296; x_wconf 89' lang='lat' dir='ltr'><strong>ostenditur</strong></span> <span class='ocrx_word' id='word_1_763' title='bbox 1039 5236 1182 5293; x_wconf 89' lang='lat' dir='ltr'><strong>enim</strong></span> <span class='ocrx_word' id='word_1_764' title='bbox 1205 5279 1220 5303; x_wconf 93' lang='lat'><strong>,</strong></span> <span class='ocrx_word' id='word_1_765' title='bbox 1268 5244 1323 5292; x_wconf 91' lang='lat' dir='ltr'><strong>et</strong></span> <span class='ocrx_word' id='word_1_766' title='bbox 1367 5235 1680 5307; x_wconf 89' lang='lat' dir='ltr'><strong>frequenter</strong></span> <span class='ocrx_word' id='word_1_767' title='bbox 1723 5233 1952 5290; x_wconf 78' lang='lat' dir='ltr'><strong>offertur</strong></span> 
     </span>
    </p>
   </div>
   <div class='ocr_carea' id='block_1_99' title="bbox 349 5327 1950 5405">
    <p class='ocr_par' dir='ltr' id='par_1_99' title="bbox 349 5327 1950 5405">
     <span class='ocr_line' id='line_1_99' title="bbox 349 5327 1950 5405; baseline -0.004 -17"><span class='ocrx_word' id='word_1_768' title='bbox 349 5348 448 5405; x_wconf 86' lang='lat' dir='ltr'><strong>per</strong></span> <span class='ocrx_word' id='word_1_769' title='bbox 493 5332 790 5404; x_wconf 87' lang='lat' dir='ltr'><strong>nequitiam</strong></span> <span class='ocrx_word' id='word_1_770' title='bbox 842 5329 1140 5401; x_wconf 89' lang='lat' dir='ltr'><strong>spiritalem</strong></span> <span class='ocrx_word' id='word_1_771' title='bbox 1189 5327 1672 5400; x_wconf 86' lang='lat' dir='ltr'><strong>quemadmodum,</strong></span> <span class='ocrx_word' id='word_1_772' title='bbox 1706 5327 1950 5398; x_wconf 90' lang='lat' dir='ltr'><strong>inquam,</strong></span> 
     </span>
    </p>
   </div>
   <div class='ocr_carea' id='block_1_100' title="bbox 347 5421 1953 5496">
    <p class='ocr_par' dir='ltr' id='par_1_100' title="bbox 347 5421 1953 5496">
     <span class='ocr_line' id='line_1_100' title="bbox 347 5421 1953 5496; baseline -0.004 -12"><span class='ocrx_word' id='word_1_773' title='bbox 347 5427 543 5484; x_wconf 86' lang='lat' dir='ltr'><strong>induas</strong></span> <span class='ocrx_word' id='word_1_774' title='bbox 560 5443 702 5496; x_wconf 90' lang='lat' dir='ltr'><strong>eam,</strong></span> <span class='ocrx_word' id='word_1_775' title='bbox 725 5425 1065 5483; x_wconf 85' lang='lat' dir='ltr'><strong>obliviscaris</strong></span> <span class='ocrx_word' id='word_1_776' title='bbox 1091 5433 1146 5480; x_wconf 90' lang='lat' dir='ltr'><strong>et</strong></span> <span class='ocrx_word' id='word_1_777' title='bbox 1168 5425 1415 5490; x_wconf 90' lang='lat' dir='ltr'><strong>nescias;</strong></span> <span class='ocrx_word' id='word_1_778' title='bbox 1446 5421 1599 5494; x_wconf 89' lang='lat' dir='ltr'><strong>quasi</strong></span> <span class='ocrx_word' id='word_1_779' title='bbox 1623 5421 1734 5492; x_wconf 88' lang='lat' dir='ltr'><strong>jam</strong></span> <span class='ocrx_word' id='word_1_780' title='bbox 1770 5423 1953 5478; x_wconf 87' lang='lat' dir='ltr'><strong>Domi-</strong></span> 
     </span>
    </p>
   </div>
   <div class='ocr_carea' id='block_1_101' title="bbox 346 5515 1953 5591">
    <p class='ocr_par' dir='ltr' id='par_1_101' title="bbox 346 5515 1953 5591">
     <span class='ocr_line' id='line_1_101' title="bbox 346 5515 1953 5591; baseline -0.006 -10"><span class='ocrx_word' id='word_1_781' title='bbox 346 5538 453 5582; x_wconf 87' lang='lat' dir='ltr'><strong>nus</strong></span> <span class='ocrx_word' id='word_1_782' title='bbox 480 5521 717 5588; x_wconf 87' lang='lat' dir='ltr'><strong>assistat,</strong></span> <span class='ocrx_word' id='word_1_783' title='bbox 751 5535 942 5578; x_wconf 81' lang='lat' dir='ltr'><strong>exsors</strong></span> <span class='ocrx_word' id='word_1_784' title='bbox 970 5518 1335 5591; x_wconf 89' lang='lat' dir='ltr'><strong>corporalium</strong></span> <span class='ocrx_word' id='word_1_785' title='bbox 1367 5517 1711 5574; x_wconf 89' lang='lat' dir='ltr'><strong>vinculorum</strong></span> <span class='ocrx_word' id='word_1_786' title='bbox 1741 5515 1953 5572; x_wconf 90' lang='lat' dir='ltr'><strong>turbata</strong></span> 
     </span>
    </p>
   </div>
   <div class='ocr_carea' id='block_1_102' title="bbox 425 5723 1417 5797">
    <p class='ocr_par' dir='ltr' id='par_1_102' title="bbox 425 5723 1417 5797">
     <span class='ocr_line' id='line_1_102' title="bbox 425 5723 1417 5797; baseline -0.006 -12"><span class='ocrx_word' id='word_1_787' title='bbox 425 5738 454 5768; x_wconf 70' lang='grc' dir='ltr'>α</span> <span class='ocrx_word' id='word_1_788' title='bbox 483 5728 598 5786; x_wconf 89' lang='lat' dir='ltr'><strong>Lib.</strong></span> <span class='ocrx_word' id='word_1_789' title='bbox 625 5726 694 5784; x_wconf 88' lang='lat' dir='ltr'><strong>de</strong></span> <span class='ocrx_word' id='word_1_790' title='bbox 718 5725 892 5793; x_wconf 88' lang='lat' dir='ltr'><strong>Isaae,</strong></span> <span class='ocrx_word' id='word_1_791' title='bbox 915 5741 1040 5797; x_wconf 88' lang='lat' dir='ltr'><strong>cap.</strong></span> <span class='ocrx_word' id='word_1_792' title='bbox 1063 5725 1118 5792; x_wconf 84' lang='lat'><strong>5,</strong></span> <span class='ocrx_word' id='word_1_793' title='bbox 1149 5739 1300 5797; x_wconf 77' lang='lat' dir='ltr'><strong>num.</strong></span> <span class='ocrx_word' id='word_1_794' title='bbox 1325 5723 1417 5781; x_wconf 74' lang='lat'><strong>51.</strong></span> 
     </span>
    </p>
   </div>
   <div class='ocr_carea' id='block_1_103' title="bbox 425 5794 1842 5873">
    <p class='ocr_par' dir='ltr' id='par_1_103' title="bbox 425 5794 1842 5873">
     <span class='ocr_line' id='line_1_103' title="bbox 425 5794 1842 5873; baseline -0.006 -15"><span class='ocrx_word' id='word_1_795' title='bbox 425 5800 455 5842; x_wconf 72' lang='lat' dir='ltr'><strong>h</strong></span> <span class='ocrx_word' id='word_1_796' title='bbox 476 5801 598 5858; x_wconf 91' lang='lat' dir='ltr'><strong>Lib.</strong></span> <span class='ocrx_word' id='word_1_797' title='bbox 628 5799 698 5856; x_wconf 91' lang='lat' dir='ltr'><strong>de</strong></span> <span class='ocrx_word' id='word_1_798' title='bbox 727 5794 1074 5873; x_wconf 81' lang='lat' dir='ltr'><strong>Virginitate,</strong></span> <span class='ocrx_word' id='word_1_799' title='bbox 1093 5811 1214 5873; x_wconf 83' lang='lat' dir='ltr'><strong>ca_p_.</strong></span> <span class='ocrx_word' id='word_1_800' title='bbox 1246 5795 1336 5863; x_wconf 73' lang='lat' dir='ltr'><strong>t2,</strong></span> <span class='ocrx_word' id='word_1_801' title='bbox 1360 5811 1513 5873; x_wconf 74' lang='lat' dir='ltr'><strong>num.</strong></span> <span class='ocrx_word' id='word_1_802' title='bbox 1542 5794 1613 5852; x_wconf 82' lang='lat'><strong>70</strong></span> <span class='ocrx_word' id='word_1_803' title='bbox 1641 5803 1698 5873; x_wconf 89' lang='lat' dir='ltr'><strong>e_t</strong></span> <span class='ocrx_word' id='word_1_804' title='bbox 1725 5809 1842 5868; x_wconf 88' lang='lat' dir='ltr'><strong>seq.</strong></span> 
     </span>
    </p>
   </div>
   <div class='ocr_carea' id='block_1_104' title="bbox 357 5868 1699 5949">
    <p class='ocr_par' dir='ltr' id='par_1_104' title="bbox 357 5868 1699 5949">
     <span class='ocr_line' id='line_1_104' title="bbox 357 5868 1699 5949; baseline -0.003 -18"><span class='ocrx_word' id='word_1_805' title='bbox 357 5947 360 5949; x_wconf 11' lang='grc' dir='ltr'><strong>Α</strong></span> <span class='ocrx_word' id='word_1_806' title='bbox 430 5885 454 5915; x_wconf 71' lang='grc' dir='ltr'><em>ε</em></span> <span class='ocrx_word' id='word_1_807' title='bbox 485 5874 540 5930; x_wconf 91' lang='lat' dir='ltr'><strong>In</strong></span> <span class='ocrx_word' id='word_1_808' title='bbox 572 5873 711 5946; x_wconf 88' lang='lat' dir='ltr'><strong>psal.</strong></span> <span class='ocrx_word' id='word_1_809' title='bbox 741 5868 927 5943; x_wconf 72' lang='lat' dir='ltr'><strong>cxvtu,</strong></span> <span class='ocrx_word' id='word_1_810' title='bbox 954 5885 1120 5930; x_wconf 88' lang='lat' dir='ltr'><strong>serm.</strong></span> <span class='ocrx_word' id='word_1_811' title='bbox 1147 5868 1241 5939; x_wconf 69' lang='lat'><strong>92,</strong></span> <span class='ocrx_word' id='word_1_812' title='bbox 1263 5885 1412 5927; x_wconf 90' lang='lat' dir='ltr'><strong>num.</strong></span> <span class='ocrx_word' id='word_1_813' title='bbox 1440 5868 1531 5937; x_wconf 75' lang='grc'><strong>12,</strong></span> <span class='ocrx_word' id='word_1_814' title='bbox 1555 5868 1699 5927; x_wconf 87' lang='lat' dir='ltr'><strong>med.</strong></span> 
     </span>
    </p>
   </div>
   <div class='ocr_carea' id='block_1_105' title="bbox 2041 4759 3647 4838">
    <p class='ocr_par' dir='ltr' id='par_1_105' title="bbox 2041 4759 3647 4838">
     <span class='ocr_line' id='line_1_105' title="bbox 2041 4759 3647 4838; baseline 0.006 -24"><span class='ocrx_word' id='word_1_815' title='bbox 2041 4769 2098 4815; x_wconf 88' lang='lat' dir='ltr'><strong>et</strong></span> <span class='ocrx_word' id='word_1_816' title='bbox 2143 4759 2537 4817; x_wconf 85' lang='lat' dir='ltr'><strong>tentationibus</strong></span> <span class='ocrx_word' id='word_1_817' title='bbox 2583 4760 2793 4832; x_wconf 89' lang='lat' dir='ltr'><strong>positos</strong></span> <span class='ocrx_word' id='word_1_818' title='bbox 2823 4762 3045 4818; x_wconf 87' lang='lat' dir='ltr'><strong>visitare</strong></span> <span class='ocrx_word' id='word_1_819' title='bbox 3091 4762 3380 4834; x_wconf 82' lang='lat' dir='ltr'><strong>dignatur;</strong></span> <span class='ocrx_word' id='word_1_820' title='bbox 3413 4781 3480 4822; x_wconf 89' lang='lat' dir='ltr'><strong>ne</strong></span> <span class='ocrx_word' id='word_1_821' title='bbox 3524 4766 3647 4838; x_wconf 90' lang='lat' dir='ltr'><strong>quis</strong></span> 
     </span>
    </p>
   </div>
   <div class='ocr_carea' id='block_1_106' title="bbox 2045 4855 3651 4936">
    <p class='ocr_par' dir='ltr' id='par_1_106' title="bbox 2045 4855 3651 4936">
     <span class='ocr_line' id='line_1_106' title="bbox 2045 4855 3651 4936; baseline 0.006 -25"><span class='ocrx_word' id='word_1_822' title='bbox 2045 4855 2186 4912; x_wconf 91' lang='lat' dir='ltr'><strong>forte</strong></span> <span class='ocrx_word' id='word_1_823' title='bbox 2209 4856 2529 4913; x_wconf 90' lang='lat' dir='ltr'><strong>succumbat</strong></span> <span class='ocrx_word' id='word_1_824' title='bbox 2549 4861 2725 4915; x_wconf 88' lang='lat' dir='ltr'><strong>victus</strong></span> <span class='ocrx_word' id='word_1_825' title='bbox 2748 4859 3027 4916; x_wconf 63' lang='lat' dir='ltr'><strong>aerumnis.</strong></span> <span class='ocrx_word' id='word_1_826' title='bbox 3054 4859 3317 4931; x_wconf 82' lang='lat' dir='ltr'><strong>Repletur</strong></span> <span class='ocrx_word' id='word_1_827' title='bbox 3341 4877 3472 4935; x_wconf 86' lang='lat' dir='ltr'><strong>ergo</strong></span> <span class='ocrx_word' id='word_1_828' title='bbox 3487 4872 3651 4936; x_wconf 88' lang='lat' dir='ltr'><strong>caput</strong></span> 
     </span>
    </p>
   </div>
   <div class='ocr_carea' id='block_1_107' title="bbox 2047 4951 3649 5026">
    <p class='ocr_par' dir='ltr' id='par_1_107' title="bbox 2047 4951 3649 5026">
     <span class='ocr_line' id='line_1_107' title="bbox 2047 4951 3649 5026; baseline 0.003 -19"><span class='ocrx_word' id='word_1_829' title='bbox 2047 4951 2166 5022; x_wconf 90' lang='lat' dir='ltr'><strong>ejus</strong></span> <span class='ocrx_word' id='word_1_830' title='bbox 2215 4966 2340 5009; x_wconf 87' lang='lat' dir='ltr'><strong>rore</strong></span> <span class='ocrx_word' id='word_1_831' title='bbox 2368 4952 2454 5010; x_wconf 89' lang='lat' dir='ltr'><strong>vel</strong></span> <span class='ocrx_word' id='word_1_832' title='bbox 2499 4953 2701 5025; x_wconf 88' lang='lat' dir='ltr'><strong>guttis,</strong></span> <span class='ocrx_word' id='word_1_833' title='bbox 2731 4953 2950 5026; x_wconf 90' lang='lat' dir='ltr'><strong>quando</strong></span> <span class='ocrx_word' id='word_1_834' title='bbox 2996 4968 3196 5026; x_wconf 89' lang='lat' dir='ltr'><strong>corpus</strong></span> <span class='ocrx_word' id='word_1_835' title='bbox 3246 4955 3364 5026; x_wconf 88' lang='lat' dir='ltr'><strong>ejus</strong></span> <span class='ocrx_word' id='word_1_836' title='bbox 3416 4956 3649 5013; x_wconf 90' lang='lat' dir='ltr'><strong>laborat.</strong></span> 
     </span>
    </p>
   </div>
   <div class='ocr_carea' id='block_1_108' title="bbox 2049 5043 3650 5120">
    <p class='ocr_par' dir='ltr' id='par_1_108' title="bbox 2049 5043 3650 5120">
     <span class='ocr_line' id='line_1_108' title="bbox 2049 5043 3650 5120; baseline 0.004 -20"><span class='ocrx_word' id='word_1_837' title='bbox 2049 5043 2205 5102; x_wconf 89' lang='lat' dir='ltr'><strong>Tunc</strong></span> <span class='ocrx_word' id='word_1_838' title='bbox 2250 5060 2382 5118; x_wconf 87' lang='lat' dir='ltr'><strong>ergo</strong></span> <span class='ocrx_word' id='word_1_839' title='bbox 2426 5045 2796 5118; x_wconf 89' lang='lat' dir='ltr'><strong>vigilandum,</strong></span> <span class='ocrx_word' id='word_1_840' title='bbox 2844 5061 2913 5104; x_wconf 89' lang='lat' dir='ltr'><strong>ne</strong></span> <span class='ocrx_word' id='word_1_841' title='bbox 2956 5061 3079 5104; x_wconf 92' lang='lat' dir='ltr'><strong>cum</strong></span> <span class='ocrx_word' id='word_1_842' title='bbox 3121 5047 3336 5105; x_wconf 87' lang='lat' dir='ltr'><strong>venerit</strong></span> <span class='ocrx_word' id='word_1_843' title='bbox 3373 5046 3650 5120; x_wconf 87' lang='lat' dir='ltr'><strong>Sponsus,</strong></span> 
     </span>
    </p>
   </div>
   <div class='ocr_carea' id='block_1_109' title="bbox 2051 5140 3650 5206">
    <p class='ocr_par' dir='ltr' id='par_1_109' title="bbox 2051 5140 3650 5206">
     <span class='ocr_line' id='line_1_109' title="bbox 2051 5140 3650 5206; baseline 0.001 -10"><span class='ocrx_word' id='word_1_844' title='bbox 2051 5141 2278 5197; x_wconf 87' lang='lat' dir='ltr'><strong>recedat</strong></span> <span class='ocrx_word' id='word_1_845' title='bbox 2313 5140 2587 5196; x_wconf 88' lang='lat' dir='ltr'><strong>exclusus.</strong></span> <span class='ocrx_word' id='word_1_846' title='bbox 2615 5141 2675 5198; x_wconf 89' lang='lat' dir='ltr'><strong>Si</strong></span> <span class='ocrx_word' id='word_1_847' title='bbox 2703 5143 2845 5198; x_wconf 84' lang='lat' dir='ltr'><strong>enim</strong></span> <span class='ocrx_word' id='word_1_848' title='bbox 2868 5141 3130 5206; x_wconf 88' lang='lat' dir='ltr'><strong>dormias,</strong></span> <span class='ocrx_word' id='word_1_849' title='bbox 3159 5149 3215 5198; x_wconf 88' lang='lat' dir='ltr'><strong>et</strong></span> <span class='ocrx_word' id='word_1_850' title='bbox 3241 5157 3336 5198; x_wconf 92' lang='lat' dir='ltr'><strong>cor</strong></span> <span class='ocrx_word' id='word_1_851' title='bbox 3360 5149 3510 5199; x_wconf 90' lang='lat' dir='ltr'><strong>tuum</strong></span> <span class='ocrx_word' id='word_1_852' title='bbox 3543 5157 3650 5198; x_wconf 91' lang='lat' dir='ltr'><strong>non</strong></span> 
     </span>
    </p>
   </div>
   <div class='ocr_carea' id='block_1_110' title="bbox 2052 5236 3656 5309">
    <p class='ocr_par' dir='ltr' id='par_1_110' title="bbox 2052 5236 3656 5309">
     <span class='ocr_line' id='line_1_110' title="bbox 2052 5236 3656 5309; baseline 0 -17"><span class='ocrx_word' id='word_1_853' title='bbox 2052 5237 2260 5309; x_wconf 86' lang='lat' dir='ltr'><strong>vigilet,</strong></span> <span class='ocrx_word' id='word_1_854' title='bbox 2301 5236 2541 5294; x_wconf 90' lang='lat' dir='ltr'><strong>discedit</strong></span> <span class='ocrx_word' id='word_1_855' title='bbox 2570 5245 2859 5309; x_wconf 89' lang='lat' dir='ltr'><strong>antequam</strong></span> <span class='ocrx_word' id='word_1_856' title='bbox 2911 5237 3134 5308; x_wconf 88' lang='lat' dir='ltr'><strong>pulset:</strong></span> <span class='ocrx_word' id='word_1_857' title='bbox 3170 5237 3218 5293; x_wconf 89' lang='lat' dir='ltr'><strong>si</strong></span> <span class='ocrx_word' id='word_1_858' title='bbox 3267 5251 3367 5294; x_wconf 87' lang='lat' dir='ltr'><strong>cor</strong></span> <span class='ocrx_word' id='word_1_859' title='bbox 3397 5246 3546 5294; x_wconf 86' lang='lat' dir='ltr'><strong>tuum</strong></span> <span class='ocrx_word' id='word_1_860' title='bbox 3575 5237 3656 5293; x_wconf 85' lang='lat' dir='ltr'><strong>vi-</strong></span> 
     </span>
    </p>
   </div>
   <div class='ocr_carea' id='block_1_111' title="bbox 2050 5331 3364 5406">
    <p class='ocr_par' dir='ltr' id='par_1_111' title="bbox 2050 5331 3364 5406">
     <span class='ocr_line' id='line_1_111' title="bbox 2050 5331 3364 5406; baseline 0 -18"><span class='ocrx_word' id='word_1_861' title='bbox 2050 5331 2208 5404; x_wconf 90' lang='lat' dir='ltr'><strong>gilet,</strong></span> <span class='ocrx_word' id='word_1_862' title='bbox 2236 5332 2445 5406; x_wconf 88' lang='lat' dir='ltr'><strong>pulsat,</strong></span> <span class='ocrx_word' id='word_1_863' title='bbox 2476 5342 2530 5390; x_wconf 92' lang='lat' dir='ltr'><strong>et</strong></span> <span class='ocrx_word' id='word_1_864' title='bbox 2561 5333 2759 5406; x_wconf 89' lang='lat' dir='ltr'><strong>aperiri</strong></span> <span class='ocrx_word' id='word_1_865' title='bbox 2789 5332 2893 5390; x_wconf 91' lang='lat' dir='ltr'><strong>sibi</strong></span> <span class='ocrx_word' id='word_1_866' title='bbox 2917 5335 3142 5404; x_wconf 88' lang='lat' dir='ltr'><strong>januam</strong></span> <span class='ocrx_word' id='word_1_867' title='bbox 3171 5335 3364 5406; x_wconf 90' lang='lat' dir='ltr'><strong>poscit.</strong></span> 
     </span>
    </p>
   </div>
   <div class='ocr_carea' id='block_1_112' title="bbox 2125 5425 3656 5499">
    <p class='ocr_par' dir='ltr' id='par_1_112' title="bbox 2125 5425 3656 5499">
     <span class='ocr_line' id='line_1_112' title="bbox 2125 5425 3656 5499; baseline 0.003 -19"><span class='ocrx_word' id='word_1_868' title='bbox 2125 5425 2218 5480; x_wconf 76' lang='lat'><strong>22.</strong></span> <span class='ocrx_word' id='word_1_869' title='bbox 2253 5425 2530 5483; x_wconf 82' lang='lat' dir='ltr'><strong>Habemus</strong></span> <span class='ocrx_word' id='word_1_870' title='bbox 2558 5443 2690 5499; x_wconf 88' lang='lat' dir='ltr'><strong>ergo</strong></span> <span class='ocrx_word' id='word_1_871' title='bbox 2715 5426 2912 5484; x_wconf 64' lang='lat' dir='ltr'><strong>animae</strong></span> <span class='ocrx_word' id='word_1_872' title='bbox 2959 5437 3160 5484; x_wconf 76' lang='lat' dir='ltr'><strong>nostra:</strong></span> <span class='ocrx_word' id='word_1_873' title='bbox 3198 5428 3453 5499; x_wconf 88' lang='lat' dir='ltr'><strong>januam,</strong></span> <span class='ocrx_word' id='word_1_874' title='bbox 3489 5426 3656 5485; x_wconf 84' lang='lat' dir='ltr'><strong>habe-</strong></span> 
     </span>
    </p>
   </div>
   <div class='ocr_carea' id='block_1_113' title="bbox 2056 5519 3660 5596">
    <p class='ocr_par' dir='ltr' id='par_1_113' title="bbox 2056 5519 3660 5596">
     <span class='ocr_line' id='line_1_113' title="bbox 2056 5519 3660 5596; baseline 0.004 -21"><span class='ocrx_word' id='word_1_875' title='bbox 2056 5532 2180 5575; x_wconf 90' lang='lat' dir='ltr'><strong>mus</strong></span> <span class='ocrx_word' id='word_1_876' title='bbox 2209 5527 2266 5576; x_wconf 89' lang='lat' dir='ltr'><strong>et</strong></span> <span class='ocrx_word' id='word_1_877' title='bbox 2291 5529 2479 5592; x_wconf 87' lang='lat' dir='ltr'><strong>portas</strong></span> <span class='ocrx_word' id='word_1_878' title='bbox 2507 5519 2576 5578; x_wconf 93' lang='lat' dir='ltr'><strong>de</strong></span> <span class='ocrx_word' id='word_1_879' title='bbox 2625 5520 2822 5593; x_wconf 89' lang='lat' dir='ltr'><strong>quibus</strong></span> <span class='ocrx_word' id='word_1_880' title='bbox 2865 5521 3071 5579; x_wconf 90' lang='lat' dir='ltr'><strong>dictum</strong></span> <span class='ocrx_word' id='word_1_881' title='bbox 3101 5531 3186 5578; x_wconf 88' lang='lat' dir='ltr'><strong>est</strong></span> <span class='ocrx_word' id='word_1_882' title='bbox 3212 5537 3226 5577; x_wconf 90' lang='lat'><strong>:</strong></span> <span class='ocrx_word' id='word_1_883' title='bbox 3254 5519 3440 5578; x_wconf 84' lang='lat' dir='ltr'><strong>Tollite</strong></span> <span class='ocrx_word' id='word_1_884' title='bbox 3483 5532 3660 5596; x_wconf 85' lang='lat' dir='ltr'><strong>portas</strong></span> 
     </span>
    </p>
   </div>
   <div class='ocr_carea' id='block_1_114' title="bbox 2134 5719 3369 5798">
    <p class='ocr_par' dir='ltr' id='par_1_114' title="bbox 2134 5719 3369 5798">
     <span class='ocr_line' id='line_1_114' title="bbox 2134 5719 3369 5798; baseline 0.006 -17"><span class='ocrx_word' id='word_1_885' title='bbox 2134 5719 2162 5762; x_wconf 72' lang='grc' dir='ltr'><em>δ</em></span> <span class='ocrx_word' id='word_1_886' title='bbox 2189 5723 2310 5798; x_wconf 58' lang='lat' dir='ltr'><strong>Lib.</strong></span> <span class='ocrx_word' id='word_1_887' title='bbox 2357 5725 2427 5784; x_wconf 90' lang='lat' dir='ltr'><strong>de</strong></span> <span class='ocrx_word' id='word_1_888' title='bbox 2447 5725 2770 5798; x_wconf 82' lang='lat' dir='ltr'><strong>Virginitate</strong></span> <span class='ocrx_word' id='word_1_889' title='bbox 2794 5742 2916 5798; x_wconf 86' lang='lat' dir='ltr'><strong>cap.</strong></span> <span class='ocrx_word' id='word_1_890' title='bbox 2958 5729 3029 5786; x_wconf 80' lang='grc'><strong>15</strong></span> <span class='ocrx_word' id='word_1_891' title='bbox 3046 5769 3063 5797; x_wconf 89' lang='grc'><strong><em>,</em></strong></span> <span class='ocrx_word' id='word_1_892' title='bbox 3089 5744 3238 5786; x_wconf 92' lang='lat' dir='ltr'><strong>num.</strong></span> <span class='ocrx_word' id='word_1_893' title='bbox 3277 5727 3369 5789; x_wconf 87' lang='lat'><strong>80.</strong></span> 
     </span>
    </p>
   </div>
   <div class='ocr_carea' id='block_1_115' title="bbox 2140 5796 3256 5872">
    <p class='ocr_par' dir='ltr' id='par_1_115' title="bbox 2140 5796 3256 5872">
     <span class='ocr_line' id='line_1_115' title="bbox 2140 5796 3256 5872; baseline 0.005 -18"><span class='ocrx_word' id='word_1_894' title='bbox 2140 5804 2164 5834; x_wconf 76' lang='grc'><strong>⁸</strong></span> <span class='ocrx_word' id='word_1_895' title='bbox 2215 5796 2276 5855; x_wconf 88' lang='lat' dir='ltr'><strong>In</strong></span> <span class='ocrx_word' id='word_1_896' title='bbox 2323 5813 2408 5872; x_wconf 90' lang='lat' dir='ltr'><strong>ps.</strong></span> <span class='ocrx_word' id='word_1_897' title='bbox 2441 5796 2630 5870; x_wconf 81' lang='lat' dir='ltr'><strong>csvin,</strong></span> <span class='ocrx_word' id='word_1_898' title='bbox 2679 5796 2954 5871; x_wconf 64' lang='lat' dir='ltr'><strong>sermJQ,</strong></span> <span class='ocrx_word' id='word_1_899' title='bbox 2982 5796 3131 5859; x_wconf 90' lang='lat' dir='ltr'><strong>num.</strong></span> <span class='ocrx_word' id='word_1_900' title='bbox 3165 5801 3256 5860; x_wconf 79' lang='grc'><strong>14.</strong></span> 
     </span>
    </p>
   </div>
  </div>
