4148 6362
601 292 741 349 1⁸3ἐῦ

1604 280 2156 352 COMMENTARIUS
2193 286 2261 354 ΙΝ
2298 284 2599 354 ΟΑΝΤῘΕΑ
2635 286 2909 354 CANTIC.

3748 296 3873 362 ιθιι

602 410 859 482 principes
887 419 1102 477 uestras,
1129 419 1178 465 et
1208 410 1481 466 elevatuini
1511 419 1676 482 portae
1723 409 2016 478 wternales,
2047 420 2094 465 et
2119 411 2201 465 in-
2226 414 2279 474 Α
2304 410 2394 469 Sic
2419 426 2480 468 se
2507 422 2661 469 actus
2702 411 2949 484 corporis
2969 452 2984 478 ,
3017 419 3074 469 et
3119 419 3368 469 terrenos
3404 411 3554 468 exuit
3602 427 3797 483 mores,
3823 425 3874 472 ttt

597 503 774 559 troibit
805 501 921 559 Rea:
962 504 1147 576 gloria:
1176 502 1351 576 (Psal.
1393 519 1552 570 χχιιι,
1583 501 1663 575 7).
1698 502 1794 559 Est
1835 519 1966 575 ergo
1994 514 2045 559 et
2079 518 2195 559 coe-

594 596 707 653 lum
740 598 795 653 itt
842 598 923 652 his
952 598 1004 652 in
1034 597 1231 668 quibus
1259 607 1384 651 sunt
1429 606 1598 663 porta:
1647 597 1960 652 mternales.
2007 596 2064 653 Si
2099 596 2199 652 has

596 692 723 749 ﬁdei
777 702 883 748 tute
928 701 1115 764 portas
1158 691 1293 747 velis
1338 691 1611 757 attollere,
1643 691 1865 747 intrabit
1893 690 1962 746 ad
1995 700 2046 746 te
2077 690 2196 754 Rex

592 785 805 857 gloria,
840 783 1170 855 triumphum
1200 796 1423 855 portans
1455 784 1689 854 propriae
1716 781 2007 855 passionis.
2026 781 2200 838 Habet

593 882 738 934 cnim
784 878 994 949 justitia
1047 887 1265 948 portas,
1315 893 1440 933 nam
1495 878 1660 934 etiam
1711 876 1780 932 de
1835 875 1919 931 his
1968 876 2197 946 legimus

590 974 879 1043 scriptum,
896 972 1110 1027 dicente
1129 970 1358 1026 Domino
1376 970 1506 1027 Jesu
1532 985 1628 1040 per
1653 969 1972 1042 prophetam
1998 984 2156 1025 suum
2178 984 2193 1022 :

589 1065 800 1137 Aperite
828 1065 953 1119 mihi
984 1075 1159 1136 portas
1177 1065 1398 1135 iustitia:
1422 1062 1601 1137 (Psal.
1626 1080 1793 1131 οινιι,
1820 1062 1934 1136 19).
1959 1064 2028 1119 Ει
2056 1062 2195 1118 infra

588 1164 660 1217 ait
695 1161 956 1233 propheta
987 1160 1157 1216 David
1190 1178 1202 1215 :
1230 1158 1438 1227 Lauda,
1465 1158 1820 1224 Hierusalem,
1875 1157 2194 1225 Dominum,

584 1255 746 1309 lauda
784 1252 952 1309 Deum
992 1264 1156 1314 tuum.
1183 1252 1350 1320 Sion;
1398 1253 1645 1324 quoniam
1694 1252 2005 1323 confortavit
2050 1266 2196 1307 seras

588 1358 856 1422 portarunt
882 1358 1092 1402 tuarum
1122 1344 1299 1419 (Psal.
1326 1360 1533 1413 CXLVII,
1568 1344 1679 1415 12).

660 1441 754 1495 :25.
790 1441 888 1496 Est
915 1456 1049 1512 ergo
1079 1439 1260 1495 anima
1292 1454 1416 1510 quae
1459 1438 1626 1494 habet
1674 1439 1929 1508 jauuam,
1958 1447 2039 1492 est
2071 1451 2195 1507 quae

590 1534 758 1591 habet
808 1545 1013 1606 portas.
1047 1532 1132 1589 Ad
1182 1532 1322 1589 hanc
1366 1532 1588 1603 januam
1635 1532 1780 1586 venit
1825 1529 2109 1596 Christus,
2140 1538 2195 1585 et

588 1630 766 1699 pulsnt
796 1646 810 1683 :
841 1628 1018 1699 pulsat
1060 1636 1116 1684 et
1164 1636 1374 1698 portas.
1416 1625 1583 1697 Aperi
1631 1639 1762 1696 ergo
1811 1623 1920 1691 illi,
1952 1623 2066 1678 vult
2112 1622 2196 1678 in-

588 1722 775 1786 troire,
807 1721 919 1776 vult
944 1719 1210 1793 Sponsam
1260 1720 1507 1775 invenire
1535 1717 1873 1789 vigilantem.
1903 1714 2023 1771 Noli
2060 1731 2193 1788 ergo

2304 505 2512 561 nesciat
2549 505 2824 577 quomodo
2868 504 3083 561 etiamsi
3112 505 3262 573 velit,
3297 520 3486 561 rursus
3523 506 3738 563 induere
3765 523 3873 579 pos-

2301 598 2395 653 sit.
2418 598 2688 666 Quomodo
2717 597 2929 653 induam
2953 597 3103 652 illam
3120 598 3147 653 .9
3174 597 3288 653 Hoc
3315 608 3398 654 est
3425 613 3530 668 qua
3552 601 3870 671 verecundia,

2300 707 2409 763 quo
2457 690 2684 762 pudore,
2713 707 2816 763 qua
2869 700 3149 763 postremo
3203 693 3513 749 memoria?
3551 694 3874 753 Consuetudo

2300 785 2446 842 enim
2472 784 2596 841 boni
2613 822 2630 851 ,
2658 798 2817 841 usum
2841 786 3045 841 veteris
3076 786 3355 855 pravitatis
3375 786 3579 842 amisit.

2371 881 2461 935 27.
2498 889 2523 918 ⁸
2545 879 2786 936 Audiens
2824 879 3027 946 anima,
3048 878 3207 949 Aperi
3237 881 3396 947 mihi,
3427 890 3591 951 caput
3617 883 3751 940 roris
3778 884 3876 954 ple.

2299 987 2428 1027 num
2463 972 2689 1037 habens,
2721 971 2826 1026 hoc
2846 982 2953 1039 est,
2988 972 3379 1028 teutationibus
3406 974 3772 1044 saecularibus,
3796 991 3874 1032 sa-

2300 1063 2417 1121 bito
2447 1065 2681 1129 turbata.
2714 1077 2766 1121 et
2791 1068 2946 1136 quasi
2992 1074 3308 1123 surrectura
3335 1082 3461 1138 qua:
3487 1062 3708 1139 surgere
3732 1069 3873 1139 jube-

2300 1158 2479 1226 batur,
2500 1162 2579 1217 ait
2602 1175 2724 1216 cum
2755 1160 2937 1216 aloem
2967 1160 3245 1218 redoleret
3269 1171 3324 1218 et
3368 1161 3645 1234 myrrham
3684 1162 3875 1233 insigne

2298 1253 2600 1323 sepulturae
2630 1271 2645 1309 :
2678 1252 2820 1310 Esui
2868 1255 3099 1310 tunicam
3147 1272 3344 1323 meam,
3383 1256 3638 1327 quomodo
3682 1256 3874 1310 induam

2297 1343 2450 1399 illam
2475 1361 2493 1400 :
2518 1346 2628 1401 lavi
2667 1346 2824 1416 pedes
2870 1362 3051 1413 meos,
3099 1348 3358 1417 quomodo
3411 1346 3684 1419 inquinabo
3726 1348 3875 1403 illos?

2297 1436 2532 1495 Veretur
2554 1438 2702 1495 enim
2736 1454 2803 1493 tte
2830 1438 3028 1495 iterum
3071 1438 3127 1495 in
3161 1439 3491 1495 tentationes
3525 1448 3786 1510 resurgat,
3816 1456 3872 1495 ue

2296 1529 2493 1587 iterum
2531 1530 2583 1585 in
2612 1530 2824 1600 culpam
2857 1529 3048 1586 redeat
3076 1541 3239 1601 atque
3269 1543 3554 1600 peccatum
3573 1572 3588 1598 ,
3617 1541 3673 1585 et
3712 1545 3875 1601 egres-

2296 1637 2391 1680 sus
2424 1638 2551 1677 suos
2574 1624 2948 1694 virtutumque
2976 1621 3255 1695 profecms
3279 1623 3513 1680 terrenis
3540 1622 3751 1695 incipiat
3770 1638 3876 1680 ves-

2299 1718 2444 1790 tigiis
2476 1719 2784 1791 inquinare.

587 1814 735 1872 bono
763 1815 993 1871 amatori
1023 1816 1200 1872 facere
1228 1829 1432 1881 moras,
1461 1814 1572 1870 cito
1602 1812 1847 1869 recedit:
1874 1823 1930 1867 et
1964 1822 2020 1867 tu
2047 1827 2195 1867 som-
2221 1818 2270 1879 Β
2367 1814 2456 1871 28.
2492 1813 2653 1871 Certe
2684 1814 2788 1871 hoc
2826 1813 2990 1871 modo
3020 1814 3189 1869 etiam
3244 1813 3635 1885 perfectionem
3683 1814 3871 1870 virtutis

586 1924 659 1966 no
686 1910 931 1979 corporis
959 1911 1031 1964 tui
1075 1906 1275 1965 videris
1302 1906 1604 1963 exclusisse
1634 1905 1962 1976 pulsantem.
1992 1903 2196 1959 Exclu-

584 2001 669 2061 dis
710 2005 887 2069 enim,
917 2019 1039 2059 cum
1069 2000 1384 2059 desidiosus
1409 2016 1503 2065 es.
1531 2015 1654 2056 cum
1689 1999 1862 2070 piger,
1891 2014 2014 2054 cum
2044 2012 2193 2053 som-

585 2099 863 2155 nolentus.
893 2097 987 2153 His
1008 2098 1279 2169 repagulis
1306 2096 1557 2152 Christus
1581 2094 1890 2149 excluditur
1909 2111 1922 2148 :
1942 2092 1987 2148 si
2010 2104 2194 2149 castus

583 2199 641 2247 et
669 2192 714 2247 si
754 2190 971 2248 sobrius
1017 2190 1127 2255 sis,
1173 2204 1307 2245 cave
1352 2205 1419 2244 ne
1474 2186 1752 2258 negligens
1802 2186 1897 2241 sis.
1933 2184 2191 2256 Majorem

582 2287 806 2345 Christo
833 2288 961 2342 facit
989 2286 1240 2356 injuriam
1260 2326 1273 2349 ,
1299 2284 1391 2355 qui
1420 2282 1802 2340 advenientem
1836 2280 2074 2351 repellit.

655 2384 749 2438 24.
784 2391 809 2419 ⁸
832 2380 989 2451 Aperi
1019 2379 1167 2448 mihi,
1193 2393 1340 2434 soror
1381 2394 1524 2445 mea,
1556 2376 1793 2446 proxima
1838 2391 1951 2431 mea
1972 2391 1992 2431 :
2015 2374 2194 2445 pulsat

585 2477 653 2534 ad
698 2478 918 2551 ianuam
965 2477 1132 2533 etiam
1180 2472 1401 2547 quando
1434 2482 1489 2528 tu
1525 2471 1847 2529 dormis:si
1898 2481 2079 2528 tamen
2104 2471 2193 2527 vel

511 2577 518 2586 '
582 2572 854 2629 excitatus
895 2570 1140 2641 evigiles,
1182 2568 1270 2624 vel
1304 2576 1526 2623 vocatus
1568 2566 1787 2637 januam
1827 2566 1904 2621 tui
1956 2564 2193 2636 pectoris

583 2666 820 2735 aperias,
854 2661 1120 2718 introibit.
1151 2659 1308 2730 Quod
1334 2660 1381 2716 si
1415 2657 1587 2731 fugias
1614 2659 1905 2714 lectionem
1951 2657 2192 2730 pr0plte-

583 2758 779 2825 ticam,
821 2756 865 2811 si
894 2754 1039 2811 domi
1085 2769 1193 2808 non
1223 2750 1393 2823 legas,
1418 2752 1472 2806 in
1504 2751 1751 2808 Ecclesia
1784 2750 1974 2806 audire
2021 2751 2189 2820 nolis,

583 2866 771 2909 nonne
800 2851 941 2906 sicut
970 2849 1063 2904 ille
1089 2846 1182 2919 qui
1224 2860 1420 2902 averso
1466 2845 1721 2901 connivet
1752 2844 1944 2901 obtutu
1966 2884 1983 2913 ,
2014 2860 2084 2901 ne
2111 2845 2190 2900 vi-

583 2946 712 3002 deat
742 2944 885 3016 quod
934 2943 1107 3014 possit
1147 2941 1354 3005 videre,
1384 2939 1587 2995 claudit
1611 2939 1801 2995 oculos
1832 2954 1901 2994 ne
1927 2938 2189 3010 aspiciat,

582 3040 670 3096 cui
701 3046 940 3110 potestas
961 3035 1177 3092 videndi
1206 3043 1292 3091 est
1321 3053 1335 3090 :
1366 3043 1462 3089 aut
1482 3033 1620 3088 sicut
1649 3032 1701 3087 in
1734 3031 1918 3089 furore
1942 3033 2190 3105 plerique

583 3133 822 3202 injecere
853 3145 1045 3186 manus
1074 3128 1247 3185 oculis
1273 3127 1420 3193 suis;
1453 3128 1525 3181 ita
1553 3137 1607 3181 et
1629 3133 1685 3180 tu
1718 3125 1896 3196 primo
1922 3125 2189 3181 averteris

2298 1922 2411 1965 suae
2435 1908 2659 1977 indicat,
2678 1924 2798 1981 quae
2824 1916 3032 1965 tantam
3050 1906 3255 1966 Christi
3271 1908 3535 1965 meruerit
3552 1909 3870 1975 cltaritatem;

2298 2012 2360 2057 ut
2387 2001 2453 2056 ad
2484 2016 2604 2057 eam
2641 2003 2853 2069 veniat,
2883 2011 2938 2058 et
2969 2001 3149 2073 pulset
3185 2001 3410 2072 januam
3439 2002 3592 2071 ejus,
3632 2008 3685 2059 et
3713 2001 3873 2057 veniat

2296 2109 2424 2151 cum
2450 2094 2631 2165 Patre,
2655 2103 2715 2153 et
2740 2107 2920 2155 coenet
2949 2112 3075 2154 cum
3101 2096 3292 2153 eadem
3324 2098 3530 2165 anima,
3557 2107 3611 2154 et
3635 2097 3741 2168 ipsa
3766 2111 3870 2153 cum

2298 2203 2384 2255 eo,
2408 2188 2548 2244 sicut
2571 2189 2623 2244 in
2649 2189 3136 2263 Apocalypsidixit
3154 2189 3399 2247 Joannes
3414 2190 3692 2262 apostolus
3708 2189 3869 2262 (Apoc.

2294 2296 2377 2348 ut,
2406 2281 2524 2350 20).
2563 2281 2781 2339 Etenim
2806 2298 2933 2339 cum
2965 2284 3018 2339 in
3046 2284 3432 2355 superioribus
3461 2283 3734 2342 audisset:
3759 2282 3872 2338 Ades

2296 2373 2397 2427 huc
2425 2390 2458 2428 a
2483 2372 2725 2443 Libano;
2751 2385 2807 2433 et
2832 2390 2954 2431 cum
2979 2376 3293 2433 adverteret
3313 2377 3371 2432 in
3402 2392 3571 2435 carne
3600 2391 3657 2433 se
3679 2375 3870 2433 Christo

2295 2463 2490 2521 adesse
2515 2480 2621 2522 non
2657 2482 2838 2536 posse.
2868 2467 2968 2524 sed
2998 2477 3127 2525 tunc
3154 2468 3351 2526 adesse
3378 2469 3425 2525 si
3451 2469 3663 2527 adesset
3692 2469 3740 2525 in
3777 2468 3869 2541 spi-

2295 2558 2403 2616 ritu
2423 2601 2438 2626 ,
2464 2559 2816 2617 conformans
2855 2576 2917 2618 se
2944 2562 3014 2618 ad
3040 2563 3160 2634 ejus
3183 2564 3527 2620 voluntatem
3545 2605 3561 2631 ,
3592 2577 3647 2620 ut
3671 2571 3869 2627 essetet

2295 2652 2412 2724 ipsa
2440 2652 2739 2710 conformis
2771 2655 2993 2727 imagini
3033 2655 3235 2713 Christi
3259 2672 3280 2723 ;
3311 2656 3427 2728 jam
3456 2673 3564 2713 non
3593 2657 3746 2714 sentit
3768 2671 3869 2711 car-

2294 2750 2384 2806 nis
2412 2750 2661 2818 exuvias,
2695 2750 2811 2823 jam
2854 2751 3014 2824 quasi
3067 2754 3295 2823 spiritus
3336 2769 3545 2812 exuens
3570 2770 3629 2812 se
3652 2752 3869 2825 corporis

2294 2843 2704 2914 conjunctione,
2748 2844 2860 2913 jam
2906 2845 3063 2917 quasi
3105 2847 3377 2914 oblita,et
3404 2863 3523 2920 quae
3560 2848 3605 2905 si
3627 2847 3765 2916 velit,
3790 2861 3862 2902 co-

2294 2940 2436 3010 pulae
2479 2940 2626 2996 illius
2653 2942 2975 2999 meminisse
2998 2957 3106 3000 non
3135 2945 3328 3015 possit,
3356 2946 3437 3001 ait
3463 2962 3478 2999 :
3502 2944 3641 3001 Ezui
3668 2945 3866 3000 tunicam

2293 3052 2491 3101 meam,
2534 3038 2792 3104 quomodo
2839 3036 3060 3093 induam
3100 3037 3264 3093 eam?
3297 3039 3440 3095 Exul
3484 3040 3627 3099 enim
3655 3037 3865 3094 tunicam

2292 3130 2440 3186 illam
2471 3131 2788 3202 pellieeam,
2814 3147 2975 3203 quam
3005 3142 3338 3204 acceperunt
3366 3134 3537 3190 Adam
3559 3144 3613 3191 et
3637 3132 3740 3189 Eva
3763 3139 3865 3202 post

584 3225 899 3284 conniventi
929 3225 1097 3295 magis
1126 3221 1587 3284 dissimulatione,
1634 3235 1797 3292 quam
1828 3217 2193 3290 refragalione
2221 3229 2269 3296 (ς
2299 3225 2547 3294 culpam,
2593 3226 2829 3282 tunicam
2877 3227 3228 3295 corruptelae,
3260 3227 3501 3287 tunicam
3541 3230 3862 3302 passionum:

586 3330 878 3395 praerupta.
904 3319 1052 3374 Nam
1085 3332 1209 3374 cum
1238 3315 1307 3372 ad
1331 3314 1635 3371 Ecclesiam
1689 3313 1844 3369 venis
1872 3321 1927 3369 et
1961 3323 2012 3369 te
2033 3311 2191 3369 Chri-

584 3416 817 3472 stianum
850 3411 1065 3486 1595
1102 3426 1225 3466 esse
1274 3408 1508 3472 asseris,
1547 3423 1711 3461 sanus
1750 3405 1984 3473 videris,
2010 3405 2191 3477 aperis

582 3510 772 3567 oculos
797 3507 994 3579 quibus
1023 3504 1199 3576 possis
1228 3501 1417 3557 videre
1447 3517 1460 3553 :
1491 3498 1588 3555 sed
1633 3498 1761 3554 dum
1789 3497 1980 3554 audire
2029 3496 2191 3552 dissi-

584 3602 763 3659 mulas
810 3615 931 3671 qua:
980 3597 1251 3669 leguntur,
1280 3591 1491 3649 claudis
1538 3607 1608 3648 ne
1652 3591 1840 3647 videas
1882 3591 2009 3659 tibi,
2040 3598 2096 3646 et
2142 3590 2188 3646 si

2296 3316 2563 3384 Quomodo
2589 3319 2806 3374 induam
2832 3318 3021 3375 illam?
3048 3318 3167 3377 Non
3199 3322 3432 3392 requirit
3459 3334 3517 3377 ut
3547 3321 3758 3379 induat:
3782 3316 3863 3374 sed

2293 3409 2367 3465 ita
2395 3410 2666 3481 signiﬁcat
2710 3411 3009 3483 abjectam,
3043 3421 3106 3470 ut
3144 3415 3258 3485 jam
3289 3414 3611 3473 indumento
3637 3413 3736 3472 sibi
3760 3424 3864 3469 esse

2294 3517 2401 3559 non
2431 3514 2639 3574 posset.

2362 3597 2454 3655 29.
2488 3595 2672 3659 (νοτε.
2695 3596 2777 3668 5.)
2808 3595 2935 3653 Lavi
2961 3599 3118 3671 pedes
3142 3616 3303 3667 meos,
3331 3601 3588 3672 quomodo
3615 3596 3862 3672 inquinabo

584 3697 706 3752 aliis
734 3692 921 3749 videre
959 3688 1214 3745 videaris.
1252 3684 1440 3755 lnjicis
1464 3683 1629 3739 etiam
1659 3682 1919 3753 quasdam
1947 3681 2189 3753 perﬁdia:
2287 3693 2409 3749 suo.
2431 3690 2456 3745 .9
2481 3690 2594 3746 [loc
2619 3699 2727 3759 est,
2757 3692 2989 3763 vestigia
3017 3709 3137 3749 mea
3170 3694 3273 3750 lavi
3293 3737 3309 3759 ,
3331 3695 3464 3751 dum
3491 3695 3789 3768 egrederer,
3807 3704 3861 3746 ac

583 3799 641 3844 et
671 3783 1106 3855 intemperantiae
1136 3795 1330 3837 manus
1355 3778 1531 3834 oculis
1568 3776 1763 3832 animai
1795 3785 1922 3843 tuae,
1952 3785 2008 3831 et
2033 3777 2191 3832 (ιωοί-

585 3891 752 3941 tatem
798 3880 968 3938 infers
997 3876 1149 3934 cordi
1184 3883 1275 3931 tuo
1310 3872 1490 3946 (quod
1533 3881 1618 3928 est
1655 3870 1907 3944 gravius)
1934 3870 2187 3927 volunta-

583 3978 719 4034 riam
746 3992 761 4043 ;
792 3983 849 4030 ιιι
875 3973 1067 4029 videns
1098 3986 1205 4025 non
1229 3967 1439 4035 videas,
1470 3965 1697 4021 audiens
1731 3980 1838 4020 non
1869 3964 2079 4018 audias.

653 4071 745 4125 25.
777 4068 941 4124 Putas
974 4075 1023 4121 te
1065 4063 1241 4121 sciunt
1275 4076 1397 4118 esse
1438 4075 1560 4116 cum
1610 4058 1931 4123 fornicaris,
1974 4068 2030 4115 et
2078 4073 2188 4114 non

583 4163 927 4231 recordaris,
960 4158 1082 4230 quia
1116 4156 1257 4213 ocuii
1311 4154 1525 4211 Domini
1566 4152 1757 4209 vident
1797 4151 1984 4208 orbem
2020 4160 2188 4208 terra-

584 4261 747 4320 rum?
785 4258 902 4314 Non
951 4254 1107 4310 audis
1151 4252 1423 4308 dicentem
1452 4266 1465 4303 :
1491 4247 1628 4303 Ecce
1668 4247 1803 4301 venit
1832 4246 1961 4300 hora
1989 4255 2043 4299 ut
2076 4245 2186 4299 dis-

585 4352 874 4428 pergamini
896 4348 1245 4421 unusquisque
1267 4346 1321 4399 in
1344 4360 1462 4408 sua,
1481 4352 1526 4396 et
1552 4358 1630 4396 me
1656 4340 1826 4396 solum
1851 4340 2187 4411 relinquatis:

583 4448 673 4503 scd
704 4463 807 4501 non
847 4459 962 4500 sum
990 4441 1167 4504 solus;
1197 4438 1317 4511 quia
1348 4435 1505 4492 Pater
1534 4451 1731 4489 mecum
1758 4443 1831 4488 est
1862 4430 2043 4503 (Joan.
2074 4448 2183 4501 xvt,

582 4543 700 4613 δέ).
730 4539 899 4596 Adest
944 4550 1074 4607 ergo
1119 4533 1307 4601 Pater,
1333 4530 1487 4586 adest
1524 4538 1580 4585 et
1621 4527 1790 4585 Filius
1833 4527 1965 4595 Dei,
1992 4527 2187 4584 adsunt

2290 3800 2380 3841 me
2407 3785 2677 3841 elevarem
2710 3785 2778 3840 de
2803 3786 3055 3858 corporis
3085 3788 3470 3856 contubernio,
3514 3789 3581 3845 de
3632 3789 3716 3844 illa
3755 3802 3862 3843 con-

2290 3880 2530 3937 nexione
2577 3890 2636 3936 et
2682 3879 3054 3937 familiaritate
3125 3882 3363 3938 carnalis
3412 3883 3861 3954 amplexumque-

2292 3973 2455 4031 tnodo
2484 3974 2783 4045 inquinabo
2813 3989 2899 4041 ea,
2926 3975 3067 4030 utin
3096 3976 3342 4047 corporis
3388 3978 3708 4043 claustrum,
3740 3984 3787 4032 et
3809 3972 3861 4027 il-

2290 4067 2403 4124 lum
2436 4067 2784 4125 tenebrosum
2815 4068 3131 4139 passionum
3160 4070 3279 4140 ejus
3304 4085 3583 4129 carcerem
3612 4064 3860 4126 revertar?

2292 4165 2385 4222 Sic
2430 4164 2716 4235 passiones
2763 4165 3090 4236 sepelimus,
3115 4165 3160 4221 si
3190 4180 3413 4223 crucem
3443 4166 3605 4238 hujus
3645 4158 3861 4234 corporis

2291 4274 2400 4315 non
2446 4258 2825 4325 resolvamus;
2854 4258 2898 4313 si
2930 4257 3348 4330 chirographum
3396 4262 3600 4331 peccati
3629 4257 3756 4331 quod
3782 4255 3861 4310 de-

2287 4353 2456 4409 letum
2485 4362 2600 4420 est,
2624 4354 2676 4409 in
2716 4367 2881 4409 cruce
2902 4351 3109 4409 Christi
3155 4368 3263 4411 n0u
3308 4356 3693 4418 rescribamus,
3718 4350 3761 4407 si
3783 4363 3861 4405 ve-

2290 4447 2422 4503 teris
2452 4445 2688 4501 bominis
2733 4446 2991 4502 amictum
3039 4461 3201 4516 quem
3244 4449 3530 4515 exuimus,
3559 4463 3662 4502 non
3691 4444 3858 4501 indua-

2289 4553 2431 4595 mus.
2478 4538 2751 4608 Scriptum
2782 4546 2869 4594 est
2905 4538 3050 4593 enim
3102 4539 3159 4596 in
3188 4537 3453 4597 Canticis:
3477 4540 3615 4597 Επιιὶ
3659 4537 3859 4594 tunicam

585 4635 858 4701 ministri,
889 4632 1084 4687 adsunt
1109 4626 1404 4685 Cberuhim
1432 4633 1485 4680 et
1506 4622 1820 4695 Seraphim,
1850 4622 1943 4693 qui
1964 4621 2182 4679 dicunt.
2211 4633 2266 4695 1)
2291 4647 2489 4697 meum,
2525 4629 2785 4702 quomodo
2822 4629 3040 4685 induam
3075 4646 3190 4685 eam
3212 4632 3237 4684 ?
3267 4634 3370 4688 lavi
3399 4634 3551 4704 pedes
3578 4647 3727 4695 meos,
3749 4640 3859 4699 quo-

586 4731 833 4794 Sanctus,
878 4734 1112 4788 sanctus,
1152 4728 1380 4787 sanctus,
1424 4718 1577 4801 plena
1614 4728 1685 4773 est
1714 4726 1855 4773 terra
1895 4715 2185 4790 majestatis

584 4840 688 4883 tua:
717 4822 889 4898 (Esai.
932 4818 1037 4892 vt).
1068 4816 1267 4872 Plenus
1310 4824 1391 4870 est
1429 4813 1573 4869 enim
1606 4811 1839 4869 mundus
1882 4811 2141 4867 virtutum
2164 4851 2181 4879 ,

584 4920 708 4994 quia
739 4918 931 4991 plenus
954 4921 1039 4969 est
1066 4909 1427 4981 neqttitiarutn
1454 4925 1467 4960 :
1502 4906 1695 4977 plenus
1722 4914 1806 4961 est
1834 4904 1983 4961 orbis
2015 4913 2185 4960 terra-

583 5029 704 5071 rum
734 5007 1013 5077 remediis,
1042 4996 1168 5077 quia
1202 5002 1514 5073 plcnusest
1544 4997 1768 5068 laqueis.

653 5107 745 5164 26.
777 5103 960 5179 (Vers.
988 5100 1068 5170 5.)
1101 5098 1131 5138 b
1164 5096 1301 5154 Επιιὶ
1327 5094 1555 5149 tunicam
1576 5107 1773 5151 meam.
1801 5090 2057 5162 quomodo
2094 5090 2181 5145 in-

581 5202 735 5257 duam
766 5195 954 5254 illam?
998 5192 1214 5249 Etenim
1246 5190 1299 5245 itt
1333 5189 1434 5243 hac
1466 5185 1649 5242 Stl‘Ctlll
1698 5193 1857 5240 nocte
1904 5183 2051 5255 prius
2084 5181 2182 5240 tibi

580 5292 879 5367 corporalis
906 5291 1029 5346 vitta
1059 5286 1290 5343 amictus
1314 5290 1402 5338 est
1419 5277 1746 5344 cauendus;
1776 5278 1924 5333 exuit
1950 5275 2093 5334 enim
2120 5291 2181 5334 se

579 5406 798 5451 carnem
823 5385 1109 5445 Dominus.
1134 5392 1191 5436 ut
1219 5394 1318 5450 pro
1347 5388 1399 5433 te
1424 5374 1493 5433 de
1519 5373 1979 5430 dominationibus
2000 5380 2055 5430 et
2080 5390 2178 5446 po-

581 5485 866 5546 testatibus
908 5476 1096 5537 mundi
1146 5472 1309 5545 hujus
1355 5470 1734 5539 triumpharet.
1784 5465 2053 5535 Quomodo
2092 5470 2178 5523 in-

578 5583 734 5638 duam
768 5575 956 5633 illam?
998 5568 1157 5635 Vide,
1195 5564 1375 5621 anima
1406 5562 1518 5619 Deo
1558 5558 1777 5625 devota,
1822 5560 1950 5633 quid
2001 5560 2172 5617 dicat.

651 5753 678 5782 ει
703 5744 759 5798 In
784 5737 919 5810 psal.
947 5744 1138 5810 eam,
1160 5726 1358 5810 sermJ
1374 5762 1389 5790 ,
1411 5720 1649 5810 ιιιιιιιτιμ
1666 5725 1733 5810 et
1744 5718 1847 5810 ἐξ.

650 5814 678 5856 ι’
704 5789 1339 5875 ὦῗᾶε-Ῠιτείιιιιιισ,
1376 5789 1496 5868 cap.
1530 5793 1622 5864 t0,
1662 5805 1814 5850 nutu.
1863 5789 1953 5851 ιδ.

2289 4724 2444 4781 modo
2468 4724 2750 4795 inquinabo
2779 4724 2910 4779 eos?
2944 4724 3264 4782 Mortiﬁcate
3306 4726 3471 4798 igitur
3496 4734 3620 4783 sunt
3641 4719 3858 4793 corporis

2288 4818 2554 4886 membra,
2580 4834 2682 4876 cur
2709 4818 2828 4890 ejus
2855 4819 3126 4889 pullulant
3149 4820 3326 4876 vitia?
3367 4820 3496 4879 Ideo
3537 4837 3641 4878 non
3670 4828 3854 4890 prtere-

2286 4911 2383 4967 luit
2414 4912 2498 4966 lex
2519 4953 2535 4979 ,
2562 4911 2684 4982 quia
2730 4927 2949 4969 carnem
2997 4927 3104 4968 nou
3156 4912 3511 4971 mortiﬁcavit
3538 4932 3551 4970 :
3585 4914 3701 4969 ideo
3722 4904 3856 4981 quasi

2287 5004 2479 5059 umbra
2531 5004 2823 5074 praeteriit,
2865 5006 2990 5074 quia
3037 5020 3144 5061 non
3212 5005 3608 5063 decoloravit:
3652 5002 3856 5069 ideoque

2287 5097 2635 5155 obumbravit
2663 5111 2762 5155 nos
2788 5111 2822 5154 a
2842 5098 2962 5155 sole
2985 5098 3236 5170 jllSlllliB,
3262 5100 3390 5172 quia
3417 5095 3749 5157 coacervavit
3764 5090 3855 5148 cri-

2286 5192 2454 5248 mina.

2360 5286 2450 5342 30.
2469 5283 2496 5323 ἀ
2515 5284 2822 5356 Aliquando
2842 5286 3044 5345 nudam
3063 5301 3211 5352 esse,
3230 5286 3445 5344 virtutis
3483 5283 3731 5344 indicium
3750 5284 3850 5343 est.

2285 5376 2411 5449 quia
2444 5378 2709 5447 scriptum
2736 5376 3016 5435 cst:Ea:ui
3043 5379 3273 5434 tunicam
3296 5396 3493 5447 meum,
3522 5372 3761 5452 quomodo
3783 5370 3852 5425 itte

2285 5468 2446 5525 duam
2479 5486 2593 5526 eam
2617 5470 2642 5525 ?
2671 5468 2775 5526 lani
2803 5470 2958 5544 pedes
2988 5488 3146 5540 meos,
3168 5474 3424 5544 quomodo
3452 5468 3720 5545 inquinabo
3741 5459 3851 5521 eos!

2283 5561 2456 5629 Quam
2481 5561 2641 5633 igitur
2660 5563 2895 5619 tunicam
2918 5563 3148 5630 exuerit,
3180 5573 3237 5621 et
3263 5578 3370 5622 non
3398 5563 3659 5621 invenerit
3679 5568 3848 5631 quem-

2354 5730 2374 5797 ξε
2399 5717 2539 5797 _Lib.
2568 5717 2836 5797 delsaac,
2859 5719 3084 5797 capr,
3111 5720 3380 5797 ιιιιπιιῇᾂ.
3446 5772 3449 5797 λ

2338 5787 2364 5826 ει
2383 5790 2544 5862 Apol.
2565 5790 2602 5846 2
2625 5776 2964 5866 uindices.
2988 5776 3049 5861 9,
3067 5776 3217 5851 nam.
3236 5776 3315 5852 δέ
3330 5776 3393 5850 in
3444 5776 3536 5847 ιιιι.
3571 5794 3622 5845 ει
3647 5780 3732 5841 te.
