4148 6362
258 284 399 354 i933

1259 290 1301 347 E
1339 284 1647 351 SCRIPTIS
1687 291 1744 349 S.
1787 281 2119 349 AMBROSII
2157 286 2589 352 COLLECTUS.

3423 286 3561 352 199.6

250 410 540 469 admodum
585 409 773 465 induat
822 421 943 464 eam
964 449 977 473 .
1026 407 1095 464 dc
1122 407 1423 479 Scripturis
1449 409 1495 463 si
1529 421 1844 478 possumus,
1872 416 1926 476 Α
1952 407 2123 475 quitas
2153 415 2260 469 tua.
2288 407 2400 477 ﬁlia
2429 405 2595 471 Sion,
2627 424 2728 464 non
2751 408 2962 479 adjiciet
2994 417 3043 463 te
3071 405 3329 477 expellere
3354 407 3558 462 adhuc:

252 506 580 561 revolemus.
613 504 708 558 Est
724 501 868 558 enim
893 501 1141 574 quaedam
1167 503 1343 557 tunica
1375 502 1703 572 corporalis,
1728 511 1854 555 sunt

251 597 610 668 cupiditatum
640 593 887 667 qutedatn
937 594 1143 650 intesta
1190 595 1461 651 velamina
1487 611 1503 663 ;
1534 603 1590 650 et
1621 593 1744 650 ideo
1774 595 1857 649 in-

256 691 465 745 terdum
499 689 693 743 melius
720 697 805 743 est
832 687 1035 743 uttdum
1066 701 1190 743 esse
1216 701 1469 759 corpore,
1500 702 1661 756 quam
1687 685 1857 741 corde

254 785 513 841 velatum.
548 781 703 841 Unde
745 783 908 839 etiam
957 782 1157 838 Paulus
1187 796 1286 837 nos
1326 782 1605 847 admonet,
1644 780 1857 854 1595

255 877 546 947 exspoliari
574 877 746 932 multo
770 876 966 931 melius
994 888 1118 931 esse
1146 890 1306 942 quam
1348 874 1708 944 supervestiri
1731 914 1745 939 ,
1775 875 1859 928 di-

256 983 387 1026 cens
427 970 558 1027 alibi
591 985 604 1023 :
646 967 1012 1041 Eupoliantes
1040 984 1128 1022 vos
1171 978 1386 1022 veterem
1435 968 1692 1022 hominem
1739 982 1858 1021 cunt

255 1066 458 1123 actibus
498 1066 628 1131 suis,
655 1066 854 1120 induite
890 1080 1078 1120 novum
1116 1066 1204 1136 qui
1251 1074 1529 1119 renovatur
1553 1066 1607 1119 in
1635 1065 1859 1137 agnitio-

256 1175 403 1225 nem,
431 1158 711 1214 secundum
755 1160 1033 1230 imaginem
1062 1160 1174 1227 eius
1200 1158 1288 1226 qui
1333 1159 1523 1212 creavit
1550 1174 1685 1213 eum.
1717 1159 1858 1229 Ergo

253 1270 377 1323 qua:
396 1253 700 1322 exspoliata
718 1264 823 1319 est,
838 1262 895 1307 et
914 1251 1079 1323 pedes
1100 1251 1243 1309 lotos
1257 1254 1439 1322 habet,
1468 1252 1641 1307 nescit
1666 1266 1859 1321 quem-

252 1347 546 1403 admodum
602 1346 877 1418 inquinari
919 1360 1028 1402 non
1085 1346 1297 1417 possit;
1327 1346 1670 1402 obliviscitur
1711 1346 1855 1401 enim

254 1458 356 1514 per
381 1442 633 1513 gratiam,
662 1441 803 1512 quod
840 1442 1095 1495 hauserat
1124 1456 1221 1511 per
1251 1451 1524 1497 naturam.

326 1538 416 1594 51.
448 1545 475 1574 ι
497 1535 628 1591 Lavi
671 1536 825 1605 pedes
866 1551 1025 1600 meos,
1052 1536 1311 1607 quomodo
1358 1537 1645 1609 inquinabo
1682 1536 1806 1593 illos
1833 1535 1861 1591 2’

252 1627 502 1685 Didicisd
551 1630 604 1684 in
632 1629 959 1701 Evangelio,
984 1630 1129 1701 quod
1161 1630 1326 1701 pedes
1357 1631 1538 1687 lavare
1587 1631 1712 1687 ﬁdei
1742 1647 1860 1703 my—

245 1725 506 1791 sterium,
542 1723 867 1779 humilitatis
890 1724 1102 1797 insigne
1132 1724 1395 1794 sit,juxta
1418 1727 1561 1797 quod
1592 1728 1856 1796 scriptum

1959 500 2180 555 uisitauit
2220 501 2516 572 iniquitates
2557 512 2699 567 tuas,
2749 503 2861 573 ﬁlia
2904 501 3105 570 Edoni,
3140 503 3381 558 reuelauit
3410 517 3566 570 super

1960 603 2169 664 peccata
2210 604 2299 648 tua
2342 593 2558 666 (Thren.
2593 610 2665 660 tv,
2697 595 2814 670 2|).
2866 597 3125 652 Advertis
3154 596 3411 667 quoniam
3460 594 3566 651 ini-

1957 690 2138 762 quitas
2184 705 2291 745 non
2340 689 2516 760 potuit
2560 692 2680 749 sine
2704 692 2800 747 Dei
2832 692 3146 747 visitatione
3174 691 3431 758 deﬁcere,
3467 705 3569 747 nec

1962 782 2124 851 plena
2166 796 2290 840 esse
2326 784 2622 850 correctio,
2670 785 2771 840 nisi
2820 800 2917 855 per
2947 786 3176 855 gratiam
3203 784 3420 840 Domini
3451 784 3570 841 Sal-

1958 879 2206 933 vatnris?
2237 879 2525 947 Quomodo
2554 888 2737 935 antem
2768 880 2985 936 deﬁciat
3026 880 3306 951 iniquitas,
3335 880 3457 935 audi
3488 880 3570 935 di—

1960 980 2174 1027 centem
2226 971 2524 1027 Ecclesium
2559 987 2572 1025 :
2604 972 2739 1027 Επαὲ
2790 975 3016 1028 tunicam
3066 989 3260 1038 meam,
3308 973 3566 1042 quomodo

1958 1066 2172 1119 induam
2213 1065 2375 1119 eam?
2405 1064 2534 1120 Lavi
2581 1066 2734 1135 pedes
2776 1080 2936 1131 meos,
2983 1065 3241 1137 quomodo
3286 1064 3567 1135 inquinabo

1961 1172 2046 1213 eos
2066 1159 2092 1212 ?
2121 1156 2334 1214 Veteris
2362 1158 2527 1229 igitur
2553 1158 2792 1213 hominis
2820 1161 3206 1214 vestimentum
3232 1158 3377 1214 vitiis
3415 1172 3570 1214 erro-

1962 1253 2038 1308 ris
2085 1254 2349 1307 lntextum
2370 1294 2383 1317 ,
2431 1251 2485 1307 in
2537 1252 2739 1307 lavacri
2770 1252 3186 1322 regeneratione
3215 1251 3526 1323 depositum
3548 1293 3564 1318 ,

1960 1349 2134 1405 nescit
2162 1348 2440 1420 quomodo
2470 1348 2641 1419 possit
2670 1348 2895 1404 induere
2922 1366 2935 1415 ;
2971 1348 3154 1404 studio
3181 1349 3323 1402 enim
3351 1362 3567 1405 correc-

1963 1443 2128 1498 tionis
2158 1443 2465 1498 inoleverat
2492 1441 2696 1497 oblivio
2725 1451 3096 1511 peccatorum.
3124 1441 3299 1496 Tanta
3326 1440 3410 1496 vis
3431 1455 3566 1496 con-

1962 1548 2245 1594 summatae
2273 1537 2674 1593 emendationis
2703 1545 2807 1605 est,
2835 1545 2890 1593 ut
2918 1537 2970 1592 in
2999 1535 3289 1608 quamdam
3317 1535 3565 1605 pueritia:

1962 1631 2151 1688 redeat
2179 1630 2441 1702 spiritalis
2481 1640 2697 1685 trtatem
2720 1672 2734 1697 ,
2765 1646 2888 1701 qua:
2916 1630 3029 1685 vias
3057 1628 3264 1685 erroris
3313 1628 3523 1700 ignoret
3549 1642 3565 1693 ;

1961 1726 2168 1783 crimen
2199 1727 2412 1782 etiamsi
2441 1724 2595 1789 velit,
2623 1741 2731 1780 non
2764 1726 2935 1792 possit
2957 1724 3282 1788 admittere;
3314 1722 3439 1793 quia
3464 1721 3565 1777 deo

244 1827 341 1874 est
368 1837 381 1871 :
410 1818 472 1874 Si
502 1834 595 1891 ego
623 1818 726 1872 lavi
768 1819 924 1891 pedes
964 1829 1157 1874 vestros
1205 1818 1457 1875 Dominus
1503 1830 1551 1877 et
1579 1822 1850 1892 magister,
1884 1830 1932 1891 Β
1959 1822 2201 1877 sueverit
2225 1835 2355 1877 usus
2383 1833 2546 1876 nosse
2577 1820 2859 1891 peccandi.

243 1924 447 1980 quanto
490 1912 656 1982 magis
697 1928 786 1967 vos
826 1913 1019 1968 debetis
1059 1914 1195 1969 alter
1223 1914 1439 1969 alterius
1489 1915 1642 1981 pedes
1686 1915 1860 1970 lavare

248 2006 442 2078 (Joan.
474 2020 591 2073 sui,
630 2004 754 2077 ll)!
799 2005 906 2064 Sed
954 2005 1057 2062 hoc
1082 2008 1149 2063 ad
1183 2007 1549 2064 humilitatem
1601 2008 1856 2079 pertinet.

246 2103 526 2170 Quantum
575 2114 706 2155 vero
755 2098 821 2155 ad
870 2100 1221 2173 mysterium,
1256 2100 1422 2170 pedes
1465 2101 1629 2156 debet
1676 2102 1860 2157 lavare

247 2211 410 2259 suos,
438 2195 533 2267 qui
561 2196 679 2251 vult
709 2205 920 2264 partem
951 2195 1154 2251 habere
1199 2208 1323 2251 cum
1351 2194 1572 2251 Christo
1595 2212 1609 2248 :
1636 2194 1696 2251 Si
1726 2194 1863 2250 enim

248 2306 364 2346 non
393 2291 586 2356 lavero,
611 2290 804 2362 inquit,
829 2291 920 2345 tibi
948 2295 1123 2362 pedes,
1150 2307 1251 2346 non
1281 2291 1490 2347 habebis
1530 2302 1727 2362 partem
1759 2308 1863 2347 me-

249 2398 382 2439 cum
408 2380 573 2457 (Ibid.
598 2382 678 2454 8).
698 2382 835 2439 Cum
862 2385 969 2439 hoc
1002 2384 1164 2440 Petro
1193 2382 1416 2449 dicitur,
1442 2384 1571 2455 quid
1603 2382 1672 2440 de
1703 2384 1864 2440 nobis

250 2476 556 2534 censetur?
579 2478 681 2545 Qui
711 2477 842 2533 lavit
872 2478 1035 2549 igitttr
1065 2476 1254 2547 pedes,
1284 2492 1391 2533 non
1422 2490 1651 2534 necesse
1701 2478 1866 2534 habet

254 2572 460 2626 iterum
491 2570 679 2627 lavare
703 2587 718 2638 ;
739 2581 794 2626 et
824 2569 947 2627 ideo
972 2581 1162 2627 caveat
1194 2586 1262 2627 ne
1286 2570 1536 2642 inquinet
1557 2585 1674 2627 eos.

339 2663 427 2720 δεῖ.
471 2663 539 2720 Et
581 2664 720 2720 bene
773 2674 958 2720 sancta
1013 2663 1261 2721 Ecclesia
1315 2664 1485 2721 dicit:
1526 2664 1656 2720 Lavi
1713 2667 1868 2738 pedes

254 2773 439 2824 meos;
467 2772 575 2812 non
617 2757 772 2824 dicit,
820 2757 1098 2828 quomodo
1141 2759 1337 2813 lterum
1391 2759 1581 2815 lavabo
1607 2774 1731 2827 eos,
1767 2761 1866 2816 sed

254 2850 525 2922 quomodo
569 2852 753 2907 iterum
800 2851 1080 2923 inquinabo
1144 2867 1233 2907 eos
1281 2850 1491 2918 ,δ’ουεεὶ
1533 2851 1700 2907 oblita
1749 2867 1868 2907 ma-

254 2942 407 2999 culae
434 2941 660 3010 veteris,
689 2943 858 3000 oblita
901 2943 1168 3015 contagil,
1205 2941 1464 3000 admonet
1510 2944 1784 3017 quomodo
1814 2945 1867 3000 iu

257 3037 572 3095 ministerio
618 3038 890 3110 corporali
962 3040 1249 3111 spirituale
1297 3040 1594 3096 debeamus
1649 3048 1867 3095 actuum

258 3140 582 3187 nostrorum
624 3131 836 3188 diluere
866 3133 1179 3203 vestigium.
1213 3133 1400 3204 itaque
1430 3134 1599 3202 pedes
1624 3148 1747 3188 eum
1777 3150 1866 3191 se-

2035 1918 2127 1974 55.
2160 1916 2345 1992 (Vers.
2368 1915 2451 1988 4.)
2482 1913 2507 1954 ἀ
2534 1913 2724 1971 Frater
2753 1930 2897 1972 meus
2929 1914 3067 1970 misit
3090 1920 3299 1969 manum
3329 1928 3476 1969 suam
3507 1911 3572 1967 de

1964 2022 2264 2085 prospectu,
2294 2020 2343 2067 et
2373 2022 2543 2067 venter
2587 2027 2729 2066 meus
2773 2010 3105 2065 conturbatus
3140 2018 3213 2065 est
3242 2022 3399 2079 super
3429 2023 3563 2062 eum.

1964 2104 2253 2162 Ezsurrexi
2283 2122 2375 2179 ego
2403 2106 2604 2177 aperire
2629 2104 2779 2177 fratri
2809 2120 2941 2159 meo.
2971 2102 3159 2158 Manus
3190 2117 3317 2156 mea:
3343 2099 3572 2155 distilla-

1963 2186 2145 2256 rerunt
2192 2200 2485 2272 myrrham,
2519 2198 2669 2270 digiti
2716 2198 2817 2253 mei
2868 2198 3082 2269 myrrha
3131 2197 3291 2269 pleni.
3323 2195 3566 2251 Primum

1965 2306 2094 2366 ergo
2139 2302 2413 2361 tamquam
2458 2307 2488 2347 a
2533 2300 2826 2364 prospectu
2879 2290 3050 2346 mittit
3102 2302 3325 2346 manum
3369 2300 3525 2343 suam
3559 2324 3576 2353 ,

1965 2387 2184 2460 quando
2211 2389 2355 2443 Deus
2396 2400 2462 2443 ex
2507 2386 2768 2457 operibus
2813 2385 3139 2450 aestimatur,
3182 2382 3326 2438 unde
3355 2381 3434 2436 ait
3465 2396 3478 2434 :
3508 2379 3572 2436 Si

1968 2481 2094 2536 mihi
2128 2496 2231 2536 non
2269 2479 2515 2548 creditis,
2551 2479 2791 2552 operibus
2838 2478 3037 2534 credite
3084 2477 3279 2551 (Joan.
3330 2490 3383 2541 x,
3434 2472 3568 2542 58).

1970 2576 2178 2633 Deinde
2206 2585 2436 2646 augetur
2473 2589 2647 2640 amor,
2688 2581 2743 2628 et
2773 2572 2980 2628 intitnis
3011 2569 3314 2627 visceribus
3343 2580 3579 2636 concep-

1969 2680 2055 2726 tus
2093 2668 2361 2726 inolescit.
2409 2667 2541 2725 Inde
2570 2666 2896 2736 intelligibill
2944 2678 3122 2731 utero,
3154 2664 3346 2734 inquo
3372 2670 3455 2716 est
3483 2674 3573 2716 re-

1967 2766 2305 2835 ceptaculum
2354 2764 2551 2833 Verbi,
2592 2763 2890 2821 seminibus
2921 2762 3041 2833 ejus
3081 2760 3302 2822 inlusis,
3338 2758 3575 2830 plenitu-

1970 2859 2151 2915 dinem
2183 2857 2301 2929 ejus
2326 2857 2684 2928 corporaliter
2715 2855 3110 2912 inbabitantem
3145 2853 3364 2909 haurire
3393 2849 3574 2906 anima

1971 2961 2153 3010 nostra
2182 2951 2498 3017 desiderat;
2531 2966 2636 3006 non
2666 2949 2810 3006 enim
2849 2949 3097 3005 turbatur
3125 2955 3313 3003 uterus
3344 2946 3575 3001 femina-

1970 3065 2121 3113 rum,
2157 3048 2257 3104 nisi
2288 3062 2409 3119 qutc
2441 3042 2638 3103 iuerint
2665 3045 2787 3103 alvo
2811 3059 3022 3117 graves.
3048 3043 3233 3117 Surgit
3272 3041 3439 3114 igitur
3460 3039 3583 3095 ani-

1972 3156 2056 3197 ma
2082 3150 2141 3196 ut
2172 3141 2385 3210 aperiat
2412 3138 2504 3196 Dei
2533 3136 2735 3205 Verbo,
2760 3138 2854 3194 sed
2887 3136 3012 3192 dttm
3040 3150 3100 3193 se
3128 3135 3386 3208 expandit
3416 3142 3579 3204 atque

258 3227 380 3282 mel
410 3228 605 3283 laveris
635 3227 824 3283 aeterni
855 3226 1017 3283 fontis
1039 3227 1263 3299 irriguo,
1288 3239 1341 3283 et
1371 3230 1611 3301 tttyslerii
1643 3229 1870 3284 munda—
1896 3231 1941 3295 C
1973 3234 2168 3306 aperit,
2194 3238 2253 3288 ut
2281 3246 2448 3303 opera
2479 3231 2665 3287 mundi
2712 3230 2871 3287 istius
2895 3229 3057 3286 Verbi
3088 3227 3405 3299 receptione
3431 3241 3582 3282 mor-

259 3322 416 3379 veris
453 3332 815 3387 sacratnento,
841 3336 973 3378 cave
1001 3323 1193 3377 iterum
1246 3337 1530 3393 corporeae
1557 3322 1870 3394 cupiditatis

259 3418 534 3485 illuviem,
564 3433 631 3473 ne
662 3417 913 3473 lutulenti
942 3427 1100 3473 actus
1144 3417 1376 3472 terrenis
1405 3415 1663 3473 sordibus
1691 3418 1870 3488 inqui-

260 3522 473 3569 nentur
536 3511 628 3567 Isti
672 3521 797 3567 sunt
843 3511 1009 3583 pedes
1037 3524 1172 3584 quos
1200 3512 1369 3567 David
1398 3512 1531 3568 lavit
1559 3512 1611 3567 in
1643 3512 1862 3584 spiritu,

260 3609 362 3681 qui
395 3616 448 3663 te
475 3606 634 3664 docet
657 3606 1111 3678 quemadmodum
1139 3622 1238 3663 eos
1283 3608 1570 3678 inquinare
1598 3624 1704 3662 non
1738 3622 1868 3678 pos-

260 3703 371 3769 sis,
403 3699 628 3758 dicens:
655 3698 862 3757 Stantes
878 3710 1023 3756 erant
1056 3701 1213 3771 pedes
1242 3701 1432 3768 nostri,
1467 3701 1519 3755 in
1551 3701 1697 3756 atriis
1729 3701 1832 3755 tuis
1851 3742 1866 3767 ,

268 3795 603 3851 Hierusalem
633 3792 806 3867 (Psal.
832 3808 979 3863 cur,
1007 3793 1085 3866 2).
1120 3794 1317 3866 Utique
1348 3794 1434 3850 hic
1463 3811 1570 3850 non
1597 3795 1869 3866 corporis,

262 3888 370 3946 sed
402 3887 571 3943 animi
618 3888 859 3959 intelligo
900 3887 1109 3959 pedes;
1156 3887 1435 3959 quomodo
1490 3888 1637 3945 enim
1695 3896 1876 3944 terre-

264 3998 379 4040 nus
410 3984 575 4038 homo
605 3983 659 4039 in
688 3982 829 4040 ccelo
859 3983 1082 4039 haberet
1111 3983 1358 4055 corporis
1385 3981 1588 4053 pedes?
1622 3982 1877 4039 Hierusa-

264 4077 405 4143 lem,
437 4076 578 4132 sicut
604 4074 807 4132 Paulus
833 4083 885 4131 te
911 4075 1119 4144 docuit,
1167 4077 1220 4131 in
1244 4076 1388 4133 ctelo
1417 4086 1540 4133 est:
1565 4084 1621 4133 et
1646 4076 1789 4134 idem
1821 4085 1875 4133 te

262 4168 464 4225 docuit
506 4167 963 4239 quemadmodum
1015 4170 1067 4224 in
1114 4169 1256 4226 ctelo
1304 4178 1452 4225 stare
1504 4170 1701 4240 possis,
1748 4182 1873 4225 cum

264 4261 410 4318 dicit
438 4278 450 4314 τ
480 4259 679 4316 Nostra
719 4271 890 4317 autem
929 4262 1249 4318 conversatio
1274 4262 1329 4317 in
1358 4262 1502 4317 cretis
1528 4272 1602 4317 est
1644 4261 1875 4334 (Philip.

264 4370 352 4419 ιιι.
384 4354 500 4429 20).
533 4354 890 4412 Conversatio
931 4369 1176 4425 morum,
1203 4357 1549 4413 conversatio
1578 4358 1874 4425 factorum,

264 4455 622 4511 conversatio
652 4453 796 4510 fidei.

345 4548 441 4607 55.
472 4545 652 4603 ι)1⁵ἐεἰ
672 4547 940 4623 judicium
983 4557 1030 4602 et
1068 4547 1365 4621 justitiam,
1419 4559 1524 4602 non
1569 4546 1747 4601 tradas
1800 4560 1879 4599 me

1975 3329 2175 3395 tillcet,
2201 3328 2340 3383 sicut
2366 3327 2458 3383 ille
2483 3325 2572 3397 qui
2597 3327 2672 3382 ait
2704 3343 2716 3380 :
2744 3324 3199 3395 Mortiﬁcationem
3224 3322 3437 3379 Domini
3455 3322 3582 3380 Jesu

1972 3425 2029 3479 in
2059 3439 2275 3490 corpore
2306 3432 2481 3477 nostro
2512 3421 2923 3491 circumferimus
2954 3419 3030 3493 (ll
3060 3417 3182 3473 Cor.
3208 3433 3285 3486 tv,
3313 3414 3584 3490 l9).Ergo

1973 3518 2101 3574 dum
2147 3519 2351 3589 aperit,
2400 3516 2593 3571 transit
2666 3514 2952 3586 Sponsus;
2996 3514 3112 3569 vult
3164 3515 3310 3569 enini
3366 3524 3585 3583 semper

1972 3611 2175 3684 quaeri,
2212 3610 2550 3682 frequentius
2582 3609 2837 3664 inveniri.
2861 3608 2932 3664 Et
2962 3608 3007 3662 si
3039 3608 3279 3661 clausam
3313 3606 3588 3662 invenerit

1970 3704 2226 3776 ianuam,
2260 3702 2476 3775 pulsat;
2508 3711 2561 3758 et
2596 3702 2639 3756 si
2674 3717 2769 3773 per
2796 3717 3003 3757 moram
3038 3698 3253 3774 1596
3298 3698 3459 3754 fuerit
3488 3715 3586 3755 ex-

1975 3797 2181 3863 clusus,
2208 3796 2454 3862 recedit;
2488 3794 2583 3851 sed
2620 3795 2731 3850 cito
2770 3794 2943 3858 redit,
2971 3794 3019 3849 ci
3053 3794 3252 3849 iterum
3282 3793 3491 3863 pulsat,
3525 3801 3587 3849 ut

1977 3890 2058 3947 vel
2098 3900 2291 3960 postea
2318 3888 2588 3959 Sponsam
2617 3896 2771 3944 suam
2802 3887 3046 3944 inveniat
3076 3894 3457 3955 praeparatam.

2047 3984 2139 4042 56.
2183 3985 2368 4041 Potest
2412 3983 2631 4055 quidem
2697 3991 2752 4039 et
2809 3984 2889 4038 sic
2937 3981 3149 4052 accipi,
3204 3978 3395 4035 Frater
3445 3994 3590 4035 meus

1978 4080 2212 4136 transivit
2241 4095 2262 4134 :
2291 4078 2430 4134 sicut
2463 4078 2697 4148 legimus
2726 4074 2869 4145 quod
2914 4074 3220 4146 penetravit
3263 4072 3475 4129 dilectm
3506 4073 3592 4126 in-

1981 4176 2109 4232 tima
2134 4173 2492 4230 medullarum
2511 4216 2525 4239 ,
2554 4171 3012 4242 quemadmodum
3036 4170 3102 4225 ad
3132 4171 3354 4226 Mariam
3378 4169 3584 4225 dictum

1981 4279 2064 4328 est
2092 4288 2105 4324 :
2130 4266 2200 4325 Et
2229 4278 2371 4323 tuam
2418 4267 2585 4340 ipsius
2631 4265 2857 4321 animam
2886 4264 3216 4339 pertransibit
3246 4264 3454 4333 gladius
3476 4305 3489 4329 ,
3533 4271 3591 4318 nt

1980 4362 2268 4419 revelentur
2288 4360 2569 4417 multorum
2592 4359 2827 4415 sordium
2847 4360 3186 4433 cogitationes
3213 4356 3364 4431 (Luc.
3396 4372 3456 4425 tt,
3472 4356 3591 4427 5b).

1984 4457 2226 4529 Denique
2270 4453 2480 4513 addidit
2525 4452 2774 4524 Sponsa,
2822 4454 3059 4509 animam
3105 4467 3258 4507 suam
3307 4453 3491 4507 exisse
3536 4452 3590 4505 in

1984 4552 2154 4609 verbo
2201 4549 2351 4620 ejus,
2397 4547 2542 4618 quod
2574 4547 2636 4603 ﬁt
2673 4547 2894 4626 quando
2923 4547 3103 4601 anima
3134 4546 3519 4616 peregrinatur
3555 4558 3586 4598 a

266 4638 713 4699 calumniantibus
740 4656 841 4695 me.
871 4639 973 4696 Ubi
999 4640 1234 4711 iustitia,
1263 4639 1337 4695 ibi
1363 4638 1757 4695 misericordia.
1779 4638 1877 4694 Mi-
1904 4630 1960 4691 D
1985 4661 2239 4716 corpore,
2267 4656 2318 4700 et
2352 4643 2466 4701 Deo
2497 4657 2744 4716 praesens
2771 4653 2873 4697 est.
2909 4640 3152 4697 Audiens
3185 4641 3302 4695 haec
3346 4639 3594 4709 Sponsus

266 4736 579 4797 sericordia
609 4753 638 4792 a
664 4746 886 4807 peccato
915 4736 1126 4791 liberat.
1163 4734 1448 4805 Quomodo
1473 4748 1603 4805 ergo
1634 4740 1881 4802 peccato-

267 4834 432 4892 ribus
458 4831 687 4890 trador?
729 4831 923 4889 Simile
960 4844 1040 4887 εει
1071 4828 1203 4886 illud
1233 4830 1288 4885 in
1316 4830 1560 4887 Canticis
1594 4846 1606 4884 :
1633 4825 1776 4885 Ercui
1801 4841 1883 4884 tu-

268 4930 451 4984 nicam
476 4943 670 4994 meam,
694 4926 950 4998 quomodo
977 4925 1187 4980 induam
1215 4926 1365 4981 eam?
1392 4924 1517 4980 Lavi
1545 4924 1698 4994 pedes
1718 4941 1878 4991 meos,

266 5021 535 5091 quomodo
578 5019 855 5095 inquinabo
894 5019 1021 5077 eos?
1067 5018 1205 5076 Exui
1261 5020 1495 5075 tunicam
1544 5020 1882 5090 peccatoris,

268 5125 641 5192 velamenque
673 5120 910 5187 terreni;
944 5135 1042 5177 cur
1079 5118 1235 5191 quasi
1264 5126 1521 5192 peccator
1561 5127 1723 5185 atque
1772 5125 1880 5171 ter-

268 5232 450 5274 renus
496 5215 821 5289 adjudicor?
872 5215 999 5271 Lavi
1049 5214 1217 5287 pedes
1266 5227 1453 5280 meos,
1486 5227 1555 5270 ne
1611 5224 1715 5282 qua
1746 5224 1881 5283 pec-

268 5316 387 5373 cati
427 5329 548 5371 sors
591 5318 777 5385 posset
827 5310 1108 5366 adhaerere
1141 5306 1406 5381 vestigio;
1439 5321 1536 5363 cur
1571 5305 1668 5362 das
1710 5305 1882 5361 inme

268 5406 726 5480 delinquentibus
758 5403 1130 5477 potestatem?

354 5498 451 5559 '54.
480 5512 504 5542 ε
530 5494 830 5557 Hieremias
871 5498 929 5555 in
971 5495 1086 5554 suis
1121 5493 1357 5553 Tbreuis
1401 5493 1513 5550 ait:
1541 5491 1741 5566 Defecit
1781 5491 1884 5547 ini-

370 5730 539 5788 ηιιι).
570 5730 638 5787 de
665 5718 1017 5798 Virginitate,
1066 5736 1186 5798 cap.
1238 5718 1626 5798 10,nttm.5_7.

370 5801 397 5842 ι’
418 5800 479 5875 _ln
501 5802 640 5875 psal.
656 5791 842 5862 cxviu.
868 5791 1035 5856 serui.
1063 5791 1336 5875 “Lauta.
1368 5791 1436 5851 ιι
1464 5794 1519 5875 i_n
1543 5792 1667 5849 llne.

367 5883 389 5913 ε
415 5873 473 5932 In
504 5865 657 5946 'psal.
708 5886 891 5938 cxvm,
942 5884 1108 5929 serm.
1142 5865 1225 5924 ’22
1252 5908 1266 5936 ,
1290 5881 1439 5924 num.
1468 5865 1522 5923 ι.

1984 4739 2131 4797 Πὶίςῆ
2169 4738 2546 4809 operationem
2571 4752 2724 4792 suam
2751 4735 2994 4793 Verbum
3016 4779 3030 4803 ,
3074 4745 3345 4807 tamquam
3375 4748 3471 4804 per
3501 4746 3593 4788 ca-

1982 4848 2203 4890 vernam
2226 4874 2240 4899 ,
2269 4847 2375 4887 non
2398 4831 2576 4887 adhuc
2603 4829 2742 4886 facie
2767 4830 2834 4885 ad
2864 4829 3058 4885 faciem
3091 4844 3104 4882 :
3136 4827 3281 4882 misit
3311 4836 3587 4895 tamquam

1984 4941 2204 4984 manum
2224 4968 2239 4992 ,
2274 4923 2338 4980 Et
2364 4935 2557 4992 venter,
2584 4924 2780 4992 inquit,
2804 4938 2948 4977 meus
2969 4921 3303 4976 conturbatus
3330 4928 3406 4975 est
3434 4933 3595 4989 super

1986 5035 2123 5076 eum.
2153 5016 2412 5086 Quisquis
2437 5019 2518 5073 sic
2543 5015 2700 5081 vivit,
2732 5022 2912 5085 potest
2937 5013 3121 5069 dicere
3148 5030 3163 5068 :

2059 5112 2148 5168 37.
2179 5120 2204 5149 θ
2228 5106 2419 5165 Frater
2456 5125 2603 5164 meus
2633 5108 2771 5163 misit
2796 5122 3012 5161 manum
3054 5120 3205 5159 suam
3240 5119 3333 5177 per
3373 5119 3591 5177 prospe-

1987 5217 2144 5270 ctum,
2174 5213 2223 5259 et
2252 5211 2423 5258 venter
2442 5218 2586 5257 meus
2604 5198 2943 5256 conturbatus
2965 5206 3038 5253 est
3061 5195 3132 5250 ad
3160 5196 3347 5251 illum:
3383 5192 3591 5250 surrexi

1989 5299 2192 5373 aperire
2216 5297 2370 5368 fratri
2394 5314 2524 5352 meo.
2550 5296 2755 5352 Bonum
2784 5301 2868 5349 est
2886 5300 2944 5347 ut
2964 5290 3031 5346 ad
3053 5289 3348 5345 adventqu
3378 5285 3593 5343 Domini

1988 5395 2246 5452 interiora
2296 5393 2599 5449 turbentur.
2641 5390 2701 5448 Si
2732 5389 2797 5444 ad
2851 5386 3028 5457 angeli
3070 5384 3370 5442 adventum
3426 5381 3597 5437 Maria

1991 5487 2209 5545 turbata
2242 5493 2348 5556 est,
2383 5493 2588 5559 quanto
2613 5483 2786 5555 magis
2823 5480 2891 5538 ad
2928 5479 3135 5538 Christi
3176 5492 3278 5535 nos
3306 5474 3599 5532 turbantur

2070 5711 2095 5751 ι¹
2138 5713 2231 5787 _ln.
2260 5712 2583 5787 psal.cxvttt,
2634 5712 2800 5769 serui.
2833 5709 3100 5787 lituum.
3134 5704 3226 5787 ιε

2073 5794 2098 5824 ο
2136 5774 2274 5843 Lib.'
2290 5785 2358 5843 de
2375 5774 2721 5858 Virginitate,
2743 5796 2864 5853 cap.
2893 5780 2981 5846 li,
3007 5792 3159 5835 nun.
3187 5774 3279 5834 σο.
