4148 6362
627 244 767 304 1927

1624 245 2175 308 COMMENTARIUS
2215 247 2282 308 IN
2321 248 2620 309 CANTICA
2661 249 2929 310 CANTIC.

3755 260 3874 322 I928

619 362 919 419 adventum
941 361 954 418 ε
975 361 1333 421 Influentibus
1354 361 1552 436 quippe
1573 363 1794 433 divinis,
1815 380 2113 434 corporeus
2137 381 2227 434 pe-
2253 373 2308 435 Α
2402 369 2494 423 41.
2537 368 2787 424 Surrexit
2815 367 3031 439 aperire
3050 407 3066 435 ,
3093 372 3148 422 et
3182 378 3347 438 opera
3369 366 3485 439 ejus
3521 376 3575 426 et
3607 371 3732 430 facta
3756 392 3875 431 rnor-

618 457 922 528 regrinatur
963 457 1219 521 affectus,
1248 466 1304 512 et
1351 471 1480 512 usus
1523 457 1615 512 ille
1651 458 1941 512 exterioris
1983 456 2220 512 hominis

615 549 899 608 exolescit.
928 547 998 604 Et
1043 556 1102 604 tu
1133 549 1382 614 turbare,
1415 558 1468 603 tu
1498 548 1712 604 festina.
1765 549 2110 605 Festinantes
2138 548 2216 603 illi

610 658 810 716 agnum
859 641 1186 699 manducare
1225 642 1636 713 principiulitur.
1688 641 1896 714 Surge,
1929 643 2112 714 aperi,
2148 641 2215 696 ad

608 737 830 809 januam
876 735 1127 793 Christus
1156 742 1274 800 est,
1303 735 1571 792 vestibula
1612 735 1808 791 domus
1853 746 1957 791 tua:
1999 734 2217 805 pulsat:

610 831 657 888 si
684 831 984 902 aperueris,
1035 828 1312 895 introibit,
1347 838 1403 885 et
1431 827 1679 884 introibit
1727 843 1849 884 cum
1879 827 2058 884 Patre.
2105 825 2218 882 Nec

609 923 788 981 solum
829 938 951 980 cum
1000 922 1277 994 ingressus
1328 921 1513 986 fuerit,
1559 920 1870 977 mercedem
1919 919 2212 990 relinquit:

611 1018 709 1076 sed
759 1020 922 1075 etiam
964 1016 1278 1090 priusquam
1309 1015 1677 1088 ingrediatur,
1722 1016 2033 1072 mercedem
2076 1031 2212 1086 pra:-

612 1112 800 1170 mittit.
832 1111 1026 1169 Adhuc
1049 1111 1230 1166 anima
1247 1109 1516 1177 turbatur,
1547 1109 1725 1166 adhuc
1757 1109 1990 1181 parietes
2021 1108 2214 1164 domus

615 1221 729 1264 sua:
764 1203 950 1276 palpat
973 1246 989 1272 ,
1011 1203 1190 1260 adhuc
1244 1204 1445 1260 ostium
1477 1202 1672 1274 qumrit
1704 1201 1792 1258 ubi
1823 1201 2066 1258 Christus
2094 1209 2212 1263 est.

609 1300 790 1358 adhuc
818 1300 980 1357 solvit
1014 1299 1287 1357 vinculum
1319 1300 1500 1356 carnis
1527 1306 1583 1355 et
1606 1299 1856 1372 corporis
1876 1299 2212 1365 claustrum,

611 1393 787 1451 adhuc
816 1393 1066 1449 Christus
1091 1391 1223 1449 foris
1253 1392 1455 1463 pulsat.

701 1489 794 1547 38.
828 1498 854 1525 τι
885 1488 1017 1557 Quae
1059 1495 1147 1544 est
1189 1486 1431 1543 fenestra
1485 1495 1696 1555 nostra,
1749 1487 1855 1542 nisi
1905 1501 2004 1558 per
2047 1501 2210 1557 quam

609 1597 780 1655 opera
831 1581 1035 1638 Christi
1077 1580 1362 1647 videmus,
1417 1580 1608 1636 oculus
1669 1579 1880 1636 scilicet
1928 1579 2095 1635 animi
2158 1587 2215 1635 et

611 1675 812 1732 mentis
845 1675 1068 1730 obtutus
1094 1674 1118 1729 τ
1146 1675 1209 1729 Et
1232 1672 1358 1729 ideo
1379 1715 1394 1741 ,
1416 1674 1596 1745 _virgo,
1623 1688 1723 1744 per
1745 1673 2038 1730 fenestram
2065 1684 2209 1728 tuam

2329 461 2532 516 tilieata
2566 471 2695 517 sunt
2722 461 2944 518 mundo.
2981 461 3134 516 Talis
3167 460 3310 517 enim
3362 461 3519 519 debet
3542 479 3656 522 esse
3682 468 3833 523 anima
3858 513 3872 538 ,

2321 569 2445 624 qua:
2483 554 2723 611 Verbum
2747 563 2832 611 est
2875 564 3156 624 receptura
3179 595 3193 621 ,
3227 563 3285 609 ut
3308 555 3568 612 moriatur
3608 559 3806 627 mundo,
3831 569 3877 616 et

2321 649 2723 720 consepeliatur
2765 649 2821 704 in
2846 649 3069 704 Christo
3095 665 3111 714 ;
3141 648 3221 704 sic
3251 648 3394 704 enim
3430 648 3669 707 Christus
3695 653 3874 710 invenio

2323 751 2440 809 tur,
2471 751 2527 798 et
2556 742 2665 798 tale
2686 743 2790 798 sibi
2823 741 3021 814 quarrit
3066 741 3386 814 hospitium.
3448 743 3642 800 Deinde
3665 745 3769 816 ipsa
3793 748 3878 804 mi-

2319 834 2544 890 nisteria
2573 835 2974 905 operationlnn,
3004 833 3057 889 id
3081 842 3185 899 est,
3207 849 3398 890 manus
3422 845 3476 890 et
3499 835 3669 906 digiti,
3707 839 3877 910 quibus

2318 926 2803 997 comprehenditur
2820 926 3088 992 Christus,
3114 926 3505 982 mortificantur
3528 932 3690 999 {quos
3709 930 3880 1000 digitos

2318 1022 2466 1078 velut
2491 1022 2787 1079 eminentia
2837 1022 3104 1078 factorum
3153 1031 3462 1077 nostrorum
3506 1037 3664 1093 opera
3696 1022 3875 1097 1597

2318 1131 2609 1187 possumus
2668 1117 2966 1173 aestimare.
3011 1116 3199 1187 Itaque
3232 1115 3378 1170 velut
3419 1131 3449 1171 e
3485 1117 3754 1186 complexu
3794 1133 3877 1175 suo

2319 1228 2440 1267 cum
2487 1211 2598 1283 jam
2619 1213 2935 1268 extenderet
2963 1211 3332 1283 intelligibiles
3369 1227 3556 1268 manus
3579 1226 3698 1269 suas
3724 1221 3774 1270 et
3808 1214 3876 1269 di-

2315 1306 2491 1378 gitos,
2531 1315 2590 1362 ut
2640 1306 3134 1378 comprehenderet
3179 1304 3454 1374 Verbum,
3501 1309 3751 1364 transisse
3791 1309 3874 1364 sibi

2318 1400 2472 1467 illud,
2504 1415 2610 1454 non
2638 1408 2816 1455 tamen
2847 1399 3024 1456 adhuc
3053 1400 3419 1472 pertransisse
3448 1401 3619 1455 anima
3639 1400 3718 1471 pia
3746 1401 3872 1456 dicit.

2317 1491 2384 1547 Et
2408 1491 2549 1546 hunc
2568 1507 2882 1562 processum
2906 1492 3090 1557 habet,
3105 1491 3322 1564 quando
3351 1492 3542 1548 transit
3563 1504 3614 1549 et
3636 1504 3876 1564 pertrans-

2315 1585 2356 1641 it
2381 1585 2618 1640 auimam
2651 1585 2890 1642 Verbum
2939 1587 3055 1653 Dei,
3096 1587 3219 1657 quia
3252 1587 3510 1658 scriptum
3533 1597 3648 1644 est:
3671 1586 3734 1642 Et
3758 1597 3876 1642 tuam

2315 1678 2481 1750 ipsius
2496 1680 2721 1734 animum
2741 1679 3076 1749 pertransibit
3097 1681 3328 1754 gladius,
3343 1691 3400 1735 ut
3418 1681 3694 1737 revelentur
3715 1683 3877 1737 multo-

605 1768 854 1826 Christus
879 1769 1131 1833 introeat,
1171 1765 1423 1823 Christus
1443 1783 1660 1824 manum
1691 1783 1844 1824 suam
1875 1767 2088 1823 mittat:
2114 1781 2211 1837 per
2241 1780 2290 1841 Β
2315 1791 2433 1828 rum
2463 1773 2699 1829 cordium
2736 1775 3074 1845 cogitationes
3123 1773 3274 1845 (Luc.
3307 1791 3366 1842 lt,
3413 1775 3527 1846 55).
3558 1774 3686 1830 Hinc
3723 1775 3876 1830 adhuc

606 1864 902 1921 fenestram
927 1863 1024 1920 tibi
1054 1861 1219 1919 Verbi
1262 1863 1475 1932 veniat,
1520 1878 1628 1918 non
1671 1863 1920 1933 corporis
1942 1876 2120 1917 amor.
2152 1859 2210 1916 Si

605 1957 766 2031 igitur
792 1973 886 2028 per
915 1955 1208 2012 fenestram
1229 1965 1373 2012 tuam
1391 1971 1610 2012 manum
1632 1955 1797 2011 mittit
1823 1954 1917 2010 Dei
1942 1953 2203 2020 Verbum,

612 2051 738 2106 vide
757 2049 1221 2121 quemadmodum
1255 2048 1521 2105 fenestras
1569 2057 1688 2103 tuas
1716 2061 1992 2118 prinpares
2018 2086 2035 2112 ,
2084 2045 2209 2100 vide

613 2144 1073 2219 quemadmodum
1147 2144 1217 2199 ab
1259 2145 1406 2199 omni
1461 2143 1689 2214 pulvere
1734 2141 2062 2198 delictorum
2114 2138 2208 2195 de-

607 2248 826 2310 tergere
861 2236 1083 2294 debeas.
1110 2235 1257 2291 Nihil
1287 2245 1486 2292 tetrum
1519 2234 1778 2300 habeant,
1811 2232 1946 2287 nihil
1996 2231 2209 2286 adulte-

601 2331 782 2388 rinum
801 2329 1055 2388 fenestrae
1103 2329 1348 2402 virginis.
1392 2328 1592 2385 Procul
1623 2328 1848 2384 stibium
1895 2337 1949 2381 et
1975 2332 2206 2382 caeteras

600 2426 838 2484 affectati
863 2441 1034 2498 nugas
1060 2424 1298 2492 decoris,
1324 2424 1512 2496 procul
1537 2421 1829 2480 adulterini
1851 2419 2054 2476 amoris
2085 2419 2206 2475 ille-

599 2521 811 2578 cebras.
846 2519 1053 2578 Similis
1110 2519 1320 2575 aurium
1377 2517 1626 2575 clausura
1676 2525 1802 2580 est,
1854 2515 2050 2586 quibus
2094 2528 2204 2568 non

599 2613 983 2687 suspendenda
1013 2627 1215 2681 onera,
1257 2626 1366 2668 non
1389 2611 1601 2682 ﬁgenda
1643 2609 1870 2666 vulnera
1891 2650 1905 2674 ,
1936 2606 2035 2664 sed
2066 2621 2204 2663 unus

597 2721 825 2767 ornatus
855 2715 961 2776 est,
993 2706 1186 2764 audire
1222 2705 1367 2778 quod
1396 2705 1591 2776 prosit.

667 2802 962 2877 39.(Vers.
991 2798 1376 2873 6.)”Aperui,
1419 2798 1615 2869 inquit,
1646 2796 1801 2870 fratri
1847 2811 1983 2861 meo;
2039 2797 2204 2867 frater

596 2912 740 2952 incus
771 2893 1023 2950 transivit.
1068 2891 1350 2962 Quomodo
1405 2890 1688 2959 transivit,
1730 2888 1783 2945 id
1822 2897 1943 2956 est,
2001 2885 2202 2942 mentis

597 2991 812 3048 interna
839 2987 1166 3060 penetravit,
1190 2987 1330 3042 sicut
1355 2985 1560 3042 dictum
1585 2994 1670 3041 est
1708 2982 1923 3040 Mariae:
1958 2979 2026 3036 Et
2056 2991 2200 3035 tuam

591 3087 754 3161 ipsius
779 3086 1006 3141 animum
1039 3081 1365 3154 pertransibit
1403 3081 1633 3154 gladius.
1674 3077 1869 3134 Vivum
1900 3076 2049 3132 enim
2097 3073 2198 3130 Dei

2316 1868 2598 1934 transitur,
2629 1884 2736 1924 non
2766 1869 3156 1938 pertransitur;
3193 1877 3250 1924 nt
3279 1871 3331 1925 in
3361 1868 3526 1925 Maria
3551 1870 3602 1926 in
3635 1869 3872 1939 posterio-

2311 1961 2463 2017 ribus
2500 1961 2639 2018 forte
2683 1964 3066 2034 pertransitur,
3119 1963 3207 2018 ubi
3252 1971 3527 2036 tamquam
3573 1962 3873 2036 signaculum

2309 2057 2532 2127 ponitur
2562 2054 2614 2110 ill
2648 2055 2826 2112 medio
2855 2055 2974 2127 ejus
3006 2057 3264 2112 Dominus
3295 2057 3481 2114 Jesus.

2378 2151 2471 2206 42.
2507 2151 2752 2222 Denique
2797 2155 2981 2208 statim
3033 2150 3177 2207 alius
3233 2151 3518 2222 profectus
3567 2151 3723 2210 Verbi
3774 2165 3876 2222 per-

2311 2245 2670 2308 transeuntis,
2711 2246 2835 2314 quia
2866 2244 3037 2300 exivit
3089 2244 3270 2299 anima
3325 2245 3382 2301 in
3416 2243 3594 2302 Verbo
3617 2243 3763 2315 ejus;
3789 2241 3876 2298 hoc

2308 2351 2416 2404 est,
2446 2339 2686 2396 Verbum
2717 2338 2837 2410 ejus
2865 2347 3050 2394 secuta
3091 2339 3265 2394 exivit
3314 2338 3383 2395 de
3414 2353 3662 2410 corpore,
3687 2338 3875 2394 elevans

2307 2447 2368 2490 se
2392 2433 2462 2490 de
2513 2433 2632 2504 ejus
2660 2433 2998 2500 habitaculo,
3031 2441 3086 2488 et
3132 2432 3482 2504 peregrinam
3522 2447 3582 2488 se
3607 2430 3793 2487 faciens
3814 2427 3871 2494 ei,

2306 2534 2369 2582 ut
2396 2525 2615 2582 adesset
2639 2527 2772 2592 Deo,
2795 2534 2851 2582 et
2877 2525 3172 2582 essetcivis
3201 2536 3539 2582 sanctorum.
3571 2523 3730 2582 Simul
3749 2521 3871 2578 enim

2305 2630 2363 2676 et
2389 2619 2572 2676 carnis
2605 2619 2890 2676 domestici
2936 2629 2991 2676 et
3022 2618 3118 2675 Dei
3146 2633 3269 2675 esse
3301 2636 3410 2674 non
3442 2633 3736 2690 possumus.
3755 2616 3872 2685 Ergo

2307 2715 2360 2770 in
2392 2713 2495 2769 hoc
2517 2714 2639 2771 loco
2669 2715 2820 2770 exire
2841 2713 3272 2784 significatur,ut
3297 2711 3439 2782 dixi,
3474 2707 3873 2781 anima,qnando

2305 2807 2524 2863 abducit
2573 2823 2634 2865 se
2677 2823 2706 2862 a
2737 2809 2982 2877 corporis
3010 2806 3403 2879 voluptatibus.
3437 2807 3675 2878 Denique
3725 2802 3871 2874 scrip-

2308 2913 2418 2959 tum
2448 2911 2534 2959 est
2562 2918 2576 2955 :
2616 2901 2714 2957 Exi
2743 2902 2808 2957 de
2834 2899 3122 2973 Babylone,
3151 2900 3358 2976 fugiens
3385 2919 3418 2956 a
3440 2899 3691 2956 Chaldazt's
3718 2894 3867 2970 (Emi.

2304 3013 2496 3062 XLVIII,
2528 2995 2648 3070 ‘20).
2696 2996 2814 3053 Non
2857 2996 3040 3068 utique
3094 3005 3150 3052 ut
3198 2996 3455 3068 regiones
3485 2993 3760 3068 Babylonis
3783 2989 3873 3046 lle-

2305 3089 2486 3146 brzeus
2519 3091 2706 3162 fugiat,
2758 3090 2856 3147 sed
2886 3104 3094 3157 mores,
3127 3099 3184 3145 ut
3234 3090 3556 3160 prophetico
3584 3088 3872 3144 admonetur

591 3183 844 3248 verbum.
872 3179 1014 3236 sicut
1042 3176 1252 3249 gladius
1276 3184 1490 3242 acutus.
1516 3183 1808 3246 penetrans
1826 3170 2196 3242 corporalium
2225 3175 2269 3239 C
2303 3185 2583 3256 alloquio:
2611 3183 2880 3255 siquidem
2901 3183 3184 3253 sintquiin
3203 3182 3487 3255 Babylone
3511 3189 3635 3238 sunt
3662 3175 3870 3236 Hebraei.

591 3275 848 3348 repagula
893 3274 1322 3345 cogitationum‘,
1356 3270 1539 3328 cordis
1583 3271 1796 3326 interna
1841 3267 2091 3322 rimatur.
2137 3265 2198 3320 ln

589 3371 759 3430 cubili
785 3384 916 3442 ergo
943 3379 1036 3425 tuo
1070 3375 1127 3424 et
1163 3375 1434 3423 nocturno
1468 3365 1520 3421 in
1567 3375 1815 3434 tempore
1865 3359 2194 3427 constituta,

589 3478 809 3535 semper
846 3461 1112 3519 meditare
1132 3459 1432 3526 Christum,
1463 3467 1519 3514 et
1545 3458 1665 3527 ejus
1698 3454 1992 3510 adventum
2023 3451 2200 3508 omni-

590 3557 693 3615 bus
711 3566 932 3629 sperato
954 3554 1263 3610 momentis.
1291 3552 1348 3610 Si
1377 3550 1596 3607 tardare
1621 3548 1717 3606 tibi
1744 3546 1982 3613 videtur,
2007 3560 2195 3602 exsur-

589 3666 678 3724 ge.
717 3649 959 3706 Tardare
986 3646 1224 3714 videtur,
1249 3660 1372 3700 cum
1403 3643 1495 3700 diu
1523 3642 1764 3700 dormis:
1806 3639 2023 3696 tardare
2048 3637 2197 3694 vide-

588 3753 698 3812 tur,
745 3757 868 3800 cum
892 3741 962 3799 ab
987 3740 1234 3796 oratione
1280 3752 1477 3794 vacas:
1523 3734 1740 3792 tardare
1781 3731 2029 3796 videtur,
2064 3745 2188 3786 cum

589 3855 781 3898 vocem
836 3853 945 3896 non
1003 3835 1207 3894 excitas
1258 3832 1502 3907 psalmis.
1562 3829 1838 3888 Primitias
1887 3826 2195 3900 vigiliarum

589 3943 807 3992 tuarum
863 3930 1086 3988 Christo
1113 3929 1325 3998 dicato,
1384 3925 1656 4000 primitias
1700 3935 1920 3980 actuum
1978 3931 2194 3975 tuorum

589 4027 810 4086 Christo
841 4026 1086 4085 immola.

659 4123 752 4179 40.
786 4119 978 4196 (Vers.
1021 4116 1123 4192 5.)
1169 4129 1191 4158 ο
1226 4115 1447 4175 Surrexi
1493 4130 1585 4188 ego
1624 4110 1827 4184 aperire
1865 4107 2018 4182 fratri
2046 4121 2195 4174 meo;

587 4233 771 4274 manus
802 4232 928 4272 mea:
955 4215 1340 4272 distillaverunt
1358 4212 1643 4283 myrrham,
1677 4206 1825 4280 digiti
1855 4205 1954 4261 mei
1982 4201 2195 4276 myrrha

587 4311 726 4386 pleni
753 4320 874 4368 sunt
903 4325 1058 4382 super
1090 4326 1274 4364 manus
1302 4307 1579 4362 clausum.
1603 4303 1742 4371 Quid
1773 4301 1877 4357 hoc
1897 4298 2190 4370 significet,

588 4405 1024 4462 consideremus.
1055 4403 1295 4459 Primum
1334 4398 1592 4470 operibus
1619 4397 1732 4452 suis
1762 4393 1998 4458 videtur,
2030 4402 2088 4448 ut
2113 4391 2194 4448 di-

588 4499 816 4568 xi,Deus
841 4499 1066 4556 verbum
1094 4507 1371 4568 tamquam
1411 4509 1510 4566 per
1530 4507 1844 4557 cavernam,
1893 4504 2000 4546 non
2034 4489 2192 4560 plene

2302 3288 2358 3336 et
2378 3278 2448 3336 de
2481 3278 2758 3350 Babylone
2806 3275 2988 3334 exisse
3019 3275 3264 3331 moribus
3292 3274 3551 3332 doceant.
3581 3272 3710 3329 Nam
3734 3279 3785 3327 et
3805 3265 3871 3324 illi

2302 3371 2372 3428 de
2403 3371 2598 3442 quibus
2626 3369 2761 3426 dicit
2787 3369 3075 3442 propheta,
3106 3367 3254 3440 quod
3310 3368 3556 3424 sedebant
3610 3380 3757 3435 super
3779 3362 3871 3432 ﬂu-

2303 3466 2445 3520 mina
2468 3463 2752 3536 Babylonis
2801 3462 2921 3536 (Ps.
2946 3477 3166 3529 cxxxvr,
3197 3460 3271 3534 l),
3301 3461 3568 3518 sedebant
3608 3457 3806 3531 quidem
3828 3453 3873 3506 in

2302 3559 2526 3629 regione
2553 3555 2870 3628 Babylonis,
2897 3553 2995 3610 sed
3027 3555 3080 3610 in
3139 3553 3258 3625 ejus
3314 3569 3426 3610 non
3480 3561 3635 3610 erant
3675 3547 3806 3604 vitiis
3827 3552 3874 3600 et

2302 3652 2643 3710 confusione.
2678 3650 2812 3707 Nam
2863 3649 3138 3722 quomodo
3192 3659 3343 3705 erant
3380 3651 3436 3706 in
3469 3650 3559 3705 illa
3587 3643 3874 3705 confusione

2302 3744 2583 3808 vitiorum,
2616 3744 2706 3815 qui
2738 3741 2940 3798 ﬂebant
2962 3752 3217 3814 gerentes
3240 3741 3644 3812 paenitentiam,
3669 3733 3797 3809 quod
3818 3731 3874 3788 de

2302 3853 2426 3895 arca
2445 3837 2756 3895 devotionis
2813 3851 2876 3892 ac
2903 3835 3047 3904 fidei,
3081 3845 3139 3892 et
3159 3835 3377 3890 virtutis
3425 3844 3665 3907 paterna:
3695 3824 3874 3885 meritis

2303 3930 2675 3989 excidissent?
2705 3928 2838 3996 Quae
2893 3937 3078 3985 autem
3110 3929 3163 3984 ill
3195 3928 3362 3983 verbo
3404 3929 3518 3985 exit
3548 3915 3741 3990 anima,
3764 3919 3873 3974 Ver-

2302 4026 2430 4083 bum
2463 4022 2691 4096 requirit
2720 4040 2734 4090 ;
2761 4021 2905 4078 unde
2934 4029 2991 4078 et
3020 4022 3122 4076 ista
3151 4020 3277 4076 dum
3310 4027 3608 4091 qumreret,
3633 4013 3808 4073 incidit
3831 4009 3873 4063 ill

2301 4120 2557 4177 custodes
2581 4119 2670 4190 qui
2698 4120 3042 4175 circumeunt
3070 4117 3368 4173 civitatem.

2377 4213 2560 4288 (Vers.
2581 4211 2663 4286 7.)
2689 4210 2715 4251 (ι
2747 4212 3069 4268 Invenerunt
3099 4228 3177 4266 me
3201 4212 3444 4268 custodes
3472 4213 3563 4284 qui
3586 4208 3875 4265 circumeunt

2301 4310 2579 4375 civitatem,
2634 4315 2998 4382 percusserunt
3036 4321 3136 4373 me,
3170 4315 3219 4360 et
3273 4307 3672 4361 vulneraverunt
3720 4313 3812 4361 me,
3836 4301 3874 4347 el

2300 4402 2526 4457 tulerunt
2548 4400 2767 4473 pallium
2800 4415 2973 4454 meum
2998 4415 3028 4453 (ι
3056 4416 3134 4454 me
3163 4396 3403 4454 custodes
3436 4410 3721 4452 murorum.
3753 4391 3876 4444 Bene

2301 4496 2520 4569 quidem
2572 4496 2727 4568 quasi
2757 4509 2958 4567 sponsa
2987 4493 3240 4551 veniebat
3288 4507 3413 4549 cum
3447 4491 3635 4564 pallio,
3665 4498 3769 4558 quo
3788 4482 3874 4538 oll-

585 4605 749 4666 atque
793 4596 1029 4666 perfecte
1055 4611 1070 4648 :
1123 4589 1322 4648 deinde
1364 4595 1594 4660 augetur
1635 4601 1790 4642 amor
1818 4593 1876 4642 et
1901 4590 2197 4653 conceptus
2224 4589 2275 4651 Ι)
2303 4590 2532 4646 nuberet
2558 4597 2722 4660 caput
2745 4604 2926 4655 suum,
2954 4604 3077 4645 cum
3109 4602 3345 4660 Sponsus
3373 4592 3689 4644 occurreret
3713 4598 3725 4647 ;
3755 4579 3878 4634 sicut

583 4689 872 4756 adolescit,
894 4697 1057 4760 atque
1073 4702 1141 4743 ex
1168 4683 1463 4742 seminibus
1484 4681 1605 4752 ejus
1634 4695 1756 4752 quae
1776 4678 2012 4751 quodam
2034 4684 2191 4732 utero

582 4782 911 4856 intelligibili
958 4781 1263 4853 susceperit
1291 4777 1510 4842 anima,
1569 4784 1738 4831 totam
1793 4772 2186 4844 plenitudinem

586 4875 886 4934 divinitatis
926 4874 1044 4946 ejus
1094 4872 1430 4929 habitantem
1462 4870 1517 4924 ill
1563 4884 1630 4925 eo
1687 4866 2078 4937 corporaliter,
2132 4874 2189 4920 ut

585 4969 834 5042 legimus,
847 4967 1033 5024 videre
1044 4965 1338 5024 desiderat.
1355 4962 1606 5020 Surrexit
1623 4968 1680 5015 ut
1695 4957 1918 5032 propius
1937 4956 2067 5014 illud
2089 4956 2185 5014 Dei

583 5063 822 5121 Verbum
853 5061 1086 5131 videret,
1110 5070 1167 5118 et
1195 5061 1248 5116 in
1270 5058 1377 5114 hoe
1398 5058 1520 5129 ipso
1554 5069 1849 5127 processus
1870 5053 1990 5124 ejus
2015 5052 2186 5125 signi-

581 5157 795 5225 ﬁcatur,
823 5153 967 5228 quod
1005 5153 1244 5211 surrexit
1273 5166 1372 5224 per
1393 5150 1636 5221 vigorem
1686 5153 1848 5216 atque
1895 5145 2182 5211 virtutem;

579 5252 868 5328 praesentia
899 5251 1046 5307 enim
1076 5246 1242 5305 Verbi
1266 5245 1446 5301 hausit
1475 5242 1670 5299 anima:
1702 5240 1956 5296 virtutem
1984 5281 1999 5307 ,
2045 5239 2188 5296 sicut

576 5347 869 5422 praesentia
912 5343 1097 5402 Mariae
1134 5357 1260 5399 eum
1307 5349 1467 5396 utero
1508 5337 1692 5412 gravis
1716 5346 1895 5403 esset,
1951 5335 2185 5394 erudivit

572 5443 840 5503 Joannem
867 5442 921 5498 in
953 5448 1111 5496 utero
1152 5436 1536 5493 constitutum:
1565 5433 1703 5490 adeo
1735 5441 1792 5488 ut
1837 5432 2086 5489 exsiliret
2112 5447 2180 5488 ex

568 5547 731 5598 utero
749 5546 805 5595 et
819 5535 1141 5601 exsultaret,
1159 5529 1375 5588 Domini
1391 5527 1738 5601 praesentiam
1756 5539 2175 5599 recognoscens.

644 5687 674 5717 ι
705 5675 826 5733 Lib.
847 5673 916 5732 de
942 5667 1284 5744 Virginitate,
1305 5666 1542 5744 eap._l_5,
1566 5663 1833 5744 num.F7_8.

644 5747 674 5789 ι’
694 5747 814 5806 Lib.
840 5747 911 5807 de
926 5734 1402 5818 Virginitate,cap.
1425 5739 1484 5799 ll
1499 5734 1694 5809 ,llum.
1723 5736 1813 5806 67,
1829 5744 1883 5795 et
1903 5734 2064 5809 paulo
2091 5735 2175 5792 iu-

572 5820 764 5886 (crius.

2295 4682 2562 4750 Rebecca,
2594 4699 2715 4754 qua:
2737 4683 2960 4754 cognito
2985 4682 3130 4754 quod
3156 4679 3303 4738 Isaac
3331 4680 3437 4738 sibi
3463 4671 3874 4736 veniretohvius,

2290 4774 2576 4832 descendit
2602 4773 2672 4830 de
2701 4774 2934 4841 camelo,
2961 4780 3016 4830 et
3041 4772 3208 4845 pallio
3233 4787 3293 4828 se
3320 4771 3541 4841 operuit
3569 4787 3582 4823 :
3612 4769 3684 4825 ita
3707 4775 3756 4822 et
3776 4763 3876 4818 bare

2290 4869 2509 4934 anima,
2556 4867 2816 4939 nuptialis
2871 4867 3041 4922 vestis
3089 4863 3462 4936 prtemittebat
3500 4860 3764 4933 insignia,
3815 4866 3874 4909 ne

2289 4961 2434 5018 forte
2483 4960 2804 5033 rejiceretur
2833 4959 2987 5032 quasi
3016 4969 3224 5016 vestem
3283 4974 3393 5014 non
3443 4957 3653 5015 habens
3678 4949 3873 5021 nuptia-

2291 5059 2398 5115 lem
2433 5075 2446 5123 ;
2477 5059 2564 5116 vel
2610 5068 2668 5114 ut
2718 5067 2882 5130 caput
2910 5057 3120 5114 velaret
3151 5065 3373 5128 propter
3393 5055 3640 5128 angelos.
3674 5048 3776 5108 Sed
3803 5041 3872 5100 illi

2294 5161 2681 5224 percusserunt
2709 5167 2852 5220 eam,
2877 5160 2936 5207 ut
2962 5151 3197 5222 amplius
3229 5149 3561 5221 probaretur
3587 5162 3603 5215 ;
3634 5153 3875 5202 exercen-

2289 5255 2378 5303 tur
2409 5247 2552 5304 enim
2597 5245 2793 5302 anima:
2823 5246 3241 5303 tentationibus.
3275 5242 3618 5300 Tuleruntei
3646 5235 3868 5312 pallium.

2286 5348 2597 5410 quierentes
2626 5340 2669 5394 si
2691 5355 2880 5395 verum
2908 5338 3166 5395 decorem
3197 5336 3356 5394 nudas
3409 5335 3627 5393 virtutis
3653 5330 3870 5390 afferret,

2285 5432 2372 5488 vel
2393 5432 2522 5504 quia
2549 5432 2668 5488 sine
2696 5431 3075 5504 integumento
3093 5431 3216 5504 quis
3245 5431 3299 5486 in
3330 5429 3482 5485 illam
3511 5427 3780 5486 caelestem
3805 5417 3872 5474 ci-

2285 5524 2504 5581 vitatem
2534 5524 2730 5582 debeat
2785 5523 3034 5594 introire,
3061 5523 3211 5581 nulla
3259 5521 3517 5580 deferens
3549 5534 3730 5580 secum
3757 5527 3872 5587 ope-

2359 5673 2380 5740 σξ
2410 5664 2533 5740 ω).
2572 5666 2643 5725 de
2667 5665 2839 5734 Isaac,
2866 5681 2987 5740 cap.
3012 5666 3066 5735 6,
3094 5659 3371 5735 num.!53.

2355 5731 2383 5772 ἀ
2410 5737 2510 5794 Ubi
2537 5754 2698 5813 supra
2751 5731 3170 5812 consequenter.
