4040 6498
206 313 241 370 ὶ
255 314 370 375 919

1195 322 1238 377 Ε
1280 320 1588 382 SClllP'l‘lS
1629 322 1687 376 S.
1731 324 2050 383 AMBROSII
2090 325 2514 384 COLLECTUS.

3391 329 3536 385 {950

205 433 474 490 rimenta
497 433 764 491 fucorum.
796 433 931 491 Sunt
972 434 1136 492 etiam
1163 440 1253 507 qui
1287 442 1593 512 requirant,
1627 457 1696 499 ne
1722 456 1826 513 qua
1855 459 1901 515 Α
1932 440 2297 498 fabulationes
2327 457 2432 496 non
2465 447 2630 495 amet.
2663 439 2891 510 Aperuit
2936 439 3087 512 virgo
3114 441 3202 496 illa
3233 456 3360 497 suas
3389 441 3534 500 fores

203 524 411 580 anima
442 527 665 582 exuvias
708 541 894 582 secum
947 526 1113 584 vehat
1164 532 1401 586 carnalis
1444 532 1741 601 illecebrae,
1774 545 1829 589 et

204 619 731 690 concupiscentiam
771 621 1141 692 corporalem.
1187 621 1435 679 Nudatur
1488 626 1673 696 pallio,
1704 642 1827 682 eum

208 712 349 780 ejus
392 712 724 768 conscientia
777 712 1179 769 manifestatur.
1233 714 1342 771 Sed
1396 725 1482 772 est
1528 734 1647 786 quae
1690 718 1828 774 bene

212 806 484 874 nudatur,
499 809 586 864 cui
618 808 745 864 licet
774 808 974 864 imitari
1004 808 1276 865 dicentem
1310 826 1324 863 :
1350 809 1502 865 Venit
1526 811 1662 865 enim
1682 812 1828 883 prin-

205 916 348 970 ceps
377 898 535 975 hujus
565 902 765 967 mundi,
798 910 845 956 et
896 900 952 956 in
978 918 1058 957 me
1108 902 1300 957 invenit
1343 904 1476 957 nihil
1510 901 1692 975 (Joan.
1716 919 1827 971 xtv,

208 991 320 1064 30)
346 1009 361 1059 ;
392 994 516 1064 quia
545 1004 697 1052 certe
724 996 777 1051 in
830 994 927 1051 illo
951 995 1072 1052 solo
1098 996 1230 1051 nihil
1262 995 1489 1065 invenit,
1517 996 1608 1066 qui
1637 1012 1831 1069 pecca-

212 1093 340 1142 tum
371 1104 478 1144 non
511 1088 662 1146 fecit.

299 1182 392 1239 44.
424 1184 589 1241 Beata
636 1195 691 1242 et
722 1185 812 1243 illa
840 1197 924 1243 est
973 1188 1025 1242 in
1069 1203 1173 1259 qua
1200 1203 1307 1243 non
1337 1189 1521 1260 gravia
1545 1198 1641 1244 aut
1663 1189 1827 1244 multa

216 1275 461 1345 invenit,
492 1276 588 1332 sed
619 1278 825 1334 invenit
855 1279 908 1333 in
966 1294 1027 1334 ea
1059 1278 1317 1334 amictum
1361 1278 1481 1334 lidei
1510 1290 1566 1336 et
1608 1279 1826 1350 sapien-

218 1368 318 1424 tiae
350 1368 718 1441 disciplinam.
743 1371 927 1442 Itaque
971 1372 1089 1426 sine
1130 1371 1417 1442 dispendio
1469 1373 1552 1427 sui
1600 1373 1743 1443 (quia
1775 1382 1831 1428 et

220 1466 274 1518 si
306 1464 457 1520 volet
484 1466 629 1536 quis,
675 1481 782 1521 non
822 1476 999 1537 potest
1028 1467 1244 1523 auferre
1270 1483 1454 1524 veram
1485 1468 1829 1541 sapientiam)

224 1555 334 1611 etsi
355 1555 702 1613 adversarius
734 1559 1056 1630 obstrepat;
1086 1559 1174 1615 ubi
1219 1571 1398 1616 tamen
1430 1576 1555 1615 vera
1591 1559 1830 1617 innoxiae

225 1654 668 1710 conversationis
696 1654 875 1710 elucet
921 1654 1227 1727 integritas,
1260 1655 1508 1710 transivit
1550 1656 1827 1725 custodes,

225 1753 290 1802 et
319 1746 534 1802 filiabus
563 1746 709 1802 illius
751 1746 991 1804 caelestis
1029 1748 1266 1803 civitatis
1296 1746 1558 1815 admixta,
1587 1746 1828 1804 Verbum

1936 534 2031 589 Dei
2066 535 2244 591 Verbo
2275 553 2288 589 :
2322 536 2415 591 sed
2443 534 2698 598 transivit,
2730 534 2922 604 inquit,
2953 544 2999 589 et
3029 535 3183 589 exivit
3214 535 3391 589 anima
3423 552 3536 591 mea

1932 629 1986 682 in
2014 629 2163 684 verba
2199 633 2312 703 ejus
2342 629 2521 703 (γεγε.
2553 627 2630 700 6).
2667 629 2844 683 Exivit
2870 645 2899 684 a
2928 630 3151 694 mundo,
3182 631 3350 686 exivit
3374 645 3405 685 a
3431 645 3537 687 sae—

1931 724 2076 783 culo.
2112 725 2374 780 remansit
2407 725 2460 778 in
2512 724 2749 780 Christo.
2784 723 3035 792 Quaesivi,
3092 725 3292 798 inquit,
3343 742 3459 781 eum
3485 735 3535 780 et

1930 832 2034 869 non
2060 816 2229 871 inveni
2254 834 2391 872 eum.
2421 817 2585 873 Amat
2612 818 2757 873 enim
2800 816 3048 875 Christus
3070 819 3164 875 diu
3191 819 3419 891 requiri.

2000 909 2089 964 47.
2122 908 2455 965 Invenerunt
2482 909 2630 965 illam
2656 911 2912 967 custodes
2935 927 3239 968 murorum.
3274 912 3533 971 Fortasse

1929 1010 2138 1056 suntet
2167 1002 2259 1057 alii
2298 1001 2574 1067 custodes,
2604 1018 2745 1074 quos
2776 1004 2947 1074 magis
2979 1004 3288 1077 intelligere
3326 1004 3534 1061 debea-

1931 1108 2071 1148 mus.
2103 1093 2200 1148 Est
2224 1093 2366 1148 enim
2395 1093 2588 1149 civitas
2616 1109 2737 1165 qua:
2766 1103 2953 1165 portas
3006 1111 3287 1152 murorum
3317 1097 3533 1153 clausas

1932 1202 2038 1243 non
2072 1186 2254 1250 habet.
2285 1186 2353 1243 de
2399 1204 2503 1258 qua
2552 1188 2753 1242 dictum
2782 1198 2902 1243 est:
2935 1186 3001 1242 Et
3061 1201 3224 1260 portae
3290 1191 3400 1261 ejus
3431 1208 3535 1244 non

1930 1281 2239 1337 claudentur
2266 1297 2356 1350 per
2406 1281 2543 1335 (lieni
2571 1281 2760 1352 (Apoc.
2794 1298 2909 1347 xxr,
2938 1281 3031 1354 2:3)
3064 1299 3077 1345 ;
3113 1299 3221 1337 nox
3252 1283 3396 1338 enim
3426 1300 3534 1338 non

1930 1372 2292 1441 eritamplius
2324 1374 2377 1427 in
2408 1388 2496 1438 ea,
2524 1372 2761 1428 afferent
2780 1371 3003 1442 gloriam
3028 1387 3082 1428 et
3110 1374 3373 1429 lnmurem
3402 1390 3538 1445 gen-

1932 1478 2016 1523 tes
2044 1469 2096 1522 itt
2128 1467 2296 1522 illam.
2325 1466 2417 1521 ιιι..
2464 1476 2546 1521 est
2575 1482 2707 1538 ergo
2752 1467 2945 1522 civitas
2974 1467 3313 1522 Hierusalem
3339 1485 3458 1537 quae
3478 1468 3533 1524 in

1930 1563 2073 1621 caelo
2100 1570 2205 1627 est,
2240 1561 2382 1617 intra
2429 1577 2591 1627 quam
2632 1561 2742 1631 jam
2774 1562 2926 1631 quasi
2983 1562 3219 1631 perfecta
3259 1570 3317 1617 et
3346 1560 3539 1616 imma-

1931 1658 2108 1713 culata
2131 1656 2399 1719 servaris;
2429 1670 2538 1709 non
2568 1652 2714 1709 enim
2766 1653 2934 1707 intrat
2963 1653 3013 1706 in
3043 1667 3160 1707 eam
3194 1668 3357 1709 omne
3383 1668 3536 1708 com-

1933 1764 2118 1804 tnune.
2143 1747 2463 1803 Communis
2515 1745 2735 1801 castitas
2785 1753 3019 1809 nonest,
3053 1744 3359 1799 communis
3381 1744 3542 1815 pudi-

228 1840 462 1912 requirit
491 1858 505 1907 ;
535 1850 589 1897 et
624 1842 920 1914 quazrendo
949 1842 1067 1912 ejus
1097 1843 1150 1897 in
1171 1858 1231 1900 se
1255 1843 1457 1899 excitat
1481 1843 1825 1911 charitatem,
1859 1854 1908 1914 Β
1933 1841 2061 1899 cilia
2094 1856 2199 1896 non
2230 1848 2336 1908 est,
2360 1856 2480 1910 quae
2508 1840 2559 1895 in
2591 1839 2729 1894 libro
2754 1839 2877 1893 vitae
2905 1837 3179 1894 scribitur.

226 1942 287 1989 et
318 1935 410 1992 ubi
439 1934 678 1992 Verbum
724 1946 954 2008 quaerat,
980 1936 1251 2008 agnoscit.
1278 1947 1303 1974 ιι
1351 1935 1468 1993 Non
1498 1935 1696 2007 injuria
1729 1948 1835 1993 tan-

228 2031 517 2089 tummodo
534 2042 746 2090 estnon
778 2032 1053 2089 invenisse
1092 2047 1253 2104 quem
1288 2047 1525 2103 quaeras,
1553 2031 1647 2087 sed
1668 2031 1831 2087 etiam

228 2125 560 2197 plerumque
611 2124 700 2180 ubi
755 2140 860 2180 non
893 2133 1132 2194 oportet,
1168 2126 1433 2197 quaesisse
1479 2124 1677 2181 vulnus
1702 2134 1787 2181 est
1818 2144 1831 2180 :

227 2215 496 2285 quaesisse
531 2216 587 2270 in
632 2214 883 2271 domibus
909 2216 1149 2271 virorum
1198 2216 1291 2287 qui
1339 2215 1444 2272 sibi
1478 2217 1613 2273 falso
1635 2232 1832 2273 nomen

226 2305 517 2362 doctorum
571 2317 875 2374 assumunt,
905 2307 1169 2378 quaesisse
1212 2310 1493 2379 procacius
1534 2325 1695 2382 quam
1747 2327 1835 2367 ve-

231 2401 550 2459 recundius.
594 2402 736 2475 Ergo
782 2417 1076 2459 caveamus
1120 2404 1372 2475 exemplo
1400 2404 1567 2474 illius,
1615 2422 1684 2462 ne
1733 2421 1833 2462 nos

226 2495 486 2553 custodes
513 2496 794 2552 inveniant
819 2498 909 2568 qui
950 2498 1295 2554 circumeunt
1318 2498 1614 2557 civitatem.

304 2586 397 2644 45.
424 2586 760 2656 Invenerunt,
794 2589 990 2660 inquit,
1018 2606 1100 2644 rue
1136 2590 1375 2644 custodes
1402 2591 1490 2661 qui
1518 2592 1836 2647 circumeunt

231 2679 488 2734 civitatem
522 2696 539 2734 :
571 2690 936 2751 percusserunt
966 2691 1015 2736 et
1060 2683 1459 2738 vulneraverunt
1504 2700 1605 2749 me,
1629 2693 1678 2738 et
1703 2684 1837 2740 tule-

236 2782 359 2828 runt
408 2773 627 2843 pallium
654 2790 822 2828 meum
850 2790 882 2827 a
912 2790 993 2829 me
1021 2775 1262 2830 custodes
1307 2792 1595 2831 murorum.
1628 2774 1749 2831 Non
1781 2775 1834 2832 in

235 2880 319 2931 se,
367 2864 517 2929 filiae,
556 2865 654 2920 sed
696 2865 750 2920 in
806 2867 961 2922 nobis
999 2867 1315 2925 vulneratur
1341 2868 1605 2925 Ecclesia.
1632 2867 1839 2924 Cavea-

238 2973 360 3013 tuus
390 2957 553 3029 igitur
580 2973 649 3014 ne
678 2957 862 3029 lapsus
884 2968 1092 3022 noster,
1122 2959 1317 3016 vulnus
1341 2960 1603 3016 Ecclesia:
1628 2960 1741 3026 fiat,
1771 2975 1839 3017 ne

236 3049 361 3120 quis
405 3066 435 3105 a
473 3050 630 3106 nobis
676 3050 897 3122 pallium
948 3051 1197 3119 auferat,
1258 3052 1363 3108 hoc
1409 3061 1529 3119 est,
1578 3052 1836 3108 amictum

241 3143 564 3216 prudentiae,
598 3144 810 3217 insigne
857 3146 1153 3218 patientiae,
1203 3163 1311 3217 quo
1348 3146 1613 3202 mollioris
1659 3145 1837 3202 ambi-

2007 1937 2098 1993 48.
2129 1936 2188 1994 Si
2222 1936 2387 2007 igitur
2418 1933 2724 1991 invenimus
2763 1934 3064 1998 civitatem,
3090 1932 3459 2004 ingrediamur
3485 1933 3541 1987 in

1936 2048 2079 2097 eam,
2112 2030 2393 2086 videamus
2421 2028 2604 2084 lumen
2642 2027 2784 2098 eius,
2809 2026 3089 2082 videamus
3118 2040 3325 2093 muros,
3357 2025 3541 2081 videa-

1938 2139 2058 2180 mus
2088 2121 2437 2177 fundamenta
2484 2119 2741 2183 muralia,
2767 2116 3049 2173 videamus
3087 2117 3249 2173 etiam
3286 2116 3541 2174 custodes

1938 2231 2239 2272 murorum.
2271 2213 2379 2270 Sed
2433 2212 2709 2284 quomodo
2753 2210 3123 2281 ingrediantur
3168 2210 3223 2265 in
3275 2210 3445 2265 eam?
3483 2208 3542 2266 lu

1937 2310 2042 2365 hac
2062 2309 2283 2366 civitate
2305 2309 2415 2364 vita
2446 2316 2555 2372 est,
2579 2316 2634 2362 et
2677 2321 2782 2361 una
2809 2314 2892 2360 est
2917 2305 3000 2359 via
3024 2321 3145 2375 quae
3174 2304 3325 2360 ducit
3367 2305 3434 2360 ad
3465 2305 3548 2361 vi-

1938 2412 2067 2469 tam.
2098 2402 2195 2458 Via
2229 2410 2361 2472 ergo
2386 2399 2639 2456 Christus
2693 2406 2799 2463 est,
2829 2412 2961 2468 ergo
3015 2395 3293 2451 Christum
3340 2410 3545 2467 sequa-

1940 2515 2079 2554 mur.
2107 2496 2214 2554 Sed
2243 2496 2360 2567 ipsa
2408 2494 2460 2549 in
2490 2494 2629 2550 caelo
2652 2501 2739 2547 est
2762 2492 2956 2546 civitas
2988 2507 3003 2554 ;
3054 2490 3326 2559 quomodo
3382 2490 3545 2561 igitur

1936 2592 2296 2651 aseendamus
2316 2592 2383 2647 ad
2405 2591 2603 2648 caelum
2618 2591 2640 2644 ?
2655 2590 2823 2645 Docet
2850 2588 3217 2659 Evangelista,
3249 2588 3341 2659 qui
3358 2586 3491 2643 dicit
3524 2606 3538 2641 :

1938 2689 2007 2744 Et
2031 2688 2214 2745 eduxit
2242 2703 2322 2741 me
2349 2687 2405 2740 in
2431 2686 2623 2754 spiritu
2662 2685 2717 2737 in
2760 2694 2982 2737 montem
3012 2698 3254 2754 magnum
3277 2692 3324 2737 et
3351 2682 3547 2743 altum.

1934 2791 1984 2837 et
2011 2780 2233 2835 ostendit
2260 2779 2388 2833 mihi
2420 2778 2675 2831 civitatem
2704 2786 2934 2829 sanctam
2970 2773 3297 2830 Hierusalem
3326 2775 3540 2830 descen-

1938 2873 2142 2929 dentem
2188 2872 2252 2926 de
2299 2871 2425 2926 cado
2452 2869 2637 2943 (Apoc.
2683 2868 2778 2933 ﬁl,
2828 2868 2941 2938 l0).
2994 2867 3371 2922 Ascendamus
3408 2883 3540 2938 ergo

1940 2968 2158 3036 spiritu,
2209 2966 2337 3036 quia
2386 2979 2517 3020 caro
2563 2962 2860 3018 assendere
2911 2960 2978 3014 ad
3031 2976 3150 3016 eam
3194 2975 3297 3015 non
3341 2968 3546 3031 potest.

1940 3060 2315 3117 Aseendamus
2363 3073 2463 3114 nos
2490 3056 2703 3111 interim
2728 3055 2783 3109 in
2815 3054 3037 3117 caelum,
3069 3064 3126 3108 ut
3156 3053 3222 3109 ad
3257 3068 3357 3109 nos
3396 3064 3548 3125 post-

1939 3168 2002 3210 ea
2046 3152 2115 3208 de
2144 3152 2284 3209 cmlo
2329 3150 2418 3206 illa
2447 3146 2761 3213 descendat,
2816 3147 2868 3200 in
2898 3163 3000 3217 qua
3024 3146 3204 3201 lumen
3236 3155 3321 3203 est
3368 3145 3548 3203 simile

242 3238 318 3294 lio
339 3241 504 3294 vestis
527 3237 744 3294 exuitur
773 3255 787 3293 :
821 3237 925 3306 Qui
952 3237 1096 3294 enim
1145 3238 1466 3295 tnollioﬁbus
1498 3240 1718 3294 vestibus
1748 3239 1831 3293 in~
1858 3247 1903 3309 C
1938 3245 2129 3316 lapidis
2145 3241 2543 3315 pretiosissimi,
2566 3250 2616 3294 ut
2644 3238 2843 3307 lapidis
2861 3237 3091 3310 jaspidis
3111 3249 3164 3294 et
3186 3239 3430 3310 crystalli
3462 3238 3551 3300 ha-

239 3329 491 3397 duuntur,
524 3329 577 3383 in
603 3327 841 3383 domibus
867 3344 1042 3398 regum
1070 3339 1190 3383 sunt
1216 3328 1433 3400 (Matth.
1457 3345 1532 3398 x1,
1558 3329 1639 3402 8).
1674 3328 1838 3385 Nobis

237 3428 419 3477 autem
447 3419 668 3492 pallium
702 3419 852 3477 dedit
877 3420 1152 3487 Christus,
1182 3435 1289 3493 quo
1327 3422 1606 3492 apostolos
1635 3436 1763 3479 suos
1784 3432 1840 3479 et

237 3530 438 3589 corpus
490 3531 649 3571 suum
690 3514 809 3586 ipse
857 3518 1095 3582 vestivit,
1126 3517 1271 3589 quod
1321 3517 1557 3589 denique
1601 3518 1760 3588 jubet
1787 3529 1840 3575 te

238 3608 392 3677 dare,
415 3609 460 3665 si
487 3609 609 3680 quis
633 3624 663 3663 a
697 3616 749 3665 te
779 3608 1015 3664 tunicam
1045 3611 1199 3680 petit,
1231 3620 1287 3666 ut
1309 3610 1551 3666 dimittas
1572 3612 1621 3667 ei
1646 3621 1698 3665 et
1721 3611 1838 3683 pal-

239 3700 370 3758 lium
399 3698 613 3775 (Mattlt.
645 3717 700 3768 v,
730 3699 823 3772 40)
849 3718 864 3767 ;
897 3701 950 3757 id
979 3713 1086 3767 est,
1114 3703 1322 3774 insigne
1344 3702 1701 3775 philosOphiae
1734 3714 1838 3760 tuae

240 3795 444 3864 tradas,
469 3803 526 3850 et
554 3795 707 3864 quasi
755 3795 956 3851 arnictu
1005 3795 1305 3865 prudentiae
1342 3796 1557 3870 1598
1586 3808 1690 3852 tuae
1715 3812 1837 3853 eum

242 3889 332 3961 qui
361 3896 491 3944 ante
511 3888 690 3944 nudus
720 3887 920 3954 fuerat,
959 3889 1394 3945 circumvestias.

314 3982 406 4038 ιθ.
437 3981 518 4038 lbi
546 3982 895 4052 igitur,liliae,
920 3979 1199 4037 Christum
1218 3997 1551 4052 quaeramus,
1575 3982 1664 4038 ubi
1696 3998 1844 4054 quae-

245 4076 316 4132 rit
361 4074 631 4141 Ecelesia,
660 4075 714 4129 in
765 4074 1039 4129 montibus
1066 4073 1193 4129 boni
1223 4074 1430 4140 odoris,
1459 4074 1548 4145 qui
1592 4075 1842 4130 excelso-

246 4186 366 4227 rum
395 4169 738 4226 sublimitate
787 4171 1077 4235 factorum,
1106 4183 1324 4223 suavem
1351 4169 1477 4224 vitae
1497 4168 1721 4225 odorem
1747 4184 1846 4240 pro

247 4260 571 4317 meritorum
597 4259 892 4316 verticibus
938 4258 1215 4315 exhalant.
1250 4257 1277 4297 ι»
1307 4260 1381 4315 Ea
1424 4277 1545 4332 quae
1571 4261 1845 4317 Christum

248 4353 637 4426 requirit,.non
668 4352 831 4409 debet
860 4368 984 4410 esse
1022 4352 1279 4424 vulgaris,
1314 4369 1421 4409 non
1450 4353 1612 4410 debet
1636 4369 1762 4411 esse
1791 4354 1845 4409 in

248 4448 390 4515 foro,
423 4465 530 4503 non
574 4449 629 4505 in
662 4448 879 4520 plateis,
910 4463 1044 4505 voce
1069 4448 1297 4520 querula
1323 4492 1338 4516 ,
1387 4465 1577 4521 gressu
1614 4450 1845 4517 lubrica,

1941 3341 2036 3397 bet
2056 3355 2267 3394 murum
2296 3352 2549 3409 maguum
2569 3334 2825 3391 etaltum.

2013 3431 2106 3488 49.
2136 3429 2381 3485 Didiciin
2407 3424 2864 3492 lumen,didicisti
2890 3440 3138 3491 murum;
3164 3425 3315 3480 disce
3341 3434 3550 3495 portas,

1941 3528 2089 3585 disce
2105 3525 2379 3582 custodes.
2409 3523 2601 3587 liabet,
2628 3522 2823 3594 inquit,
2868 3532 3047 3589 portas
3093 3520 3391 3579 duodecim.
3420 3531 3467 3575 et
3495 3521 3552 3575 in

1943 3622 2104 3692 portis
2128 3620 2343 3689 angelos
2363 3616 2661 3681 duodecim,
2704 3616 2757 3670 in
2795 3616 2979 3682 quibus
3009 3615 3283 3669 duodecim
3321 3614 3549 3668 tribuum

1941 3716 2171 3783 filiorum
2201 3710 2369 3767 Israel
2421 3710 2775 3779 superscripta
2804 3720 2924 3764 sunt
2969 3708 3182 3763 nomina
3211 3705 3401 3775 (Ibid,
3438 3704 3552 3777 η).

1939 3809 1996 3864 lu
2045 3806 2219 3876 portis
2262 3802 2696 3875 patriarcharum
2773 3801 2991 3854 nomina
3054 3799 3433 3863 continentur,
3494 3799 3548 3852 in

1942 3913 2102 3954 muro
2128 3894 2543 3966 apostolorum;
2568 3891 2923 3947 fundamenta
2951 3892 3099 3944 enim
3129 3890 3390 3952 civitatis,
3414 3906 3547 3959 apo-

1944 3991 2095 4056 stoli,
2130 4000 2185 4045 et
2212 3988 2350 4059 lapis
2385 3986 2666 4057 angularis
2704 3993 2789 4039 est
2816 3982 3094 4047 Christus,
3130 3982 3183 4036 in
3235 3996 3343 4051 quo
3370 3981 3553 4037 omnis

1944 4092 2216 4141 structura
2269 4078 2572 4150 consurgit.
2619 4078 2760 4133 Deus
2798 4088 2976 4142 extra,
3008 4074 3154 4130 Deus
3201 4073 3371 4135 intus,
3408 4074 3551 4129 Deus

1949 4177 2150 4247 ubique
2181 4183 2264 4230 est
2309 4191 2321 4226 :
2372 4171 2543 4226 Habet
2566 4171 2721 4235 enim,
2746 4168 2941 4239 inquit.
2990 4167 3167 4220 civitas
3230 4166 3553 4237 ntajestatem

1952 4270 2048 4326 Dei
2086 4267 2276 4343 (lbid.,
2310 4267 2423 4340 ll).
2472 4266 2611 4335 Ergo
2664 4274 2866 4327 etvos,
2923 4270 3127 4317 sanetae
3184 4260 3445 4330 virgines,
3497 4270 3554 4317 et

1949 4363 2275 4437 quicumque
2301 4360 2430 4431 justi
2458 4359 2613 4425 estis,
2647 4367 2702 4414 et
2728 4354 3133 4412 innnacnlatam
3188 4353 3384 4408 animae
3411 4353 3554 4421 geri-

1951 4459 2019 4513 tis
2065 4456 2399 4521 rastitatem,
2451 4453 2601 4509 cives
2645 4461 2958 4507 sanctorum
3002 4448 3140 4502 estis
3187 4457 3240 4501 et
3267 4444 3555 4503 domestici

248 4541 424 4600 ίίιείιίε
452 4542 624 4608 adii",
657 4543 781 4599 Vilis
823 4551 1070 4614 θερεοιυο
1100 4542 1398 4600 Τθιτθιιυηι
1430 4543 1526 4601 libi
1554 4544 1850 4615 Αροειοιιιε
1950 4554 2068 4609 Dei.
2104 4552 2214 4610 Sed
2237 4559 2365 4607 tunc
2393 4547 2732 4604 nobilitatem
2762 4545 2921 4601 istam
2961 4542 3153 4613 patriae
3177 4538 3552 4613 possidebitis,

247 4636 579 4694 consortium
605 4644 788 4708 negat,
822 4644 877 4692 et
907 4637 1045 4691 ultra
1083 4644 1287 4691 natura:
1318 4635 1706 4707 propemodmu
1740 4646 1852 4693 ter-

252 4733 453 4798 minos,
478 4730 587 4787 alis
616 4731 681 4786 ad
714 4730 911 4788 caelum
938 4729 1095 4787 docet
1135 4729 1468 4800 spiritalibus
1495 4729 1846 4785 evnlandum.

256 4826 385 4893 Qua:
406 4842 613 4880 sursum
635 4836 778 4893 sunt,
811 4825 1005 4896 inquit,
1038 4825 1221 4898 sapite,
1251 4842 1354 4881 non
1401 4841 1515 4897 quae
1560 4842 1717 4896 super
1744 4836 1849 4881 ter-

254 4933 362 4971 ram
389 4916 589 4989 (Colos.
614 4934 695 4984 nt,
725 4917 804 4989 ‘2).
850 4918 956 4974 Sed
1003 4920 1128 4991 quia
1156 4918 1260 4975 hoc
1291 4916 1629 4989 impossibile
1648 4926 1767 4973 erat
1794 4917 1847 4973 in

257 5010 357 5068 hoc
378 5012 626 5081 corporis
652 5012 800 5067 velut
828 5013 1067 5069 claustro
1098 5013 1345 5081 reclusis,
1390 5020 1446 5068 et
1466 5013 1591 5084 quia
1625 5011 1849 5067 defunc-

257 5104 324 5160 tis
353 5103 695 5175 corporibus,
722 5105 897 5159 anima
929 5106 1096 5161 fertur
1124 5106 1191 5161 ad
1248 5106 1527 5179 superiora
1578 5105 1848 5171 revelare,

254 5199 468 5271 alligata
521 5196 650 5253 dum
702 5197 970 5267 vivimus,
1029 5199 1260 5270 quadam
1325 5208 1528 5256 nostrae
1585 5200 1705 5271 lege
1767 5213 1856 5255 na-

252 5304 409 5358 turae,
444 5291 569 5349 ideo
600 5290 845 5348 addidit:
877 5290 1076 5347 Μονιαί
1106 5294 1239 5348 enim
1260 5295 1404 5363 estis,
1436 5304 1485 5349 et
1537 5294 1640 5348 vita
1692 5303 1859 5349 vestra

252 5388 552 5445 abscondita
571 5396 648 5443 est
669 5402 788 5442 cum
809 5384 1015 5441 Christo
1034 5387 1087 5440 in
1110 5385 1217 5441 Deo
1240 5386 1427 5458 (Ibid.,
1445 5387 1522 5456 5).
1550 5386 1607 5442 Si
1629 5386 1860 5443 abscon-

254 5482 361 5538 dita
394 5492 478 5536 est
503 5495 624 5536 cum
674 5478 894 5534 Christo
922 5478 973 5533 in
1027 5479 1157 5543 Deo,
1190 5494 1296 5534 non
1321 5487 1580 5552 appareat
1608 5479 1812 5536 mundo
1842 5521 1859 5548 ,

254 5575 505 5633 Christus
555 5573 701 5628 cnim
734 5582 984 5627 mortuus
1032 5580 1116 5627 est
1144 5571 1365 5639 mundo,
1404 5571 1535 5627 vivit
1559 5573 1691 5630 Deo.
1728 5572 1863 5633 Vide

256 5687 399 5730 nunc
436 5669 893 5744 quemadmodmn
943 5669 1242 5732 desiderari
1264 5682 1409 5731 amet
1437 5671 1707 5743 Christus,
1734 5689 1865 5733 con-

333 5814 359 5845 ἰ
390 5804 514 5862 Lib.
535 5804 604 5862 de
634 5805 978 5877 Virginitate,
1007 5823 1058 5863 c.
1089 5806 1180 5876 10,
1209 5824 1264 5864 n.
1289 5808 1381 5867 ι7.

628 5899 904 5962 Paeon.
952 5898 1097 5964 XV.

1876 4698 1927 4757 D

1953 4648 1998 4704 si
2027 4645 2302 4703 Christum
2334 4645 2477 4699 intra
2507 4638 2745 4695 civitatis
2773 4636 2928 4692 istius
2974 4644 3130 4704 septa
3161 4632 3441 4703 quaeratis,
3475 4632 3558 4689 in-

1950 4738 2128 4813 gressi
2157 4753 2255 4809 per
2281 4735 2442 4791 fidem
2477 4741 2742 4801 actusque
2773 4729 3066 4800 pretiosos,
3117 4725 3554 4797 patriarcharum

1952 4830 2235 4890 clarificati
2289 4826 2517 4892 lumine,
2551 4822 2764 4879 fundati
2814 4838 2981 4893 super
3006 4820 3303 4892 apostolos,
3335 4835 3559 4877 versan-

1954 4939 2035 4984 tes
2062 4927 2204 4982 inter
2229 4922 2473 4995 angelos.

2028 5014 2426 5086 50.Quomodo
2457 5012 2620 5083 igitur
2666 5011 2755 5066 isti
2807 5008 3062 5066 custodes
3089 5008 3265 5080 angeli
3287 5017 3433 5074 sunt,
3464 5008 3559 5078 qui

1957 5121 2123 5173 castae
2150 5110 2346 5167 animae
2378 5107 2600 5178 pallium
2635 5104 2875 5159 tollunt?
2922 5101 3082 5158 Aliud
3126 5101 3351 5172 pallium
3398 5102 3565 5173 virgi-

1961 5224 2088 5266 num
2140 5214 2243 5268 est,
2298 5200 2446 5259 aliud
2486 5196 2908 5256 adulescentula:
2962 5194 3431 5251 circumforaneae.
3462 5193 3562 5250 illa

1960 5316 2080 5373 quae
2105 5300 2157 5353 iu
2189 5296 2310 5352 foro
2337 5293 2615 5351 Christum
2669 5290 2918 5359 requirit,
2963 5286 3187 5358 pallium
3218 5288 3382 5342 etiam
3416 5285 3567 5356 quod

1964 5392 2220 5456 habebat,
2251 5387 2448 5444 amisit.
2481 5383 2777 5442 Prudentia
2800 5380 3075 5437 enimnon
3107 5380 3160 5434 in
3207 5379 3345 5442 loro,
3378 5394 3485 5432 non
3509 5380 3568 5434 in

1967 5481 2180 5555 plateis,
2234 5479 2329 5536 sed
2380 5478 2435 5534 in
2490 5475 2732 5533 Ecclesia
2760 5471 3088 5545 possidetur.
3121 5471 3188 5526 Et
3237 5469 3471 5525 fortasse
3507 5480 3571 5526 ut

1966 5590 2089 5632 cum
2138 5572 2270 5645 ipsis
2299 5586 2515 5644 quoque
2566 5569 2847 5624 veniamus
2875 5567 2929 5620 in
2960 5563 3213 5635 gratiam,
3243 5570 3406 5631 atque
3448 5576 3570 5617 om-

1972 5673 2120 5729 nium
2148 5668 2558 5726 misericordem
2604 5665 2774 5721 Deum
2824 5675 2950 5718 esse
2994 5658 3330 5721 doceamus;
3360 5654 3484 5726 quia
3516 5665 3577 5712 et

2033 5804 2061 5845 δ
2089 5805 2209 5863 Lib.
2239 5804 2310 5862 de
2340 5802 2687 5875 Virginitate,
2721 5813 2844 5867 cap.
2884 5794 2951 5850 15
2981 5794 3159 5949 etei:
3191 5808 3344 5849 num.
3376 5791 3577 5853 85-92.
