4148 6362
561 301 692 365 iam

559 533 828 595 qumraut,
889 523 1108 592 pallium
1142 524 1243 574 hoc
1300 521 1528 572 amictus
1580 527 1665 572 est
1717 516 1984 586 corporis.
2019 518 2164 586 Ergo

562 619 652 687 qui
679 617 926 688 qumsivlt
957 615 1232 670 ChriStum
1281 613 1334 668 in
1365 612 1549 677 cubili,
1594 611 1643 666 si
1667 624 1846 666 tamen
1870 612 1947 664 sic
1969 609 2167 680 quassi-

561 713 657 773 vit,
685 709 826 766 Sicut
849 710 942 764 ille
969 707 1211 778 quidixit
1243 724 1256 760 :
1292 706 1382 760 Sic
1410 717 1602 758 memor
1630 705 1704 776 fui
1747 706 1824 757 tui
1853 719 2007 771 super
2026 715 2163 756 stra-

561 818 668 859 tuut
718 803 888 856 meum
939 799 1062 870 (Ps.
1111 793 1241 865 LXII,
1274 797 1331 869 7)
1364 814 1377 864 ;
1412 799 1454 853 si
1487 795 1736 867 quaasivit
1779 797 1830 848 in
1893 794 2157 859 noctibus,

555 895 710 967 juxta
735 895 878 966 quod
909 891 1175 963 Scriptum
1207 901 1291 948 est
1315 908 1327 944 :
1363 890 1427 945 tn
1452 892 1692 944 noctibus
1720 889 1954 943 extollite
1982 903 2164 940 manus

558 991 757 1043 vestras
779 989 832 1042 i'rl
874 995 1052 1041 sancta
1079 985 1199 1058 (Ps.
1225 997 1427 1047 cxxxn,
1457 983 1514 1054 9.)
1545 1001 1558 1035 :
1591 983 1635 1037 si
1667 981 1915 1051 q'utesivil
1947 983 1999 1034 in
2028 981 2162 1034 civi-

558 1091 690 1148 late,
722 1085 774 1137 in
803 1083 921 1136 foro
955 1089 1008 1134 et
1036 1082 1087 1134 in
1125 1079 1340 1148 plateis,
1372 1081 1426 1131 in
1470 1079 1694 1131 civitate
1726 1077 1818 1131 Dei
1872 1075 2041 1130 nostri
2068 1088 2081 1127 :
2108 1073 2162 1128 in

558 1177 677 1232 foro
707 1176 958 1240 fortasse,
987 1173 1278 1246 1599in
1324 1189 1432 1244 quo
1459 1172 1622 1242 judex
1675 1173 1768 1226 ille
1807 1171 1975 1226 divini
2027 1171 2164 1240 juris

557 1270 734 1335 sedet,
771 1270 821 1323 iu
880 1269 1073 1338 plateis
1121 1269 1264 1323 unde
1286 1267 1500 1322 collecti
1534 1277 1660 1321 sunt
1692 1266 1781 1334 qui
1839 1264 1906 1318 ad
1949 1280 2161 1320 coenam

556 1364 893 1419 Dominicam
926 1372 1334 1427 convenerunt;
1397 1369 1573 1430 potest
1625 1360 2058 1414 custodientibns
2090 1360 2166 1413 ci-

551 1457 776 1511 vitatem
815 1455 909 1510 Dei
936 1454 1160 1524 angelis,
1191 1456 1317 1509 dum
1345 1453 1434 1507 ditt
1461 1451 1674 1522 quaerit,
1707 1451 2163 1519 occurrere.Quin

556 1552 722 1607 etiam
753 1567 818 1605 ex
851 1551 1061 1606 cmlesti
1092 1549 1380 1604 custodum
1437 1561 1650 1612 natura,
1682 1546 1960 1601 (mlestem
2005 1546 2164 1598 intel-

557 1643 727 1713 ligere
779 1657 1070 1710 possumus
1121 1639 1420 1706 civitatem,
1452 1639 1677 1695 cwleste
1719 1639 1892 1693 forum
1938 1638 2166 1708 justiti-.1:

555 1737 929 1807 sempitcrnm,
966 1749 1070 1790 neu
1103 1735 1241 1789 viles
1284 1734 1513 1802 plateas,
1563 1732 1659 1787 sed
1712 1733 1940 1786 fortasse
1965 1733 2015 1784 in
2046 1732 2167 1800 qui—

1569 291 2113 358 CDMMENTARIUS
2152 300 2214 356 IN
2244 301 2542 358 CANTICA
2582 301 2853 359 CANTIC.

555 430 636 484 illi
660 430 933 482 Christum
983 423 1272 497 aliquando
1321 423 1622 494 reperiunt.
1659 424 1702 477 si
1747 433 1926 478 tamen
1955 424 2154 494 jugiter
2183 425 2235 485 Α

3714 305 3834 363 1952

2333 425 2422 478 55.
2472 434 2496 460 ο
2546 423 2793 478 Tulerunt
2843 426 2968 478 mihi
3012 425 3226 496 pallium
3275 441 3463 480 meum.
3519 411 3689 480 Bonus
3726 430 3842 481 ami.

2270 528 2389 574 ctus
2420 519 2691 573 :etcrnitas
2716 520 2857 584 vitte,
2886 520 2987 573 hoc
3043 520 3263 587 pallium
3304 519 3529 588 Sponsa:
3579 521 3840 575 voluerunt

2269 610 2484 666 auferre
2526 611 2782 666 custodes
2816 627 3125 677 murorum,
3173 628 3278 682 quo
3320 613 3527 682 [nimus
3558 612 3710 666 homo
3739 608 3838 668 fuc-

2268 717 2353 759 rat
2409 719 2646 770 exutus;
2703 703 2796 760 sed
2844 707 3022 760 anima
3062 705 3176 761 Deo
3221 707 3417 760 devota
3461 707 3734 776 qua-silum
3765 708 3841 762 diu

2270 797 2526 865 tenendo,
2551 807 2605 852 et
2637 813 2741 852 non
2785 798 3108 853 dimittendo
3154 799 3432 863 dilectum,
3481 802 3706 869 pretioso
3730 801 3843 854 cha-

2268 888 2451 943 ritatis
2503 890 2697 945 divina:
2738 906 2796 945 se
2836 887 3053 945 vestivit
3081 891 3378 945 involucro.
3433 889 3579 946 Beati
3617 897 3738 961 ergo
3767 894 3844 963 qui

2272 980 2365 1034 tali
2389 981 2553 1051 pallio
2587 983 2915 1050 vcstiuntur,
2945 992 3000 1039 ct
3027 984 3282 1038 amictum
3313 982 3576 1053 ejusmodi
3617 983 3742 1056 legis
3761 987 3846 1038 ob-

2273 1079 2582 1131 servatione
2629 1089 2984 1143 meruerunt;
3027 1079 3152 1149 quia
3196 1095 3300 1132 non
3361 1087 3489 1133 sunt
3530 1079 3661 1150 legis
3688 1079 3844 1144 obliti,

2272 1167 2368 1222 sed
2399 1185 2518 1237 quae
2545 1177 2702 1224 erant
2735 1169 2869 1238 legis
2914 1172 3119 1240 operati
3152 1179 3296 1225 sunt.

2347 1261 2434 1316 54.
2461 1261 2642 1331 (Vers.
2669 1263 2751 1331 8.)
2781 1260 2809 1300 ι’
2832 1263 3031 1332 Adjuro
3060 1277 3168 1329 vos,
3199 1264 3323 1332 ﬁlia:
3347 1261 3692 1328 Hierusalem,
3716 1265 3756 1317 si
3781 1264 3848 1316 in-

2272 1353 2508 1407 veneritis
2529 1354 2772 1406 dilectum
2799 1371 2987 1420 meum,
3029 1365 3085 1407 ut
3116 1355 3437 1408 annuntietis
3465 1355 3531 1418 ei,
3562 1359 3675 1422 quia
3699 1372 3850 1408 amore

2271 1448 2514 1516 langueo.
2548 1445 2680 1512 Quis
2711 1458 2792 1501 ρει
2822 1458 2999 1501 autem
3029 1448 3115 1500 hic
3143 1449 3337 1500 aninne
3369 1447 3601 1515 languor
3623 1446 3644 1499 ?
3666 1446 3848 1500 Motalc

2271 1539 2515 1594 historiae
2547 1523 2746 1594 veteris
2772 1538 2902 1594 facit
2925 1555 3024 1595 nos
3057 1541 3371 1595 meminisse
3389 1539 3606 1607 debere,
3639 1556 3749 1608 qua:
3778 1550 3850 1594 est

2271 1633 2341 1688 de
2367 1645 2556 1688 sancto
2597 1633 2780 1706 Moyse
2806 1636 2893 1704 qui
2927 1635 3139 1705 rogavit
3167 1636 3334 1690 Deum
3363 1647 3419 1690 ut
3459 1651 3518 1690 se
3546 1636 3850 1689 demonstra-

2271 1735 2356 1781 ret
2385 1729 2454 1791 ei,
2480 1735 2536 1780 et
2561 1725 2697 1782 facie
2749 1727 2814 1780 ad
2849 1727 3042 1783 faciem
3089 1743 3211 1782 cum
3241 1728 3469 1783 videret.
3494 1728 3727 1783 Noverat
3754 1727 3848 1781 uti-

555 1835 659 1885 bus
683 1831 1019 1899 superfluere
1047 1828 1169 1882 fons
1199 1826 1291 1882 ille
1332 1828 1636 1890 consuevit,
1667 1826 1733 1879 de
1763 1841 1870 1896 quo
1899 1825 2158 1892 scripturn
2198 1825 2240 1885 Β
2270 1835 2376 1890 que
2403 1829 2624 1874 sanctus
2669 1831 2820 1876 vates
2865 1822 3097 1886 Domini,
3133 1822 3277 1890 quod
3332 1821 3658 1876 invisibilcm
3699 1822 3848 1876 Deum

553 1929 638 1976 εει
675 1939 689 1976 :
723 1919 1066 1992 Super/luant
1097 1920 1188 1975 tibi
1231 1937 1380 1992 aqua:
1421 1921 1484 1973 de
1526 1931 1614 1973 tuo
1637 1921 1800 1989 fonte,
1828 1929 1871 1971 et
1903 1918 1956 1970 in
1987 1917 2168 1986 plateis

549 2018 655 2068 tuis
679 2016 1048 2082 (li/fundantur
1069 2025 1170 2070 tute
1197 2032 1343 2082 aqua?
1367 2013 1551 2086 (Prov.
1579 2030 1632 2079 v,
1658 2012 1767 2085 16).
1803 2012 1905 2081 Qui
1934 2011 2013 2067 sic
2038 2026 2168 2082 ergo

555 2105 833 2165 Christum
869 2111 1120 2180 requirit,
1150 2109 1216 2163 ad
1245 2109 1467 2178 angelos
1497 2108 1771 2178 pervenit.

630 2205 718 2259 51.
752 2202 860 2258 Sed
889 2205 933 2257 si
959 2204 1112 2258 bonis
1169 2203 1235 2257 ad
1276 2202 1499 2271 angelos
1543 2201 1749 2254 meritis
1804 2200 2165 2270 pervenitur:

555 2313 654 2352 cur
683 2299 774 2368 qui
809 2297 1140 2366 pervenerit,
1196 2293 1561 2349 vulneratur?
1589 2294 1685 2347 Est
1727 2299 1781 2346 et
1825 2291 2037 2361 gladius
2066 2291 2167 2344 bo-

559 2405 685 2456 nus,
713 2390 868 2459 cujus
925 2389 1087 2459 gladii
1120 2389 1321 2443 bonum
1369 2387 1583 2440 vulnus.
1627 2384 1885 2439 Vulnerat
1925 2382 2017 2438 Dei
2047 2398 2169 2438 ver-

561 2483 714 2546 bum,
745 2481 838 2536 sed
874 2497 980 2534 non
1014 2481 1244 2534 ulcerat.
1278 2480 1374 2532 Est
1404 2479 1602 2532 vulnus
1635 2477 1759 2532 boni
1792 2477 2018 2541 amoris,
2045 2486 2172 2529 sunt

555 2574 783 2628 vulnera
822 2573 1143 2637 charitatis;
1179 2572 1411 2641 ideoque
1464 2570 1644 2624 dixit:
1687 2568 1991 2622 Vulnerata:
2042 2570 2170 2621 elia-

555 2669 727 2723 ritatt's
753 2685 843 2736 ego
871 2684 985 2721 sum
1015 2666 1191 2738 (Cant.
1227 2683 1286 2730 ιι,
1338 2665 1413 2735 5).
1441 2665 1569 2733 Quae
1618 2663 1861 2735 perfecta
1913 2671 2017 2728 est,
2050 2653 2167 2716 vul-

559 2776 747 2819 nerata
780 2763 1044 2818 charitate
1070 2771 1172 2816 est.
1201 2759 1352 2817 Bona
1376 2771 1501 2816 sunt
1534 2759 1699 2829 igitur
1728 2757 1894 2813 Verbi
1925 2760 2165 2825 vulnera,

557 2862 702 2917 bona
731 2870 856 2916 sunt
888 2859 1120 2914 amantis
1176 2861 1398 2913 vulnera
1435 2877 1447 2912 :
1484 2856 1710 2912 Utiliora
1768 2857 1902 2910 enim
1957 2856 2172 2910 vulnera

556 2956 736 3018 amici,
768 2971 920 3022 quant
952 2955 1246 3007 voluntaria
1288 2951 1468 3005 oscula
1510 2951 1710 3003 inimici
1769 2949 1953 3020 (Prov.
1999 2957 2170 3012 XXVII.

561 3050 637 3121 6).
672 3050 977 3104 Vulnerata:
1028 3046 1310 3102 charitatis
1359 3045 1606 3099 Rebecca
1637 3051 1742 3107 est,
1802 3057 1920 3109 quae
1966 3041 2173 3097 relictis

565 3144 926 3215 parentibus,
961 3140 1212 3213 migravit
1264 3141 1328 3194 ad
1382 3154 1661 3209 sponsum.
1697 3137 2008 3193 Vulneratxe
2039 3138 2170 3190 cha-

2271 1915 2409 1969 facie,
2437 1915 2503 1968 ad
2528 1918 2714 1970 faciem
2744 1916 2926 1970 videre
2956 1933 3060 1971 non
3091 1928 3294 1987 posset.
3327 1916 3665 1973 Seddevotio
3685 1925 3849 1972 sancta

2273 2024 2585 2062 mensuram
2628 2011 3056 2081 supergreditur,
3089 2022 3143 2068 et
3190 2013 3397 2082 putavit
3446 2012 3558 2066 Deo
3582 2013 3735 2065 etiam
3763 2011 3849 2064 hoc

2276 2121 2402 2160 esse
2430 2107 2706 2175 possibile,
2731 2118 2787 2161 ut
2808 2109 3088 2179 corporeis
3120 2111 3292 2165 oculis
3319 2111 3526 2166 faceret
3549 2104 3603 2165 id
3626 2110 3757 2180 quod
3782 2121 3851 2164 est

2276 2198 2657 2269 incorporeum
2713 2202 3124 2272 comprehendi.
3159 2202 3274 2258 Noo
3309 2201 3749 2274 reprehensibilis
3773 2199 3850 2258 hic

2277 2307 2452 2360 error,
2480 2294 2573 2347 sed
2610 2293 2772 2348 etiam
2819 2306 2967 2366 grata
2997 2297 3266 2366 cupiditas
3318 2308 3483 2366 atque
3509 2296 3848 2367 inexplebilis,

2275 2385 2419 2453 quod
2449 2387 2729 2441 Dominum
2760 2405 2914 2442 suum
2946 2389 3095 2444 velut
3148 2405 3307 2443 manu
3349 2400 3554 2456 tenere,
3587 2398 3640 2443 et
3686 2381 3850 2442 obtutu

2275 2479 2561 2532 oculorum
2594 2480 2778 2534 videre
2823 2483 3092 2550 cupiebat.
3137 2483 3354 2539 Sciebat
3387 2483 3531 2538 enim
3575 2482 3637 2537 ad
3682 2481 3850 2550 imagi-

2275 2585 2400 2626 nem
2447 2581 2503 2627 et
2553 2573 2958 2630 similitudinem
3013 2577 3102 2631 Dei
3149 2577 3351 2632 factum
3393 2591 3516 2633 esse
3568 2573 3847 2637 hominem;

2276 2664 2492 2734 quando
2515 2667 2660 2720 enim
2702 2667 2904 2721 electus
2939 2679 2966 2719 a
3014 2667 3248 2722 Domino
3277 2670 3391 2725 Deo
3435 2671 3499 2725 ad
3538 2672 3773 2740 p0pulutu
3800 2669 3850 2722 li-

2274 2758 2601 2828 berandtun,
2648 2762 2886 2830 repletus
2938 2774 3019 2816 est
3075 2765 3266 2834 spiritu
3317 2765 3622 2836 sapientia),
3669 2765 3853 2819 viderat

2278 2856 2529 2924 angelum
2587 2854 2736 2909 illum
2765 2897 2779 2920 ,
2829 2866 2881 2910 et
2929 2858 3120 2911 faciem
3174 2857 3289 2928 ejus
3322 2859 3376 2913 in
3432 2861 3617 2930 gloria,
3646 2859 3852 2926 denique

2278 2950 2518 3018 fulgente
2553 2950 2669 3018 ejus
2697 2951 2906 3006 lumine
2937 2944 3250 3022 pavefactus
3277 2963 3384 3016 est,
3433 2965 3488 3009 et
3529 2952 3659 3009 vidit
3686 2953 3850 3007 rubum

2281 3056 2361 3108 uri
2390 3065 2441 3108 et
2476 3071 2579 3108 non
2612 3056 2787 3108 exuri.
2819 3054 2949 3109 Visu
2993 3056 3154 3123 cmpit
3187 3053 3479 3126 fulgorem,
3513 3071 3668 3126 quem
3711 3054 3852 3105 mira-

2282 3159 2367 3202 tus
2397 3149 2618 3203 acccssit
2652 3165 2665 3213 ;
2697 3148 2990 3219 cupiditate
3037 3157 3090 3203 et
3134 3151 3303 3220 gratia
3335 3157 3682 3219 provocatus,
3713 3159 3763 3199 ut
3788 3143 3856 3197 di-

563 3241 741 3294 ritatis
763 3237 991 3299 Rachel,
1015 3253 1131 3306 qua:
1161 3235 1356 3289 zelavit
1377 3233 1870 3296 sororem,amavit
1895 3232 2172 3296 maritum;
2203 3223 2247 3283 C
2284 3240 2537 3310 ligemius
2591 3239 2854 3311 fulgorem
2899 3242 3047 3296 mum
3080 3241 3131 3295 ί..
3183 3242 3318 3297 who
3351 3243 3736 3298 cnnsidumm.
3767 3237 3856 3291 pa-

565 3333 740 3388 sorori
770 3333 914 3386 enim
946 3330 1087 3398 quod
1118 3327 1421 3383 abundaret
1450 3327 1595 3390 filiis,
1628 3329 1741 3395 ipsa
1769 3326 1968 3380 sterilis
1996 3325 2173 3378 adhuc

562 3427 863 3492 invidebat,
894 3423 1019 3495 quia
1049 3435 1233 3495 typum
1259 3420 1474 3492 gerebat
1509 3419 1791 3483 Ecclesiae,
1819 3421 1903 3474 cui
1934 3419 2130 3474 dicitur
2156 3436 2168 3470 :

565 3519 771 3574 Lwtare
817 3518 1008 3572 sterilis
1039 3531 1152 3582 quia
1192 3531 1294 3568 non
1321 3512 1462 3582 paris
1486 3554 1499 3579 ,
1530 3528 1740 3583 erumpe
1784 3522 1831 3565 et
1860 3513 2026 3565 clama
2058 3526 2174 3580 qua:

566 3631 670 3668 non
695 3613 924 3683 parturis
952 3609 1121 3682 (Esai.
1151 3607 1243 3674 δί,
1273 3605 1348 3676 1).

641 3708 731 3764 52.
776 3699 1105 3761 Invenerunt
1161 3719 1290 3774 ergo
1349 3699 1602 3760 custodes
1651 3711 1705 3757 et
1751 3700 2177 3755 vulneraverunt

569 3821 712 3867 eam,
744 3811 795 3858 et
830 3801 1067 3856 tulerunt
1115 3802 1162 3854 ei
1200 3799 1442 3868 pallium,
1506 3799 1608 3853 hoc
1665 3809 1767 3861 est,
1804 3809 1954 3851 actus
1983 3811 2174 3866 corpo-

568 3897 700 3952 ralis
749 3895 1084 3950 involucrum
1142 3893 1506 3957 sustulerunt,
1541 3903 1597 3946 ut
1643 3892 1785 3947 nuda
1821 3893 2019 3946 mentis
2047 3890 2177 3944 sim-

572 3990 786 4060 plicitas
838 3998 1106 4059 quarreret
1175 3988 1451 4041 Christum
1510 4005 1524 4050 ;
1580 3989 1703 4054 quia
1758 4001 1918 4041 nemo
1996 3995 2178 4054 potest

572 4083 771 4138 amictu
803 4083 1030 4137 vestitus
1082 4081 1458 4150 philosophiae.
1511 4081 1564 4134 in
1619 4081 1802 4134 habitu
1849 4079 2060 4132 scilicet
2092 4093 2178 4132 sa-

575 4175 791 4247 pientize
849 4174 1124 4228 surcularis
1174 4171 1448 4226 Christum
1497 4174 1702 4227 videre.
1743 4171 1809 4224 Et
1859 4171 1998 4226 bene
2041 4171 2181 4224 tolli-

573 4286 660 4330 tur
689 4279 737 4330 ci
769 4275 997 4328 amictus
1042 4271 1426 4342 philosophim,
1463 4287 1527 4324 ne
1551 4271 1671 4340 quis
1703 4285 1819 4321 eam
1879 4283 1973 4338 per
2005 4267 2182 4338 philo-

573 4368 822 4436 sophiam
854 4364 1225 4434 deprmdetur.
1254 4364 1401 4418 Bene
1437 4364 1646 4417 tollitur
1702 4363 1748 4417 ei
1786 4363 2030 4430 pallium,
2062 4378 2182 4427 qua:

575 4461 643 4513 ad
698 4460 974 4514 Christum
1036 4457 1385 4528 proliinquat,
1421 4465 1476 4510 ut
1533 4455 1697 4510 Deum
1749 4456 1949 4517 visura,
1981 4454 2183 4508 mundo

575 4553 740 4609 c0rde
789 4552 1111 4621 gradiatur:
1163 4550 1311 4605 Beati
1359 4551 1502 4606 enim
1569 4549 1764 4602 mundo
1818 4547 1970 4601 corde
2002 4590 2015 4612 ,
2063 4549 2185 4616 quia

2279 3349 2385 3402 (pte
2413 3333 2457 3386 si
2481 3341 2690 3386 tantum
2715 3335 2921 3402 accepit
2944 3335 3218 3401 ardorem,
3253 3344 3458 3388 tantam
3490 3333 3651 3388 subiit
3677 3325 3854 3401 cupidi-

2282 3434 2469 3491 tatem,
2489 3442 2611 3481 cum
2645 3427 2894 3497 angelum
2913 3427 3205 3482 vidissetin
3233 3426 3449 3482 ﬂamma
3477 3427 3612 3499 ignis
3635 3427 3695 3481 de
3720 3424 3852 3487 rubo,

2283 3529 2342 3575 ut
2372 3521 2497 3577 licet
2529 3539 2728 3592 pavore
2771 3523 3148 3594 apprehensus
3197 3525 3545 3580 considerare
3589 3539 3690 3579 nea
3717 3522 3858 3576 aude-

2285 3623 2394 3681 ret,
2423 3616 2780 3671 considerare
2816 3627 2992 3671 tamen
3023 3617 3220 3671 vellet:
3256 3629 3462 3687 quanto
3493 3619 3660 3685 magis
3682 3613 3854 3668 vultum

2286 3710 2502 3764 Domini
2534 3711 2895 3780 corporaliter
2925 3711 3108 3765 videre
3136 3709 3506 3778 desiderabat,
3542 3711 3719 3766 dicens
3739 3709 3854 3761 intra

2286 3822 2344 3860 se
2376 3822 2390 3856 :
2423 3803 2641 3860 Vultum
2675 3807 2826 3860 illum
2864 3805 3080 3875 plenmn
3107 3805 3266 3872 lueis,
3289 3803 3504 3878 1600
3529 3804 3730 3876 plenum
3756 3815 3859 3872 gra-

2286 3900 2398 3965 tiae,
2428 3900 2643 3966 plenum
2696 3900 2931 3958 virtutis.
2975 3899 3193 3967 plcnum
3225 3899 3553 3967 (“\ittilalls,
3583 3913 3730 3968 quem
3755 3908 3857 3947 esse

2287 3990 2510 4046 dicam?
2538 3991 2650 4044 Non
2685 4008 2900 4060 possum
2947 3992 3064 4059 plus
3092 3991 3273 4047 dicere
3296 3992 3380 4047 vel
3408 3995 3610 4050 sentire
3639 3992 3701 4046 de
3728 3989 3854 4050 Deo;

2286 4101 2406 4141 Cum
2428 4087 2572 4140 enim
2604 4088 3065 4141 consonuuaverit
3099 4087 3283 4150 homo,
3309 4098 3438 4142 tttuc
3463 4088 3666 4155 incipit;
3690 4093 3856 4138 etcum

2289 4178 2506 4244 finierit,
2537 4181 3028 4249 tuncapuriabitur,
3050 4192 3104 4233 ttt
3130 4183 3390 4250 scriptum
3423 4192 3525 4246 est,
3556 4178 3671 4251 quia
3691 4179 3854 4231 incont-

2289 4274 2645 4346 prehensibilis
2671 4285 2742 4328 est
2767 4272 2863 4327 Dei
2881 4286 3075 4328 (eterna
3099 4279 3339 4347 utnjestus
3368 4274 3592 4346 (Eccles.
3626 4287 3761 4334 xvnt,
3793 4265 3857 4333 6).

2367 4369 2457 4422 55.
2493 4369 2680 4421 Irritus
2699 4368 2916 4438 quidem
2960 4379 3080 4423 erat
3113 4369 3492 4438 postulationis
3522 4367 3752 4424 effectus.
3780 4356 3858 4413 scd

2293 4458 2522 4514 affectus
2570 4461 2864 4529 probabilis
2896 4463 3036 4515 servi
3073 4478 3085 4525 ;
3119 4462 3241 4532 quia
3285 4461 3423 4516 ultra
3463 4472 3697 4515 naturam
3728 4465 3858 4509 suam

2293 4553 2582 4608 devotione
2605 4569 2925 4622 progressus
2961 4556 3026 4609 de
3071 4555 3281 4609 Domini
3312 4555 3518 4624 angelis
3568 4546 3857 4606 testiinabal.

575 4647 675 4719 ipsi
730 4647 895 4700 Deum
944 4645 1183 4699 videbunt
1234 4637 1446 4716 (Matth.
1505 4660 1537 4696 v
1569 4685 1581 4706 ,
1623 4645 1700 4709 8).
1775 4642 2016 4711 Denique
2095 4641 2184 4696 ubi
2213 4629 2269 4688 D
2296 4655 2552 4714 quantum
2585 4643 2652 4698 de
2678 4645 2888 4698 Domini
2915 4645 3069 4698 vultu
3104 4645 3222 4714 plus
3273 4645 3624 4707 desideraret,
3656 4658 3750 4706 quo
3776 4652 3856 4691 cu-

581 4739 1000 4803 tuundavitcor,
1035 4737 1267 4792 Verbum
1320 4737 1543 4806 reperit,
1587 4729 1758 4790 Deum
1807 4734 1960 4788 vidit.
1994 4734 2186 4803 Quterc

582 4850 712 4904 ergo
765 4833 941 4895 illum,
995 4834 1166 4903 virgo,
1227 4833 1391 4886 immo
1440 4847 1746 4902 qua~r:uuus
1798 4847 2025 4892 omnes;
2069 4832 2186 4883 ani-

581 4942 666 4982 ma
719 4927 862 4981 enim
891 4941 1078 4981 sexum
1129 4944 1232 4980 non
1285 4925 1463 4980 habet.
1488 4925 1596 4980 Sed
1647 4926 1767 4979 ideo
1828 4925 2054 4979 fortasse
2110 4925 2186 4978 fe-

586 5023 823 5077 mineum
852 5035 1051 5075 nomen
1102 5020 1332 5088 accepit,
1385 5020 1526 5088 quod
1562 5035 1680 5073 eam
1708 5019 1997 5072 violentior
2021 5027 2184 5070 (estus

583 5116 831 5186 corporis
862 5113 1006 5184 agit:
1053 5115 1162 5184 ipsa
1195 5126 1372 5167 autem
1405 5114 1661 5181 impetum
1690 5116 1869 5165 carnis
1907 5110 2179 5164 clamoris

578 5211 660 5265 sui
695 5209 840 5262 molli
875 5207 1107 5279 quadam
1148 5217 1201 5260 et
1225 5205 1419 5260 blamla
1453 5207 1663 5260 ratione
1704 5204 1994 5258 demulcet.
2036 5203 2181 5272 Ergo

581 5304 919 5360 orationibus
951 5313 1005 5358 et
1031 5301 1498 5355 obsecrationilms
1527 5299 1694 5353 Deum
1759 5299 1987 5352 invitare
2017 5298 2183 5354 debe-

583 5416 726 5466 mus,
753 5410 804 5454 ut
837 5398 988 5468 quasi
1039 5398 1209 5449 bonus
1246 5391 1630 5448 austeramare
1671 5392 1942 5462 dignetur,
1987 5393 2182 5448 Verbi-

583 5511 687 5565 que
715 5491 868 5546 nobis
905 5505 1094 5544 auram
1126 5489 1364 5544 C(BlCaiiS
1419 5486 1661 5556 aspiret:
1707 5503 1826 5556 qua:
1879 5479 2186 5543 fructiferas

583 5590 809 5641 arbores
838 5600 943 5639 non
975 5582 1192 5637 turbare
1237 5593 1398 5636 vento
1429 5581 1600 5650 gravi,
1625 5581 1719 5636 sed
1741 5575 1855 5636 ‘leni
1892 5576 2187 5650 spiramine

583 5677 821 5747 ﬂatuque
869 5674 1017 5729 molli
1057 5673 1336 5730 consuevit
1364 5673 1589 5743 agitare.

657 5793 762 5848 n1n
784 5799 865 5864 ps.
897 5801 1080 5859 CXVIII,
1113 5805 1278 5847 serm.
1313 5789 1398 5843 η.

2297 4737 2576 4808 piditatem
2610 4752 2760 4790 suam
2791 4738 3014 4805 gestiret
3045 4737 3286 4804 explere.
3321 4735 3551 4791 Noverat
3578 4737 3623 4788 in
3657 4736 3760 4802 ipso
3779 4731 3861 4783 ho-

2297 4833 2442 4886 utine
2474 4831 2630 4883 aliam
2657 4841 2772 4899 post
2800 4842 3026 4884 mortem
3054 4830 3282 4884 futuram
3308 4821 3861 4900 gloriam,aliamclari-

2299 4934 2496 4979 latent:
2528 4923 2673 4977 Sicut
2693 4925 2828 4978 euint
2857 4924 3005 4978 stella
3027 4943 3059 4977 a
3078 4925 3226 4978 stella
3256 4923 3429 4991 (li/[ert
3459 4927 3512 4978 in
3540 4924 3775 4982 claritate,
3798 4914 3860 4970 sit:

2296 5031 2341 5072 et
2362 5020 2666 5072 resurrectio
2686 5030 3029 5082 mortuorum;
3047 5035 3159 5088 qtttL’
3181 5028 3227 5072 et
3254 5019 3298 5071 si
3319 5021 3596 5073 seminatur
3611 5019 3660 5070 in
3674 5025 3860 5077 corrup-

2291 5113 2446 5175 tione,
2468 5121 2636 5181 surgel
2653 5123 2819 5165 tamen
2844 5113 2893 5165 in
2915 5113 3491 5186 incorruptione,surget
3516 5117 3564 5168 in
3576 5113 3860 5188 gloria,stu‘-

2290 5217 2371 5277 get
2403 5208 2452 5259 in
2482 5208 2679 5270 uirtute,
2699 5217 2869 5275 surget
2897 5224 3085 5275 corpus
3113 5209 3347 5278 spiritale
3372 5207 3410 5276 (l
3434 5198 3856 5273 Cor.xv,4l—-ici).

2289 5300 2390 5366 Qlli
2408 5317 2536 5366 6ft!”
2559 5301 2673 5354 lltl'c
2688 5302 2825 5354 st‘il‘c
2850 5313 3079 5370 p0terat,
3098 5305 3288 5358 merito
3319 5303 3671 5376 priesumebat
3693 5307 3743 5352 ut
3764 5292 3860 5347 vui-

2293 5402 2405 5446 ttnn
2433 5394 2644 5447 Domini
2673 5394 2859 5447 videre
2877 5407 3124 5465 cuperet,
3142 5413 3262 5452 cmn
3301 5408 3448 5452 esset
3473 5397 3614 5452 obita
3640 5385 3858 5459 corporis

2295 5499 2469 5541 morte
2504 5489 2742 5541 visurus.
2788 5487 2972 5544 Talem
3004 5501 3152 5546 certe
3182 5491 3346 5546 etiam
3383 5493 3604 5545 formam
3641 5488 3850 5556 eepcrﬂb

2294 5581 2458 5636 talem
2489 5582 2751 5637 Dominus
2777 5583 2886 5652 jam
2923 5585 3205 5654 probabat,
3237 5598 3292 5642 ut
3323 5604 3428 5641 non
3451 5586 3670 5640 distaret
3691 5580 3753 5634 ab
3777 5590 3856 5628 an-

2294 5677 2430 5746 gelis
2461 5678 2702 5734 coclestis
2730 5681 2978 5737 minister
3020 5693 3073 5738 et
3097 5691 3385 5738 exsecutor
3404 5679 3624 5736 oraculi.
3649 5677 3711 5732 Et
3749 5667 3856 5727 ideo

2364 5790 2390 5828 ι’
2416 5792 2473 5846 In
2503 5792 2640 5863 psal.
2667 5799 2861 5861 cxv’m,
2893 5811 3059 5851 serm.
3087 5797 3142 5860 8,
3164 5811 3313 5852 num.
3340 5795 3424 5852 ΓΙ.
