4148 6362
327 287 465 349 ὶ9ἔ3

1287 287 1328 344 Ε
1371 287 1680 347 SCRIPTIS
1721 284 1777 342 S.
1823 279 2146 343 AMBROSII
2182 279 2606 345 COLLECTUS.

3478 282 3620 347 ιθτι

323 423 446 466 cum
494 408 681 474 sciret,
741 407 879 473 Quia
931 409 1103 482 angeli
1155 409 1467 479 pusillorum
1497 409 1726 480 quotidie
1757 409 1926 463 rident
1956 405 2009 466 A
2040 443 2206 481 meum
2236 426 2350 494 (με,
2379 439 2526 490 cm,
2557 425 2590 479 5
2621 433 2668 477 ει
2696 422 2774 490 τι),
2810 415 3019 476 Deiecit
3048 421 3194 478 enim
3223 421 3341 492 ejus
3367 419 3624 491 spiritus;

322 505 507 574 faciem
536 501 708 555 Patris
738 501 825 568 qui
852 502 903 554 in
934 503 1072 555 caelis
1122 511 1198 557 est
1231 501 1449 568 (Matth.
1493 518 1645 567 xvtu,
1680 503 1794 574 10),
1826 520 1924 573 pu-

325 594 618 663 tavit‘qnod
645 593 756 662 jam
786 610 905 648 cam
952 594 1136 649 videre
1182 604 1366 664 posset
1397 604 1450 650 et
1508 597 1751 663 dein-ret,
1785 608 1924 650 tznn-

321 702 481 757 quam
513 687 713 740 oblitus
739 689 1007 754 corporis,
1054 697 1104 741 et
1133 704 1296 742 carne
1323 689 1569 759 deposita
1597 705 1611 752 ;
1663 691 1809 744 sicut
1838 691 1926 745 ille

321 779 412 848 qui
438 782 490 832 in
518 793 752 848 corpore
782 780 960 834 adlmc
1008 779 1240 849 positus,
1264 797 1386 837 cum
1435 793 1718 850 raperetur
1749 785 1800 838 in
1829 799 1924 853 pa-

321 870 584 931 radisum,
616 870 759 923 ultra
787 872 839 924 in
871 887 1125 940 corpore,
1173 875 1292 927 sive
1331 883 1482 928 extra
1512 889 1710 940 Corpus
1739 884 1926 944 raptus

302 977 461 1019 esset
495 964 563 1018 ad
614 965 833 1020 tertium
863 966 1058 1022 emittm
1088 982 1147 1021 se
1175 969 1391 1022 m-scire
1422 969 1554 1022 dixit
1582 967 1647 1040 (ll
1677 968 1798 1022 Cor.
1827 983 1922 1035 xu,

319 1060 400 1130 5).
428 1058 610 1114 Sancti
640 1061 785 1114 enim
829 1061 992 1114 etiam
1037 1075 1158 1114 cum
1197 1070 1393 1132 gerunt
1420 1077 1642 1131 corpus,
1669 1077 1773 1116 non
1802 1070 1929 1116 sunt

322 1161 503 1206 tamen
532 1154 582 1206 in
616 1169 804 1219 carne,
839 1155 929 1208 sed
964 1155 1014 1206 in
1065 1155 1256 1224 spiritu
1283 1173 1295 1219 ;
1327 1155 1580 1226 quoaiam
1637 1157 1729 1225 qui
1755 1158 1805 1211 ιιι
1829 1172 1923 1212 cu-

319 1245 545 1316 piditate
589 1256 644 1300 et
689 1249 1104 1303 conversatione
1135 1251 1338 1303 carnali
1381 1260 1527 1310 sunt.
1556 1251 1666 1304 Deo
1708 1253 1925 1322 placere

321 1351 430 1394 non
460 1351 707 1409 possunt.
741 1342 927 1397 Sancti
983 1351 1164 1398 autem
1217 1347 1639 1401 conversatione
1672 1348 1723 1401 in
1763 1363 1927 1404 carne

319 1451 430 1489 nun
457 1445 604 1501 sunt,
634 1436 730 1491 sed
783 1439 832 1490 in
863 1438 1023 1494 caelo.

393 1531 480 1587 56.
516 1531 589 1585 Ex
619 1530 703 1585 his
725 1547 855 1602 ergo
895 1533 1121 1604 Sponsa:
1152 1536 1456 1604 languentis
1493 1538 1926 1609 comprehenda-

323 1639 444 1681 mus
468 1625 746 1680 atl‘cctmn.
779 1626 978 1682 Videre
1034 1629 1128 1683 Dei
1190 1631 1400 1684 vultum
1459 1634 1611 1700 quasi
1644 1635 1924 1702 innocens,

322 1720 469 1773 velut
493 1719 726 1789 quodam
761 1721 912 1775 vultu
932 1723 1282 1778 conscientia:
1308 1724 1678 1790 desiderabat,
1712 1728 1927 1796 aperire

320 1815 375 1869 ei
403 1813 592 1869 facient
619 1816 821 1869 mentis
850 1815 1099 1880 interua‘,
1132 1827 1187 1871 et
1220 1821 1473 1889 cognosci
1502 1821 1715 1890 plenius
1735 1823 1929 1892 gestie-
1960 1805 2010 1863 Β

323 1907 437 1961 bat.
467 1907 634 1963 Antor
661 1909 975 1974 impatiens,
1007 1912 1098 1964 diu
1127 1922 1394 1982 noctuque
1418 1916 1756 1971 meretricias
1782 1909 1932 1972 fores

321 2004 571 2072 pulsans,
595 2004 638 2057 si
661 2004 863 2058 diutius
889 2005 1129 2073 potiendi
1151 2006 1422 2062 desideria
1448 2008 1795 2077 dill'eruntur,
1819 2013 1931 2081 ipsa

322 2099 508 2154 delicit
530 2100 956 2168 exspectatione,
983 2101 1109 2154 dum
1136 2111 1320 2169 sperat
1353 2103 1438 2156 :in
1468 2120 1574 2174 quo
1610 2106 1795 2175 utique
1823 2123 1931 2161 non

323 2194 456 2246 linis
484 2195 706 2256 amoris,
732 2193 824 2247 Sed
863 2194 1256 2249 incrementum
1289 2206 1392 2248 est.
1419 2206 1444 2233 ιι
1481 2197 1541 2250 Et
1567 2198 1825 2268 quidquid
1853 2208 1935 2254 est

321 2287 710 2352 desiderabile,
744 2289 786 2342 si
822 2305 926 2344 non
974 2292 1253 2360 contingat
1291 2292 1648 2354 desideranti.
1675 2294 1933 2348 deﬁcitiu

319 2383 483 2444 illml,
507 2391 562 2438 et
582 2385 732 2454 quasi
775 2386 943 2454 ipsam
978 2385 1198 2453 deponit
1227 2386 1462 2440 animam
1495 2389 1584 2458 qui
1617 2387 1932 2452 desiderat;

321 2478 374 2530 si
419 2486 596 2531 tamen
648 2491 775 2545 sues
835 2479 1083 2547 prolirior
1127 2491 1416 2549 assurgat,
1475 2481 1565 2534 dat
1613 2483 1760 2536 vires
1811 2497 1936 2551 spes

325 2575 573 2643 proxima
603 2593 615 2639 ;
659 2574 703 2629 si
738 2584 914 2629 autem
963 2575 1206 2630 absentia
1243 2577 1309 2630 sit
1351 2576 1556 2644 dilecti,
1584 2593 1649 2632 eo
1682 2578 1798 2647 ipso
1828 2593 1936 2647 quo

321 2669 611 2724 absentem
645 2670 940 2733 desiderat,
969 2687 1087 2740 qum
1109 2669 1443 2736 concupivit,
1473 2671 1666 2725 animm
1701 2687 1809 2724 sum
1841 2687 1934 2738 pa-

327 2764 463 2818 titur
493 2763 875 2818 defectionem.
925 2763 1111 2834 Itaque
1155 2774 1358 2830 quanto
1415 2763 1623 2833 Iwngirts
1677 2775 1757 2817 est
1806 2764 1937 2818 illud

321 2857 475 2924 quod
499 2857 860 2923 desideratur,
900 2868 1049 2911 tanto
1083 2860 1251 2926 magis
1279 2857 1462 2912 delicit
1507 2859 1594 2927 qui
1633 2857 1933 2912 desiderat.

299 2949 388 3007 Δ1ιί
412 2964 540 3020 ergo
570 2949 803 3004 deiicere
829 2961 934 3012 est,
961 2952 1013 3003 in
1065 2951 1114 3003 id
1149 2966 1589 3020 nnumqnemque
1646 2953 1774 3003 totis
1821 2961 1932 3003 stu-

320 3041 433 3095 diis
456 3042 704 3110 migrare,
731 3042 871 3111 quod
897 3042 1078 3112 diligat
1107 3059 1120 3106 ;
1152 3041 1282 3095 illud
1313 3044 1533 3111 cogitat,
1565 3042 1644 3095 illi
1669 3042 1932 3104 adlurret,

319 3136 463 3191 illud
515 3146 812 3205 personat,
870 3137 1012 3207 quod
1054 3137 1324 3206 receperit
1375 3137 1744 3206 diligendum,
1799 3139 1848 3191 in
1882 3136 1931 3190 id

323 3229 560 3300 quadam
592 3231 786 3284 anim-.13
809 3229 1112 3285 defectione
1140 3230 1554 3284 transfunditur.
1587 3229 1655 3285 Ut
1688 3231 1730 3283 si
1757 3240 1931 3283 mater

325 3325 726 3392 liliicxspcctet
773 3326 1140 3390 praesentiam,
1195 3322 1650 3391 quemadmmlum
1696 3339 1929 3392 exspecv

321 3417 477 3472 tabat
500 3416 683 3472 Tobia:
721 3433 860 3471 uxor
885 3415 1051 3470 filium
1097 3417 1533 3486 peregrinantem
1569 3433 1581 3480 ;
1610 3415 1868 3470 deficiens
1901 3431 1930 3470 a

326 3508 630 3574 desiderio,
664 3518 717 3563 et
742 3510 790 3562 in
817 3508 1078 3576 angustiis
1116 3507 1432 3572 constituta,
1464 3517 1516 3560 et
1543 3517 1814 3576 tamquam
1845 3523 1934 3561 rc-

328 3606 505 3659 solnta
537 3604 819 3658 videbatur
845 3602 996 3675 (Tob.
1026 3619 1078 3664 x,
1115 3603 1148 3656 ’5
1176 3613 1221 3655 et
1251 3601 1405 3672 δρψ).
1441 3601 1577 3670 Quid
1610 3603 1752 3656 enim
1787 3601 1930 3655 aliud

327 3697 438 3751 nisi
463 3696 734 3750 delectum
776 3695 1063 3766 quemdam
1107 3695 1226 3762 ejus
1251 3695 1417 3747 verba
1448 3692 1761 3762 significant
1783 3694 1804 3746 ?
1827 3694 1932 3746 Sed

330 3802 442 3856 quo
473 3788 643 3856 magis
677 3787 909 3840 laSsttitlt'
935 3787 1180 3849 allectus,
1216 3802 1280 3840 eo
1314 3787 1544 3852 amplius
1592 3803 1745 3839 amor
1780 3802 1931 3840 cres-

331 3881 439 3940 cit;
469 3889 521 3931 et.
545 3895 651 3944 quo
675 3877 876 3931 diutius
902 3876 1059 3930 abest
1085 3876 1179 3946 qui
1205 3876 1499 3941 desiderat,
1528 3887 1931 3946 eoexspectan-

334 3975 405 4028 tis
435 3973 704 4027 desideria
761 3973 966 4041 majore
995 3970 1226 4040 quadam
1279 3972 1327 4022 vi
1381 3971 1582 4023 amoris
1625 3971 1932 4040 ignescunt.

326 4066 473 4121 Caro
499 4065 811 4129 deﬁcit,sed
841 4063 1104 4134 cupiditas
1136 4063 1299 4117 alitur
1323 4073 1374 4117 et
1398 4071 1644 4130 augetur.

411 4161 499 4214 :37.
541 4159 724 4228 Itaque
765 4169 950 4212 sancta
984 4159 1158 4210 anima
1211 4159 1382 4210 nescit
1434 4155 1578 4209 aliud
1617 4153 1933 4208 desiderare

332 4267 496 4324 quam
523 4251 822 4320 Sponsum,
848 4252 936 4320 qni
985 4262 1066 4305 est
1097 4250 1344 4305 Christus
1383 4249 1579 4304 Je~nsz
1616 4249 1762 4303 illum
1800 4264 1935 4302 con-

337 4346 588 4416 cupiscit,
623 4345 771 4398 illum
815 4343 1110 4407 desiderat,
1153 4344 1203 4396 in
1257 4344 1409 4396 illum
1438 4344 1564 4396 totis
1591 4341 1825 4396 intendit
1855 4343 1934 4394 vi-

339 4441 509 4500 ribus,
538 4441 686 4493 illttm
737 4440 947 4507 gremio
981 4438 1176 4492 mentis
1224 4437 1395 4502 fovet,
1447 4437 1522 4492 illi
1553 4452 1612 4492 se
1653 4437 1824 4507 aperit
1881 4445 1936 4490 et

341 4535 586 4598 el'ftmdit,
619 4547 671 4589 et
705 4534 806 4589 hoc
830 4535 1002 4589 solum
1043 4544 1283 4598 vetetur,
1316 4549 1383 4586 ne
1412 4533 1558 4586 illmu
1584 4533 1755 4600 possit
1776 4532 1934 4584 amit-

339 4638 473 4682 tere.
509 4627 693 4697 Itaque
723 4637 922 4696 quanto
953 4626 1158 4696 majore
1188 4624 1461 4680 desiderio
1505 4623 1739 4679 excitata
1775 4624 1936 4677 fuerit

341 4723 562 4786 anima,
609 4719 830 4790 cupiens
878 4719 1156 4774 adit-.rrcre
1208 4721 1318 4774 Deo
1368 4719 1587 4774 salutari
1636 4734 1757 4782 suo,
1787 4729 1936 4773 tanto

343 4820 512 4886 magis
539 4816 739 4870 deﬁcit.
777 4816 915 4885 Ergo
959 4816 1057 4868 ista
1096 4814 1789 4870 deiectioimminutionem
1819 4815 1936 4881 qui-

339 4909 462 4964 dem
488 4907 814 4978 fragilitatis,
847 4907 939 4962 sed
963 4907 1390 4977 assumptionem
1414 4906 1631 4960 virtutis
1655 4915 1933 4974 operatur.

341 5000 793 5072 (hincupiscebat,
828 5000 1191 5061 desiderabat,
1240 5001 1546 5066 deﬁciebat,
1599 5009 1713 5055 toto
1743 4999 1936 5053 dissol-

343 5097 571 5152 vebatur
620 5095 838 5162 allecto,
867 5107 921 5149 ut
972 5104 1118 5150 totus
1168 5095 1312 5150 illius
1344 5096 1495 5149 ﬁeret
1537 5111 1697 5165 quem
1729 5094 1939 5150 deside—

342 5190 518 5257 rabat,
544 5191 682 5244 sicut
711 5192 870 5245 etiam
906 5190 1068 5245 Dat-id
1103 5191 1216 5261 ipse
1243 5191 1411 5245 dicit:
1469 5190 1701 5257 Elfundo
1731 5191 1783 5244 in
1816 5208 1941 5244 con-

341 5296 515 5356 specta
547 5291 656 5355 ejus
685 5287 964 5339 orationem
1015 5300 1175 5339 meam
1212 5328 1225 5351 ,
1278 5297 1322 5339 et
1353 5286 1736 5340 tribulationem
1778 5305 1941 5340 meam

333 5388 459 5431 ‘tmte
495 5378 668 5449 ipsum
715 5380 1014 5448 prontmtt'o,
1065 5379 1118 5432 in
1157 5379 1441 5449 deﬁciendo
1488 5395 1552 5434 ea:
1597 5396 1676 5433 me
1701 5381 1941 5452 spiritum

377 5653 387 5662 .
415 5591 437 5615 ιι
466 5581 527 5635 lu
559 5598 638 5653 ps.
673 5597 860 5649 cxvm,
905 5600 1066 5638 serm.
1096 5586 1184 5651 il,
1229 5601 1376 5639 num.
1409 5587 1442 5638 ὖ
1474 5595 1525 5638 et
1552 5585 1783 5641 inferius
1816 5599 1942 5655 pas-

343 5668 470 5708 Sim.

418 5721 444 5761 ι’
473 5727 633 5797 Apol.
665 5727 826 5797 David
860 5745 915 5790 ιι,
937 5744 1055 5797 cap.
1088 5729 1138 5784 9.
1174 5745 1321 5782 num.
1358 5729 1446 5783 47.

421 5807 440 5832 ί
470 5793 587 5852 ιλιι).
620 5816 637 5852 t
667 5801 733 5853 d0
763 5793 931 5870 Virg”
958 5793 1074 5868 cup.
1111 5802 1166 5865 8,
1190 5817 1334 5853 ttttztt.
1373 5801 1461 5857 4ῗ.

2029 519 2196 574 inuno
2243 520 2310 575 ab
2338 535 2404 574 eo
2446 517 2643 574 defecit
2683 517 2927 585 Spiritus,
2959 514 3049 585 qui
3097 515 3334 585 seipsum
3359 524 3537 586 negat,
3571 526 3628 570 ut

2029 607 2620 666 adlucreatChristo.b
2652 609 2836 678 Itaque
2883 608 3033 677 quasi
3063 609 3264 662 amoris
3317 607 3624 674 impatiens,

2029 704 2518 770 circumcursabat,
2577 713 2630 757 et
2661 702 2941 773 qumrcbat
2986 701 3185 770 ubique
3231 700 3322 754 Dei
3367 698 3625 765 Verbum,

2029 803 2152 870 quia
2177 801 2482 860 vulnerata,
2533 797 2654 866 quia
2706 797 2883 861 nuda;
2925 806 2978 850 et
3010 793 3284 863 quaerebat
3332 793 3630 848 adminicu-

2029 897 2139 950 lum
2165 895 2394 964 alicujus
2417 909 2444 947 a
2467 908 2574 963 quo
2600 892 2849 946 Christus
2871 901 3153 962 rogaretur
3175 901 3232 943 ut
3260 885 3631 943 vcnirctNide

2030 998 2373 1050 aestuantem,
2411 987 2534 1043 vide
2557 986 2958 1041 desiderantem
2989 1003 3001 1037 :
3047 985 3272 1057 Adjuro,
3300 983 3491 1051 inquit,
3517 997 3628 1045 vos,

2033 1083 2156 1144 ﬁlim
2217 1073 2560 1142 Hierusalem,
2616 1091 2755 1142 etc.;
2787 1079 2982 1133 deinde
3023 1079 3235 1131 ﬁliabus
3287 1075 3525 1143 caelestis
3567 1073 3633 1130 il-

2032 1172 2138 1226 lius
2161 1173 2399 1228 civitatis
2443 1174 2714 1238 admixta,
2777 1169 3017 1223 Verbum
3078 1167 3326 1237 requirit,
3382 1176 3435 1220 et
3485 1182 3637 1234 quzc~

2032 1265 2224 1331 rendo,
2253 1265 2560 1334 ctspeciem
2588 1265 2705 1334 ejus
2732 1261 3174 1332 contemplanda,
3199 1260 3315 1330 ejus
3367 1260 3419 1314 in
3448 1273 3505 1314 se
3536 1275 3633 1314 ex-

2032 1356 2160 1411 citat
2200 1356 2546 1410 cbaritatem.
2711 1385 2714 1388 ~

2111 1449 2318 1521 1601
2352 1449 2441 1504 58.
2477 1448 2658 1518 (Vers.
2697 1444 2807 1520 10.)
2835 1444 3303 1515 cFrater,inquit,
3344 1459 3486 1498 meus
3514 1459 3638 1496 cou-

2036 1543 2188 1594 didus
2246 1553 2292 1595 et
2319 1542 2533 1608 rubens,
2597 1543 2786 1595 electus
2812 1556 2875 1594 ea:
2935 1537 3179 1593 millibus.
3244 1536 3409 1590 Decet
3469 1534 3637 1598 enim,

2031 1631 2187 1704 virgo
2214 1676 2227 1700 ,
2281 1644 2331 1688 ut
2367 1635 2521 1703 plene
2575 1634 2794 1688 noveris
2819 1649 2977 1704 quem
3027 1631 3228 1701 diligis,
3261 1639 3425 1699 atque
3475 1644 3637 1684 omne

2035 1725 2088 1777 in
2123 1741 2187 1778 eo
2218 1735 2272 1779 et
2303 1726 2554 1795 ingenita:
2578 1725 2880 1779 divinitatis
2911 1733 2966 1778 et
3001 1719 3294 1791 assumptae
3319 1720 3636 1792 mysterium

2038 1817 2494 1889 incorporationis
2517 1832 2804 1887 agnosras.
2827 1815 3104 1870 Candidus
3131 1828 3263 1883 ergo
3294 1823 3377 1868 eSt
3422 1811 3637 1876 metito,

2039 1912 2162 1979 quia
2195 1912 2361 1978 patris
2386 1911 2648 1980 Splendor
2679 1929 2691 1961 :
2727 1909 3076 1976 rubens,quia
3113 1919 3303 1977 partus
3359 1915 3445 1959 est
3476 1903 3639 1973 virgi—

2039 2006 2142 2058 nis.
2185 2004 2352 2060 Color
2396 2006 2446 2058 in
2489 2020 2554 2059 eo
2594 2004 2761 2073 fulget
2801 2012 2856 2059 et
2885 2003 3067 2057 rutilat
3099 2001 3384 2068 utriusque
3409 2007 3638 2051 naturae.

2041 2099 2309 2153 Memento
2335 2107 2515 2153 tamen
2545 2097 2851 2167 antiquiora
2876 2094 2929 2148 in
2957 2111 3024 2148 eo
3054 2092 3360 2148 divinitatis
3383 2089 3637 2158 insignia,

2041 2196 2463 2262 quamcorpm-is
2508 2201 2873 2255 sacramenta;
2906 2191 3029 2260 quia
3059 2205 3166 2244 non
3201 2187 3371 2256 cmpit
3397 2201 3424 2239 a
3461 2185 3641 2255 Virgi-

2040 2309 2130 2358 ne,
2165 2293 2259 2347 sed
2286 2295 2374 2361 qui
2399 2304 2516 2348 erat
2549 2292 2695 2346 venit
2720 2292 2770 2346 in
2801 2289 3100 2359 Virginem.

2113 2385 2203 2440 59.
2237 2383 2264 2422 ἀ
2309 2384 2493 2440 Frater
2525 2402 2665 2439 meus
2707 2384 2963 2438 candidus
3011 2392 3058 2435 et
3105 2381 3310 2434 rubens.
3365 2376 3638 2433 Candidus

2044 2480 2290 2533 claritate
2341 2490 2585 2543 (eterna,
2635 2479 2837 2532 rubens
2893 2478 3075 2546 Specie
3128 2475 3331 2530 coloris
3387 2473 3641 2538 humani,

2042 2589 2199 2643 quem
2219 2582 2562 2626 stcramcnm
2585 2569 2980 2626 incarnationis
3000 2567 3313 2637 assumpsit.
3345 2565 3645 2635 Meritoque

2042 2677 2096 2721 et
2152 2669 2324 2736 ipsum
2374 2668 2519 2737 quod
2567 2677 2654 2722 est
2703 2667 2953 2731 rubenm,
3010 2665 3149 2720 bene
3177 2665 3306 2730 olet;
3347 2663 3471 2733 quia
3517 2678 3644 2716 caro

2042 2761 2244 2815 Citriin
2274 2761 2392 2816 sine
2433 2770 2658 2830 peccato
2712 2770 2818 2821 est,
2862 2773 3021 2827 quam
3051 2756 3241 2827 perlidi
3297 2765 3648 2810 contrectan-

2046 2867 2149 2920 tes,
2194 2869 2386 2907 mauus
2429 2868 2554 2907 snas
2591 2852 3034 2920 inquinat-erunt:
3073 2848 3247 2902 sancti
3298 2857 3642 2913 venerantes,

2042 2947 2262 3017 pietatis
2286 2946 2454 3000 odore
2477 2946 2790 3014 ﬂagrarent.

2117 3049 2205 3102 60.
2266 3057 2288 3084 ε’
2338 3045 2549 3101 Electus
2599 3063 2661 3098 ea:
2711 3043 2962 3097 millibus.
2997 3041 3183 3096 Decem
3235 3043 3420 3105 millia,
3466 3038 3648 3109 inquit

2042 3141 2232 3208 Jacob,
2271 3139 2514 3207 ΕρΙινωηι
2557 3150 2599 3192 et
2644 3137 2809 3190 millia
2843 3136 3105 3200 illatrat-se;
3141 3134 3190 3188 id
3216 3129 3418 3197 est,'ct
3464 3131 3646 3188 δυόω-

2039 3254 2192 3291 orum
2230 3245 2284 3290 et
2312 3234 2556 3304 gentium
2600 3232 2927 3295 dominetur,
2963 3239 3018 3284 et
3047 3246 3113 3283 ex
3161 3239 3388 3298 utroque
3437 3227 3640 3297 populo

2036 3326 2668 3399 ﬂCQttil'alSibiECCiCSitl‘.
2694 3321 3640 3394 plenitudinetn.ldeoquedcxteram

2037 3441 2187 3479 suam
2217 3438 2382 3491 snper
2413 3419 2665 3492 Epitrmm
2699 3419 2874 3490 powit
2915 3429 3133 3472 sanctus
3157 3415 3349 3479 Jacob;
3394 3431 3458 3469 eo
3499 3417 3639 3482 quod

2035 3519 2194 3587 legis,
2215 3517 2432 3570 dicente
2449 3513 2690 3568 Ecclesia
2717 3513 2767 3565 in
2791 3510 3030 3565 Cantieis
3053 3510 3425 3563 canticorum:
3456 3505 3642 3560 Frater

2038 3626 2176 3663 meus
2231 3608 2484 3662 candidus
2516 3605 2790 3668 ctrubeus,
2838 3606 3029 3657 electus
3075 3619 3139 3656 ex
3166 3601 3342 3656 decem
3391 3601 3641 3655 millibus.

2037 3703 2279 3770 Dtuique
2308 3703 2470 3755 etiam
2504 3699 2669 3752 David
2704 3697 3014 3767 Ῑιινιξιιειιιιρ
3048 3695 3230 3749 Maria:
3262 3705 3537 3747 auctorem
3571 3710 3638 3745 cx

2037 3797 2189 3865 eojus
2231 3794 2578 3849 successione
2625 3790 2873 3845 Christus
2919 3799 3002 3843 est
3054 3799 3212 3842 natos
3263 3801 3362 3856 per
3409 3785 3646 3854 Virginis

2039 3901 2275 3960 partum,
2301 3889 2353 3942 iu
2385 3887 2570 3941 decem
2606 3885 2846 3938 millibus
2878 3881 3278 3952 [incdit-aliam:
3305 3879 3436 3936 Saul
3461 3890 3640 3933 autem

2041 3984 2090 4037 in
2129 3983 2392 4046 millilius,
2438 3995 2560 4034 cum
2625 3994 2828 4032 revera;
2858 3978 2946 4029 tite
2998 3973 3226 4045 gratiam
3287 3974 3427 4028 circa
3460 3988 3640 4043 regem

2039 4078 2207 4146 magis
2233 4088 2550 4144 prtcponere
2573 4071 2909 4126 debuissent.

2111 4170 2170 4224 6i
2189 4209 2200 4221 .
2231 4168 2413 4240 (Vers.
2453 4163 2563 4235 11.)
2589 4163 2790 4234 fCaput
2813 4165 2925 4236 ejus
2943 4179 3126 4215 aurum
3146 4159 3366 4228 Cepltas.
3388 4158 3541 4228 Quod
3570 4160 3643 4212 si-

2038 4263 2257 4334 gnificat
2291 4259 2538 4315 stabilem
2580 4259 3022 4325 etninentcmque
3053 4252 3398 4325 sapientiam.
3432 4251 3645 4321 Corpus

2038 4358 2237 4412 Christi
2267 4357 2506 4412 Ecclesia
2527 4362 2632 4420 est,
2665 4351 2825 4420 hujus
2866 4359 3029 4421 caput
3059 4360 3115 4403 ut
3141 4364 3364 4414 aurum,
3404 4348 3524 4416 quia
3558 4362 3644 4400 sa-

2040 4453 2239 4523 pientia
2289 4451 2522 4520 pretiosa
2565 4455 2877 4502 sanctorum
2925 4456 3029 4508 ρει,
3080 4443 3182 4496 bac
3220 4451 3334 4508 est,
3376 4441 3478 4494 viri
3510 4440 3643 4508 justi

2040 4555 2200 4616 atque
2215 4543 2529 4615 prudentes.

2117 4639 2205 4692 69..
2255 4635 2433 4689 Crines
2465 4634 2578 4698 eius
2602 4641 2655 4686 ut
2698 4631 2906 4692 abietes,
2959 4629 3121 4699 nigra:
3163 4627 3294 4680 sicut
3324 4641 3502 4678 corax.
3564 4623 3643 4678 De

2046 4731 2148 4786 hoc
2206 4729 2334 4782 alibi
2377 4726 2534 4793 dixit,
2577 4723 3010 4791 Capillantentum
3046 4734 3210 4781 tamn,
3261 4729 3318 4772 ut
3351 4735 3480 4791 grex
3525 4727 3640 4770 ton-

2043 4842 2238 4880 sarnut.
2293 4823 2418 4876 ideo
2471 4819 2932 4888 capillamentum,
2988 4815 3112 4885 quia
3161 4813 3334 4866 virtus
3396 4810 3638 4863 omnium

2043 4935 2299 4976 sensuum
2330 4919 2382 4972 in
2415 4914 2590 4985 capite
2617 4925 2718 4968 est:
2759 4910 2911 4966 Oculi
2941 4910 3087 4965 enim
3116 4905 3364 4977 sapientis
3395 4906 3446 4957 iu
3473 4905 3642 4972 capite

2044 5015 2157 5085 ejus
2188 5011 2386 5086 (licrlc.
2431 5025 2491 5074 ιι,
2532 5007 2645 5077 ll).
2681 5003 2955 5060 Profunda
2990 5003 3150 5072 igitur
3180 5000 3464 5053 doctorum
3516 5011 3642 5065 pru-

2044 5109 2247 5172 dentia,
2280 5122 2398 5176 qum
2428 5109 2606 5173 potest
2635 5115 2696 5153 ea
2723 5115 2842 5169 qum
2872 5095 3098 5152 obscura
3131 5103 3258 5148 sunt
3287 5090 3555 5154 revelare,
3587 5096 3643 5142 et

2041 5203 2148 5255 alta
2203 5200 2416 5268 aperire
2467 5209 2749 5250 sensuum.
2811 5190 2873 5244 Et
2914 5187 3220 5256 huiusmodi
3276 5184 3642 5254 disputatores

2046 5293 2223 5348 crines
2252 5288 2506 5345 Ecclesim
2534 5295 2678 5345 sunt,
2706 5283 2842 5337 sicttt
2865 5281 2990 5349 pulli
3016 5294 3300 5334 corvorum
3334 5272 3646 5346 quibusDO-

2049 5388 2226 5440 minus
2259 5395 2439 5437 escam
2463 5378 2742 5433 datzsicut
2781 5374 2931 5429 dedit
2971 5380 3156 5426 sancto
3201 5368 3388 5432 Iacob,
3432 5375 3489 5421 et
3519 5379 3643 5419 eum

2121 5584 2146 5622 ιι
2173 5585 2226 5639 ln
2253 5584 2387 5653 psal.
2414 5569 2820 5640 οκι·ιιι,’ςεξι·ιιι..
2913 5591 3058 5653 num.
3086 5575 3140 5630 8.

2126 5670 2148 5694 θ
2177 5641 2296 5711 Lib.
2331 5656 2398 5710 de
2422 5653 2693 5707 Benedict.
2735 5647 3023 5716 patriarclt.
3055 5662 3191 5716 cap.
3228 5645 3335 5716 ll,
3368 5656 3516 5696 nmn.
3551 5641 3642 5696 56.

2131 5729 2144 5765 ί
2177 5728 2232 5782 In
2261 5728 2394 5797 ps:tl.
2424 5741 2607 5785 cxvnt,
2638 5715 2802 5777 serui.
2835 5721 2928 5780 15,
2965 5735 3110 5771 ιιιιιιι.
3143 5715 3208 5769 1Q
3239 5727 3288 5766 et
3318 5715 3404 5768 i5.
