4148 6362
597 286 740 348 i935

1595 280 2146 342 COMMENTARIUS
2183 281 2248 340 IN
2288 278 2583 342 CANTICA
2625 282 2899 340 CANTIC.

3731 287 3844 345 1936

594 407 743 479 pavit
762 420 788 459 a
815 404 1101 476 iuventute
1125 417 1242 458 sua.
1263 402 1373 458 Hos
1398 400 1538 456 altos
1557 400 1932 472 acprofundos
1953 399 2200 454 ubertate
2227 413 2275 472 Α
2306 399 2580 471 myrrham
2603 399 2745 453 enim
2771 396 3039 468 passionis
3059 402 3389 464 unguentum
3403 403 3457 450 et
3476 397 3845 453 resurrectionis

597 501 860 555 doctrina:
913 499 1087 568 pascit
1139 497 1398 550 Dominus
1459 494 1779 548 caelestibus
1823 491 2202 546 sacramentis.

670 595 760 651 65.
809 592 1118 666 (Vers.l9..)
1160 591 1311 645 Oculi
1359 605 1572 661 quoque
1602 592 1716 662 ejus
1761 586 2201 642 sicut'columbtc.

599 687 754 742 Oculi
785 698 911 740 sunt
936 685 1034 739 viri
1064 683 1312 738 videlicet
1337 681 1709 752 spiritualibus
1731 678 2202 743 ornatisensihus,

597 782 690 852 qui
722 780 787 836 ad
817 779 1052 835 videnda
1083 780 1342 851 mysteria
1374 788 1501 832 sunt
1533 780 1704 843 acuti,
1731 783 1786 830 et
1815 776 1986 845 parati
2019 774 2084 828 ad
2114 789 2206 844 pc-

599 873 862 929 uetranda
900 873 1197 942 Scripturae
1227 881 1440 927 secreta
1490 871 1714 936 divinae,
1769 869 2020 925 rationali
2065 869 2206 923 lacte

593 967 889 1037 fulgentes,
922 967 974 1021 in
1008 966 1206 1036 quibus
1257 982 1363 1019 non
1412 965 1483 1019 sit
1527 964 1704 1035 aliqua
1754 962 1869 1016 doli
1926 961 2204 1017 maculosa

596 1061 879 1125 confusio,
932 1060 1028 1116 sed
1076 1058 1338 1132 simplicis
1376 1057 1602 1114 allectus
1648 1057 1994 1112 immaculata
2033 1056 2212 1110 since-

597 1156 748 1212 ritas.
770 1153 897 1211 Ideo
919 1156 970 1210 in
993 1170 1254 1225 aquarum
1289 1152 1618 1210 abundantia
1643 1153 1782 1207 lotas
1813 1152 1909 1206 has
1931 1149 2208 1206 columbas

601 1248 654 1304 in
679 1248 818 1303 lacte
859 1248 1204 1311 memoravit,
1239 1245 1433 1300 dicens
1464 1265 1476 1297 :

671 1340 764 1398 64.
796 1349 823 1378 ⁸
856 1341 1008 1396 Oculi
1039 1343 1152 1414 ejus
1183 1341 1318 1393 sicut
1359 1339 1609 1393 columba:
1647 1356 1805 1408 super
1836 1338 2211 1393 abundantiam

599 1449 882 1504 aquarum,
915 1432 1033 1486 lota:
1059 1432 1110 1485 in
1153 1432 1308 1496 lucte,
1341 1431 1568 1484 sedentis
1602 1446 1760 1498 super
1809 1430 2208 1498 plenitudinem.

603 1524 922 1594 Baptizatin
955 1525 1094 1579 lacte
1130 1525 1413 1589 Dominus,
1449 1524 1501 1578 id
1531 1533 1636 1588 est,
1663 1521 1724 1578 in
1757 1523 2096 1578 sinceritate.
2147 1521 2216 1576 Et

600 1617 690 1674 isti
716 1627 842 1672 sunt
867 1617 960 1688 qui
989 1633 1117 1672 vere
1151 1618 1495 1687 baptizantur
1541 1617 1593 1670 in
1624 1617 1786 1682 lacte,
1818 1618 1908 1686 qui
1939 1616 2060 1671 sine
2085 1614 2213 1670 dolo

603 1710 859 1776 credunt,
887 1719 942 1765 ct
966 1726 1154 1780 puram
1203 1709 1363 1765 fidem
1396 1709 1672 1775 deferunt,
1708 1716 1767 1764 ut
1805 1708 2211 1764 immaculatum

2303 493 2475 563 gratia
2507 491 2839 556 declaratur,
2863 505 2984 560 quze
3009 487 3308 544 redivivum
3334 489 3454 543 vita:
3479 489 3684 545 odorem
3705 493 3846 545 susci-

2308 586 2434 640 tatis
2465 595 2802 639 mortuorum
2835 583 3131 640 visceribus
3160 582 3413 637 infundit.
3441 583 3637 638 Clausa-
3659 585 3851 654 sintigi-

2308 686 2396 734 tur
2438 679 2701 734 labiorum
2743 679 2888 735 fores
2928 687 3175 740 tuorum,
3225 688 3279 734 et
3322 678 3617 733 obseratum
3664 689 3853 735 maneat

2308 771 2458 828 vocis
2506 772 2864 839 vestibulum,
2896 781 3024 827 tunc
3069 771 3300 827 fortasse
3344 770 3702 837 reserandum,
3749 787 3853 826 cum

2308 865 2548 922 audieris
2580 867 2816 922 Verbum
2869 866 2984 922 Dei.
3035 865 3188 921 Tunc
3245 865 3336 920 tibi
3385 863 3596 937 myrrha
3641 864 3856 934 sudabit,

2312 969 2438 1014 tunc
2467 959 2566 1014 tibi
2624 959 2963 1028 baptismatis
3013 958 3276 1028 aSpirabit
3321 959 3526 1028 gratia;
3573 967 3627 1012 ut
3670 957 3732 1012 ab
3766 957 3860 1012 ele-

2313 1053 2511 1108 mentis
2567 1052 2753 1108 mundi
2823 1052 3226 1119 commoriare,
3275 1059 3330 1106 et
3376 1066 3494 1106 cum
3548 1049 3746 1106 Christo
3790 1064 3862 1105 re.

2311 1163 2521 1218 surgas.

2385 1241 2472 1297 68.
2506 1238 2530 1276 ἀ
2564 1239 2728 1294 Labia
2749 1244 2861 1314 ejus
2899 1239 3208 1296 distillautia
3229 1238 3491 1310 myrrham
3527 1239 3735 1308 plenam.
3772 1234 3863 1290 Nos

2312 1344 2494 1391 autem
2537 1335 2743 1391 otiosos
2789 1349 2889 1389 nos
2917 1343 3196 1404 putamus,
3246 1333 3290 1388 si
3331 1333 3493 1388 verbo
3531 1327 3866 1385 tantummodo

2313 1428 2532 1485 studere
2551 1428 2834 1484 videamur
2859 1445 2871 1480 :
2903 1438 2958 1483 et
2983 1428 3151 1498 pluris
3178 1427 3510 1483 :estimamus
3536 1439 3628 1481 eos
3655 1424 3736 1494 qui
3757 1438 3868 1494 ope-

2315 1529 2524 1587 rantur,
2557 1535 2716 1590 quam
2739 1535 2835 1574 eos
2855 1518 2947 1590 qui
2969 1519 3207 1573 studium
3239 1515 3628 1589 cognoscendae
3652 1513 3870 1572 veritatis

2315 1625 2593 1677 exercent;
2624 1614 2813 1669 dicunt
2836 1613 2980 1669 enim
3005 1613 3280 1684 plerique:
3311 1612 3451 1668 Ecce
3467 1610 3626 1665 homo
3655 1619 3707 1665 et
3731 1623 3871 1679 opera

2317 1709 2435 1779 ejus
2467 1723 2481 1760 :
2514 1708 2668 1778 quasi
2716 1708 2806 1777 qui
2845 1706 3013 1762 verbo
3047 1705 3299 1772 studeat,
3332 1721 3439 1760 non
3470 1713 3744 1775 operatur;
3769 1715 3872 1756 cunt

607 1804 837 1859 induant
876 1805 1132 1876 gratiam.
1192 1804 1318 1860 ldeo
1349 1804 1577 1860 candida
1607 1805 1821 1875 Sponsa
1858 1803 2108 1860 ascendit
2144 1802 2213 1858 ad
2245 1821 2295 1882 Β
2321 1801 2492 1872 magis
2531 1816 2666 1870 opus
2693 1800 2834 1854 istud
2884 1816 3042 1870 quam
3076 1811 3275 1856 castera
3321 1798 3451 1855 sint.
3479 1799 3536 1854 Si
3584 1801 3720 1853 enim
3757 1811 3870 1865 opus

608 1894 910 1965 Christum,
942 1898 1068 1968 quia
1099 1898 1152 1952 in
1187 1898 1327 1954 lacte
1353 1898 1620 1969 baptizata
1663 1909 1770 1963 e51;
1796 1897 1919 1952 ideo
1946 1897 2212 1952 mirantur

605 2005 727 2047 eam
787 1989 1036 2056 virtutes,
1082 1990 1330 2047 dicentes
1361 2008 1375 2044 :
1410 1991 1536 2058 Quae
1563 2001 1636 2045 est
1692 1991 1802 2045 haec
1831 2006 1946 2059 qua:
1984 1990 2214 2046 ascendit

603 2081 844 2139 deulbata
865 2083 1056 2153 (Cant.
1083 2099 1198 2150 vut,
1219 2085 1249 2137 7
1279 2082 1338 2155 )?
1367 2083 1509 2140 Ante
1547 2083 1825 2154 paululum
1850 2082 2086 2148 dicebat,
2114 2081 2228 2135 Ni-r

595 2193 692 2245 gra
712 2193 824 2231 sunt
843 2175 1018 2249 (Cant.
1045 2193 1082 2243 t,
1151 2177 1196 2248 )3
1221 2193 1363 2232 nunc
1387 2176 1638 2232 dealbata
1653 2177 1918 2243 cernitur,
1943 2187 1996 2231 ct
2022 2190 2215 2231 ascen-

607 2269 688 2324 dit
713 2270 780 2324 ad
806 2269 1025 2334 cmlum,
1056 2279 1111 2324 et
1139 2270 1322 2324 innixa
1344 2269 1438 2326 Dei
1455 2269 1654 2334 Verbo,
1681 2269 1789 2324 alta
1807 2271 1920 2339 jam
1947 2278 2214 2337 penetrat.

680 2361 770 2418 65.
804 2360 913 2418 Nec
961 2362 1236 2418 immerito
1277 2363 1386 2418 illic
1423 2377 1682 2434 aquarum
1721 2361 2080 2426 abundantia,
2127 2361 2216 2416 ubi

609 2454 889 2521 ChriStus,
943 2455 1086 2510 unde
1132 2470 1289 2511 mens
1329 2454 1566 2510 humana
1611 2455 1808 2525 repleri
1859 2453 2066 2525 cupiat.
2110 2453 2218 2508 Has

603 2550 720 2605 sitit
750 2565 920 2622 aquas
945 2565 1314 2619 cervus,quas
1332 2565 1454 2604 cunt
1482 2550 1703 2616 biberit,
1720 2550 1877 2605 sitire
1897 2566 2002 2604 non
2022 2549 2217 2621 possit.

615 2643 724 2699 Has
749 2658 918 2714 aquas
967 2643 1141 2698 sitivit
1188 2643 1462 2714 Propheta
1491 2657 1613 2698 cum
1668 2643 1825 2698 dixit:
1875 2643 2048 2699 Sitivit
2081 2643 2132 2694 in
2175 2652 2222 2696 te

609 2736 784 2791 anima
835 2736 986 2805 mea(
1015 2734 1218 2790 Psalm.
1266 2752 1374 2802 xu,
1433 2737 1530 2806 5).
1587 2735 1753 2793 Sedet
1798 2751 1929 2807 ergo
1967 2736 2221 2791 Christus

608 2845 772 2902 super
792 2824 1501 2900 abundantiamaquarum,
1527 2841 1580 2884 et
1613 2845 1778 2900 super
1801 2829 2216 2898 plenitudinem,

605 2935 659 2979 et
707 2923 830 2980 ideo
860 2927 950 2994 qui
1002 2926 1239 2996 baptizat
1289 2926 1341 2979 iu
1374 2915 1508 2994 aqua
1553 2925 1704 2980 dicit:
1740 2923 1810 2979 Et
1839 2942 1932 2978 nos
1959 2942 2132 2980 omnes
2157 2925 2222 2979 de

606 3016 1048 3088 plenitudineejus
1075 3019 1370 3084 accepimus
1420 3016 1595 3090 (lonn
1626 3034 1665 3084 ι,
1693 3020 1801 3089 16).
1832 3018 1984 3080 Unde
2006 3029 2061 3074 et
2093 3036 2222 3075 ocu—

609 3114 695 3168 lus
725 3114 1111 3183 snppticiorum
1153 3129 1260 3168 non
1289 3114 1505 3166 alienus
1549 3120 1633 3166 est
1665 3116 1734 3167 ab
1794 3111 2063 3174 Ecclesia;
2095 3113 2219 3183 quia

2309 1895 2521 1966 justitia
2553 1901 2667 1956 est,
2694 1894 2737 1947 si
2785 1908 2924 1962 opus
2948 1895 3302 1963 temperantia
3323 1936 3336 1957 ,
3367 1893 3410 1948 si
3449 1906 3584 1962 opus
3608 1887 3874 1945 fortitudo:

2316 1987 2500 2056 utique
2528 1999 2665 2054 opus
2695 1993 2777 2039 est
2796 1985 2959 2040 etiam
2991 1985 3287 2055 sapientia;
3347 1987 3465 2039 ista:
3504 1983 3642 2037 enim
3683 1990 3877 2052 quatuor

2319 2080 2651 2152 principales
2673 2081 2904 2136 virtutes
2929 2080 3218 2136 habentur.
3249 2081 3383 2135 Nam
3404 2075 3875 2150 si0peraturChris-

2321 2185 2406 2231 tus
2443 2175 2739 2245 secundum
2769 2174 2912 2246 quod
2941 2175 3152 2246 jusﬁtia
3190 2186 3296 2236 est,
3324 2175 3512 2245 utique
3548 2179 3786 2242 operatur
3809 2184 3879 2224 se-

2318 2270 2554 2326 cundum
2584 2270 2726 2342 quod
2757 2270 2993 2327 Verbum
3026 2279 3129 2326 est.
3173 2271 3243 2324 Et
3269 2271 3595 2340 operabatur
3620 2282 3732 2322 cum
3760 2269 3881 2320 esset

2321 2367 2375 2420 in
2407 2365 2673 2436 principio
2700 2365 2841 2436 apud
2874 2364 3112 2420 Patrem.
3146 2364 3390 2434 Denique
3415 2378 3508 2434 per
3535 2363 3700 2432 ipsum
3727 2357 3878 2412 omnia

2318 2456 2458 2512 facta
2482 2468 2629 2522 sunt,
2661 2467 2714 2512 ut
2738 2457 2880 2513 scias
2907 2467 3251 2528 operatorem
3275 2457 3520 2512 omnium
3545 2469 3681 2520 esse,
3701 2461 3751 2507 et
3769 2464 3880 2521 opus

2323 2561 2566 2606 nostrum
2617 2566 2738 2606 esse
2789 2550 3068 2604 Christum
3098 2549 3307 2605 Jesum.
3360 2549 3570 2604 Etenim
3618 2543 3880 2602 secundum

2323 2643 2466 2710 quod
2499 2643 2732 2698 Verbum
2748 2653 2854 2708 cst,
2879 2642 3114 2699 Verbum
3132 2643 3554 2713 inquirentibus,
3573 2637 3882 2710 grandeopus

2326 2737 2558 2793 Verbum
2591 2749 2692 2794 est.
2728 2737 2882 2792 Unde
2921 2753 3043 2791 cum
3079 2737 3289 2792 Martha
3329 2737 3616 2793 festinaret
3643 2732 3776 2787 circa
3802 2726 3882 2782 mi-

2323 2833 2627 2899 nisterium,
2666 2833 2832 2887 Maria
2865 2842 3050 2888 autem
3081 2832 3318 2888 Verbum
3352 2831 3566 2887 Domini
3595 2827 3805 2888 audiret,
3830 2836 3884 2878 ea

2323 2941 2442 2994 qua)
2469 2925 2722 2980 audiebat
2751 2927 2798 2979 ei
2844 2941 2965 2995 qua:
2999 2925 3350 2980 ministrabat
3383 2924 3582 2980 meruit
3629 2913 3880 2977 anteferri;

2323 3019 2522 3074 dicenti
2557 3020 2701 3073 enim
2734 3018 2956 3072 Martha:
2982 3035 2994 3072 :
3017 3016 3385 3084 Domine,non
3408 3029 3482 3073 est
3503 3016 3591 3070 tibi
3616 3002 3884 3078 cuneatwd

2323 3129 2470 3167 soror
2502 3129 2612 3166 mea
2658 3112 2860 3180 reliquit
2891 3128 2969 3165 me
2996 3113 3160 3166 solam
3197 3111 3533 3170 ministrare?
3563 3107 3654 3162 Dic
3675 3120 3784 3172 ergo
3821 3097 3884 3152 illi

609 3215 712 3269 etsi
735 3209 1042 3278 baptizabat
1069 3208 1309 3264 Joannes
1333 3206 1386 3261 in
1412 3207 1586 3273 En0n,
1618 3207 2097 3276 baptizabatjuxta
2121 3208 2223 3264 Sa-
2249 3215 2294 3278 (ς
2329 3214 2382 3258 ut
2409 3223 2486 3260 me
2515 3205 2745 3275 adjuvet;
2790 3203 3128 3274 respondens
3167 3205 3305 3259 dixit
3340 3204 3635 3258 Dominus:
3678 3194 3882 3255 Martha.

608 3308 720 3372 litn,
750 3306 837 3360 ubi
858 3314 1250 3373 erataquarum
1271 3301 1627 3356 abundantia.
1646 3313 1699 3356 et
1717 3302 2000 3356 duodecim
2019 3302 2220 3370 futiles,

608 3408 663 3454 ct
694 3398 1039 3467 septuaginta
1072 3395 1376 3464 palmarum
1412 3394 1659 3449 arbores.
1711 3393 1822 3448 lios
1850 3395 2030 3449 fontes
2059 3395 2223 3452 habet

613 3491 876 3552 Ecclesia,
922 3489 1025 3542 hoc
1055 3494 1161 3549 est,
1206 3487 1256 3539 in
1296 3487 1469 3540 veteri
1519 3485 1875 3541 Testamento
1923 3486 2218 3543 duodecim

615 3582 988 3654 patriarchas,
1023 3580 1074 3633 in
1124 3594 1270 3632 novo
1309 3577 1597 3633 duodecim
1645 3579 1946 3647 apostolos;
1988 3579 2222 3651 ideoque

609 3678 816 3732 dictum
842 3684 930 3731 est
955 3691 968 3728 :
992 3673 1057 3728 In
1082 3672 1330 3728 Ecclesiis
1350 3673 1634 3728 benedicite
1658 3671 1941 3728 Dominum
1972 3673 2135 3728 Deum
2158 3675 2222 3730 de

612 3772 839 3845 fontibus
862 3769 1029 3826 Israel
1073 3767 1299 3841 (Psalm.
1333 3784 1502 3835 vau,
1528 3769 1645 3840 '27).
1682 3767 1777 3824 His
1810 3767 2050 3824 fontibus
2095 3780 2223 3826 ante

614 3862 983 3936 perfunditur,
1014 3861 1341 3932 quicumque
1377 3861 1634 3932 mysteria
1665 3872 2012 3915 sacrosancta
2030 3876 2226 3917 conse-

601 3958 811 4027 quitur;
845 3955 932 4009 isti
962 3953 1109 4009 enim
1145 3951 1326 4008 fontes
1356 3969 1423 4008 ex
1455 3963 1666 4008 aeterno
1707 3951 1858 4008 fonte
1901 3964 2218 4018 manantes,

608 4062 724 4108 toto
750 4051 885 4108 orbe
909 4050 1208 4105 fluxerunt.
1244 4045 1343 4102 Ubi
1373 4046 1460 4102 isti
1493 4048 1689 4113 fontes,
1718 4047 1793 4102 ibi
1817 4047 2070 4104 ascensio
2101 4049 2221 4104 ani-

613 4163 845 4202 marum.
893 4144 1138 4214 Denique
1187 4141 1354 4197 Salim
1418 4141 1761 4212 interpretati
1809 4154 1983 4210 sunt,
2044 4144 2219 4213 ipsum

607 4241 1020 4305 ascendentem;
1070 4238 1162 4293 ille
1203 4237 1348 4292 enim
1391 4252 1520 4293 vere
1564 4236 1830 4304 ascendit,
1857 4237 1948 4304 qui
1997 4239 2220 4308 propria

614 4345 835 4406 peccata
867 4330 1108 4402 deponit.
1130 4330 1244 4386 lloc
1265 4329 1429 4398 igitur
1477 4329 1686 4401 1602
1718 4329 1886 4384 verbo
1911 4329 2222 4399 purificato-

612 4427 710 4482 ri:e
737 4422 1188 4482 sanctificationis
1212 4436 1342 4476 usus
1367 4421 1708 4492 exprimitur.

682 4531 772 4586 66.
810 4527 993 4601 (Vers.
1028 4527 1114 4582 15.
1144 4524 1164 4595 )
1193 4524 1218 4562 b
1244 4523 1401 4578 Genu:
1430 4527 1543 4597 ejus
1573 4524 1709 4578 sicut
1732 4526 1923 4595 phiala:
1948 4527 2216 4592 aromatis,

2329 3296 2559 3362 Martha,
2587 3296 2758 3350 Maria
2784 3297 2968 3351 bonum
2993 3306 3190 3368 partem
3209 3298 3388 3370 elegit,
3413 3311 3526 3368 qua:
3542 3310 3640 3348 non
3662 3289 3886 3358 auferetur

2323 3389 2404 3442 illi
2439 3388 2569 3458 (Luc
2593 3405 2711 3453 .vu,
2760 3387 2979 3458 40-42).
3007 3387 3083 3442 Ita
3125 3388 3366 3444 Verbum
3397 3398 3718 3459 cognoscere
3742 3375 3886 3447 majus

2324 3497 2458 3553 opus
2497 3498 2621 3538 esse
2650 3499 2812 3553 quam
2856 3483 3192 3550 ministrare,
3229 3483 3430 3539 divina:
3457 3479 3764 3537 auctoritate
3783 3486 3885 3529 scn-

2325 3578 2506 3633 tentize
2537 3577 2816 3632 delinitur.

2397 3672 2486 3727 69.
2507 3671 2618 3727 Sed
2648 3673 2881 3729 fortasse
2909 3672 3057 3728 dicat
3085 3672 3282 3743 aliquis
3306 3672 3516 3728 dictum
3547 3684 3663 3726 esse
3687 3666 3748 3722 ab
3771 3664 3888 3732 Apo-

2323 3769 2468 3825 stolo
2493 3787 2506 3824 :
2536 3766 2660 3824 Non
2690 3769 2743 3822 in
2770 3785 3004 3824 sermone
3026 3785 3132 3823 esse
3162 3785 3382 3840 regnum
3412 3767 3528 3833 Dei,
3555 3763 3642 3819 sed
3663 3763 3711 3815 in
3738 3758 3889 3814 virtute

2326 3862 2372 3933 (l
2398 3861 2518 3918 Cor.
2554 3879 2626 3930 Iv,
2659 3862 2774 3934 20).
2809 3862 3084 3934 Scriptum
3117 3878 3225 3918 non
3260 3878 3424 3933 nego,
3460 3859 3556 3917 sed
3590 3859 3638 3912 in
3669 3869 3765 3925 quo
3793 3862 3890 3904 ser—

2325 3972 2509 4025 mone,
2540 3972 2835 4027 cognosco;
2871 3973 3067 4028 nempe
3097 3973 3257 4028 quem
3291 3956 3511 4011 inflatus
3541 3948 3796 4010 effuderit,
3814 3938 3889 4013 qui

2323 4050 2671 4107 audientibus
2711 4065 2892 4106 sermo
2920 4051 3185 4121 prodesse
3210 4067 3318 4106 non
3355 4052 3550 4122 possit,
3581 4047 3669 4118 qui
3696 4045 3801 4100 sine
3819 4052 3890 4093 os-

2325 4145 2574 4201 tensione
2602 4147 2672 4200 sit
2716 4145 2938 4216 spiritus
2971 4153 3132 4216 atque
3158 4145 3401 4201 virtutis.
3448 4136 3599 4198 llunc
3619 4144 3888 4195 sermonem

2323 4236 2520 4293 Paulus
2543 4253 2648 4294 non
2690 4239 2942 4310 dignatur
2991 4253 3348 4310 cognoscere;
3410 4239 3528 4294 vult
3569 4234 3707 4292 enim
3748 4222 3892 4295 magis

2325 4332 2580 4388 virtutem
2631 4333 2902 4388 sermonis
2949 4331 3357 4388 commendare.
3415 4330 3654 4400 Denique
3700 4317 3890 4377 volt:in

2324 4429 2486 4485 talem
2515 4444 2672 4483 suum
2699 4443 2824 4484 esse
2866 4429 3161 4500 Apostolus
3187 4441 3528 4492 sermonem,
3561 4422 3648 4494 qui
3691 4420 3739 4472 in
3764 4409 3892 4469 inﬁr-

2329 4523 2513 4578 mitate
2544 4521 2817 4588 veniebat,
2839 4531 2897 4578 ut
2917 4522 3056 4578 alios
3086 4522 3293 4578 faceret
3325 4520 3614 4578 fortiores:
3646 4515 3695 4570 in
3724 4511 3893 4567 timore

613 4599 877 4696 gignentes
921 4618 1290 4690 unguentaria.
1328 4616 1447 4672 Jam
1479 4633 1648 4688 genas
1677 4625 1734 4672 et
1772 4627 1966 4674 caetera
2014 4618 2216 4674 intelli-
2247 4615 2297 4677 Ι)
2324 4627 2377 4672 et
2405 4625 2666 4684 tremore,
2701 4625 2762 4672 ut
2793 4616 3047 4673 timentes
3070 4617 3206 4672 nihil
3237 4622 3574 4678 metuerent,
3610 4609 3710 4667 uisi
3738 4599 3894 4660 Domi-

618 4719 796 4786 gimus
817 4715 1012 4770 anima:
1033 4728 1157 4768 esse
1172 4711 1423 4775 virtutes,
1441 4711 1835 4784 doctorumque
1849 4713 2214 4770 diversitates:

616 4810 710 4880 qtti
757 4807 842 4863 vel
883 4805 1189 4877 spiritalem
1239 4804 1406 4860 menti
1447 4803 1762 4860 alimoniam
1809 4807 2219 4878 dispensatione

617 4898 803 4956 sedula
827 4897 1261 4962 subministrent,
1297 4897 1378 4950 vel
1405 4895 1792 4966 prmdicatioiie
1825 4899 2007 4955 crucis
2037 4900 2221 4956 Domi-

621 4990 756 5046 nica:
773 4990 912 5044 sicut
934 4986 1100 5043 Verbi
1116 4986 1348 5058 quadam
1365 4987 1507 5044 linea
1530 4989 1753 5060 alligent
1773 4990 2110 5058 audientem,
2138 4994 2220 5050 vel

621 5084 884 5141 modestia
928 5082 1218 5139 verecundi
1273 5091 1329 5137 et
1371 5082 1675 5152 iuventutis
1715 5084 1850 5139 flore
1899 5086 2216 5155 gratissimi.

617 5179 734 5235 Etsi
762 5196 790 5234 a
826 5189 972 5235 tactu
1010 5178 1215 5248 pudore
1266 5186 1616 5242 revocentur,
1654 5177 1900 5233 redoleat
1935 5187 2114 5234 tamen
2164 5181 2216 5235 in

622 5274 706 5329 his
735 5273 871 5329 odor
911 5271 1148 5328 Christi:
1197 5281 1253 5325 et
1294 5269 1436 5325 sicut
1468 5270 1520 5324 in
1565 5269 1719 5340 genis
1749 5271 1903 5340 quasi
1935 5270 2006 5326 de
2041 5272 2220 5342 capite

613 5365 942 5423 sacerdotali
964 5363 1251 5420 descendit
1268 5372 1624 5433 unguentum,
1657 5361 1735 5417 sic
1762 5363 1884 5418 etin
1906 5363 1989 5419 his
2005 5363 2221 5420 eluceat

616 5460 964 5534 pulchritudo
1004 5456 1291 5513 doctrinae.

688 5556 776 5612 67.
823 5565 845 5594 ο
879 5553 1042 5607 Labia
1066 5555 1178 5625 ejus
1206 5550 1516 5605 distillantia
1543 5550 1809 5623 myrrham
1857 5552 2079 5623 plenam.
2119 5553 2224 5612 Per

684 5765 794 5847 iln
823 5787 959 5860 psal.
1000 5802 1187 5853 cxvnt,
1216 5800 1381 5842 serm.
1414 5783 1514 5860 16,
1543 5799 1691 5840 num.
1738 5782 1829 5860 2i.

681 5864 707 5906 δ
747 5863 804 5922 ln
826 5857 978 5942 'pssl.
1006 5875 1168 5918 csvnt
1190 5900 1208 5930 ,
1240 5873 1408 5917 serm.
1443 5858 1534 5925 15,
1559 5873 1709 5914 num.
1738 5857 1825 5914 14.

2321 4731 2448 4770 num
2462 4712 2672 4780 Jesum;
2690 4723 3008 4777 trementes,
3033 4727 3220 4782 pacem
3237 4711 3355 4782 ejus
3371 4705 3894 4781 tranquillitatemque

2320 4818 2620 4864 servarent.
2670 4807 2808 4862 Audi
2855 4822 2988 4878 ergo
3017 4808 3231 4878 qualem
3271 4803 3576 4876 Apostolus
3619 4799 3892 4856 sermonem

2323 4901 2594 4958 habebat:
2632 4899 2697 4955 Et
2727 4917 2914 4966 sermo,
2969 4900 3164 4970 inquit,
3200 4915 3368 4965 meus,
3400 4908 3449 4952 et
3480 4889 3770 4968 prwdicatio
3801 4894 3894 4935 mea

2325 5011 2424 5049 non
2453 4996 2504 5048 in
2537 4995 2871 5066 persuasione
2890 4992 3131 5048 humana:
3156 4992 3428 5063 sapientia:
3448 4989 3733 5047 verborum,
3751 4975 3830 5034 sed
3850 4975 3894 5026 ίη

2325 5089 2613 5144 ostensione
2637 5087 2855 5158 spiritus
2876 5096 2924 5141 et
2955 5087 3156 5141 uirtutis
3179 5085 3251 5156 (ll
3273 5085 3397 5140 Cor.
3427 5101 3491 5151 tt,
3515 5082 3570 5154 ι)
3593 5099 3608 5149 ;
3634 5078 3752 5151 quia
3777 5069 3892 5126 ﬁdes

2325 5196 2431 5237 non
2465 5181 2519 5235 in
2552 5180 2754 5236 forensi
2779 5193 3034 5236 sermone
3064 5177 3369 5249 sapientim,
3401 5175 3501 5234 sed
3531 5173 3586 5230 in
3609 5164 3892 5228 ostensione

2323 5277 2568 5347 spiritus,
2601 5275 2695 5330 sed
2718 5275 2771 5330 in
2806 5273 2901 5330 Dei
2931 5273 3128 5329 virtute
3158 5271 3425 5327 firmatur.

2397 5368 2486 5423 '40.
2521 5369 2660 5437 Ergo
2689 5365 2743 5422 in
2766 5381 3024 5422 sermone
3049 5376 3364 5422 sanctorum
3393 5363 3568 5418 virtus
3589 5366 3690 5424 est,
3722 5355 3770 5410 in
3797 5362 3896 5406 ser-

2323 5476 2487 5518 mone
2537 5468 2716 5515 autem
2767 5458 2975 5515 forensi
3027 5459 3134 5514 isto
3180 5467 3235 5514 et
3291 5451 3670 5528 philosophica
3709 5442 3896 5500 vanitas

2334 5552 2542 5610 mundi.
2573 5551 2836 5608 Virtutem
2853 5561 3036 5608 autem
3062 5566 3186 5608 esse
3218 5551 3271 5606 in
3301 5563 3559 5606 sermone
3587 5546 3892 5601 sanctorum:

2393 5797 2414 5825 ε
2449 5784 2503 5841 ln
2532 5784 2670 5854 psal.
2701 5800 2885 5852 cxvut,
2907 5799 3075 5840 serm.
3109 5783 3198 5850 l8,
3235 5796 3382 5837 num.
3407 5777 3500 5833 22.

2387 5847 2664 5929 dlnpsal.
2711 5847 2916 5925 cxvni,
2969 5871 3135 5912 serm.
3167 5847 3256 5923 il,
3305 5865 3454 5909 num.
3500 5847 3588 5905 11.
