4016 6486
63 364 100 421 1
117 366 264 425 937

1110 371 1152 426 E
1192 370 1502 429 SCRIPTIS
1542 373 1600 429 S.
1641 373 1966 431 AMBROSII
2004 375 2431 436 COLLECTUS.

3285 383 3430 442 1958

68 486 294 541 etiam
313 485 414 542 iste
434 484 696 556 propheta
720 495 770 541 te
788 486 1033 554 edoceat,
1059 488 1151 560 qtti
1171 489 1284 544 ait:
1311 487 1564 543 Dominus
1589 490 1731 544 dabit
1757 493 1813 552 Α
1839 494 1964 561 quia
2013 495 2225 551 initium
2276 498 2557 568 sapientia:
2602 509 2707 554 est.
2746 499 2800 553 lit
2837 500 3031 556 timore
3070 517 3198 573 ergo
3231 503 3448 573 sapien-

70 579 338 634 verbum
364 581 825 652 euangelizantibus
842 583 1029 636 virtute
1056 581 1400 655 multa(Psal.
1421 598 1587 648 vau,
1612 582 1728 649 42);

77 667 236 727 hoc
265 684 376 738 εει,
409 683 467 726 ιιι
494 674 659 728 multa
695 673 906 743 possint
926 675 1126 730 virtute
1152 674 1507 744 Evangelinm
1539 673 1729 744 pra-di-

71 776 276 820 care.
314 765 609 821 Probatum
635 776 868 837 estergo
889 767 1030 837 quod
1063 768 1113 822 in
1148 767 1431 838 Evangelii
1461 767 1728 838 praedica-

69 854 273 912 tione
325 858 395 912 sit
426 859 616 923 virtus,
653 859 965 929 prmdiratio
998 870 1178 915 autem
1229 861 1502 930 Evangelii
1547 874 1729 914 sermo

67 959 438 1005 sanctorum
483 961 596 1019 est;
628 954 697 1007 ita
731 952 954 1008 dubium
986 968 1091 1007 non
1137 952 1336 1008 residet
1361 953 1489 1023 quin
1534 952 1585 1006 in
1613 967 1728 1008 ser-

69 1057 286 1099 mone
314 1056 502 1101 sancto
520 1047 591 1101 sit
617 1047 808 1102 virtus.
843 1046 911 1101 Et
954 1046 1070 1102 hanc
1096 1048 1315 1119 myrrha
1343 1047 1614 1102 distillaus
1662 1064 1725 1101 ex

73 1135 288 1192 labiis
315 1138 540 1208 Sponsi,
571 1139 786 1195 scilicet
807 1155 904 1210 per
931 1155 1092 1210 quam
1122 1140 1247 1194 vitia
1279 1140 1698 1194 mortiﬁcantur.

181 1231 287 1284 ⁵71.
324 1230 512 1302 (Vers.
539 1231 654 1305 14.)
696 1241 720 1268 ⁸
754 1231 943 1286 Manus
991 1233 1137 1286 illius
1179 1233 1470 1299 tornatiles,
1524 1247 1726 1294 aurete,

78 1325 295 1391 plena:
316 1324 632 1395 hyacinthis.
661 1324 795 1381 Vide
817 1342 937 1398 quzc
961 1341 1153 1381 manus
1180 1324 1406 1382 fecerint
1429 1325 1726 1393 hominem,

81 1427 163 1472 et
199 1435 372 1489 quem
417 1419 691 1476 hominem
735 1421 990 1478 fecerint!
1034 1421 1187 1476 Illum
1230 1422 1416 1493 utique
1444 1421 1611 1490 Quem
1653 1438 1731 1477 se-

89 1514 359 1568 cundant
399 1513 660 1570 Christum
701 1517 982 1582 induimus,
1015 1517 1358 1587 exspoliantes
1390 1525 1603 1571 veterem
1634 1517 1729 1569 ho-

87 1611 326 1664 minem
357 1627 470 1664 cum
502 1611 701 1665 actibus
723 1612 854 1677 suis,
886 1623 934 1666 et
963 1611 1226 1668 induentes
1253 1628 1438 1667 novum
1467 1613 1556 1684 qui
1582 1627 1733 1664 reno-

88 1712 281 1755 s-atur
329 1703 399 1756 ad
447 1703 759 1774 agnitionem
805 1705 1085 1759 secundum
1139 1705 1416 1778 imaginem
1481 1706 1591 1777 ejus
1645 1704 1734 1773 qui

87 1796 321 1850 creavit
341 1813 458 1851 eum
477 1815 495 1852 :
523 1798 609 1852 ubi
638 1815 740 1853 non
775 1809 847 1853 est
876 1815 1071 1865 servus,
1100 1809 1149 1855 et
1180 1801 1330 1868 liber,
1357 1802 1447 1854 sed
1477 1801 1653 1854 omnia
1680 1809 1730 1854 et

1835 585 1966 640 tintn
1987 591 2282 656 apostolica
2312 591 2626 660 praedicatio
2652 604 2924 665 tamquam
2953 612 3117 665 super
3136 597 3308 652 basim
3338 614 3434 652 au-

1831 694 1982 734 ream
2033 683 2286 738 columna
2338 686 2584 741 lirmatur
2624 687 2848 743 Christi.
2901 689 3064 760 Igitur
3114 691 3338 760 eloquio
3380 702 3436 746 et

1832 773 2136 839 apostolico
2177 779 2414 830 sermoni
2444 778 2680 834 tribunal
2711 788 2796 834 est
2825 781 2986 835 timor
3011 781 3166 852 justi,
3200 792 3255 836 et
3287 781 3435 838 basis

1832 875 1993 916 aurea
2041 865 2200 933 plena
2233 868 2568 935 prudentia):
2598 870 2948 928 simulacrum
2994 881 3176 927 autem
3224 873 3428 929 bonum

1834 962 2102 1025 tamquam
2128 957 2337 1027 efﬁgies
2363 962 2625 1028 veritatis,
2660 977 2842 1018 sermo
2872 978 3204 1020 sanctorum.

1905 1049 1992 1103 75.
2048 1048 2115 1104 Et
2145 1049 2266 1104 vide
2292 1062 2563 1123 tamquam
2609 1055 2779 1110 basim
2811 1072 3031 1111 auream
3058 1073 3178 1112 esse
3215 1068 3432 1114 sancto-
3519 1115 3524 1118 .

1833 1156 1953 1194 rum
1981 1141 2254 1198 timorem.
2288 1144 2428 1216 Lege
2460 1147 2674 1202 Esaiam
2695 1166 2706 1203 :
2725 1148 2850 1204 vide
2879 1153 3092 1220 quantis
3122 1152 3424 1220 subiecerit

1834 1235 2106 1299 timorem,
2140 1247 2197 1291 nt
2233 1238 2438 1294 faceret
2488 1242 3022 1313 irreprehensihilem
3042 1260 3094 1302 et
3128 1247 3326 1304 bonum
3367 1250 3434 1304 ti-

1834 1345 2063 1386 morem:
2087 1332 2338 1401 Spiritus,
2373 1335 2566 1405 inquit,
2591 1339 2865 1407 sapientia:
2888 1353 2934 1394 ει
2963 1342 3254 1398 intellectus
3273 1387 3286 1405 ,
3317 1345 3426 1414 spi-

1832 1427 1963 1479 ritus
1993 1427 2200 1482 consilii
2243 1438 2392 1500 atque
2419 1431 2644 1497 rirtutis,
2689 1434 2908 1503 spiritus
2939 1437 3246 1507 coynitionis
3283 1450 3436 1506 atque

1836 1524 2068 1593 pietatis,
2096 1524 2310 1594 spiritus
2333 1527 2533 1582 timoris
2557 1526 2766 1583 Domini
2789 1528 2963 1603 (Esai.
2994 1547 3069 1596 xl,
3100 1530 3190 1603 2);
3216 1535 3432 1601 quantis

1836 1618 2087 1673 timorem
2114 1619 2366 1689 subjecit,
2399 1630 2458 1675 ut
2499 1622 2723 1676 haberet
2753 1624 2896 1691 quod
2929 1626 3080 1692 sequi
3104 1626 3304 1695 possit!
3348 1626 3433 1682 lu-

1837 1713 2104 1768 formatur
2131 1731 2227 1784 per
2252 1716 2593 1786 sapientiam,
2623 1719 2910 1772 instruitur
2940 1734 3038 1788 per
3057 1719 3395 1776 intellectum
3419 1765 3432 1787 ,

1837 1807 2346 1877 consiliodirigitur,
2371 1809 2572 1864 virtute
2588 1809 2854 1876 ﬂrmatnr,
2879 1795 3188 1880 cognitione
3202 1812 3432 1881 regitur.

87 1888 158 1940 in
184 1889 436 1943 omnibus
454 1889 690 1946 Christus
713 1889 988 1961 (Colloss.,
1011 1909 1086 1958 ut,
1105 1891 1280 1966 9-H).
1302 1893 1578 1948 Christum
1596 1908 1727 1963 ergo
1761 1893 1808 1952 Β
1837 1902 2036 1971 pietate
2063 1901 2368 1957 decoratur.
2423 1902 2577 1958 Tolle
2625 1903 2806 1958 timori
2841 1903 3052 1958 Domini
3081 1903 3178 1958 ista
3197 1946 3211 1968 ,
3261 1912 3318 1959 et
3338 1915 3425 1959 est

88 1978 430 2049 induimus,
455 1983 595 2037 sicut
618 1994 671 2038 ct
699 1984 826 2038 alibi
854 1985 1055 2038 dictum
1081 1993 1198 2040 est:
1235 1983 1497 2038 Christum
1529 1985 1731 2038 induis-

91 2075 178 2129 tis
213 2075 415 2145 (Colat.
445 2093 525 2146 Ill,
547 2077 662 2150 ‘27).
693 2081 1018 2149 Accepimus
1041 2081 1305 2152 Spiritum
1329 2090 1578 2136 sanctum
1599 2122 1612 2146 ,
1637 2064 1726 2151 qui

91 2183 236 2222 non
261 2169 436 2224 solum
467 2181 653 2226 nostra
683 2181 900 2242 peccata
929 2173 1174 2240 dimittit;
1207 2174 1418 2246 1603
1439 2175 1532 2229 sed
1563 2174 1728 2228 etiam

90 2275 225 2314 nos
253 2259 714 2319 facitsacerdotes
740 2279 869 2319 suos
889 2265 1010 2320 aliis
1034 2275 1256 2337 peccata
1279 2268 1578 2322 dimittere.
1606 2266 1733 2323 ldeo

93 2355 190 2408 ait
213 2355 490 2426 Propheta
514 2375 527 2411 :
551 2357 625 2412 Tu
640 2360 837 2426 ﬁnxisti
859 2379 936 2416 me
951 2372 996 2414 et
1022 2363 1239 2429 posuisti
1255 2377 1409 2429 super
1424 2378 1504 2415 me
1524 2377 1734 2416 manum

95 2457 272 2502 tuam
296 2449 315 2519 (
339 2447 491 2504 Psal.
526 2467 796 2518 cxxxvnt,
832 2453 894 2523 5)
923 2471 937 2507 :
963 2453 1121 2508 ﬁnxit
1161 2470 1258 2522 per
1306 2454 1502 2519 lutum,
1555 2455 1737 2525 posuit

97 2556 354 2596 manum
391 2559 485 2612 per
510 2548 739 2615 gratiam
766 2547 1068 2616 spiritalem
1095 2564 1110 2612 ;
1136 2547 1266 2602 licet
1308 2547 1558 2618 plerique
1592 2547 1737 2604 hunc

99 2634 404 2704 psalmum
457 2653 523 2691 ex
575 2653 804 2706 persona
834 2639 1037 2694 dictum
1094 2640 1395 2695 Salvatoris
1447 2642 1733 2710 accipiant.

106 2729 276 2784 Audi
299 2730 422 2800 quia
454 2747 644 2786 manus
677 2732 884 2788 Domini
916 2734 1080 2788 etiam
1123 2734 1347 2802 Spiritus
1371 2734 1590 2799 dicitur,
1629 2737 1741 2789 cla-

107 2833 247 2878 mat
270 2823 404 2878 Job:
427 2824 659 2897 Spiritus
685 2826 888 2880 divinus
916 2828 1004 2898 qui
1026 2828 1146 2898 fecit
1170 2844 1250 2881 me
1272 2826 1417 2896 (Job.
1442 2843 1634 2894 χχχιιι,
1657 2827 1733 2894 4).

112 2919 261 2974 Istae
309 2929 435 2975 sunt
484 2936 616 2991 ergo
657 2935 848 2975 manus
887 2936 1009 2992 qua:
1053 2919 1334 2976 hominem
1387 2931 1736 2991 paraverunt,

110 3009 387 3066 Christus
410 3022 465 3067 et
495 3011 752 3082 Spiritus.

205 3103 302 3159 72.
335 3105 477 3175 Ergo
528 3105 790 3161 Dominus
832 3106 992 3162 Jesus
1019 3116 1073 3163 et
1120 3109 1370 3177 corporis
1421 3118 1612 3164 auctor
1657 3121 1743 3167 est

115 3199 344 3265 nostri,
376 3199 466 3268 qui
523 3199 760 3270 primum
804 3199 932 3256 fecit
981 3200 1254 3256 hominem
1298 3200 1365 3255 ad
1413 3201 1734 3270 imaginem;

1836 1993 2225 2048 irrationabilis
2252 2005 2305 2048 ct
2331 1994 2592 2064 insipiens
2615 1996 2796 2060 timor,
2829 2011 2965 2049 unus
2991 2011 3058 2050 ex
3087 1994 3226 2050 illis:
3273 1993 3432 2052 Foris

1836 2104 2043 2157 pugnat,
2072 2089 2211 2142 intus
2240 2089 2446 2144 timores
2476 2088 2538 2158 (ll
2571 2088 2694 2144 Cor.
2727 2104 2823 2153 vn,
2855 2091 2942 2161 5);
2976 2088 3171 2157 quibus
3197 2087 3436 2144 afﬂictus

1833 2189 2042 2234 essetet
2066 2178 2285 2242 Paulus,
2309 2183 2409 2234 nisi
2433 2181 2708 2236 habuisset
2730 2181 3015 2235 Dominum
3031 2180 3430 2236 consolantem.

1909 2272 1996 2328 76.
2032 2273 2212 2344 (Vers.
2242 2275 2356 2342 15.)
2381 2274 2591 2344 Species
2612 2276 2723 2346 ejus
2749 2283 2802 2327 ut
2826 2273 3034 2338 Libani,
3059 2272 3252 2327 electus
3274 2283 3327 2328 ut
3354 2288 3433 2327 ce-

1837 2367 1939 2423 dri.
1969 2367 2025 2421 ln
2054 2370 2179 2422 altis
2201 2368 2424 2432 habitat,
2459 2377 2514 2423 et
2548 2368 2770 2422 Inunilia
2799 2368 3037 2436 rcSpicit,
3067 2368 3193 2438 quia
3225 2368 3438 2438 species

1837 2459 1956 2530 ejus
1980 2460 2119 2514 sicut
2143 2459 2340 2516 cedrus
2370 2460 2588 2526 Libani,
2617 2477 2736 2531 qua:
2763 2475 2973 2514 comam
3007 2459 3261 2520 nubibus.
3294 2458 3437 2514 radi¢

1839 2566 1956 2607 cem
2006 2553 2166 2606 terris
2213 2552 2422 2615 inserit;
2454 2553 2776 2622 principium
2824 2552 2967 2606 enim
3020 2552 3139 2622 ejus
3179 2566 3210 2606 e
3256 2552 3435 2618 cmlo,

1841 2645 2142 2713 posteriora
2169 2645 2288 2712 ejus
2319 2647 2370 2699 in
2405 2647 2564 2701 terris
2595 2647 2798 2702 fructus
2840 2645 2982 2700 cmlo
3021 2645 3299 2716 proximos
3327 2644 3443 2699 edi-

1841 2741 2058 2794 derunt.
2087 2738 2113 2777 ά
2136 2740 2320 2794 Genus
2349 2740 2454 2794 hoc
2484 2741 2696 2796 arboris
2739 2755 3031 2811 numquam
3078 2739 3277 2794 amittit
3307 2740 3443 2795 viri-

1841 2835 2066 2889 ditatem
2098 2849 2272 2900 suam,
2306 2834 2669 2907 hyemcjuxta
2698 2849 2762 2889 ac
2787 2845 2976 2889 testate
3003 2848 3213 2888 comam
3240 2832 3438 2903 pascit,

1841 2940 1943 2981 nec
1997 2925 2212 2981 diverso
2262 2926 2449 2981 colore
2482 2934 2738 2980 mutatur:
2784 2926 2954 2980 solam
3004 2926 3141 2979 hanc
3185 2924 3438 2978 arborem

1845 3027 2038 3074 ventus
2083 3035 2181 3073 suo
2206 3035 2494 3090 numquam
2527 3019 2735 3074 honore
2778 3017 3086 3089 despoliat:
3136 3017 3251 3073 sola
3285 3031 3442 3072 num-

1841 3126 2002 3182 quam
2031 3111 2201 3166 veteri
2249 3113 2466 3166 exuitur
2493 3111 2712 3174 amictu,
2737 3118 2830 3164 aut
2852 3124 2993 3165 novo
3021 3109 3156 3164 ﬂore
3184 3111 3438 3163 vestitur.

1846 3203 1936 3260 Sic
1989 3205 2286 3274 apostolica
2333 3219 2548 3275 quoque
2596 3203 2767 3274 gratia
2816 3203 2993 3257 nescit
3034 3201 3336 3269 defectum,
3383 3211 3441 3256 et

114 3300 180 3344 et
215 3301 405 3361 postea
428 3293 494 3347 dc
523 3295 635 3348 luto
652 3292 825 3358 tinxit,
853 3305 905 3348 et
929 3294 1097 3361 voluit
1119 3294 1486 3366 salvareqnod
1509 3295 1734 3364 fecerat,
1766 3275 1812 3337 (ἶ
1845 3308 2104 3367 perpetua
2148 3307 2429 3352 venustate
2450 3296 2534 3351 sui
2559 3295 2735 3350 ﬂoret.
2777 3297 2972 3350 Anima
3007 3310 3138 3366 ergo
3162 3293 3440 3364 corrumpi

114 3385 357 3441 salvare
387 3387 530 3457 quod
564 3388 958 3455 plasmaverat,
1005 3399 1060 3442 ut
1094 3397 1264 3442 totum
1302 3388 1578 3444 hominem
1629 3391 1738 3443 sal-

117 3496 262 3534 vum
297 3478 515 3536 laceret.
542 3481 662 3536 [stre
700 3492 827 3536 sunt
855 3497 1048 3536 manus
1075 3481 1169 3537 Dei
1204 3484 1508 3548 toruatiles,
1535 3482 1587 3538 id
1617 3494 1735 3550 est,

116 3571 425 3644 perfeclm:
451 3589 629 3628 aurea:
655 3583 877 3645 propter
900 3575 1220 3644 sapientiam
1243 3576 1332 3646 qui
1359 3584 1443 3631 est
1461 3574 1734 3644 Christus,

118 3667 314 3736 plente
346 3666 653 3739 hyacinthis
685 3676 907 3739 propter
933 3669 1193 3739 Spiritum
1226 3677 1506 3734 sanctum,
1541 3680 1594 3726 et
1621 3669 1739 3739 ple-

119 3757 439 3814 nitudinem
463 3758 849 3814 charismatum
881 3760 1018 3830 ejus.

203 3853 301 3906 73.
335 3850 517 3922 (Vers.
558 3851 647 3907 M.
673 3853 692 3923 )
715 3851 742 3890 δ
775 3851 959 3907 Venter
1001 3855 1112 3922 ejus
1139 3853 1422 3918 eburneus,
1462 3853 1739 3908 distinctus

124 3943 385 4016 saphiris.
417 3944 746 4014 Apostolus,
797 3942 864 3997 Et
892 3947 969 4009 si,
1024 3945 1217 4014 inquit,
1261 3944 1543 4012 cruciﬁxus
1579 3954 1742 3998 estea:

124 4035 473 4102 inﬁrmitate;
523 4049 650 4090 ecce
689 4043 909 4100 venter,
955 4033 1006 4088 id
1035 4045 1148 4101 est,
1190 4037 1370 4089 carnis
1417 4035 1738 4090 inﬁrmitas:

140 4127 290 4182 Vivit
312 4136 480 4182 tamen
509 4145 572 4182 ea:
622 4129 809 4182 virtute
831 4127 927 4181 Dei
959 4127 1023 4195 (ll
1055 4127 1175 4181 Cor.
1211 4143 1327 4193 xm,
1361 4129 1450 4197 ti);
1483 4143 1612 4183 ecce
1655 4127 1742 4182 di-

129 4219 364 4275 stinctio
391 4219 614 4289 saphiri.
644 4219 904 4290 Saphirus
934 4221 1079 4274 enim
1126 4235 1192 4274 eo
1218 4221 1362 4290 quod
1415 4222 1538 4276 cadi
1561 4225 1742 4279 sereni

132 4314 380 4383 Speciem
405 4325 580 4384 gerat,
623 4329 743 4384 quae
769 4324 896 4367 sunt
932 4312 1228 4367 divinitatis
1256 4330 1422 4382 opera
1447 4315 1737 4386 signiﬁcat.

133 4409 278 4464 ()nir
307 4417 486 4463 autem
531 4417 754 4478 pr0pter
783 4409 1090 4462 castitatem
1121 4417 1175 4462 et
1205 4408 1436 4464 nitorem
1464 4422 1518 4465 et
1547 4426 1743 4484 perpe-

137 4506 416 4571 tuitatem,
463 4521 678 4560 carnem
709 4505 855 4560 illam
889 4504 1159 4574 signiﬁcat
1187 4503 1508 4572 Salvatoris,
1541 4508 1608 4562 de
1637 4523 1740 4578 qua

136 4599 291 4654 idem
317 4597 613 4669 Apostolus
640 4596 799 4652 dicit:
854 4595 989 4662 Quia
1017 4595 1113 4648 etsi
1167 4591 1432 4649 Christum
1461 4597 1742 4653 secundum

1844 3392 2038 3455 nescit,
2079 3405 2199 3461 qua:
2231 3389 2549 3444 ﬂorentibus
2587 3390 2846 3445 membris
2872 3390 3036 3458 viget,
3077 3401 3298 3458 semper
3322 3386 3440 3456 jus-

1845 3485 1974 3540 titia:
2003 3493 2435 3554 cmterarumque
2467 3484 2722 3538 virtutum
2753 3482 2990 3536 culmina
3025 3481 3252 3552 patienti
3289 3493 3440 3549 mag-

1846 3578 2167 3634 nanimitate
2183 3585 2469 3642 sustentat;
2494 3588 2550 3633 et
2573 3578 2695 3632 ideo
2711 3593 2816 3631 non
2829 3576 3015 3631 deﬂuit
3040 3589 3214 3646 neque
3229 3573 3438 3636 deﬁcit,

1841 3675 1965 3744 quia
2011 3672 2146 3728 nihil
2178 3673 2230 3728 iit
2253 3688 2314 3729 ea
2367 3673 2648 3728 ruinosam
2703 3680 2790 3727 est
2815 3686 2881 3726 ac
2933 3671 3254 3735 remissum,
3307 3665 3445 3722 nihil

1842 3765 2065 3830 mobile,
2089 3765 2224 3820 nihil
2257 3765 2548 3829 lubricum,
2582 3763 2716 3818 nihil
2737 3762 2881 3835 quod
2913 3763 3046 3817 vitio
3075 3760 3345 3817 sermonis
3373 3774 3442 3815 ex

1843 3873 1906 3913 ea
1937 3859 2105 3926 possit
2125 3857 2351 3913 eﬂ‘undi.

1917 3949 2006 4004 77.
2031 3949 2208 4018 (Vers.
2238 3949 2320 4002 l6.
2349 3948 2367 4022 )
2419 3947 2610 4003 Guttur
2631 3948 2774 4002 illius
2814 3947 3197 4009 suavissimum,
3229 3951 3278 3997 et
3300 3950 3438 3996 totus

1847 4041 2179 4096 desiderium.
2207 4039 2420 4096 Iudicia
2450 4040 2662 4095 Domini
2691 4057 2830 4103 vera,
2856 4038 3155 4111 justiﬁcata
3177 4038 3228 4090 in
3258 4045 3441 4088 semet-

1844 4137 1982 4204 ipsa,
2028 4136 2393 4190 desiderabilia
2423 4152 2578 4205 super
2608 4152 2796 4188 aurum
2828 4144 2874 4188 et
2899 4134 3125 4204 lapidem
3155 4132 3442 4201 pretiosum

1848 4230 2063 4283 multum
2083 4227 2256 4298 (Psal.
2281 4243 2428 4294 xvttt,
2455 4229 2520 4283 10
2539 4238 2583 4282 et
2610 4226 2920 4300 ll).°Qnod
2945 4239 3193 4280 severum
3218 4223 3272 4277 in
3293 4221 3441 4286 aliis,

1816 4369 1819 4371 .
1849 4327 1902 4380 in
1929 4325 2146 4380 Christo
2172 4323 2330 4379 dulce
2365 4334 2483 4390 est,
2513 4323 2564 4376 in
2593 4320 2813 4376 Christo
2839 4334 3006 4374 suave
3035 4326 3138 4381 est;
3171 4315 3294 4386 quia
3326 4315 3445 4385 ipse

1848 4421 2030 4474 suavis
2084 4426 2170 4473 est
2195 4435 2209 4472 :
2243 4415 2478 4488 Denique
2499 4424 2702 4489 gustate
2728 4424 2774 4467 et
2803 4413 2968 4466 videte
2990 4411 3234 4482 quoniam
3276 4408 3450 4462 suavis

1848 4523 1923 4568 est
1971 4511 2226 4566 Dominus
2255 4509 2431 4580 (Psal.
2466 4525 2618 4572 tutu,
2651 4508 2730 4578 9).
2787 4506 2973 4560 Dulcia
3016 4502 3218 4574 judicia
3275 4501 3446 4556 conﬁ-

1849 4608 2006 4671 tenti,
2036 4606 2157 4676 quia
2190 4605 2304 4674 ipse
2327 4604 2488 4660 dicit:
2529 4603 2638 4672 Ego
2689 4616 2827 4666 sum,
2853 4616 2946 4672 ego
2989 4613 3124 4664 sunt,
3171 4595 3259 4667 qui
3303 4594 3451 4650 deleo

133 4710 348 4748 carnem
382 4693 645 4758 novimus,
677 4691 767 4747 sed
794 4706 930 4743 nunc
963 4692 1078 4761 jam
1119 4703 1223 4741 non
1253 4689 1486 4743 novimus
1516 4689 1582 4758 (ll
1617 4691 1738 4746 Cor.
1769 4670 1821 4732 D
1852 4699 2149 4770 iniquitates
2176 4709 2312 4764 tuas,
2347 4711 2394 4750 et
2434 4712 2633 4749 memor
2677 4710 2782 4747 non
2813 4707 2926 4747 ero:
2957 4703 3011 4747 tu
3039 4699 3216 4744 autem
3252 4703 3451 4742 memor

136 4804 194 4852 v,
233 4786 350 4857 16).

214 4879 308 4932 74.
334 4879 512 4948 (Vers.
545 4877 662 4948 15.)
695 4889 715 4916 ο
761 4875 925 4932 Crura
952 4877 1095 4931 illius
1140 4878 1393 4932 columna:
1421 4892 1746 4944 marmoreae,

143 4969 384 5042 fundata:
403 4987 556 5042 super
575 4971 716 5024 bases
738 4987 944 5024 aureas.
970 4970 1291 5041 Signiﬁcant
1311 4972 1599 5026 columnas
1624 4984 1747 5026 esse

149 5064 409 5124 Ecclesia:
432 5062 742 5132 Apostolus,
772 5064 865 5132 qui
884 5061 1090 5116 fundati
1108 5063 1302 5118 suntin
1324 5063 1518 5118 timore
1538 5071 1746 5117 sancto.

143 5155 283 5212 Nam
307 5157 444 5210 sicut
470 5154 683 5216 Petrus,
715 5153 972 5217 Jacobus,
1001 5154 1238 5210 Joannes
1261 5164 1318 5210 et
1347 5153 1624 5209 Barnabas
1655 5169 1747 5209 co-

147 5251 349 5304 lumnae
390 5263 513 5303 esse
558 5246 886 5302 videbantur
911 5247 1187 5314 Ecclesiae,
1219 5249 1298 5303 sic
1328 5257 1382 5302 et
1423 5248 1748 5318 quicumque

145 5345 339 5401 vicerit
363 5344 466 5400 hoc
502 5341 784 5405 smculum,
821 5341 879 5394 lit
904 5340 1158 5396 columna
1185 5341 1307 5408 Dei,
1338 5356 1502 5412 quam
1548 5341 1750 5396 conﬁr-

149 5451 262 5497 mat
292 5441 382 5512 qui
410 5441 541 5495 dicit
574 5455 589 5494 :
625 5437 736 5508 Ego
777 5437 1079 5504 conﬁrmavi
1129 5439 1396 5492 columnas
1426 5439 1542 5509 ejus
1570 5435 1746 5509 (Psal.

151 5533 427 5604 ιιιιιν,4).
457 5531 532 5586 Ita
555 5540 608 5586 et
627 5530 775 5584 basis
805 5543 969 5582 aurea
1009 5529 1174 5583 timor
1199 5531 1396 5599 plenus
1418 5529 1747 5599 disciplinae,

227 5731 254 5760 α
283 5721 342 5789 ln
379 5717 516 5789 psal.
547 5731 715 5772 cxvut
738 5759 752 5784 ,
793 5728 967 5789 scrin:
1001 5710 1094 5789 10,
1124 5726 1274 5789 nutu.
1305 5713 1393 5766 17.

229 5793 256 5829 ι’
287 5781 409 5848 Lib.
440 5789 509 5845 de
539 5781 912 5844 Incarnatione
933 5781 1170 5838 Domini.

239 5861 258 5892 ι·
290 5847 349 5914 in
373 5873 456 5932 ps.
504 5867 700 5920 nsvttt,
726 5871 889 5914 sermi
919 5855 972 5920 Β.
1002 5866 1148 5908 num.
1199 5847 1290 5907 88.

1851 4806 1982 4861 esto,
2023 4805 2068 4848 et
2087 4795 2404 4867 judicentur.
2453 4791 2551 4846 Dic
2577 4792 2872 4860 iniquitates
2901 4800 3040 4853 tuas,
3063 4796 3118 4841 ut
3140 4783 3450 4860 justiﬁceris

1853 4885 2027 4950 (Esai.
2055 4900 2204 4949 sun,
2232 4882 2303 4939 25
2321 4895 2370 4938 et
2395 4883 2512 4955 26).
2546 4882 2732 4937 Dulcia
2753 4880 2954 4949 judicia
2978 4879 3155 4949 agenti
3184 4875 3457 4947 pteniten-

1852 4977 2005 5043 tiam,
2039 4977 2162 5047 quia
2204 4978 2321 5046 ipse
2347 4977 2502 5031 dixit:
2534 4973 2795 5030 Gaudium
2821 4973 2920 5028 erit
2953 4987 3108 5041 super
3136 4986 3240 5024 uno
3269 4983 3454 5040 pecca-

1853 5080 1962 5124 tore
1991 5070 2343 5142 patnitentiam
2369 5078 2573 5139 agente,
2609 5083 2764 5136 quam
2793 5067 2846 5119 in
2869 5064 3153 5136 nonaginta
3194 5072 3241 5116 et
3273 5075 3456 5114 novem

1838 5164 2023 5236 justis,
2056 5163 2144 5233 qui
2187 5179 2288 5216 non
2311 5162 2546 5232 indigent
2592 5159 2885 5230 ptenitentia
2934 5156 3087 5226 (Luc.
3113 5171 3204 5216 xv,
3236 5155 3266 5209 7
3305 5154 3345 5221 ).
3389 5151 3449 5208 Si

1853 5254 2027 5310 dulcia
2057 5263 2185 5308 sunt
2230 5255 2390 5323 igitur
2413 5251 2617 5322 judicia
2649 5251 2879 5314 liomiui,
2912 5247 3194 5304 suavitatis
3231 5241 3448 5316 1605.

1857 5345 2064 5402 fructus
2086 5345 2370 5417 percipere
2391 5342 2866 5400 elaboremus.Vis
2901 5344 3040 5398 scire
3072 5354 3232 5411 quam
3265 5336 3448 5389 dulcia

1854 5439 2058 5509 judicia
2081 5437 2324 5493 Domini?
2343 5435 2446 5502 Qui
2458 5437 2620 5492 credit
2634 5440 2684 5491 in
2696 5437 2835 5505 ipso,
2854 5451 2955 5489 non
2962 5438 2990 5509 j
2999 5433 3236 5486 udicatur
3260 5423 3446 5498 (Joan.

1856 5545 1939 5596 ιιι,
1979 5529 2093 5602 18).
2127 5530 2318 5586 Dulcia
2345 5545 2478 5600 ergo
2494 5530 2696 5601 judicia
2735 5527 3120 5585 credentibus:
3149 5519 3241 5590 qui
3270 5525 3454 5572 autem

1937 5710 1963 5751 ἀ
1994 5713 2049 5768 ln
2099 5728 2182 5784 ps.
2212 5727 2414 5781 cxvtu,
2457 5709 2698 5778 sermA,
2749 5704 3020 5784 num._gi.

1937 5795 1961 5820 ε
1986 5785 2044 5839 In
2089 5771 2173 5855 ps.
2194 5798 2357 5840 cxvnt
2375 5771 2413 5846 ,’
2439 5799 2603 5838 serm.
2631 5771 2700 5844 5,
2731 5795 2880 5836 num.
2902 5771 2994 5829 43.
