4148 6362
558 343 581 398 1
593 342 698 400 939

1540 328 2092 395 COMMENTARIUS
2129 328 2195 392 IN
2230 332 2527 392 CANTICA
2570 328 2841 391 CANTIC.

3694 336 3808 392 ιιιεο

555 472 664 513 non
681 456 932 521 credunt,
957 470 1061 510 non
1075 455 1273 510 Christi
1302 452 1507 523 judicio
1521 449 1764 506 damnati
1782 459 1927 515 sunt,
1947 450 2038 518 qui
2059 463 2151 505 ve-
2179 451 2229 512 Α
2257 458 2436 502 sancta
2491 448 2703 503 ﬁliabus
2731 448 2974 504 t‘mlmtls
2998 448 3139 502 illius
3170 447 3404 502 civitatis
3444 448 3666 503 admixta
3689 447 3802 505 Ver-

552 553 634 605 nit
657 564 761 604 non
788 559 847 603 ut
883 548 1085 618 judicet
1101 546 1382 611 mundum,
1406 544 1502 600 sed
1533 553 1593 597 ut
1620 543 1791 596 salvet
1831 541 2146 606 eltcditnat;

556 642 653 698 sed
683 640 977 712 impietatis
1002 654 1113 695 sua:
1140 638 1360 694 subiere
1399 635 1688 706 judicium,
1737 634 1829 702 qui
1860 634 1912 686 in
1959 633 2152 686 remis.

549 736 761 789 sionem
812 738 1153 802 peccatorum
1199 728 1424 783 credere
1467 728 1783 783 noluerunt.
1832 724 1949 778 Non
2004 724 2150 778 enim

554 833 781 897 possunt
808 823 875 879 ad
906 824 1026 892 ejus
1071 824 1344 891 pertinere
1361 820 1692 878 .benelicium
1718 859 1732 884 ,
1766 833 1926 881 quem
1950 832 2150 888 regno.

550 932 707 972 scere
734 913 1057 970 relutarunl.
1093 913 1237 982 Ergo
1268 912 1359 982 qui
1388 928 1496 966 non
1529 910 1881 966 crediderunt
1908 911 1958 963 itt
1981 925 2105 964 eum
2134 951 2149 976 ,

547 1011 755 1082 judicio
782 1009 905 1080 ejus
952 1008 1203 1063 videntur
1251 1006 1481 1073 indigni.
1532 1004 1802 1061 Iudicium
1845 1005 1989 1058 enim
2033 1003 2151 1073 ejus

554 1104 683 1176 quid
700 1103 794 1169 sit,
826 1116 1088 1171 agnosce,
1121 1103 1337 1156 dicente
1376 1100 1524 1169 ipso:
1561 1098 1675 1153 Hoc
1700 1108 1868 1153 autem
1890 1097 2152 1171 judicium

550 1208 645 1266 est,
678 1216 782 1271 qua
812 1198 907 1253 lux
926 1197 1059 1251 venit
1091 1197 1143 1251 in
1171 1194 1309 1249 hunc
1338 1194 1587 1247 mundum
1619 1192 1789 1263 (Ibid.
1814 1192 1925 1261 19).
1982 1190 2153 1245 Dulce

549 1307 698 1363 ergo,
733 1291 990 1363 quodqu
1022 1298 1105 1345 est.
1126 1331 1141 1354 ,
1170 1288 1329 1344 dulce
1373 1286 1669 1357 judicium,
1703 1285 1847 1356 quod
1892 1284 2156 1355 praecedit

556 1381 958 1445 misericordia;
989 1382 1070 1437 sic
1104 1380 1251 1437 enim
1290 1380 1552 1449 scriptum
1574 1388 1677 1443 est,
1734 1377 2153 1431 Misericordiam

553 1487 600 1531 et
620 1476 886 1548 judicium
923 1474 1141 1530 cantabo
1168 1475 1288 1535 tibi,
1326 1471 1746 1542 Domine(Psal.
1772 1486 1822 1537 c,
1861 1472 1937 1542 1).
1984 1470 2154 1526 Dulce

552 1573 714 1633 etiam
742 1578 931 1640 guttur
953 1580 1009 1627 et
1040 1567 1451 1632 suavissimum,
1514 1566 1659 1622 unde
1697 1565 1814 1621 haec
1844 1566 2154 1621 misericor-

555 1663 643 1723 dia
671 1663 929 1733 procedit
949 1668 1005 1717 et
1035 1660 1138 1716 hoc
1163 1659 1447 1727 judicium.

624 1759 711 1815 78.
728 1756 908 1829 (Vere.
933 1753 1045 1827 16.)
1060 1754 1129 1810 Ει
1151 1764 1290 1815 totus
1314 1752 1691 1811 desiderabilis.
1707 1761 1734 1789 ι
1757 1750 2035 1824 Speciosus
2047 1752 2155 1821 for-

2255 544 2381 598 bum
2422 544 2667 613 requirit,
2698 554 2747 598 et
2783 543 3077 614 (pnercndo
3107 542 3252 597 illius
3279 542 3330 596 in
3363 556 3419 596 se
3443 543 3629 596 excitat
3658 542 3808 599 chari-

2255 648 2452 692 tatem:
2501 639 2609 692 illis
2652 653 2779 691 vero
2825 635 3228 706 requirentibus
3270 634 3660 689 etdicentibus:
3710 636 3810 704 Quo

2255 733 2378 785 abiit
2401 730 2622 784 dilectus
2645 739 2788 796 tuus,
2823 746 2854 782 o
2880 728 3230 801 pulcherrima
3263 726 3577 781 mulierum?
3605 728 3712 795 Quo
3736 726 3818 783 dc-

2254 825 2475 880 clioavit
2501 825 2728 879 dilectus
2761 832 2904 888 tuus,
2932 831 2990 877 ut
3016 834 3324 893 quarramus
3354 834 3471 873 cum
3505 818 3695 873 tecum?

2763 962 2992 1021 CAPUT
3032 961 3342 1019 SEXTUM.

2332 1106 2381 1157 1.
2415 1101 2601 1173 (Vers.
2628 1101 2680 1154 1.
2708 1098 2727 1169 )
2762 1109 2782 1138 ε
2820 1098 3072 1162 Dilectus,
3121 1096 3318 1165 inquit,
3347 1110 3488 1150 meus
3508 1095 3751 1150 descendit
3774 1094 3818 1149 in

2258 1196 2463 1248 hortum
2490 1210 2639 1247 suum
2669 1193 2737 1247 ad
2759 1193 2987 1246 areolam
3009 1190 3278 1254 aromatis,
3309 1199 3364 1242 ut
3392 1197 3627 1258 pascatur
3645 1188 3693 1242 in
3714 1187 3821 1241 ltor-

2258 1290 2341 1349 tis,
2376 1296 2423 1340 et
2461 1286 2573 1340 lilia
2612 1284 2843 1355 colligat.
2890 1282 2989 1339 Ubi
3036 1281 3271 1337 Verbum
3299 1288 3523 1351 qumrat,
3556 1281 3817 1351 agnoscit:

2256 1379 2400 1449 quod
2452 1380 2595 1433 inter
2638 1379 2914 1431 orationes
2966 1384 3281 1430 sanctorum
3309 1382 3571 1440 moretur,
3622 1374 3822 1443 etquod

2259 1473 2391 1542 ipsis
2416 1471 2700 1535 inicerent,
2736 1470 2924 1531 novit,
2961 1479 3016 1523 et
3062 1467 3205 1537 quod
3253 1466 3549 1521 Ecclesiam
3578 1480 3719 1520 suam
3748 1465 3823 1521 vel

2257 1567 2746 1633 animasjustorum
2776 1579 2997 1619 suorum
3030 1563 3170 1616 inter
3200 1561 3315 1615 lilia
3346 1570 3546 1631 pascat,
3574 1562 3822 1632 intelligit.

2260 1660 2374 1714 Hoc
2440 1660 2759 1731 mysterium
2816 1658 2911 1712 tibi
2966 1657 3020 1711 in
3071 1656 3365 1727 Evangelio
3416 1656 3822 1723 demonstravit,

2257 1769 2380 1809 cum
2429 1756 2482 1807 in
2537 1753 2762 1807 sabbato
2805 1751 3031 1806 duceret
3076 1764 3173 1819 per
3224 1749 3484 1803 seminata
3536 1748 3822 1818 discipulos.

553 1866 636 1905 ma
672 1865 781 1921 pm?
804 1849 931 1919 ﬁliis
961 1848 1223 1907 hominum
1256 1845 1429 1919 (Psat.
1466 1858 1609 1912 κων,
1641 1844 1721 1915 5).
1757 1846 1927 1899 llotno
1950 1845 2152 1913 quippe
2183 1854 2232 1915 Β
2261 1846 2472 1918 Moyses
2514 1859 2611 1915 per
2647 1844 2922 1899 desertum
2977 1842 3130 1897 duxit
3184 1844 3445 1913 populum
3507 1839 3824 1904 intimorum,

552 1953 668 1999 erat
700 1944 998 1999 secundum
1029 1956 1276 2005 carnem,
1305 1940 1402 1996 sed
1442 1939 1584 1994 ultra
1626 1937 1928 2004 hominem,
1957 1952 2154 1992 secun-

557 2038 685 2093 dum
717 2038 954 2095 divinum
985 2036 1386 2104 operationem.
1439 2033 1681 2103 Denique
1702 2047 1827 2087 cum
1872 2031 2151 2101 leprosum

556 2141 824 2206 tangeret,
856 2136 1018 2188 homo
1050 2132 1372 2187 videbatur:
1396 2131 1495 2185 sed
1529 2132 1668 2185 ultra
1701 2130 2000 2196 hominem,
2030 2144 2152 2185 cum

553 2224 893 2280 cmuttdaret.
925 2224 992 2280 Et
1020 2240 1143 2279 cum
1176 2224 1439 2279 Lazarum
1467 2222 1626 2278 ﬂeret
1666 2232 1959 2285 mortuum,
1993 2222 2151 2293 quasi

556 2318 719 2373 homo
748 2316 930 2372 ﬂebat:
958 2316 1052 2373 sed
1083 2332 1243 2385 supra
1274 2315 1551 2371 hominem
1573 2324 1709 2380 erat,
1729 2329 1852 2368 eum
1880 2326 2152 2368 mortuunt

556 2410 753 2465 vinctis
785 2409 940 2481 jubet
984 2409 1208 2480 pedibus
1238 2409 1407 2465 exire.
1448 2410 1622 2465 Ilomo
1669 2411 1983 2476 videbatur,
2026 2427 2153 2468 cum

557 2504 822 2574 penderet
839 2505 890 2559 in
915 2519 1110 2558 cruce:
1134 2503 1227 2558 sed
1250 2519 1412 2572 supra
1439 2503 1718 2560 hominem
1741 2520 1864 2560 cum
1896 2506 2156 2561 reseratis

556 2597 798 2664 tumulis,
829 2606 1070 2652 mortuos
1101 2597 1469 2651 resuscitaret.
1510 2596 1619 2652 Nec
1644 2597 1749 2652 sibi
1774 2598 2157 2653 adblandiatur

555 2693 705 2746 virus
728 2690 1078 2759 Apollinaris,
1106 2691 1249 2760 quod
1279 2690 1349 2744 ita
1382 2690 1576 2761 legitur
1595 2707 1609 2746 :
1631 2689 1700 2744 Et
1726 2692 1892 2762 sperie
1916 2693 2157 2746 inventus

556 2795 610 2839 ut
640 2783 792 2839 homo
821 2780 1049 2855 (Philip.
1079 2798 1139 2847 tt,
1183 2781 1239 2853 7)
1268 2799 1282 2845 ς
1308 2799 1415 2837 non
1452 2783 1597 2838 enim
1630 2794 1860 2853 negatus
1880 2794 1966 2840 est
1992 2784 2157 2839 homo

556 2878 740 2942 Jesns,
771 2891 894 2931 eum
932 2875 1061 2930 alibi
1093 2875 1209 2944 ipse
1242 2875 1439 2930 Paulus
1487 2876 1555 2929 de
1584 2892 1650 2929 eo
1676 2877 1860 2930 dicat:
1898 2875 2158 2930 Mediator

560 2969 660 3026 Dei
687 2980 735 3026 et
765 2971 1032 3025 hominum
1056 2972 1209 3025 homo
1238 2968 1474 3023 Christus
1495 2967 1648 3023 Iesus
1699 2968 1751 3041 (l
1776 2968 1913 3024 Tim.
1948 2986 2007 3035 tt,
2036 2968 2070 3023 5
2094 2970 2111 3037 )
2139 2986 2153 3035 ;

558 3065 652 3119 sed
676 3063 1030 3119 conﬁrmatus
1048 3074 1151 3117 est.
1178 3060 1230 3117 id
1262 3064 1406 3117 enim
1428 3070 1513 3117 est
1541 3077 1670 3116 usus
1697 3072 1753 3117 et
1779 3063 1947 3117 moris
1971 3063 2157 3131 Scrip.

564 3168 697 3212 tnrte
756 3159 836 3211 sic
890 3157 1234 3227 signiﬁcare,
1287 3156 1423 3219 sicut
1471 3167 1528 3210 et
1582 3159 1634 3211 in
1688 3155 1979 3221 Evangelio
2025 3157 2158 3225 legi—

2257 1936 2510 1991 Christus
2534 1952 2631 2006 per
2661 1935 2927 1990 seminata
2951 1934 3121 1997 ducit,
3147 1932 3398 1989 Christus
3423 1947 3516 2002 per
3546 1931 3649 1987 lilia
3678 1929 3827 1990 ducit;

2257 2029 2382 2099 quia
2423 2045 2518 2098 per
2556 2029 2867 2099 passionem
2895 2027 3015 2097 ejus
3041 2026 3318 2082 desertum
3362 2027 3522 2080 ﬂoret
3548 2033 3606 2078 ut
3654 2020 3825 2076 lilium.

2257 2124 2564 2193 Sequamur
2613 2135 2768 2191 ergo,
2804 2129 2861 2175 ut
2890 2120 2941 2174 in
2990 2120 3078 2175 die
3108 2120 3321 2174 sabbati
3364 2120 3511 2173 illius
3540 2114 3746 2185 magni,
3785 2114 3829 2168 in

2258 2234 2364 2288 quo
2392 2215 2613 2286 requies
2654 2230 2845 2285 magna
2873 2223 2976 2281 est,
3012 2213 3221 2268 fructus
3251 2212 3592 2282 colligamus.
3622 2209 3722 2264 Nec
3746 2222 3826 2259 vc-

2258 2314 2433 2369 rearis
2455 2326 2524 2366 ne
2557 2311 2810 2365 Pharisrei
2833 2317 3093 2365 accusent
3110 2308 3375 2363 seminata
3397 2307 3724 2377 colligentes:
3744 2301 3833 2355 etsi

2260 2407 2339 2462 illi
2363 2414 2648 2469 accusant,
2676 2404 2930 2458 Christus
2970 2411 3217 2468 excusat,
3261 2411 3313 2457 et
3338 2402 3550 2456 similes
3578 2400 3828 2468 lacitqnas

2258 2500 2371 2554 vult
2392 2501 2604 2553 animas
2627 2514 2686 2552 se
2716 2506 3005 2567 sequentes
3035 2495 3202 2549 David
3239 2496 3422 2561 illius,
3456 2495 3546 2566 qui
3574 2506 3725 2562 supra
3750 2490 3836 2545 Le-

2259 2608 2380 2665 gem
2432 2608 2626 2664 panem
2656 2592 3047 2663 propositionis
3075 2590 3460 2654 manducabat,
3495 2604 3643 2643 nova:
3666 2585 3831 2658 gratia:

2258 2699 2600 2745 sacramenta
2630 2688 2943 2759 prophetica
2980 2688 3090 2758 jam
3132 2695 3244 2741 tum
3278 2694 3463 2740 mente
3485 2682 3800 2750 concipiens.

2330 2782 2384 2840 Ε,
2412 2783 2591 2856 (Vere.
2617 2781 2695 2853 2.)
2729 2780 2840 2852 Ego
2863 2781 3050 2835 dilecto
3072 2798 3202 2849 meo,
3236 2790 3284 2834 et
3312 2781 3529 2835 dilectus
3552 2794 3685 2833 meus
3704 2775 3833 2841 mihi,

2259 2878 2346 2947 qui
2373 2877 2600 2945 pascitur
2621 2878 2754 2929 inter
2776 2874 2985 2948 1605
3005 2876 3135 2928 lilia.
3159 2870 3186 2911 ἀ
3210 2873 3407 2927 Facilis
3425 2890 3523 2928 vox
3544 2884 3597 2928 et
3615 2885 3834 2926 commn-

2262 2971 2344 3024 nis
2373 2970 2581 3023 videtur
2602 3010 2617 3035 ,
2651 2969 2743 3023 sed
2776 2984 3067 3038 pzmcoruot
3110 2976 3211 3020 est.
3245 2966 3391 3021 Satis
3412 2981 3568 3021 rarus
3602 2973 3679 3019 est
3707 2962 3833 3016 cnim

2261 3067 2351 3136 qui
2379 3074 2551 3133 potest
2565 3064 2764 3117 dicere:
2793 3062 2901 3132 Ego
2915 3062 3101 3115 dilecto
3116 3076 3247 3121 utea,
3264 3070 3308 3113 et
3321 3060 3544 3114 dilectus
3561 3073 3695 3113 meus
3708 3054 3834 3108 mihi.

2264 3158 2404 3225 Quid
2433 3166 2519 3212 est
2543 3158 2723 3211 diecre
2763 3174 2774 3209 :
2810 3156 2957 3209 Tuus
2995 3155 3155 3209 sum?
3184 3154 3274 3207 ille
3295 3154 3443 3209 enim
3475 3152 3599 3208 dicit
3637 3150 3720 3221 qui
3757 3147 3837 3201 ad.

563 3265 717 3311 nuta:
774 3248 844 3303 Et
894 3250 1118 3304 vidimus
1146 3250 1366 3323 gloriam
1406 3251 1540 3319 ejus,
1590 3249 1811 3322 gloriam
1840 3253 1988 3320 quasi
2039 3252 2157 3305 uni-
2187 3257 2232 3320 ρ
2265 3250 2431 3305 lia-ret
2465 3251 2575 3303 Deo
2605 3249 2732 3304 lotis
2772 3246 3042 3307 sensibus,
3074 3246 3167 3315 qui
3192 3245 3338 3299 aliud
3366 3246 3607 3315 cogitare
3631 3258 3731 3297 non
3755 3256 3837 3291 no-

562 3344 721 3416 geuiti
751 3361 782 3395 η
820 3343 975 3399 Putre
1015 3341 1195 3413 (Joan.
1227 3342 1289 3413 t).
1339 3343 1494 3396 Sicut
1523 3357 1659 3411 ergo
1703 3344 1857 3413 quasi
1908 3343 2159 3413 unigeni-

562 3434 891 3500 tusdicitnr,
921 3444 969 3488 et
1015 3450 1120 3488 non
1171 3434 1425 3488 abnuitur
1470 3435 1779 3503 unigenitus
1826 3434 1919 3489 Dei
1953 3434 2157 3501 Filius;

559 3530 633 3583 ita
662 3538 716 3583 et
750 3530 916 3583 homo
940 3528 1156 3593 dicitur,
1180 3540 1237 3583 et
1262 3528 1521 3599 perfectio
1550 3527 1716 3583 fuisse
1744 3528 1798 3583 in
1823 3542 1892 3583 eo
1921 3529 2160 3584 hominis

565 3636 672 3677 non
697 3632 943 3691 negatur.

638 3713 729 3769 79.
774 3713 909 3770 Cum
945 3722 1091 3770 esset
1126 3714 1286 3786 igitur
1317 3716 1369 3769 in
1423 3714 1595 3769 formo
1636 3715 1803 3781 servi,
1850 3714 2160 3771 humiliatus

564 3822 738 3878 usque
778 3808 844 3861 ad
876 3817 1102 3862 mortem
1139 3849 1151 3871 ,
1183 3817 1299 3863 erat
1326 3817 1506 3862 tamen
1542 3809 1593 3863 in
1644 3808 1737 3864 Dei
1777 3809 1968 3879 gloria.
2020 3808 2160 3877 Quid

565 3899 613 3951 ei
654 3901 817 3969 igitur
840 3899 1012 3955 obluit
1035 3899 1293 3956 servitus?
1316 3899 1519 3958 Servus
1540 3913 1722 3957 autem
1747 3903 1918 3980 lactus
1940 3903 2158 3972 legitur,

563 3991 688 4060 quia
712 3991 907 4061 legitur
932 3991 1106 4047 lactus
1126 4005 1195 4048 ex
1236 3992 1478 4063 Virgine,
1509 4002 1564 4048 et
1607 4005 1825 4049 creatus
1873 3996 1924 4050 in
1956 4010 2160 4060 carne;

564 4084 742 4139 omnis
771 4084 917 4139 enim
946 4093 1193 4140 creatura
1220 4084 1411 4152 servit,
1451 4085 1669 4143 dicente
1691 4086 1954 4158 propheta
1982 4105 1995 4140 :
2028 4088 2166 4155 Quia

563 4178 803 4231 universa
831 4178 1056 4231 serviunt
1078 4177 1192 4231 tibi.
1254 4177 1377 4232 Haec
1407 4187 1492 4233 est
1537 4177 1737 4235 Christi
1770 4180 1940 4249 gloria
1962 4220 1978 4243 ,
2034 4181 2161 4249 quia

562 4273 886 4327 servitutem
935 4273 1176 4341 suscepit
1207 4273 1259 4327 in
1295 4286 1528 4343 corpore
1567 4289 1699 4339 suo,
1744 4283 1803 4328 ut
1851 4273 2162 4331 libertatem

561 4365 815 4421 omnibus
845 4365 1126 4421 redderet:
1156 4377 1377 4436 peccata
1411 4376 1594 4423 nostra
1629 4367 1886 4436 portavit,
1918 4375 1975 4421 ut
1998 4383 2162 4421 mune

562 4458 617 4514 di
655 4466 937 4529 peccatum
966 4459 1214 4516 tolleret:
1246 4473 1455 4525 servus,
1490 4469 1794 4528 peccatum,
1819 4459 2160 4515 maledictum

564 4549 738 4606 laetus
764 4558 850 4606 est
873 4592 887 4615 ,
918 4561 973 4604 ut
999 4560 1055 4604 tu
1086 4551 1293 4619 peccati
1327 4566 1518 4606 servus
1565 4565 1687 4606 esse
1735 4552 2063 4621 desisteres,
2112 4562 2164 4608 te

2268 3344 2365 3407 vit,
2398 3343 2489 3397 ille
2519 3343 2617 3396 hac
2665 3356 2796 3396 voce
2830 3339 3017 3407 utitur,
3046 3339 3139 3410 qui
3170 3346 3347 3406 potest
3375 3338 3560 3393 dicere
3588 3337 3833 3393 Domino:

2268 3436 2494 3492 Ostende
2514 3435 2655 3489 nobis
2685 3433 2916 3497 Patrem,
2949 3444 2993 3486 et
3021 3432 3217 3502 sufﬁcit
3240 3433 3388 3487 nobis
3412 3431 3599 3500 (Joan.
3625 3445 3732 3494 xw,
3761 3429 3834 3491 8).

2263 3529 2530 3601 Numquid
2563 3530 2659 3583 hac
2689 3545 2821 3585 voce
2851 3530 3018 3583 utitur
3056 3529 3245 3583 avidus
3278 3530 3553 3598 pecuniae,
3606 3523 3833 3583 honoris,

2267 3625 2585 3696 potestatis?
2612 3624 2793 3679 Multis
2826 3639 2932 3677 non
2963 3632 3045 3679 est
3073 3623 3204 3677 satis
3251 3623 3422 3675 Deum
3462 3622 3634 3687 scire,
3664 3628 3714 3675 et
3732 3619 3835 3688 qni-

2266 3717 2388 3772 dem
2415 3716 2679 3787 pluribus.
2726 3715 3135 3786 TaulipOpnli,
3187 3724 3352 3769 tanta:
3403 3715 3683 3777 nationes,
3724 3707 3834 3764 tazti

2266 3811 2460 3867 divites
2493 3821 2865 3882 paupertatem
2930 3820 3118 3881 putant
3150 3810 3379 3869 Domino
3424 3812 3735 3874 servire;et
3762 3805 3839 3875 qui

2266 3918 2429 3975 supra
2469 3919 2659 3959 omnes
2678 3914 2791 3965 est,
2828 3905 2935 3959 illis
2980 3906 3204 3974 exigtttts
3236 3913 3575 3970 etangttstus
3611 3912 3719 3958 est:
3748 3900 3839 3954 illis

2268 4013 2375 4051 non
2404 4007 2483 4051 est
2511 3997 2641 4051 satis
2661 3997 2753 4051 Dei
2777 3995 2964 4061 Filius,
3011 3997 3062 4050 in
3087 4010 3193 4067 quo
3219 4008 3345 4051 sunt
3383 3996 3593 4053 omnia.
3624 3994 3839 4063 Denique

2267 4088 2361 4143 ille
2386 4088 2539 4143 dives
2564 4088 2615 4143 in
2637 4088 2929 4159 Evangelio
2949 4088 3034 4143 cui
3053 4088 3255 4142 dictum
3286 4097 3403 4144 est:
3432 4089 3492 4145 Si
3513 4090 3588 4144 vis
3610 4086 3841 4157 perfectus

2266 4198 2395 4247 esse,
2428 4181 2585 4235 vende
2612 4182 2785 4235 omnia
2810 4180 3111 4251 quwhabes,
3135 4188 3184 4233 et
3210 4180 3278 4233 da
3306 4181 3618 4253 pauperibus
3635 4180 3652 4251 (
3671 4174 3838 4231 Matth.

2265 4274 2509 4343 xuﬁl);
2537 4275 2703 4329 Deum
2718 4274 2818 4329 sibi
2844 4291 2950 4328 non
2969 4276 3219 4328 sullicere
3239 4274 3523 4343 judicavit.
3553 4274 3777 4342 Denique
3795 4276 3842 4322 et

2265 4371 2620 4425 contristatus
2641 4378 2745 4433 est,
2771 4368 2925 4439 quasi
2949 4368 3093 4437 quod
3122 4368 3291 4437 pluris
3331 4378 3509 4431 esset,
3549 4369 3834 4435 relinquere

2261 4460 2548 4532 jnlteretur
2564 4500 2577 4525 ,
2606 4460 2749 4530 quod
2783 4462 2963 4513 minus
2978 4468 3146 4525 esset,
3168 4460 3397 4529 eligere.
3423 4461 3519 4516 Ille
3540 4476 3667 4531 ergo
3687 4458 3841 4512 dicit:

2266 4554 2414 4608 Tuus
2444 4568 2564 4607 sum
2587 4594 2601 4619 ,
2645 4555 2732 4622 qtti
2775 4560 2953 4623 potest
2990 4553 3204 4608 dicere:
3254 4552 3391 4608 Ecce
3430 4572 3526 4609 nos
3564 4554 3843 4625 reliquimus

562 4640 762 4697 divina:
803 4643 1090 4698 sententia:
1134 4642 1423 4699 maledicto
1475 4644 1803 4701 absolveret.
1871 4644 1966 4701 Ille
2032 4661 2163 4717 ergo
2188 4651 2240 4711 D
2267 4649 2462 4713 omnia,
2493 4656 2540 4701 et
2565 4648 2724 4702 secuti
2753 4664 2930 4703 sumus
2955 4646 3203 4722 tc(lbid.,
3232 4649 3359 4714 9.7).

565 4734 913 4793 maledictum
959 4737 1196 4805 suscepit
1227 4746 1408 4793 tuum:
1460 4736 1772 4795 Male-dictus
1804 4740 1950 4795 enim
1995 4740 2163 4794 omnis

562 4828 649 4897 qui
684 4828 867 4897 pendet
892 4828 949 4883 in
977 4829 1117 4901 ligno
1141 4845 1160 4883 :
1191 4829 1280 4885 ille
1326 4830 1672 4888 maledictum
1719 4833 1772 4889 in
1794 4849 1955 4890 cruce
1989 4834 2161 4891 lactus

562 4931 668 4998 est,
703 4929 760 4976 ut
799 4929 856 4977 tu
883 4921 1198 4981 benedictus
1230 4939 1384 4980 esses
1416 4925 1469 4981 in
1499 4925 1595 4981 Dei
1627 4941 1796 4996 regno
1824 4944 1836 4981 :
1870 4928 1965 4983 ille
1992 4928 2163 4983 debo-

562 5024 808 5069 nestatus
837 5025 893 5072 et
920 5016 1251 5091 depretiatus
1276 5027 1382 5084 est,
1415 5034 1514 5074 nec
1560 5019 1765 5089 aliquid
1816 5021 2119 5077 aestimatus
2144 5040 2157 5077 :

562 5110 655 5165 ille
683 5110 918 5173 dicebat,
951 5110 1018 5167 In
1065 5129 1283 5168 vacuum
1313 5113 1577 5179 laboravi;
1631 5128 1730 5184 per
1759 5130 1920 5185 quem
1962 5116 2162 5171 meruit

563 5202 768 5271 Paulus
793 5204 1007 5271 dicere,
1062 5204 1184 5259 Non
1210 5208 1265 5260 in
1300 5223 1519 5260 rat-utam
1547 5206 1777 5261 laboravi
1805 5206 2042 5279 (Philip.
2078 5223 2111 5262 tt
2139 5249 2154 5270 ,

562 5294 699 5367 16);
730 5306 791 5352 ut
827 5297 951 5355 boni
982 5300 1164 5367 operis
1208 5300 1461 5365 irttctum,
1508 5311 1561 5355 et
1602 5303 1933 5372 evangelicae
1964 5303 2158 5373 prtedi-

562 5389 793 5445 cstionis
826 5389 1058 5459 gloriam
1103 5391 1217 5445 suis
1264 5391 1540 5449 conferret
1566 5396 1819 5463 servulis,
1878 5411 1974 5467 per
1999 5412 2158 5467 quam

563 5483 799 5538 universi
828 5484 1040 5545 sarcina
1068 5484 1270 5541 laboris
1296 5488 1729 5547 absolverentur.

636 5578 723 5631 80.
752 5576 931 5644 (Vers.
964 5575 1076 5648 Π.)
1107 5575 1134 5615 ι)
1176 5578 1320 5633 Talis
1347 5590 1418 5633 cst
1438 5581 1654 5634 dilectus
1685 5598 1858 5645 meus,
1893 5590 1941 5636 et
1963 5582 2161 5635 amicus

566 5684 745 5728 tuens,
795 5667 921 5734 ﬁlia:
966 5667 1319 5724 Hierusalem.
1385 5670 1477 5727 Sic
1538 5671 1780 5728 Ecclesia
1837 5674 1920 5729 vel
1982 5672 2159 5728 anima

638 5792 661 5852 ἐι
694 5784 863 5850 Εμίηι.
898 5785 993 5850 ιϐ,
1034 5785 1100 5839 ad
1147 5785 1403 5841 Sabinum
1430 5829 1445 5852 ,
1488 5805 1633 5843 num.
1668 5791 1720 5845 7.

635 5851 661 5890 ιι
692 5853 806 5910 Lib.
842 5854 909 5910 de
943 5855 1087 5910 Isaac
1118 5872 1238 5931 cap.
1265 5860 1332 5927 li,
1374 5851 1519 5919 num.
1573 5858 1661 5921 56.

2332 4742 2385 4795 5.
2414 4742 2791 4810 Apostolorum
2826 4758 2929 4796 vox
2977 4741 3079 4796 ista
3111 4751 3227 4804 est,
3272 4758 3370 4796 nec
3400 4743 3641 4798 omnium
3673 4750 3836 4796 tamen

2261 4835 2669 4905 apostolorum;
2699 4849 2822 4889 nam
2854 4844 2910 4889 et
2930 4834 3097 4890 ludas
3126 4835 3407 4905 aposudus
3432 4837 3549 4903 l'uit,
3578 4834 3704 4890 etin
3726 4847 3842 4886 con-

2265 4930 2408 4983 vivio
2433 4927 2633 4984 Christi
2667 4929 2808 4983 inter
2855 4928 3133 4998 apostolos
3159 4929 3537 4984 recumbebat.
3562 4927 3778 4983 Dicebat
3796 4933 3844 4977 et

2265 5021 2411 5092 ipse:
2438 5021 2586 5076 Tuus
2608 5035 2757 5085 sum;
2787 5020 2880 5076 sed
2901 5035 3053 5079 voce.
3077 5034 3182 5074 non
3210 5021 3394 5076 corde.
3421 5021 3582 5076 Venit
3603 5032 3651 5075 et
3676 5018 3847 5074 introi-

2263 5115 2338 5168 vit
2368 5114 2420 5167 in
2444 5129 2566 5169 eum
2597 5114 2828 5169 Satanas
2851 5155 2865 5179 ,
2905 5122 2960 5168 et
2985 5114 3151 5185 coepit
3181 5114 3396 5170 dicere:
3432 5113 3550 5169 Non
3591 5125 3669 5170 est
3703 5121 3837 5171 tuus,

2269 5206 2451 5273 Iesus,
2480 5208 2574 5263 sed
2608 5223 2760 5263 meus
2789 5216 2892 5262 est.
2927 5208 3167 5278 Denique
3193 5224 3256 5263 ea
3287 5224 3407 5280 qua:
3436 5222 3557 5262 mea
3585 5216 3725 5270 sunt,
3763 5218 3846 5258 co-

2268 5301 2433 5372 gitat,
2480 5318 2598 5371 qme
2652 5316 2771 5357 mea
2809 5310 2932 5354 sunt
2962 5301 3017 5355 in
3064 5311 3284 5369 pectore
3322 5315 3420 5356 suo
3450 5300 3654 5356 volvit:
3682 5310 3845 5354 tecum

2263 5393 2513 5461 epulatur
2533 5434 2548 5458 ,
2591 5402 2647 5447 et
2678 5407 2890 5447 mecum
2921 5394 3182 5462 pascitur:
3216 5408 3247 5447 a
3272 5402 3322 5447 te
3352 5407 3547 5462 panem
3578 5391 3797 5460 accepit,
3816 5403 3842 5441 a

2263 5502 2349 5541 me
2394 5487 2718 5555 pecuniam;
2760 5497 2938 5540 tecum
2979 5486 3136 5552 bibit,
3171 5498 3225 5540 et
3258 5487 3386 5540 mihi
3420 5496 3574 5541 tuum
3629 5482 3839 5553 sangui-

2265 5594 2388 5634 nem
2419 5578 2631 5633 vendit:
2654 5590 2775 5633 tuus
2800 5587 2883 5633 est
2909 5578 3276 5649 apostolus,et
3293 5594 3446 5633 meus
3468 5577 3841 5634 mercenarius.

2263 5671 2381 5727 Non
2437 5681 2614 5741 potest
2663 5670 2847 5727 dicere
2892 5671 3213 5727 saecularis:
3267 5672 3414 5727 Tuus
3462 5687 3624 5737 sum;
3675 5670 3846 5752 plures

2343 5803 2365 5864 ξ
2410 5790 2549 5864 ibid.
2583 5793 2673 5848 ubi
2714 5809 2898 5864 supra.

2339 5862 2363 5901 ἀ
2407 5862 2465 5921 In
2500 5879 2581 5941 ps.
2609 5862 2801 5929 cxvut,
2829 5879 2993 5924 serm.
3024 5868 3112 5936 12,
3142 5883 3291 5924 num.
3322 5864 3410 5930 37.
