4016 6542
138 389 261 447 1941

1095 386 1137 441 Ε
1175 385 1489 461 εαϐιρτιε
1524 386 1579 444 S.
1623 387 1948 451 AMBROSII
1986 389 2412 463 COLLECTUS.

3279 401 3419 463 19ίὲ

128 505 265 560 enim
295 506 546 563 dominos
567 506 750 562 habet.
768 504 929 562 Venit
959 502 1145 569 libido,
1167 514 1222 559 et
1250 503 1414 559 dicit:
1444 502 1595 558 Meus
1622 518 1713 569 es;
1745 507 1796 593 ᾼ
1822 519 1878 559 sa
1931 505 2035 559 sibi
2086 510 2344 580 mysteria
2392 511 2667 597 putaverit
2694 513 2931 585 indignis
2960 530 3082 583 esse
3119 519 3413 591 vulganda.

133 597 250 669 quia
292 615 351 663 ea
380 615 499 670 qua:
544 612 666 654 sunt
713 595 996 667 corporis,
1050 596 1421 665 concupiscis:
1470 596 1520 649 in
1572 595 1715 673 illius

131 691 537 748 adulescentula:
565 706 751 745 amore
779 697 832 745 te
863 688 991 745 mihi
1015 688 1305 744 vendidisti
1330 688 1567 749 :inillius
1586 705 1717 742 con-

130 785 302 839 cubitu
336 783 636 839 meretricis
666 782 894 853 pretium
949 796 1045 851 pro
1092 791 1142 835 te
1200 781 1569 836 annumerari.
1608 780 1714 836 Ve-

133 876 208 931 nit
236 877 481 942 avaritia,
509 888 563 932 et
589 876 758 931 dicit:
790 874 1088 946 Argentum
1114 882 1169 928 et
1196 889 1386 928 aurum
1431 871 1577 945 quod
1622 872 1718 927 ba-

129 970 241 1035 bes,
271 971 551 1025 servitutis
581 977 687 1022 tua:
718 973 955 1039 pretium
987 974 1108 1022 est:
1145 966 1419 1034 possessio
1446 981 1604 1037 quam
1639 975 1718 1020 te-

127 1080 240 1129 nes,
271 1064 408 1134 juris
459 1064 531 1118 tui
567 1064 813 1142 emptio,
862 1060 1103 1116 venditio
1155 1060 1420 1114 libertatis
1463 1070 1565 1113 tuae
1608 1066 1712 1114 est.

129 1157 281 1212 Venit
296 1156 528 1223 luxuria,
546 1167 600 1211 et
622 1156 781 1211 dicit:
797 1154 943 1209 Meus
972 1170 1031 1208 es
1047 1170 1061 1218 ;
1080 1154 1236 1209 unius
1257 1153 1362 1208 diei
1385 1152 1712 1219 convivium,

126 1250 351 1321 pretium
371 1262 474 1307 tua:
502 1249 625 1303 vita:
648 1260 761 1303 est:
792 1248 884 1302 ille
912 1257 1159 1317 sumptus
1181 1246 1464 1315 epularum
1488 1288 1503 1310 ,
1527 1246 1601 1300 tui
1629 1261 1713 1299 ca-

126 1345 251 1415 pitis
282 1322 543 1411 licitatio,
587 1341 660 1395 tui
688 1350 771 1395 est
810 1356 1020 1394 summa
1068 1348 1401 1393 contractus.
1461 1338 1525 1391 Et
1570 1337 1716 1407 quod

126 1434 282 1504 pejus
306 1441 411 1500 est,
440 1448 567 1487 caro
591 1443 807 1502 emptus
836 1446 895 1486 es
929 1433 1123 1500 pretio,
1153 1430 1311 1484 vilior
1334 1428 1456 1483 cibo
1481 1444 1539 1484 es
1583 1438 1674 1484 tuo
1699 1448 1714 1487 :

128 1525 413 1597 pretiOsior
444 1533 527 1580 est
548 1525 705 1579 unius
734 1523 837 1577 diei
862 1537 1047 1577 mensa
1077 1533 1187 1586 tua,
1210 1537 1369 1592 quam
1394 1523 1558 1576 totius
1582 1532 1709 1578 tem-

125 1624 271 1697 poris
304 1622 441 1678 vita:
478 1622 619 1676 inter
648 1622 844 1677 calices
872 1630 924 1677 te
962 1622 1163 1676 redemi
1190 1662 1206 1688 ,
1242 1623 1380 1674 inter
1411 1622 1599 1691 epulas
1628 1637 1719 1678 ac-

124 1718 341 1788 quisivi.
379 1717 804 1783 Venitambitio,
838 1727 893 1772 et
918 1716 1049 1773 dicit
1073 1717 1200 1775 tibi:
1232 1716 1399 1772 Plane
1430 1732 1582 1771 mens
1631 1731 1712 1772 es.

124 1809 314 1865 Nescis
337 1811 479 1881 quod
510 1808 636 1865 ideo
662 1812 928 1882 imperare
960 1810 1083 1867 aliis
1108 1820 1158 1865 te
1198 1810 1320 1875 feci,
1354 1820 1413 1865 ut
1439 1810 1569 1865 mihi
1602 1810 1718 1880 ipse

123 1905 401 1961 servires?
432 1904 621 1960 Nescis
648 1905 792 1975 quod
826 1904 947 1961 ideo
979 1915 1301 1976 potestatem
1327 1906 1378 1960 in
1406 1917 1457 1960 te
1486 1905 1714 1975 contuli,
1747 1911 1795 1972 Β

123 2012 181 2056 ιιι
204 2018 336 2057 mere
361 2013 413 2057 te
441 2003 764 2072 subjicerem
793 2004 1043 2072 potestati
1066 2002 1089 2056 ?
1113 2002 1195 2056 Au
1221 2003 1439 2071 ignoras
1465 2001 1568 2071 ipsi
1615 2002 1720 2056 Do-

121 2096 270 2151 mino
299 2095 552 2151 salvatori
579 2095 781 2151 dictum
809 2110 933 2151 esse
957 2096 1024 2148 ab
1055 2095 1213 2166 hujus
1242 2094 1424 2149 mundi
1454 2096 1718 2165 principe,

119 2206 245 2245 cum
297 2190 350 2246 ei
389 2190 721 2247 ostendisset
746 2190 927 2244 omnia
955 2204 1117 2263 regna
1144 2189 1325 2244 mundi
1349 2207 1363 2242 :
1392 2187 1521 2243 Hcce
1548 2191 1723 2244 omnia

117 2282 212 2338 tibi
240 2280 395 2347 dabo,
448 2282 494 2341 si
534 2280 807 2355 procidens
835 2282 1136 2336 adoraveris
1163 2297 1243 2336 me
1264 2279 1478 2355 (Matth.
1507 2298 1582 2347 tv,
1614 2283 1673 2348 9)
1699 2282 1723 2337 ’ἔ

118 2377 264 2430 Ante
320 2390 448 2447 ergo
498 2376 614 2444 ipse
665 2374 978 2445 subjicitur,
1036 2375 1127 2445 qui
1173 2376 1311 2430 alios
1358 2375 1470 2429 vult
1523 2374 1722 2431 habere

118 2466 417 2536 subjectos.
450 2465 687 2523 Veniunt
706 2468 889 2521 omnia
927 2467 1055 2521 vitia
1084 2509 1097 2530 ,
1129 2476 1184 2523 et
1232 2466 1444 2537 singula
1497 2466 1720 2523 dicunt:

118 2562 274 2616 Meus
304 2578 386 2617 es.
417 2562 593 2628 Quem
624 2562 759 2615 tanti
791 2570 1128 2637 competunt,
1159 2576 1322 2632 quam
1366 2562 1473 2616 vile
1520 2562 1725 2616 manci-

121 2656 271 2725 pium
304 2654 423 2709 cst!
453 2653 736 2720 Quomodo
762 2670 893 2724 ergo
926 2664 978 2708 tu
1006 2656 1095 2724 qui
1130 2653 1441 2722 hujusmodi
1462 2670 1543 2721 es,
1573 2663 1725 2724 potes

122 2748 344 2803 Christo
389 2748 608 2804 dicere:
640 2749 788 2804 Tuus
844 2750 1011 2804 sum?
1068 2749 1433 2821 Respondebit
1469 2751 1561 2806 tibi
1594 2752 1721 2807 ille:

126 2840 177 2895 Ν
186 2859 254 2896 οη
281 2842 586 2912 quicumque
607 2843 732 2897 dicit
748 2843 897 2908 milii,
927 2840 1147 2897 Domine
1165 2886 1180 2910 ,
1240 2842 1484 2912 Domine,
1506 2845 1722 2900 intrabit

123 2936 183 2993 in
215 2950 432 3007 regnum
455 2936 697 2990 calorum
724 2934 938 3008 (Matth.
974 2952 1066 3002 vn,
1092 2937 1187 3009 21)
1213 2956 1226 2992 ;
1252 2953 1360 2995 ιιοη
1398 2940 1727 3011 quicumque

125 3032 262 3086 dicit
288 3032 452 3088 mihi:
483 3032 629 3087 Tuus
649 3047 766 3089 sum
790 3074 805 3100 ,
837 3047 994 3087 meus
1019 3042 1120 3088 cst.

208 3129 258 3181 Α.
291 3125 443 3191 Meus
471 3126 628 3197 plane
645 3142 728 3193 es,
748 3128 791 3181 si
810 3142 997 3185 vocem
1014 3145 1117 3183 non
1140 3130 1423 3200 redarguat
1445 3129 1727 3191 conscien-

124 3219 229 3284 tia,
264 3220 309 3272 si
338 3234 646 3275 sermonem
682 3228 831 3277 tuum
862 3220 1076 3277 animus
1105 3232 1197 3277 aut
1226 3237 1389 3293 Opera
1418 3236 1524 3276 non
1574 3219 1723 3281 refu-

1826 599 2134 656 Periculum
2169 603 2352 675 itaque
2399 615 2481 658 est
2530 622 2639 665 non
2667 608 2842 665 solum
2874 610 3006 669 falsa
3047 611 3269 685 dicere,
3315 614 3416 677 sed

1820 694 1983 746 etiam
2016 709 2165 759 vera,
2220 696 2264 750 si
2288 696 2408 767 quis
2436 712 2503 753 ea
2532 697 2773 757 insinuet
2799 701 2994 771 quibus
3036 719 3144 765 non
3178 715 3418 777 oportet.

1819 781 1971 851 Quod
2006 785 2191 839 vitium
2223 788 2677 858 quadripartitum
2705 799 2808 857 est,
2839 794 2929 849 vel
2956 794 3305 865 adulationis,
3330 801 3418 865 vel

1818 875 2061 929 avaritia:
2088 918 2102 943 ,
2151 880 2233 932 vel
2274 878 2557 949 jactantir
2585 924 2600 949 ,
2655 884 2739 938 vel
2770 885 3113 955 loquacitatis
3145 889 3415 957 incautas;

1820 968 1939 1038 quia
1968 967 2095 1023 dum
2124 969 2336 1025 adulari
2369 973 2482 1027 vult
2509 975 2726 1047 aliquis,
2754 977 2802 1032 ei
2834 979 2921 1034 cui
2954 979 3217 1058 loquitur,
3241 982 3416 1053 ell'utt-

1821 1060 1899 1112 dit
1923 1060 2239 1132 mysterium
2269 1080 2281 1117 :
2326 1065 2576 1120 nonnulii
2604 1066 2770 1125 etiam
2794 1070 2975 1125 studio
3006 1072 3165 1138 lucri,
3204 1090 3417 1143 merce-

1821 1152 1942 1207 dem
1963 1154 2285 1225 proditionis
2313 1169 2651 1229 sequuntur,
2685 1173 2744 1219 ut
2772 1164 3004 1233 tegenda
3036 1167 3256 1241 silentio
3284 1186 3418 1226 vcn-

1820 1246 1952 1302 dant
1978 1247 2287 1317 loquendo:
2320 1251 2413 1307 alii
2448 1261 2504 1307 ut
2528 1254 2679 1323 plura
2728 1271 2957 1314 noscere
3004 1261 3295 1319 videantur
3317 1307 3333 1330 ,
3365 1274 3424 1325 et

1820 1340 2101 1395 scientiam
2154 1357 2304 1397 suam
2327 1343 2577 1413 jactitent
2600 1388 2615 1411 ,
2650 1348 2898 1419 aperiunt
2942 1355 3087 1423 quod
3112 1357 3295 1413 celare
3327 1358 3421 1427 de-

1821 1434 2042 1490 berent:
2078 1436 2322 1508 plerique
2340 1438 2468 1493 dttut
2493 1441 2832 1513 sincjudicio
2851 1446 3168 1517 loquuntur,
3190 1454 3418 1511 verbum

1820 1528 2075 1583 emittunt
2105 1531 2247 1600 quod
2294 1546 2556 1593 revocare
2604 1552 2709 1589 nou
2747 1550 2989 1607 possunt.
3036 1541 3163 1598 Ideo
3190 1544 3271 1603 vir
3301 1547 3421 1602 lau-

1822 1618 1979 1677 datur
2005 1623 2201 1689 scrius,
2233 1632 2284 1677 et
2310 1621 2433 1678 'non
2461 1627 2688 1683 otiosus.
2725 1628 2854 1686 Erat
2886 1632 3047 1688 homo
3075 1636 3423 1694 abscondens

1822 1728 2104 1769 sermones
2133 1730 2280 1780 suos,
2315 1727 2374 1771 ut
2402 1720 2679 1788 apostolus
2708 1720 2906 1776 Paulus
2931 1766 2945 1788 ,
2995 1725 3088 1795 qui
3120 1731 3270 1782 novit
3293 1729 3423 1801 quid

1823 1806 2076 1877 loquatur
2102 1806 2349 1876 singulis,
2389 1818 2444 1864 et
2473 1810 2690 1879 quando
2714 1812 2843 1881 quid
2878 1815 3023 1884 loqui
3056 1816 3276 1879 debeat.

1900 1899 1952 1952 6.
1988 1898 2172 1971 (Vers.
2205 1900 2285 1974 5.)
2329 1900 2663 1974 Beneplacita
2694 1924 2765 1973 es,
2813 1924 2962 1963 soror
2990 1926 3106 1966 mea
3127 1954 3140 1976 ,
3189 1914 3425 1985 speciosa

1824 1992 1956 2045 sicut
1990 1991 2352 2063 Hierusalem,
2408 1996 2687 2052 admiratio
2726 1999 2860 2055 sicut
2890 2002 3153 2058 ordinata.
3208 2004 3422 2069 Veritas

1825 2086 2026 2151 amoris
2056 2103 2121 2140 ex
2152 2088 2235 2140 sui
2265 2090 2624 2158 perpetuitate
2644 2092 2923 2160 probatur.
2949 2092 2977 2131 b
3007 2095 3284 2155 Laudatur
3318 2098 3425 2169 ita-

1824 2195 1928 2250 que
1960 2180 2169 2250 Sponsa
2197 2198 2225 2236 a
2250 2182 2490 2255 Sponso,
2521 2187 2661 2254 quod
2698 2196 2803 2243 tatu
2858 2190 2995 2244 bene
3025 2198 3082 2247 et
3109 2201 3428 2259 constanter

1825 2275 2141 2343 requisierit
2196 2290 2342 2329 eum.
2394 2278 2633 2349 Ideoque
2659 2280 2770 2351 jam
2806 2298 2915 2338 non
2944 2285 3122 2340 solum
3150 2302 3297 2342 soror
3345 2286 3428 2345 di-

1824 2365 2004 2431 citur,
2052 2365 2148 2421 sed
2200 2368 2359 2422 etiam
2406 2371 2723 2442 beneplacita
2774 2376 3129 2447 nominatur,
3181 2381 3333 2453 quasi
3376 2382 3428 2445 ei

1825 2458 2193 2528 complacita;
2248 2461 2374 2531 quia
2435 2466 2771 2534 complacuit
2821 2468 3005 2531 Patri:
3039 2482 3134 2539 et,
3189 2474 3424 2544 speciosa

1827 2550 1961 2603 sicut
1990 2549 2340 2619 Hierusalem,
2372 2554 2648 2609 admiratio
2673 2559 2810 2613 sicut
2856 2561 3096 2619 ordinata
3124 2578 3143 2631 ;
3173 2565 3318 2635 quod
3351 2565 3429 2622 ci-

1830 2644 2012 2698 vitalis
2039 2654 2260 2699 :elerum
2284 2648 2539 2703 universa
2567 2650 2760 2704 habeat
2786 2656 3044 2720 mysteria
3069 2674 3083 2710 :
3111 2667 3164 2711 et
3191 2657 3426 2717 admira-

1832 2737 1966 2791 tioni
1990 2737 2062 2791 sit
2083 2737 2335 2792 omnibus
2359 2741 2671 2797 videntibus
2693 2748 2972 2817 eam;quia
2996 2749 3153 2819 plena
3179 2761 3236 2806 ut
3257 2753 3418 2826 requie

1832 2838 1934 2896 tas,
1964 2842 2125 2902 atque
2151 2831 2386 2902 perfecta
2412 2848 2530 2888 est:
2561 2843 2617 2889 et
2648 2838 2908 2913 fulgorem
2935 2840 3001 2899 de
3029 2841 3192 2903 Verbi
3218 2844 3427 2915 lumine

1831 2931 2095 2987 mutuata,
2155 2927 2283 2978 dum
2320 2927 2367 2980 id
2397 2942 2614 2998 semper
2638 2930 2897 2999 intendit,
2925 2934 2993 2999 sit
3014 2936 3176 2991 etiam
3212 2939 3429 2997 terribi-

1831 3014 1898 3068 lis
1938 3015 2133 3071 ordiue
2171 3018 2408 3087 quodam
2442 3020 2507 3073 ad
2535 3035 2807 3083 sumntum
2842 3036 3101 3095 provecta
3137 3030 3428 3105 virtutum.

1902 3108 1954 3161 7.
1994 3118 2016 3146 ο
2046 3108 2360 3175 Puto/trees,
2386 3111 2581 3182 inquit,
2613 3115 2782 3168 amica
2806 3134 2938 3187 mea,
2966 3121 3136 3175 suavis
3158 3132 3202 3176 et
3216 3122 3427 3193 decora,

1830 3210 1936 3257 etc.
1965 3202 2031 3257 Et
2060 3220 2183 3258 vera
2218 3205 2442 3274 pulchra
2472 3249 2486 3273 ,
2520 3224 2643 3279 qua:
2672 3210 2902 3268 intendit
2954 3215 3005 3269 in
3053 3216 3202 3272 illutn
3227 3217 3295 3274 de
3323 3234 3430 3289 quo

125 3323 265 3371 ιθηι.
300 3314 410 3385 Eg”
440 3330 548 3371 mm
578 3329 717 3385 "ego
747 3330 926 3370 meum
955 3332 1076 3371 ὧδε
1103 3332 1225 3371 eum
1266 3321 1355 3388 qui
1380 3317 1499 3386 ipse
1526 3331 1589 3371 se
1616 3332 1722 3370 ηοη
1751 3297 1797 3361 C
1830 3294 2052 3388 dicitur:
2071 3294 2348 3366 Speciosus
2364 3303 2533 3371 [arma
2551 3302 2796 3372 prae/iliis
2812 3305 3074 3363 hominum
3094 3307 3429 3382 (PsaLlle,

122 3416 330 3477 neget,
383 3416 475 3460 aut
504 3413 654 3463 certe
708 3408 752 3461 si
799 3423 899 3477 pro
943 3425 1028 3462 me
1057 3410 1294 3479 seipsum
1340 3409 1441 3463 sibi
1467 3410 1718 3480 abneget.

117 3497 266 3553 Nolo
296 3498 497 3554 habere
524 3500 802 3559 servulum
833 3500 1079 3570 plurimis
1109 3502 1344 3557 dominis
1365 3500 1720 3557 servientem.

116 3594 260 3649 Nam
286 3594 564 3665 quomodo
587 3610 739 3651 meus
767 3603 873 3661 est,
905 3596 950 3652 si
976 3597 1107 3651 mihi
1140 3598 1285 3653 dicat
1317 3598 1485 3653 verbo
1512 3616 1524 3653 :
1575 3597 1725 3655 Tuus

118 3702 248 3740 sum
280 3702 295 3752 ;
327 3697 379 3742 et
408 3687 669 3757 operibus
700 3698 875 3757 neget,
907 3696 962 3742 et
998 3689 1152 3743 factis
1173 3704 1233 3745 se
1258 3690 1476 3745 diabolo
1515 3690 1725 3761 adjudi~

116 3792 212 3839 cet
238 3793 297 3838 et
317 3782 657 3854 obstringat?
686 3782 805 3839 Non
831 3792 917 3838 est
943 3800 1096 3840 meus
1121 3801 1283 3855 quem
1305 3785 1474 3840 libido
1494 3802 1723 3840 succcn-

115 3878 226 3941 dit,
261 3877 385 3947 quia
414 3891 534 3932 mea
556 3886 641 3937 est
676 3878 899 3932 castitas
928 3896 942 3932 :
977 3894 1086 3937 non
1113 3889 1195 3933 est
1224 3894 1378 3935 meus
1405 3895 1564 3949 quem
1593 3896 1724 3935 cura

115 3974 404 4045 spoliandi
436 3976 675 4030 minores
725 3976 965 4045 eXagitat
994 4017 1010 4041 ,
1054 3976 1181 4045 quia
1212 3992 1332 4033 mea
1358 3977 1574 4047 largitio
1600 3987 1684 4032 est
1710 3994 1723 4031 :

118 4084 238 4123 non
263 4079 346 4123 est
370 4083 548 4133 meus,
571 4083 733 4135 quem
763 4083 890 4123 aura
911 4069 1226 4124 mobilitatis
1250 4071 1550 4139 inquietat,
1600 4072 1725 4139 quia

120 4161 492 4229 tranquillitas
515 4176 630 4217 mea
663 4170 766 4215 est.
802 4160 915 4217 Non
955 4170 1041 4217 est
1072 4177 1226 4217 meus
1255 4161 1366 4217 vini
1396 4164 1616 4232 crapula
1648 4171 1726 4218 te-

122 4254 429 4319 ninlentus,
465 4254 652 4309 illuvie
680 4253 994 4309 ambitionis
1019 4255 1265 4322 impurus
1290 4294 1307 4320 ,
1336 4254 1526 4324 gloriae
1557 4270 1729 4310 saccu-

122 4350 262 4403 laris
312 4347 572 4416 cupidus,
619 4346 799 4401 ebrius
824 4347 878 4401 in
910 4346 1210 4417 periculum
1237 4388 1252 4413 ,
1285 4347 1376 4417 qui
1408 4363 1515 4405 non
1549 4355 1729 4417 pOtest

117 4441 329 4497 sobriae
345 4440 735 4495 moderationis
760 4455 981 4499 servare
1002 4441 1304 4510 vestigium.
1332 4439 1440 4495 Pax
1462 4454 1580 4494 sum
1603 4455 1724 4511 ego,

118 4536 345 4604 litigare
374 4550 482 4589 non
514 4535 669 4589 novi:
722 4542 782 4589 ut
822 4533 948 4603 quid
977 4535 1110 4589 mihi
1138 4550 1263 4591 eum
1295 4534 1365 4589 de
1396 4550 1502 4602 quo
1550 4534 1730 4590 veniat

117 4629 383 4693 diabolus
409 4638 465 4685 et
488 4628 659 4685 dicat;
690 4628 838 4686 Meus
868 4637 988 4695 est;
1024 4644 1147 4683 nam
1177 4627 1306 4683 mihi
1335 4644 1431 4683 sua
1449 4629 1589 4687 colla
1604 4646 1728 4683 cur-

1831 3386 1908 3460 5).
1936 3387 2092 3443 Unde
2117 3399 2172 3443 et
2195 3406 2293 3444 nos
2320 3393 2668 3449 intendamus
2695 3409 2957 3466 quantum
2992 3417 3283 3472 possumus
3314 3407 3431 3471 ani-

1830 3497 1973 3534 mum
1996 3482 2049 3534 in
2080 3482 2203 3549 illo,
2232 3492 2286 3538 et
2314 3483 2368 3538 in
2400 3485 2492 3538 illo
2523 3485 2714 3542 simus.
2741 3489 2875 3545 Illud
2914 3495 3096 3549 animo
3123 3503 3428 3564 teneamus.

1828 3576 1969 3645 qttod
1994 3587 2078 3631 est
2109 3578 2421 3647 pulchrum,
2454 3580 2738 3651 decorum,
2766 3583 2997 3654 bonum;
3031 3598 3088 3649 ut
3114 3594 3205 3645 liat
3226 3591 3430 3650 illumi-

1786 3672 1787 3675 “
1829 3672 2049 3725 natione
2097 3670 2214 3740 ejus
2241 3680 2296 3728 et
2347 3673 2555 3745 fulgore
2597 3678 2845 3748 speciosa
2884 3682 3064 3736 anima
3097 3696 3322 3752 nos1ra,
3372 3693 3429 3745 et

1829 3780 1985 3819 mens
2015 3765 2273 3819 dilucida.
2316 3765 2448 3819 Nam
2470 3767 2515 3821 si
2537 3771 2680 3823 oculi
2711 3772 2881 3826 nostri
2906 3764 3027 3828 cum
3055 3775 3230 3842 aliqua
3256 3776 3429 3835 obdu-

1830 3870 2026 3915 cuntur
2053 3861 2283 3931 caligine
2309 3902 2324 3924 ,
2376 3875 2672 3931 pascuntur
2701 3879 2958 3935 agrorum
3002 3869 3277 3925 viriditate
3302 3911 3316 3934 ,
3374 3881 3430 3933 et

1832 3954 2012 4022 Specie
2048 3954 2290 4006 nemoris
2328 3955 2408 4009 vel
2440 3955 2600 4008 collis
2630 3958 2869 4013 umbrosi
2902 3976 3120 4015 omnem
3146 3962 3427 4034 ina'quali-

1832 4053 2002 4100 tatem
2036 4046 2387 4114 :egrescentis
2416 4048 2638 4100 obtutus
2672 4050 2962 4118 repellunt,
2988 4060 3044 4107 et
3067 4053 3299 4123 quadam
3343 4071 3431 4115 sa-

1835 4137 1973 4190 lubri
2001 4139 2183 4208 specie
2204 4138 2419 4208 pupilla:
2452 4141 2582 4209 ipsae
2602 4152 2763 4214 atque
2793 4145 2959 4205 orbes
2988 4148 3221 4203 colorari
3242 4148 3433 4207 viden-

1836 4243 1949 4285 tur:
1986 4240 2188 4300 quauto
2241 4232 2412 4302 magis
2462 4233 2549 4288 hic
2601 4234 2800 4289 mentis
2845 4239 3071 4305 oculus,
3125 4255 3249 4296 cum
3297 4242 3429 4298 illud

1834 4340 2105 4378 summum
2140 4325 2380 4380 intuetur
2405 4326 2631 4395 bonum,
2664 4338 2718 4384 et
2738 4330 2793 4385 in
2824 4346 2891 4387 eo
2922 4342 3173 4390 versatur
3197 4378 3212 4403 ,
3269 4347 3431 4410 atque

1832 4434 1899 4473 eo
1950 4419 2209 4487 pascitur,
2242 4419 2570 4490 splendescit
2615 4431 2776 4494 atque
2808 4428 2995 4482 enitet.
3044 4426 3330 4487 dPulchra
3377 4444 3432 4489 ut

1836 4511 2177 4568 Hierusalem.
2223 4513 2339 4568 Non
2362 4516 2551 4571 caduci
2582 4517 2764 4590 itaque
2791 4520 2896 4576 ista
2916 4533 3000 4577 est
3025 4526 3271 4596 corporis
3307 4526 3429 4598 pul-

1831 4606 2107 4673 chritudo,
2129 4608 2214 4662 vel
2237 4609 2426 4665 morbo
2449 4611 2687 4680 peritura
2716 4615 2799 4668 vel
2820 4616 2992 4681 senio,
3022 4618 3117 4673 sed
3147 4620 3305 4677 nullis
3333 4621 3432 4679 0b-

116 4725 276 4778 vavit
297 4766 313 4791 ,
343 4739 459 4780 mea
493 4725 546 4778 in
577 4721 670 4777 illo
703 4724 853 4792 plura
883 4723 1137 4792 reperio:
1191 4738 1388 4776 nomen
1421 4722 1525 4778 sibi
1573 4731 1721 4778 tuum

1834 4698 1992 4752 noxia
2017 4699 2256 4765 casibus,
2283 4701 2527 4771 opinioni
2553 4702 2820 4759 bonorum
2853 4723 3142 4789 numquam
3165 4713 3430 4777 moritura

116 4817 391 4883 vindicat,
433 4827 485 4871 et
516 4831 696 4873 meum
732 4832 948 4883 munus.
983 4814 1100 4871 Non
1131 4825 1215 4869 est
1243 4830 1372 4883 ergo
1395 4815 1621 4880 Christi,
1648 4816 1729 4867 ni-

117 4911 168 4971 si
204 4911 297 4978 qui
329 4918 416 4969 est
442 4909 650 4967 alienus
677 4925 705 4963 a
752 4910 1020 4965 crimine:
1066 4925 1174 4965 non
1218 4919 1302 4964 est
1328 4908 1530 4964 Christi
1559 4952 1573 4975 ,
1624 4911 1727 4967 nisi

115 5002 219 5074 qui
252 5010 431 5073 potest
456 5017 670 5071 semper
691 5017 751 5059 se
781 5002 985 5058 Christi
1021 5002 1294 5057 servulum
1327 5002 1723 5058 demonstrare.

198 5096 261 5153 5.
307 5104 333 5132 ⁸
381 5094 494 5167 Ego
523 5094 709 5149 dilecto
744 5112 888 5161 meo,
936 5106 984 5153 et
1030 5096 1248 5151 dilectus
1270 5113 1415 5153 meus
1439 5097 1567 5149 mihi
1589 5138 1607 5164 ,
1639 5098 1729 5165 qui

117 5188 364 5260 pascitur
391 5187 526 5241 inter
570 5186 704 5249 lilia.
756 5185 981 5243 Videtur
1021 5187 1166 5243 inter
1206 5188 1402 5245 dilecta
1432 5188 1617 5247 dilecti
1645 5188 1729 5242 di-

113 5296 294 5338 cere:
342 5279 609 5334 Secretum
640 5294 809 5333 meum
859 5280 985 5333 mihi
1011 5322 1025 5345 ,
1071 5292 1323 5336 secretum
1373 5297 1540 5335 meum
1583 5281 1731 5336 mihi.

111 5375 390 5447 Quaedam
422 5373 568 5429 enim
597 5375 648 5428 in
682 5374 880 5428 exstasi
902 5376 1105 5429 amoris
1128 5376 1211 5433 sui
1245 5377 1455 5432 occulta
1499 5377 1624 5432 lidei
1656 5378 1736 5432 in-

121 5469 427 5541 tellegerat
464 5466 725 5538 mysteria
750 5507 765 5532 ,
788 5481 907 5535 qua:
936 5482 1038 5521 nec
1087 5468 1218 5537 ipsis
1247 5470 1458 5524 ﬁliabus
1485 5468 1742 5524 Hierusa-

131 5566 254 5627 lem
290 5560 625 5632 propalanda
664 5560 943 5616 censebat.
995 5559 1303 5631 Hysterium
1359 5562 1572 5634 1606
1608 5564 1745 5637 regis

135 5662 346 5713 bonum
372 5664 451 5709 est
476 5655 826 5721 abscondere;
849 5665 1035 5725 peccat
1058 5652 1203 5711 enim
1233 5655 1362 5723 Deo,
1382 5656 1475 5728 qui
1492 5660 1745 5713 commis-

224 5831 252 5859 ⁸
294 5821 350 5877 1η
375 5821 508 5890 psal.
537 5836 721 5884 cxvtu,
748 5834 914 5877 serm.
939 5818 995 5873 Ξ.

235 5892 265 5931 δ
305 5888 429 5949 Lib.
459 5893 526 5947 de
557 5893 728 5958 Isaac,
750 5907 797 5947 c.
828 5893 885 5958 7,
919 5904 1065 5944 num.
1100 5888 1243 5962 57.3

216 5977 242 6005 ο
298 5965 469 6039 Epist.
498 5965 563 6020 ad
590 5963 877 6024 Irenaeum.

1832 4794 2151 4848 meritorum
2180 4811 2194 4860 ;
2226 4796 2478 4866 quoniam
2502 4813 2609 4851 non
2642 4798 2892 4859 humanis
2906 4801 3039 4871 jam,
3070 4806 3166 4861 sed
3196 4808 3435 4869 caelesti-

1836 4886 2196 4955 bus,quorntn
2214 4888 2374 4941 vitam
2397 4889 2529 4942 vivit
2552 4887 2605 4942 in
2631 4892 2982 4963 terris,digna
2996 4904 3080 4951 est
3101 4900 3427 4967 comparari.

1838 4980 2071 5049 Ideoque
2103 4979 2347 5049 Sponsus
2387 4980 2614 5050 Sponsa:
2634 4983 2743 5052 jam
2773 4986 2925 5056 quasi
2953 4990 3234 5058 perl'ectre,
3262 4990 3428 5051 dicit:

1906 5080 1957 5131 8.
1992 5075 2172 5141 (Vers.
2204 5072 2289 5146 4.)
2322 5086 2343 5111 θ
2374 5075 2556 5131 Averte
2600 5082 2777 5134 oculos
2821 5091 2937 5135 tuos
2965 5099 2997 5135 a
3023 5099 3139 5151 me,
3188 5088 3309 5157 quia
3351 5104 3433 5151 me

1834 5170 2038 5225 evolare
2067 5172 2317 5240 fecerunt.
2343 5168 2460 5223 Noli
2484 5182 2675 5227 contra
2708 5187 2795 5227 me
2836 5172 3118 5241 intendere
3142 5177 3433 5237 devotione

1840 5267 2006 5322 nimia
2055 5265 2265 5321 aciide.
2296 5265 2717 5322 POSsibilitatcm
2760 5277 2967 5333 natura:
2995 5281 3049 5325 et
3106 5274 3437 5330 conditionis

1844 5361 2077 5432 propria:
2108 5376 2459 5433 supergressa
2491 5376 2579 5428 es,
2630 5364 2752 5432 quia
2784 5364 2957 5420 lucem
3006 5366 3438 5424 inaccessibilem

1845 5473 1875 5512 e
1908 5458 2131 5527 regione
2159 5456 2356 5512 intueri
2399 5466 2479 5512 est
2508 5472 2696 5528 grave.
2737 5458 2920 5514 Averte
2945 5498 2959 5520 .
3008 5459 3217 5528 inquit,
3266 5461 3443 5519 oculos

1848 5570 1964 5615 tuos
2014 5578 2046 5615 a
2075 5576 2154 5612 me
2177 5577 2196 5615 ;
2236 5574 2303 5613 eo
2350 5560 2494 5630 quod
2543 5560 2933 5630 plenitudinem
2964 5557 3261 5615 divinitatis
3288 5556 3405 5629 ejus
3425 5597 3442 5623 ,

1852 5665 1908 5714 et
1935 5654 2281 5727 splendorem
2315 5652 2427 5708 veri
2460 5652 2682 5709 luminis
2712 5653 2982 5711 sustinere
3007 5665 3114 5706 non
3143 5650 3333 5720 possit.

1926 5814 1952 5854 ά
1996 5817 2111 5873 ιιι).
2146 5832 2161 5870 ι
2187 5816 2254 5887 de
2280 5814 2454 5887 Virg.,
2479 5816 2670 5885 cap.8,
2694 5831 2846 5887 num.
2876 5815 2965 5868 47.

1933 5898 1955 5925 θ
1996 5889 2113 5943 Lib.
2144 5888 2212 5947 de
2238 5885 2407 5953 Isaac,
2441 5903 2489 5942 c.
2523 5888 2575 5953 ‘7,
2598 5901 2747 5957 num.
2783 5885 2869 5953 57.
