4148 6362
579 319 724 376 1945

1575 316 2131 373 COMMENTARIUS
2172 316 2236 373 IN
2276 314 2579 373 CANTICA
2621 315 2896 374 CANTIC.

3709 322 3823 381 19H

649 433 703 489 9.
735 432 1035 489 Possumus
1058 442 1238 489 tamen
1271 447 1328 490 et
1356 436 1436 489 sic
1475 435 1761 506 accipere:
1794 436 1975 490 Averte
2004 434 2185 489 oculos
2213 436 2266 498 Α
2289 448 2420 504 ergo
2465 433 2799 506 speeiositati
2848 436 3141 501 sterilitas;
3200 437 3452 509 quoniam
3499 440 3580 510 qui
3618 440 3825 511 privatur

584 536 700 581 tuos
728 542 761 579 a
790 541 869 581 me
894 542 909 592 ;
939 526 1041 580 etsi
1070 534 1128 581 tu
1178 525 1414 597 perfecta
1444 543 1504 583 es
1531 569 1545 590 ,
1581 529 1700 582 aliae
1734 528 1863 582 mihi
1894 527 2070 583 adhuc
2101 543 2185 583 re-

581 616 855 674 dimendte
873 627 997 673 sunt
1023 618 1363 685 animm,ali:c.
1388 618 1696 677 fulciendm.
1722 622 1911 677 Elevas
1934 624 2076 677 enim
2102 638 2187 678 mc

578 710 813 766 videndo
838 730 851 765 :
881 726 982 783 ego
999 720 1180 768 autem
1203 712 1323 770 ideo
1342 714 1620 781 descendi,
1645 725 1702 770 ut
1718 730 1906 770 omnes
1955 715 2182 772 elevem.

579 801 697 859 Etsi
729 806 962 871 surrexi,
994 813 1050 860 et
1080 806 1252 861 habeo
1283 807 1458 862 Patris
1505 808 1686 863 sedem
1714 851 1729 875 ,
1761 818 1939 864 tamen
1985 808 2185 880 orpha-

580 911 683 951 nos
714 911 821 951 non
847 897 1144 968 relinquam
1167 914 1263 954 vos
1286 940 1300 965 ,
1328 910 1552 970 paterno
1579 903 1731 969 quasi
1760 901 2017 973 praesidio
2063 902 2188 957 des-

580 990 773 1045 titutos
797 1032 812 1055 ,
864 991 956 1044 sed
1007 994 1294 1059 praesentia
1325 1008 1442 1049 mea
1474 1010 1570 1049 vos
1620 995 1976 1049 cunlirmabo.
2008 995 2186 1051 Habes

587 1084 641 1138 in
691 1083 978 1154 Evangelia
1011 1086 1112 1141 hoc
1141 1088 1400 1158 scriptum
1427 1105 1439 1143 :
1494 1087 1627 1144 Ecce
1652 1106 1744 1159 ego
1783 1091 2041 1145 vobiscum
2073 1107 2184 1145 sum

579 1191 744 1246 usque
792 1177 860 1230 ad
887 1182 1385 1235 consummationem
1414 1182 1595 1236 mundi
1620 1182 1835 1253 (Matth.
1872 1181 2182 1255 XXt'Ill,20).

582 1273 787 1329 Avertc
818 1287 948 1341 ergo
977 1274 1162 1329 oculos
1193 1291 1221 1327 a
1255 1290 1341 1329 me
1364 1319 1379 1343 ,
1428 1276 1550 1347 quia
1594 1291 1680 1331 me
1721 1277 1919 1331 elevas.
1973 1276 2186 1345 Quanto

587 1366 734 1421 enim
766 1366 885 1436 quis
913 1366 977 1421 ad
1011 1367 1296 1423 Dominum
1353 1368 1607 1435 intendit,
1638 1379 1786 1423 tanto
1808 1370 2037 1440 amplius
2084 1371 2188 1426 Do—

586 1462 796 1516 minum
845 1462 1019 1517 elevat
1050 1504 1065 1528 ,
1098 1473 1154 1519 et
1184 1463 1300 1533 ipse
1342 1464 1600 1519 elevatur.
1637 1463 1789 1519 Unde
1839 1474 1892 1519 et
1937 1464 2029 1519 ille
2070 1452 2183 1519 ait“:

579 1552 843 1608 Exultabo
892 1563 960 1617 te,
988 1553 1208 1609 Domine
1228 1599 1242 1621 ,
1275 1549 1522 1627 queuiam
1550 1558 1819 1626 suscepisti
1848 1574 1925 1611 me
1956 1556 2182 1631 (Psalm.

581 1662 733 1714 xxix,
768 1648 843 1719 l).
877 1647 1111 1704 Sanctus
1157 1652 1298 1703 enim
1332 1649 1533 1704 exaltat
1567 1650 1853 1705 Dominum
1883 1693 1896 1713 ,
1933 1661 2187 1722 peccator

582 1738 854 1795 humiliat.
888 1738 1015 1794 Vult
1069 1756 1197 1812 ergo
1238 1751 1489 1797 avertere
1520 1742 1666 1796 illam
1699 1742 1889 1797 oculos
1910 1785 1924 1810 ,
1976 1759 2042 1798 ne
2063 1759 2180 1799 eam

2291 525 2476 598 specie
2503 527 2587 582 vel
2607 527 2826 594 decore,
2862 528 2914 582 in
2947 543 3016 583 eo
3041 539 3125 584 est
3149 543 3312 585 omne
3334 531 3526 585 malum
3550 549 3564 585 :
3600 532 3728 602 quod
3754 549 3833 587 au-

2292 630 2399 676 tem
2428 621 2661 687 malum,
2714 620 2816 677 hoc
2845 622 3029 678 sterile
3072 631 3130 678 et
3171 623 3532 680 infecundum.
3572 625 3719 695 Cujus
3765 628 3830 682 rei

2290 714 2435 784 quod
2483 713 2788 769 evidentius
2829 714 3088 771 indicium
3116 759 3131 783 ,
3164 732 3323 787 quam
3356 726 3490 773 terra
3536 719 3648 773 est?
3692 719 3834 774 Terra

2290 806 2435 860 enim
2487 822 2609 877 quae
2657 807 2795 863 bona
2848 818 2971 873 est,
3029 809 3219 864 fertilis
3259 819 3418 881 atque
3466 809 3836 881 fecundazqute

2289 909 2470 953 autem
2490 900 2651 966 mala,
2668 915 2728 955 ea
2744 900 2927 970 jejuna
2948 912 3108 973 atque
3127 903 3359 970 sterilis;
3383 919 3502 974 quas
3515 920 3638 959 vero
3656 903 3838 971 fertilis,

2291 998 2408 1047 lucc
2432 1002 2487 1047 et
2511 992 2728 1049 decora.
2752 992 2891 1061 Quid
2919 995 3064 1050 enim
3094 995 3253 1066 pleno
3280 996 3840 1066 agro'pulcbrius,cum

2290 1101 2447 1158 seges
2463 1086 2708 1153 ﬂuctuat,
2734 1104 2855 1144 cum
2885 1104 3044 1160 poma
3071 1089 3341 1145 irrutilant
3365 1130 3379 1153 ,
3400 1089 3481 1144 vel
3507 1104 3619 1145 cum
3647 1103 3842 1143 uvarum

2289 1191 2432 1235 serta
2475 1180 2788 1251 dependent
2812 1223 2827 1248 ,
2859 1189 2953 1235 aut
2996 1181 3177 1237 baceis
3219 1191 3411 1237 onusta
3442 1181 3556 1237 olea
3586 1180 3844 1247 curvescit,

2288 1274 2372 1328 vel
2399 1273 2647 1328 viridanti
2665 1274 2909 1344 gramine
2924 1274 3187 1330 montimn
3206 1273 3674 1342 vertices,vallium
3695 1270 3849 1328 humi-

2291 1367 2361 1423 lia
2389 1368 2743 1423 vestiuntur?

2364 1460 2451 1515 12.
2501 1460 2757 1517 Omnium
2796 1463 2940 1518 enim
2986 1462 3250 1517 bonorum
3282 1473 3473 1517 auctor
3491 1470 3574 1518 est
3616 1461 3775 1517 Deus:
3805 1467 3851 1514 et

2288 1569 2409 1620 qum
2441 1564 2565 1610 sunt
2588 1556 2728 1625 ejus,
2747 1555 2993 1624 profecto
3015 1555 3195 1609 ontnia
3219 1555 3358 1609 bona
3381 1563 3526 1619 sunt,
3547 1562 3601 1609 et
3617 1567 3851 1624 nusquam

2289 1645 2398 1701 illic
2420 1646 2621 1701 malum
2645 1663 2658 1712 ;
2692 1658 2745 1701 et
2774 1646 2818 1701 si
2841 1648 2892 1701 in
2917 1647 3008 1702 illo
3031 1662 3185 1701 mcns
3213 1657 3396 1701 nostra
3428 1652 3652 1713 maneat,
3678 1643 3853 1700 malum

2291 1738 2489 1792 nescit.
2525 1739 2719 1794 Anima
2760 1740 2922 1811 igitur
2972 1740 3186 1811 qute'in
3214 1739 3330 1795 Deo
3360 1754 3462 1793 non
3504 1740 3715 1805 inanct,
3758 1736 3854 1806 ipsa

583 1829 937 1887 considerans
965 1874 978 1897 ,
1011 1830 1153 1903 quod
1198 1833 1308 1901 jam
1353 1832 1421 1887 ad
1461 1834 1741 1904 superiora
1783 1837 1934 1904 sequi
1970 1836 2182 1904 possit,
2218 1831 2264 1890 Β
2287 1816 2394 1888 ἐὶὒί
2428 1841 2616 1888 auctor
2648 1834 2911 1889 malorum
2940 1843 3052 1898 est,
3101 1835 3281 1904 itaque
3325 1843 3543 1905 peccat:
3581 1832 3754 1886 Anima
3776 1844 3854 1884 au-

582 1924 828 1979 elevetur
866 1935 920 1980 et
969 1936 1198 1982 caeteras
1228 1927 1438 1981 animas
1485 1926 1843 1997 derelinquat.
1878 1927 2004 1983 Ideo
2033 1939 2087 1983 et
2133 1930 2184 1984 in

586 2016 885 2086 Evangelio
907 2031 1016 2071 non
1043 2017 1295 2072 omnibus
1320 2017 1622 2089 discipulis,
1652 2020 1747 2074 sed
1773 2020 2189 2090 perfectioribus

584 2127 738 2165 suam
762 2111 992 2182 gloriam
1025 2112 1419 2168 demonstravit
1447 2112 1661 2184 (Matth.
1693 2130 1797 2169 xvu
1820 2157 1833 2175 .
1865 2116 1942 2187 l).
1973 2114 2190 2171 Consti-

584 2215 675 2258 tue
702 2221 845 2259 nunc
868 2205 1103 2276 aliquem
1136 2206 1439 2276 doctorem,
1473 2210 1564 2279 qui
1596 2225 1710 2264 rem
1741 2211 2031 2267 obscuram
2062 2227 2193 2283 ape-

582 2297 692 2353 rire
707 2296 836 2352 velit
853 2298 1672 2371 audientibus,quemadmodum
1689 2302 1788 2356 etsi
1805 2303 1919 2373 ipse
1931 2312 2123 2374 potens
2136 2305 2191 2360 in

585 2406 843 2448 sermone
865 2393 934 2447 sit
969 2400 1025 2448 et
1055 2393 1313 2459 scientia;
1357 2394 1762 2451 condescendat
1790 2406 1970 2452 tamen
1999 2398 2064 2453 ad
2097 2413 2192 2454 eo-

581 2502 702 2541 rum
756 2488 1055 2554 inscitiam,
1105 2489 1196 2559 qui
1238 2504 1344 2543 non
1381 2489 1729 2561 intelligunt,
1765 2502 1820 2547 et
1851 2492 2085 2563 simplici
2137 2503 2192 2549 et

585 2580 835 2649 planiore
857 2592 1018 2651 atque
1044 2583 1247 2638 usitato
1275 2597 1529 2638 sermone
1552 2594 1735 2640 utatur
1759 2628 1773 2652 ,
1807 2596 1864 2641 ut
1892 2587 2067 2657 possit
2111 2585 2194 2641 in-

584 2670 774 2741 telligi.
809 2672 868 2728 Si
897 2674 1017 2744 quis
1046 2673 1210 2744 igitur
1253 2674 1398 2730 inter
1445 2676 1726 2733 audientes
1756 2679 1997 2733 vivacior
2026 2693 2192 2734 sensu

580 2762 677 2830 sit,
703 2763 796 2836 qui
825 2765 980 2820 facile
1006 2768 1159 2838 sequi
1189 2768 1383 2839 possit,
1416 2770 1591 2823 elevat
1613 2786 1736 2825 eum
1773 2780 1934 2841 atque
1960 2772 2186 2828 excutit.

580 2856 739 2914 Hunc
767 2859 956 2916 videns
1004 2860 1198 2917 doctor
1228 2872 1486 2928 revocat,
1519 2874 1576 2918 ut
1605 2864 1839 2935 patiatur
1868 2866 2039 2938 magis
2066 2867 2193 2922 doc-

579 2961 757 3009 torem
787 2954 1171 3011 humilioribus
1207 2958 1415 3030 1607
1444 2968 1498 3014 et
1528 2958 1863 3030 planioribus
1887 2961 2188 3028 immorari;

583 3061 695 3116 quo
723 3057 778 3102 et
804 3050 987 3104 caeteri
1012 3050 1164 3121 sequi
1196 3054 1427 3120 possint.

655 3139 1084 3214 10.(Vers.5-7.)
1103 3153 1130 3181 η
1145 3145 1417 3201 Laudatur
1429 3148 1592 3203 etiam
1610 3148 1817 3221 Sponsa
1835 3150 1977 3221 quod
1995 3148 2188 3217 fidelis,

2298 1937 2403 1984 tem
2435 1945 2550 1998 qua:
2581 1939 2758 1998 peccat
2781 1971 2794 1992 ,
2827 1929 2940 1999 ipsa
2962 1929 3248 1995 morietur;
3280 1929 3459 1983 aureis
3486 1928 3627 1983 enim
3657 1923 3858 1980 vinculis

2293 2022 2469 2076 soluta
2500 2021 2754 2075 virtutum
2780 2062 2792 2085 ,
2824 2035 2992 2090 prona
3020 2018 3192 2075 fertur
3226 2020 3529 2091 prmcipitio
3555 2061 3568 2083 ,
3592 2026 3644 2073 et
3687 2015 3858 2071 labitur

2295 2113 2361 2167 ad
2419 2114 2701 2168 inferiora.
2738 2114 2929 2167 Anima
2961 2121 3143 2168 autem
3196 2114 3352 2168 beata
3387 2121 3511 2179 est,
3541 2126 3696 2182 quam
3736 2108 3858 2163 nulla

2295 2206 2526 2262 adversa
2585 2206 2834 2274 corporis
2895 2204 3080 2275 praelia
3133 2215 3470 2276 expugnant.
3531 2201 3655 2258 Haec
3705 2198 3859 2255 anima

2295 2299 2434 2354 sicut
2455 2313 2645 2370 passer
2661 2298 2854 2369 laqueo
2878 2298 3134 2363 contrito,
3156 2299 3357 2354 evolat.
3386 2299 3535 2354 Esca:
3554 2296 3693 2352 enim
3719 2292 3865 2350 malo-

2290 2404 2414 2447 rum
2446 2403 2572 2447 sunt
2594 2393 2900 2462 voluptates
2921 2406 3235 2463 corporea):
3264 2391 3353 2448 his
3377 2391 3618 2463 quisquis
3635 2386 3860 2450 intendit,

2296 2484 2491 2554 laqueo
2532 2484 2759 2541 innectit
2806 2484 3042 2540 animam
3075 2499 3252 2539 suam.
3279 2484 3385 2553 Qui
3437 2493 3616 2539 autem
3639 2480 3705 2536 ab
3745 2479 3865 2536 escis

2296 2578 2413 2647 ejus
2443 2586 2730 2648 temperat,
2764 2587 2819 2633 et
2847 2577 2917 2633 de
2949 2578 3189 2633 tenebris
3228 2577 3348 2649 ejus
3374 2578 3481 2633 exit
3510 2619 3526 2645 ,
3573 2575 3684 2646 eius
3710 2571 3863 2628 anima

2294 2669 2464 2740 fulget
2486 2679 2543 2723 ut
2573 2668 2892 2738 diluculum,
2923 2670 2991 2726 de
3021 2685 3125 2742 qua
3156 2670 3393 2726 dicitur:

2370 2763 2454 2817 i5.
2511 2762 2694 2835 (Vers.
2727 2763 2809 2835 9.)
2843 2762 3092 2830 Quanam
3134 2773 3207 2817 est
3249 2764 3360 2818 [nec
3400 2764 3715 2835 prospiciens
3751 2770 3865 2815 tant-

2294 2873 2447 2928 quam
2476 2857 2790 2923 diluculum,
2824 2857 3044 2928 pulchra
3072 2856 3207 2911 sicut
3233 2857 3361 2911 luna
3384 2858 3411 2912 .9
3456 2857 3721 2929 Prospicit
3742 2852 3868 2910 enim

2297 2962 2568 3023 tamquam
2597 2951 2667 3007 de
2684 2951 2849 3006 dumo
2873 2951 3041 3006 libera
3060 2992 3074 3017 ,
3103 2966 3206 3006 nec
3239 2950 3377 3007 dicit
3401 2970 3414 3007 :
3446 2950 3690 3007 Tenebris
3710 2961 3869 3015 coope-

2294 3047 2437 3100 riunt
2460 3062 2561 3119 me,
2583 3055 2631 3100 et
2658 3047 2880 3115 parietes
2903 3044 3228 3099 circumdant
3244 3061 3354 3111 me,
3389 3056 3437 3100 et
3458 3046 3575 3117 quis
3596 3046 3687 3100 scit
3702 3043 3744 3099 si
3755 3039 3871 3096 ridet

2298 3140 2590 3196 Altissimus
2619 3139 2812 3213 (Eccti.
2838 3153 2994 3204 χχιιι,
3021 3136 3159 3208 26)?
3205 3136 3311 3194 Sed
3347 3140 3464 3212 ipsa
3512 3137 3681 3209 magis
3717 3137 3868 3192 lucem

582 3232 729 3302 quod
760 3234 926 3289 verbo
956 3248 1166 3307 potens,
1204 3240 1347 3308 quod
1379 3239 1642 3297 fructibus
1670 3242 1899 3299 fecunda
1929 3244 2181 3312 diversis,

2296 3238 2498 3308 expetit
2526 3245 2798 3308 tamquam
2831 3236 2884 3290 in
2931 3249 2993 3288 su
3003 3233 3305 3304 perieribns
3328 3234 3531 3290 domus
3557 3248 3689 3299 suae,
3714 3229 3762 3285 id
3782 3235 3871 3292 est,

585 3324 729 3394 quod
753 3341 856 3380 ttna
885 3327 956 3381 sit
985 3330 1258 3396 columba,
1296 3332 1502 3388 habens
1531 3335 1753 3404 spiritus
1776 3338 2037 3392 unitatem
2065 3380 2078 3402 ,
2132 3340 2185 3393 in

582 3434 690 3489 qua
711 3420 780 3474 sit
806 3437 928 3490 pax,
959 3439 1078 3492 qua:
1108 3425 1239 3480 facit
1267 3435 1495 3505 utraque
1524 3444 1687 3484 unum
1717 3447 1732 3485 :
1759 3439 1813 3485 et
1839 3447 1959 3500 qum
1990 3446 2095 3486 non
2116 3432 2187 3487 sit

581 3514 882 3583 composita
906 3530 972 3570 ex
992 3516 1221 3572 diversis
1246 3519 1535 3575 elementis
1550 3521 1802 3577 discretae
1821 3540 2188 3595 compugnan-

578 3604 768 3676 tisque
795 3616 1025 3662 naturae.
1057 3598 1198 3678 Quid
1230 3612 1376 3667 enim
1402 3608 1509 3667 tam
1542 3612 2023 3687 diversum,quam
2048 3617 2187 3686 ignis

516 3749 527 3762 ,
582 3707 639 3754 et
671 3714 831 3771 aqua,
855 3717 949 3756 aer
974 3711 1027 3757 et
1056 3714 1220 3771 terra,
1250 3722 1317 3762 ex
1346 3707 1541 3778 quibus
1567 3710 1812 3779 corporis
1836 3711 2004 3766 nostri
2031 3727 2186 3767 crea-

581 3800 703 3844 tura
758 3794 1042 3849 consistit?
1088 3796 1280 3851 Anima
1328 3809 1509 3854 autem
1545 3799 1823 3856 benedicta
1853 3804 2029 3857 omnis
2056 3803 2189 3859 sim—

579 3883 729 3953 plex,
765 3901 885 3955 qua:
922 3886 1165 3944 imitatur
1196 3891 1467 3948 dicentem
1496 3912 1508 3946 :
1548 3893 1616 3949 Ut
1647 3911 1824 3951 omnes
1863 3914 2027 3952 unum
2057 3900 2183 3968 sint,

581 3979 717 4033 sicut
735 3987 785 4033 et
810 3989 885 4044 tu,
917 3979 1108 4050 Pater,
1139 3983 1193 4037 in
1220 4002 1317 4052 me,
1351 3996 1400 4040 et
1420 4003 1511 4056 ego
1541 3988 1592 4040 in
1622 3998 1688 4057 te,
1739 3999 1787 4043 et
1814 3991 1917 4063 ipsi
1947 3992 2002 4045 in
2040 3994 2187 4047 nobis

582 4086 748 4125 unum
771 4071 873 4126 sint
897 4071 1079 4142 (latin.
1106 4091 1241 4142 xvu,
1264 4076 1511 4150 ‘21);th
1533 4080 1677 4133 enim
1693 4086 2187 4140 estconsuntmatio

584 4173 749 4234 atque
783 4166 1067 4233 perfectio,
1100 4168 1241 4224 unde
1264 4178 1317 4224 et
1341 4170 1582 4226 addidit:
1619 4171 1686 4226 Ut
1716 4174 1818 4227 sint
1841 4191 1998 4228 unum
2018 4218 2032 4243 ,
2058 4177 2188 4230 sicut

581 4270 630 4313 et
651 4276 744 4315 nos
775 4278 933 4315 unum
958 4279 1170 4318 sumus:
1201 4274 1247 4318 et
1282 4282 1375 4336 ego
1398 4267 1451 4321 in
1472 4266 1572 4333 his,
1606 4276 1654 4322 et
1677 4278 1731 4322 tu
1769 4270 1824 4322 in
1854 4285 1949 4335 me,
1985 4280 2038 4324 ut
2087 4274 2187 4326 sint

582 4355 926 4409 consummati
965 4356 1018 4409 in
1047 4373 1206 4410 unum
1233 4356 1399 4430 (Ibid.
1428 4402 1445 4425 ,
1471 4359 1585 4431 25).
1632 4360 1758 4416 Hmc
1788 4374 1871 4417 est
1897 4379 2028 4432 ergo
2080 4380 2183 4420 una

578 4446 829 4500 columba
848 4456 1011 4517 atque
1027 4449 1283 4519 perfecta,
1302 4467 1421 4520 qua:
1438 4454 1665 4523 simplex
1682 4462 1846 4526 atque
1864 4456 2182 4526 spiritualis,

584 4552 761 4608 neque
808 4539 970 4610 hujus
1002 4541 1249 4597 turbatur
1285 4544 1534 4615 corporis
1562 4547 1904 4616 passionibus
1929 4590 1943 4616 ,
1975 4549 2028 4605 in
2077 4566 2185 4621 quo

2290 3330 2533 3399 corporis
2558 3329 2677 3384 sui:
2712 3337 2768 3384 et
2789 3342 2950 3398 supra
3000 3325 3261 3382 mundum
3327 3328 3506 3397 posita
3535 3367 3552 3393 ,
3589 3323 3760 3381 divina
3802 3318 3873 3373 in-

2290 3429 2471 3476 tuetur
2524 3431 2575 3476 et
2633 3419 2700 3475 ad
2742 3431 2945 3476 acterna
2994 3434 3054 3475 se
3102 3418 3299 3483 elevat,
3339 3431 3401 3473 ut
3446 3419 3565 3475 Deo
3587 3412 3873 3483 adsit;jam

2290 3514 2468 3571 lumen
2510 3529 2732 3569 suorum
2763 3528 2989 3585 operum
3022 3514 3161 3568 sicut
3196 3512 3318 3567 luna
3344 3514 3540 3569 orbem
3584 3523 3736 3567 suum
3775 3511 3873 3562 toto

2290 3608 2423 3662 orbe
2448 3607 2861 3662 circumferens.

2364 3700 2453 3755 M.
2486 3700 2665 3776 (Vers.
2705 3702 2822 3772 10.)
2855 3699 2923 3756 In
2951 3701 3158 3755 hortum
3182 3701 3331 3756 nucis
3358 3700 3629 3766 descendi,
3652 3696 3810 3754 videre
3827 3693 3873 3747 in

2289 3795 2557 3850 nativitate
2586 3795 2826 3849 torrentis
2850 3837 2864 3859 ,
2917 3805 2966 3848 et
3008 3794 3258 3866 inspicere
3286 3796 3331 3848 si
3359 3795 3626 3866 ﬂoruisset
3647 3795 3812 3853 vinea,
3836 3797 3876 3841 et

2290 3888 2660 3959 germinassent
2688 3888 2829 3941 mala
2859 3888 3071 3957 punica.
3117 3884 3146 3925 ιι
3197 3885 3468 3943 lnvitatur
3511 3887 3743 3957 denique
3790 3878 3873 3936 Dei

2292 3979 2529 4042 Verbum
2558 3979 2611 4035 in
2663 3980 2876 4034 hortum
2906 3979 3085 4045 "nucis,
3116 3980 3167 4034 in
3205 3995 3311 4049 quo
3371 3983 3584 4037 fructus
3631 3973 3878 4051 prOpbeti-

2291 4089 2371 4129 ea:
2399 4073 2647 4129 lectionis
2668 4113 2682 4138 ,
2714 4080 2770 4128 et
2817 4068 3174 4128 sacerdotalis
3203 4082 3290 4128 est
3312 4075 3499 4144 gratia
3522 4115 3537 4140 ,
3568 4089 3687 4145 qua:
3713 4078 3875 4124 amara

2291 4168 2344 4222 in
2379 4166 2790 4234 tentationibus,
2816 4164 2949 4221 dura
2974 4164 3027 4220 in
3063 4166 3373 4233 laboribus,
3414 4170 3469 4224 in
3503 4167 3788 4224 virtutibus
3807 4163 3879 4218 itt-

2293 4260 2584 4316 terioribus
2631 4258 2907 4316 l‘rucuwsa
2957 4269 3062 4316 est.
3099 4260 3255 4317 Unde
3294 4264 3472 4318 etiam
3504 4263 3658 4333 virga
3711 4262 3875 4316 Aaron

2293 4368 2459 4409 nucea
2493 4352 2703 4421 floruit,
2755 4368 2861 4408 non
2909 4353 3018 4423 jam
3049 4362 3243 4409 natura
3271 4371 3372 4411 sua
3395 4398 3410 4422 ,
3447 4357 3546 4413 sed
3588 4356 3783 4411 virtute
3805 4365 3881 4406 se

2290 4459 2463 4505 creta.
2489 4448 2791 4505 Desceudat
2817 4464 2945 4520 ergo
2976 4449 3026 4504 in
3047 4450 3286 4514 hortum,
3314 4451 3691 4508 utvindemiet
3711 4448 3877 4507 (idem.

2290 4544 2468 4615 capiat
2503 4543 2722 4608 odores,
2757 4542 3011 4613 pabulum
3040 4543 3265 4600 caeleste
3288 4546 3556 4616 reperiat,
3575 4542 3880 4600 suavitatem

576 4628 712 4684 foris
741 4648 954 4702 pugnae,
986 4634 1137 4689 intus
1167 4636 1390 4693 timores
1419 4650 1563 4693 sunt.
1601 4639 1847 4711 Denique
1877 4641 1980 4697 hoc
2010 4620 2182 4698 verbo
2214 4620 2262 4681 Ῐ)
2292 4636 2460 4692 nostri
2488 4635 2666 4690 mellis
2695 4636 2966 4707 epuletur.

578 4720 808 4775 unitatis
840 4725 1192 4781 concordiam
1221 4737 1274 4781 et
1314 4744 1504 4799 pacem
1559 4729 1860 4801 significari
1902 4733 2184 4805 Scriptura

577 4829 685 4870 nos
713 4816 895 4882 docet,
930 4819 1151 4875 dicens:
1185 4821 1471 4879 Multitudo
1493 4836 1665 4881 autem
1686 4829 2005 4881 credentium
2029 4828 2186 4883 Imbe-

580 4908 667 4961 bat
697 4924 788 4962 cor
813 4926 975 4963 unum
1006 4922 1053 4966 et
1086 4916 1311 4969 animam
1352 4934 1506 4972 unum
1525 4961 1539 4986 ,
1569 4928 1617 4973 et
1647 4936 1750 4974 non
1778 4930 1884 4974 erat
1926 4922 2183 4992 separatio

575 4999 634 5053 in
659 4999 733 5054 eis
750 5002 861 5056 ulla
886 5001 1024 5073 (Act.
1054 5021 1126 5070 tv,
1157 5007 1270 5079 '52).

647 5095 738 5151 il.
766 5094 879 5151 Nec
922 5100 1096 5155 otiose
1125 5100 1470 5158 fecunditatis
1520 5102 1770 5159 laudatur
1798 5107 1976 5159 anima
2003 5146 2018 5172 ,
2072 5122 2177 5163 non

575 5188 753 5243 solum
783 5191 926 5262 quod
951 5193 1023 5247 sit
1070 5192 1302 5249 fecunda
1329 5195 1623 5251 virtutibus
1648 5238 1662 5261 ,
1695 5198 1790 5252 sed
1819 5198 1980 5253 etiam
2028 5201 2171 5267 quod

566 5282 708 5339 nihil
741 5282 935 5343 habeat
967 5288 1018 5340 in
1051 5302 1112 5340 se
1157 5287 1312 5351 mali;
1343 5286 1473 5342 illud
1519 5289 1664 5343 enim
1692 5277 1949 5346 decorum
2010 5303 2178 5364 atque

567 5390 879 5447 speciosum
912 5389 1017 5443 csl,
1043 5378 1094 5430 in
1120 5393 1228 5446 quo
1272 5377 1402 5432 nihil
1428 5380 1496 5433 sit
1524 5382 1674 5437 mali.
1709 5382 1976 5439 Decorum
2024 5387 2169 5441 enim

569 5472 713 5540 quod
742 5477 941 5528 bonum
969 5487 983 5535 ;
1016 5469 1161 5541 quod
1186 5480 1369 5526 autem
1413 5472 1730 5530 indecorum
1757 5518 1771 5542 ,
1808 5475 1911 5531 hoc
1942 5478 2165 5534 malum.

572 5562 831 5634 Speciosa
860 5563 1162 5620 fecunditas
1185 5574 1269 5619 est
1297 5564 1561 5621 bonorum
1604 5583 1831 5638 operum
1857 5613 1872 5639 ,
1895 5573 2165 5629 contraria

642 5755 666 5821 ξ·
709 5746 825 5821 bili.
851 5746 921 5821 de
944 5745 1119 5821 i_s_aae,
1144 5764 1267 5821 cap.
1296 5749 1351 5818 7,
1377 5766 1527 5811 num.
1555 5751 1647 5819 59,
1670 5752 1741 5810 60
1762 5754 1937 5816 etr.6l.

638 5813 665 5849 “
708 5815 825 5873 Lib.
858 5818 926 5875 de
956 5813 1297 5891 Virginitd'te,
1325 5813 1445 5895 cap.
1472 5823 1539 5880 l6
1562 5866 1575 5889 ,
1605 5813 1756 5881 n'um.
1781 5813 1869 5881 98.

2361 4728 2450 4785 i5.
2487 4740 2509 4767 ο
2544 4730 2678 4784 Dum
2721 4730 2865 4785 enim
2915 4729 3165 4787 laudatur
3203 4747 3234 4787 a
3275 4732 3540 4804 Sponsa,
3589 4727 3882 4790 verecunde

2289 4821 2564 4894 refugiens
2594 4837 2776 4877 coram
2810 4823 3050 4891 laudari;
3083 4825 3280 4881 deinde
3297 4828 3495 4897 Sponsi
3527 4841 3717 4883 amore
3738 4835 3881 4880 revo-

2286 4932 2426 4987 cata,
2455 4922 2559 4975 ait:
2600 4918 2663 4976 In
2686 4922 2889 4977 hortum
2912 4922 3061 4977 nucis
3092 4923 3336 4979 descendi
3358 4926 3545 4981 videre
3572 4927 3629 4981 in
3654 4922 3883 4979 uaticitov

2288 5028 2337 5072 te
2367 5017 2627 5073 torrentis.
2663 5016 2763 5072 Ubi
2804 5014 2948 5072 enim
2979 5026 3065 5073 est
3094 5019 3361 5087 Ecclesia,
3393 5020 3503 5076 nisi
3539 5019 3631 5074 ubi
3664 5020 3803 5088 virga
3832 5021 3883 5068 et

2283 5108 2453 5181 gratia
2481 5108 2640 5163 ﬂoret
2675 5108 3077 5165 sacerdotalis?
3122 5109 3199 5167 ibi
3226 5121 3310 5167 est
3339 5110 3671 5184 frequenter
3690 5154 3703 5175 ,
3751 5120 3808 5164 ut
3835 5108 3881 5161 in

2283 5203 2737 5258 amaritudinibus
2759 5213 2812 5258 et
2838 5202 2891 5257 in
2921 5203 3310 5259 tentationibus
3331 5204 3629 5273 probetur.
3665 5202 3767 5258 Per
3793 5214 3882 5255 nu-

2283 5312 2402 5351 cem
2433 5296 2824 5352 amaritudines
2854 5290 3235 5368 intelligimus;
3248 5308 3341 5367 per
3374 5306 3690 5355 torrentem
3720 5303 3885 5353 tenta-

2281 5389 2477 5455 tiones,
2496 5387 2589 5443 sed
2620 5395 2802 5443 tamen
2830 5388 3307 5459 tolerabiles,quia
3324 5389 3606 5459 scriptum
3623 5385 3881 5446 estzTorc

2278 5492 2475 5538 rentem
2515 5482 2833 5553 pertranmn't
2871 5482 3047 5536 anima
3077 5492 3253 5536 nostra
3280 5479 3523 5554 (Psalm.
3569 5496 3744 5539 cum
3767 5521 3783 5547 ,
3810 5478 3881 5549 5).

2280 5575 2467 5647 itaque
2494 5575 2776 5632 descendit
2814 5575 2868 5631 in
2897 5577 3073 5632 locum
3107 5574 3543 5642 amaritudinis“,
3599 5576 3688 5631 ubi
3739 5575 3884 5630 floret

2345 5770 2366 5795 ι
2410 5758 2528 5816 Lib.
2556 5759 2625 5816 de
2656 5757 2827 5817 lsaac.
2858 5775 2907 5816 ο.
2943 5760 2998 5823 8,
3029 5770 3185 5815 num.
3212 5757 3302 5814 δι.
