4148 6362
552 344 565 393 ι
583 337 683 394 Μ’]

1534 339 2083 397 COMMENTARIUS
2125 340 2187 396 IN
2228 338 2527 395 CANTICA
2567 339 2837 397 CANTlC.

3711 345 3831 401 Γλοιὸ

543 454 740 511 mentis
779 456 1016 516 incessu.
1057 457 1208 525 Quod
1253 459 1319 513 de
1347 458 1542 514 anima:
1584 459 1801 514 incessu
1834 457 1937 513 dici
1972 456 2139 512 David
2170 456 2214 517 Α
2323 456 2536 531 1610
2555 458 2606 514 6.
2628 456 2831 516 Moduli
2856 467 3108 536 femorum
3125 473 3328 517 tuorum
3346 464 3540 518 similes
3568 465 3828 535 torquibus,

544 551 826 607 evidenter
865 551 1103 608 ostendit
1127 596 1139 615 ,
1169 552 1403 608 aﬂ'erens
1432 552 1576 622 quod
1618 562 1909 607 torrentem
1945 550 2147 623 iniqui-

552 655 722 700 tatum
754 646 934 700 anima
966 662 1061 701 sua
1098 646 1346 700 transiret
1384 644 1574 718 (Psal.
1612 661 1802 709 CC\lll,
1835 645 1933 716 5).

617 738 673 792 ἓ.
705 738 807 793 Sed
831 737 957 809 quid
988 737 1089 793 sibi
1117 739 1229 793 vult
1251 738 1391 808 quod
1420 738 1515 803 ait,
1547 740 1597 792 itt
1620 738 2006 794 Calceamentis
2028 730 2153 808 spe-

544 830 723 886 ciosos
764 846 884 886 esse
923 847 1144 902 gressus
1183 832 1485 888 Ecclesiae?
1529 830 1785 902 Legimus
1829 832 2031 887 dictum
2081 832 2151 888 ad

549 922 766 994 Moysen
800 941 812 977 :
852 921 1009 979 Solve
1048 922 1450 978 calceameutunt
1494 924 1682 993 pedum
1713 935 1920 980 tuorum
1965 923 2152 998 (Exo-

550 1015 602 1069 di
635 1032 721 1080 ut,
751 1013 855 1088 5):
899 1031 1007 1085 quo
1040 1017 1252 1072 videtur
1289 1018 1631 1086 admonitus,
1673 1034 1741 1074 ne
1778 1020 2155 1089 corporalibus

551 1108 783 1164 vinculis
812 1117 1090 1164 teneretur
1118 1109 1394 1166 astrictus.
1432 1109 1574 1181 Ergo
1598 1114 1900 1181 speciosam
1931 1112 1983 1166 in
2016 1113 2156 1167 Can-

548 1201 669 1256 ticis
711 1201 977 1274 significat
1024 1201 1219 1258 anima:
1264 1203 1769 1270 pulchritudinem,
1820 1221 1940 1275 qua:
1990 1219 2157 1261 carne

550 1305 807 1366 tanquam
838 1295 1211 1351 calceamento
1242 1297 1444 1363 utitur,
1472 1304 1527 1351 et
1551 1297 1603 1350 iu
1636 1298 1755 1367 ipso
1783 1297 2157 1353 calceamento

549 1388 1002 1460 impedimentum
1029 1404 1131 1443 non
1158 1390 1389 1461 patitur,
1418 1390 1512 1444 sed
1540 1390 1781 1445 incessus
1801 1391 1998 1447 decore
2022 1408 2160 1463 prm-

482 1546 491 1553 _
550 1484 722 1538 cellit.
747 1483 967 1539 Calceat
992 1500 1124 1555 ergo
1154 1499 1213 1540 se
1239 1486 1416 1539 anima
1445 1486 1870 1541 ecclesiasticam
1896 1487 2121 1555 gratiam
2139 1531 2154 1556 ,

551 1589 608 1635 ut
648 1595 864 1634 cursum
899 1580 1023 1634 vitae
1052 1579 1211 1649 hujus
1243 1588 1298 1635 et
1328 1581 1612 1635 transitum
1643 1596 1763 1635 cum
1791 1580 1988 1638 decore
2018 1600 2158 1651 prte-

556 1679 751 1727 tereat.
786 1671 941 1738 Quod
977 1671 1030 1726 fit
1066 1674 1108 1725 si
1137 1672 1564 1727 calceamentum
1596 1690 1751 1727 suum
1784 1690 1890 1728 non
1918 1675 2160 1745 inquinet

552 1764 666 1819 luto
680 1763 1084 1833 Corporali,n0u
1103 1766 1154 1819 in
1170 1765 1423 1819 vitiorum
1442 1776 1649 1835 mergat
1672 1782 1929 1836 voragine
1948 1787 1958 1821 :
1980 1771 2023 1822 si
2039 1784 2162 1823 eas-

2253 567 2404 620 opere
2431 570 2678 608 manuum
2705 556 2960 626 artiﬁcis;
2989 564 3046 612 ut
3070 558 3399 627 posteritatis
3420 558 3671 613 Ecclesite
3693 577 3837 615 orna-

2202 668 2206 677 ·
2255 652 2431 698 tuenta
2451 656 2799 703 canerentur.
2829 649 2930 705 Per
2954 650 3128 704 femur
3151 651 3293 705 enim
3320 651 3536 721 insigne
3552 653 3839 722 generatio-

2256 738 2339 793 nis
2369 739 2735 809 agnoscimus,
2766 741 2917 811 juxta
2944 743 3073 799 illud
3099 759 3112 798 :
3149 744 3434 813 Accingere
3456 743 3688 815 gladium
3708 756 3838 800 tuum

2252 847 2407 904 super
2432 831 2639 902 femur,
2687 836 3041 902 patentissime
3071 836 3091 911 (
3117 834 3260 891 Paul.
3295 852 3452 902 XLIV,
3479 837 3555 908 4)
3594 858 3603 891 :
3636 854 3737 908 quo
3774 840 3840 894 si-

2255 924 2538 994 gniﬁcatur
2559 927 2698 997 quod
2729 927 2897 983 Filius
2924 928 3024 985 Dei
3046 946 3166 987 cum
3197 932 3555 1001 smnetip-um
3582 933 3839 987 exinanis-

2256 1026 2369 1079 set,
2416 1016 2575 1072 Vcrbi
2624 1020 2902 1075 accinctus
2948 1021 3323 1089 divinitatem,
3366 1035 3418 1078 et
3452 1026 3839 1093 generatioiem

2257 1111 2524 1165 calceatus
2570 1112 2892 1182 humanam,
2943 1118 3182 1186 prodiret
3229 1133 3292 1173 ex
3334 1116 3563 1190 Virgine
3604 1120 3840 1176 omnibus

2258 1202 2486 1258 daturus
2528 1206 2779 1262 salutem.
2810 1209 3007 1264 Moduli
3038 1221 3216 1265 autem
3254 1210 3512 1266 dicuntur
3545 1223 3841 1271 ornamenta

2262 1297 2492 1364 pretiosa
2520 1338 2533 1359 ,
2581 1313 2702 1368 qua:
2733 1301 2986 1371 suspendi
3031 1314 3399 1356 matronarum
3433 1302 3737 1359 cervicibus
3759 1320 3842 1359 so-

2262 1388 2391 1443 lent.
2416 1390 2621 1447 Tantus
2651 1408 2780 1464 ergo
2807 1410 3092 1464 processus
3125 1395 3377 1451 Ecclesiae
3404 1396 3734 1468 signiﬁcatur
3753 1440 3766 1465 ,
3797 1408 3846 1454 ut

2261 1485 2595 1539 ornamentis
2628 1487 3032 1553 pretiosissimis
3064 1499 3410 1561 comparatus
3442 1490 3543 1555 sit,
3577 1500 3631 1545 et
3660 1493 3845 1565 torqui-

2265 1575 2361 1629 hus
2387 1576 2869 1646 triumphantium;
2898 1580 3013 1635 lucc
3035 1582 3178 1637 enim
3203 1595 3524 1643 ornamenta
3548 1594 3670 1638 sunt
3693 1584 3845 1640 bella-

2263 1677 2460 1724 torum.
2509 1670 2666 1727 Unde
2692 1679 2748 1727 et
2776 1672 3135 1746 Symmachus
3166 1675 3530 1746 Epitracbelia
3562 1678 3724 1745 dixit,
3753 1678 3844 1733 hoc

2264 1774 2364 1828 est,
2394 1782 2511 1833 qum
2535 1767 2645 1820 sint
2666 1767 2806 1821 circa
2830 1768 3185 1826 collum.Sivc
3208 1785 3338 1840 ergo
3360 1771 3642 1839 generatio
3663 1769 3844 1825 Christi

553 1860 687 1929 liget
712 1873 936 1914 carnem
971 1876 1154 1926 suam,
1187 1875 1251 1912 ne
1280 1869 1524 1914 moretur
1553 1860 1618 1914 ad
1645 1876 1864 1915 cursum
1890 1903 1904 1926 ,
1931 1870 1983 1916 et
2012 1864 2157 1916 arvi-
2190 1861 2238 1922 B
2264 1874 2328 1912 ex
2356 1858 2572 1929 Virgine
2593 1901 2607 1923 ,
2640 1861 2753 1915 sive
2782 1860 3039 1917 Ecclesiae
3070 1863 3415 1933 propagatio,
3445 1865 3625 1934 specie
3647 1865 3841 1935 quidem

555 1968 635 2013 nte
664 1952 875 2021 pinguis
907 1949 1147 2022 pondere
1172 1964 1557 2022 przvgravetttt'.
1587 1951 1791 2007 Bonum
1816 1953 2155 2009 calceamen-

554 2051 665 2099 tum
688 2045 883 2098 animae
906 2043 1163 2115 pudicitia
1182 2053 1264 2099 est
1280 2086 1294 2109 ,
1322 2043 1494 2099 bonus
1510 2059 1732 2115 gressus
1749 2057 1831 2100 est
1855 2044 1907 2100 in
1930 2047 2157 2117 vestigio

552 2136 840 2192 castitatis.
875 2135 1152 2206 Sapientia
1183 2145 1364 2192 autem
1396 2136 1627 2191 amictus
1652 2146 1735 2192 est
1761 2139 1988 2205 animm,
2017 2139 2159 2196 unde

555 2235 814 2304 scriptum
848 2243 932 2289 est
959 2252 972 2288 :
1011 2232 1228 2288 Honora
1260 2250 1403 2298 eam,
1437 2243 1481 2287 et
1512 2235 1849 2305 amplectetur
1876 2245 1923 2288 te
1953 2236 1969 2307 (
1998 2232 2156 2291 Prov.

555 2344 639 2395 tv,
668 2328 760 2399 8).
806 2326 1032 2383 Utamur
1061 2342 1190 2399 ergo
1229 2343 1461 2397 corpore
1500 2338 1753 2399 tanquam
1791 2329 2161 2384 calceamento

556 2420 622 2476 ad
670 2422 943 2477 inferioris
982 2437 1147 2491 Opera
1199 2421 1452 2476 virtutis:
1493 2423 1559 2476 ad
1608 2423 2001 2490 ministerium,
2053 2440 2159 2480 non

559 2526 886 2585 przeceptnm
922 2532 934 2568 :
969 2513 1033 2569 ad
1067 2514 1383 2585 obsequium
1409 2557 1422 2579 ,
1460 2530 1563 2569 non
1598 2515 2012 2571 delectationem
2048 2531 2061 2570 :
2094 2516 2159 2572 ad

557 2607 927 2665 obedientiam
949 2651 964 2675 ,
996 2626 1102 2663 non
1133 2610 1563 2675 dissensionem;
1597 2619 1653 2664 et
1682 2610 1732 2665 in
1768 2609 1847 2665 via
1880 2612 2164 2683 sapientiae

559 2700 845 2772 vestigium
869 2701 1231 2770 collocemus,
1267 2719 1333 2757 ne
1355 2718 1575 2775 gressus
1599 2712 1815 2757 nostros
1842 2702 1923 2761 vis
1953 2714 2167 2761 torren-

560 2794 630 2848 tis
654 2794 832 2864 aliqua
866 2794 1175 2851 concludat.

633 2888 687 2942 5.
711 2886 837 2942 Ideo
858 2888 924 2942 ad
950 2887 1168 2959 Moysen
1193 2888 1399 2943 dictum
1430 2896 1513 2944 est
1536 2905 1549 2943 :
1583 2888 1741 2945 Solve
1765 2890 2167 2948 calceamentum

565 2976 580 3050 (
608 2976 780 3034 Exodi
811 2997 865 3037 tit
888 3024 901 3044 ,
932 2981 1016 3054 5).
1050 2981 1261 3037 Dictum
1296 2992 1378 3037 est
1406 2991 1460 3038 et
1489 2983 1554 3036 ad
1583 2982 1767 3039 Jesum
1796 2982 1947 3039 Nave
1971 2981 2170 3059 (Josue

563 3087 624 3135 ν,
663 3072 784 3143 16).
822 3073 895 3128 De
916 3071 1134 3130 Christo
1159 3084 1339 3129 autem
1369 3075 1570 3130 dictum
1602 3090 1705 3130 non
1734 3083 1844 3143 est,
1872 3077 1965 3132 sed
2000 3079 2171 3149 magis

562 3166 821 3239 scriptum
867 3177 986 3233 est,
1030 3168 1244 3223 dicente
1288 3168 1525 3237 Baptista
1560 3187 1572 3222 :
1619 3168 1743 3223 Post
1783 3187 1860 3225 me
1890 3171 2024 3224 venit
2063 3172 2166 3237 vir,

2261 1958 2535 2021 tamquam
2577 1966 2738 2006 manu
2780 1952 3008 2009 artificis
3049 1955 3333 2026 torquibus
3374 1954 3681 2021 adornatis,
3722 1968 3844 2009 verte

2261 2050 2441 2097 autem
2492 2046 2711 2100 virtutis
2754 2044 2980 2115 insignis
3019 2049 3395 2119 spiritualihus
3440 2051 3676 2104 Cervices
3726 2049 3843 2103 lide-

2263 2137 2392 2191 lium
2414 2136 2717 2195 adornavit.
2750 2139 2991 2211 Denique
3017 2152 3125 2195 tota
3151 2142 3250 2195 ista
3276 2140 3572 2212 descriptio
3594 2142 3844 2196 membro-

2263 2244 2379 2283 rum
2414 2229 2671 2285 Ecclesia-
2720 2233 2875 2302 plena
2910 2232 3124 2287 decoris
3170 2224 3225 2288 et
3254 2233 3434 2289 laudis
3475 2243 3576 2290 est.
3608 2232 3731 2289 Nam
3762 2243 3839 2288 et:

2335 2323 2387 2375 7.
2424 2322 2603 2392 (Vers.
2636 2323 2720 2393 ‘2.)
2754 2323 3036 2379 Umbilicus
3066 2329 3180 2398 ejus
3209 2338 3471 2398 tamquam
3503 2337 3665 2381 crater
3692 2339 3845 2380 torna-

2269 2415 2378 2470 tilis
2431 2418 2795 2489 praedicatur,
2832 2424 2999 2474 mixto
3047 2435 3151 2474 non
3197 2420 3487 2487 deﬁciens;
3522 2437 3587 2477 eo
3627 2420 3759 2493 quod
3800 2420 3842 2475 in

2267 2510 2414 2565 omni
2449 2509 2699 2566 doctrina
2744 2520 3019 2580 tornatos,
3051 2512 3389 2582 plenitudine
3424 2512 3738 2579 cegnitionis
3761 2554 3773 2576 ,
3798 2520 3845 2566 et

2269 2615 2397 2675 potu
2429 2621 2533 2660 non
2570 2604 2755 2661 deﬁcit
2799 2605 3052 2676 spiritali.
3098 2605 3165 2661 Et
3193 2618 3384 2661 venter
3412 2607 3529 2677 eius
3556 2623 3657 2663 non
3687 2605 3840 2662 solum

2267 2717 2463 2755 acervo
2492 2700 2686 2765 tritici,
2720 2701 2769 2756 id
2799 2710 2913 2766 est,
2940 2701 3078 2756 cibis
3109 2701 3427 2757 fortioribus
3457 2701 3690 2757 caelestis
3718 2715 3845 2771 mys-

2269 2793 2390 2848 terii
2421 2795 2698 2865 saginetur
2723 2837 2738 2857 ,
2770 2809 2958 2848 verum
2990 2795 3153 2849 etiam
3186 2802 3465 2865 tamquam
3501 2794 3625 2850 liliis
3649 2793 3844 2865 quibus-

2270 2886 2391 2941 dam
2448 2887 2735 2941 moralium
2796 2886 3061 2942 suavitate
3112 2886 3414 2957 repleatur.
3462 2884 3613 2944 Unde
3655 2897 3705 2942 et
3742 2886 3840 2956 ipsa

2272 2990 2545 3052 tamquam
2577 2981 2713 3034 bene
2746 2982 2936 3034 merita
2971 2982 3153 3052 regina
3184 2980 3383 3036 Christi
3417 2982 3672 3052 sanguine
3706 2995 3843 3036 coro—

2272 3056 2459 3141 natur,
2490 3079 2630 3131 sicut
2662 3075 2917 3145 scriptum
2944 3085 3027 3131 est
3052 3093 3065 3130 :
3094 3075 3159 3130 Et
3188 3087 3403 3130 ornatus
3426 3076 3606 3148 capitis
3631 3076 3705 3129 sui
3730 3074 3841 3125 sicut

2275 3183 2523 3240 purpura.
2577 3167 2808 3237 Sanguis
2850 3166 3048 3221 Christi
3097 3182 3331 3237 purpura
3383 3175 3509 3236 est,
3563 3166 3646 3232 qui
3700 3164 3843 3217 inlicit

563 3261 712 3329 cujus
742 3276 843 3313 non
865 3276 978 3314 sum
1005 3260 1191 3327 dignus
1216 3261 1560 3317 calceamenta
1591 3271 1796 3332 portare
1821 3260 2047 3335 (Matth.
2076 3279 2132 3317 Ill
2152 3305 2165 3329 ,
2197 3249 2243 3314 C
2275 3272 2581 3316 sanctorum
2624 3261 2834 3315 animas
2859 3303 2873 3327 ,
2907 3276 3012 3315 non
3045 3261 3217 3315 solum
3250 3260 3439 3316 colore
3481 3256 3807 3328 resplendeus
3828 3296 3840 3316 ,

570 3353 690 3423 ll);
738 3353 862 3423 quia
895 3353 973 3410 illi
1008 3354 1144 3409 bene
1175 3355 1570 3421 admonentur,
1615 3365 1672 3410 ut
1709 3356 1920 3412 solvant
1948 3357 2166 3412 calcea-

508 3463 513 3467 '
567 3458 807 3503 tncntttm
842 3463 1030 3516 suum,
1062 3450 1154 3520 qui
1194 3452 1313 3505 sine
1346 3461 1569 3525 peccato
1601 3466 1723 3505 esse
1752 3466 1858 3506 non
1891 3462 2164 3520 poterant.

565 3539 664 3595 llic
694 3552 872 3596 autem
909 3558 1014 3597 non
1044 3544 1221 3599 Solum
1254 3544 1684 3599 calceamentum
1716 3560 1819 3599 non
1848 3545 2037 3610 solvit,
2071 3544 2166 3600 sed

567 3637 727 3697 etiam
756 3635 1119 3691 calceamenta
1153 3637 1382 3692 aliorum
1413 3637 1679 3705 absiilvit;
1714 3638 1834 3709 quia
1862 3654 1966 3693 non
1992 3639 2167 3693 solum

564 3744 764 3799 corpus
792 3746 947 3785 suum
978 3746 1008 3784 a
1039 3731 1274 3801 peccatis
1309 3732 1545 3788 immune
1571 3734 1806 3787 servavit
1832 3774 1845 3797 ,
1878 3732 1972 3788 sed
2003 3735 2167 3789 etiam

567 3825 809 3876 omnium
843 3822 992 3877 dedit
1021 3823 1406 3895 indulgentiam
1439 3834 1803 3896 peccatorum.

636 3913 690 3968 ὁ.
731 3915 873 3993 Ergo
906 3915 1146 3971 Ecclesia
1179 3917 1244 3972 ad
1281 3919 1639 3976 imitationem
1679 3916 1880 3975 Christi
1922 3918 2168 3990 speciosa

570 4019 681 4075 est,
710 4016 763 4063 et
807 4005 859 4064 in
899 4008 1286 4067 calcramenlis
1312 4013 1459 4066 omni
1490 4012 1671 4068 abluta
1697 4012 1921 4068 delicto.
1964 4012 2032 4068 Et
2064 4015 2172 4068 for-

571 4110 711 4155 tasse
753 4102 968 4173 quando
1021 4103 1338 4173 sapientiam
1386 4105 1529 4161 inter
1577 4106 1848 4177 perfectos
1891 4108 2167 4178 loquitur,

570 4195 814 4261 speciosa
842 4205 923 4250 est
948 4196 998 4249 in
1032 4198 1403 4268 superioribus
1428 4198 1718 4254 membris:
1747 4200 1966 4272 quando
1987 4208 2169 4255 autem

568 4290 730 4344 etiam
755 4290 1024 4346 inferioris
1044 4292 1245 4363 gradus
1266 4303 1358 4347 aut
1378 4294 1641 4351 doctrina:
1664 4294 1912 4351 homines
1932 4294 2170 4352 Verbum

574 4395 902 4457 sequuntur,
934 4388 1053 4443 fidei
1078 4389 1276 4444 seriem
1302 4404 1407 4443 non
1428 4388 1817 4446 obliviscuntur
1834 4432 1849 4457 ,
1875 4390 2174 4448 sacerdotis

571 4489 841 4549 pnecepta
870 4479 1221 4545 custodiunt,
1255 4479 1500 4551 speciosa
1534 4490 1617 4535 est
1662 4482 1713 4535 in
1763 4481 2173 4539 calceamentis.

571 4570 897 4641 Plerumque
927 4573 1106 4627 clerus
1134 4572 1373 4640 erravit,
1404 4571 1663 4628 sacerdos
1692 4575 1917 4630 mutavit
1958 4585 2177 4631 senten-

2273 3354 2367 3408 sed
2399 3354 2561 3411 etiam
2588 3363 2875 3427 potestate;
2908 3353 3030 3423 quia
3062 3368 3215 3423 reges
3246 3352 3394 3419 facit,
3429 3363 3482 3407 et
3511 3351 3749 3406 meliores
3769 3361 3840 3400 re-

2272 3464 2365 3518 ges
2388 3449 2581 3519 quibus
2610 3464 2831 3516 regnum
2862 3448 2954 3502 dat
2984 3456 3268 3501 :cternum.

2345 3542 2397 3594 8.
2432 3547 2457 3576 α
2476 3537 2759 3596 Umbilicus
2781 3550 2899 3594 tuus
2926 3550 2978 3593 ut
3005 3550 3170 3594 crater
3191 3540 3475 3605 toruatilis,
3501 3551 3759 3608 numquam
3778 3533 3844 3585 in-

2275 3633 2457 3705 digens
2499 3632 2720 3702 poculis.
2760 3631 3055 3701 Umbilicus
3105 3634 3303 3687 anima:
3343 3647 3408 3687 ac
3452 3640 3637 3687 venter
3661 3625 3843 3682 subtilis

2274 3736 2357 3780 est
2386 3724 2532 3779 illius
2560 3740 2681 3795 quae
2711 3725 2957 3779 ascendit
2983 3723 3050 3779 ad
3082 3723 3395 3790 Christum;
3434 3723 3656 3794 ideoque
3682 3716 3843 3774 lauda-

2277 3828 2361 3874 tur
2386 3834 2518 3875 voce
2540 3819 2735 3891 Spensi
2760 3819 2994 3875 dicentis
3019 3833 3033 3875 :
3062 3818 3348 3875 Umbilicus
3373 3828 3493 3874 tuus
3514 3830 3565 3872 ut
3586 3827 3739 3871 crater
3756 3822 3845 3866 tor-

2274 3914 2449 3969 uatilis
2471 3954 2485 3978 ,
2518 3931 2619 3967 non
2649 3913 2895 3985 deﬁciens
2928 3915 3123 3979 mixto;
3148 3921 3317 3967 venter
3343 3923 3461 3966 tuus
3482 3927 3682 3966 acervus
3708 3903 3844 3961 tritici

2275 4008 2461 4062 muniti
2480 4008 2612 4062 inter
2632 4006 2766 4061 lilia.
2794 4007 2885 4062 ESt
2909 4007 3053 4062 enim
3080 4008 3131 4060 in
3154 4007 3300 4061 omni
3329 4005 3574 4061 doctrina
3600 4010 3842 4062 tornatos,

2275 4109 2332 4153 et
2364 4111 2519 4170 potus
2549 4099 2810 4169 spiritalis
2839 4114 2946 4153 non
2980 4098 3244 4153 deﬁciens
3270 4096 3609 4169 plenitudine
3631 4139 3645 4161 ,
3676 4105 3723 4149 et
3753 4104 3846 4145 coe-

2277 4193 2489 4247 lestium
2515 4202 2846 4248 secretorum
2873 4193 3202 4263 cognitione.
3225 4191 3429 4249 Venter
3450 4206 3656 4264 quoque
3675 4185 3846 4241 anima?

2280 4284 2579 4357 mysticus,
2618 4286 2755 4340 sicut
2798 4287 3122 4352 umbilicus,
3165 4303 3273 4352 quo
3318 4295 3511 4341 ventre
3554 4298 3654 4339 non
3693 4280 3842 4333 solum

2281 4379 2473 4434 fortem
2503 4377 2679 4434 cibum
2704 4382 2867 4434 sumit
2898 4395 3004 4451 quo
3035 4380 3200 4435 corda
3231 4377 3538 4445 firmantur,
3571 4375 3662 4433 sed
3702 4371 3842 4427 etiam

2279 4489 2443 4530 suave
2473 4489 2536 4527 ac
2565 4472 2906 4528 ﬂorulentum
2937 4492 3044 4545 quo
3085 4472 3449 4530 delectantur.

2352 4567 2405 4623 9.
2441 4568 2618 4638 (Vers.
2644 4565 2725 4640 4.)
2750 4565 2777 4606 ι)
2800 4566 2948 4621 Oculi
2978 4567 3054 4621 tui
3074 4576 3256 4637 stagna
3278 4566 3329 4621 in
3364 4563 3614 4629 llesebon,
3640 4561 3687 4614 in
3708 4554 3846 4628 portis

574 4661 733 4730 tiam,
765 4664 962 4719 divites
986 4680 1119 4721 cum
1159 4666 1341 4720 StBCtlli
1374 4668 1530 4721 istius
1570 4677 1788 4722 terreno
1830 4668 1955 4745 rege
1992 4682 2178 4725 seuse-
2202 4652 2259 4715 D
2283 4664 2407 4737 ﬁlia:
2431 4665 2745 4727 multorum.
2779 4662 2946 4716 Nares
2975 4674 3075 4718 tua:
3101 4662 3233 4716 sicut
3256 4663 3413 4716 turris
3445 4659 3641 4715 Libani.
3670 4654 3844 4720 3'93"“

574 4766 737 4821 runt,
770 4759 1001 4827 populus
1032 4760 1191 4814 ﬁdem
1227 4761 1500 4832 propriam
1535 4762 1854 4818 reservavit.

645 4851 697 4905 5.
731 4850 885 4908 Unde
915 4853 1075 4907 etiam
1106 4853 1173 4909 de
1205 4855 1435 4909 Domino
1466 4854 1592 4911 Jesn
1617 4855 1758 4912 bene
1788 4872 2078 4929 possumus
2098 4857 2179 4913 di-

574 4956 699 4997 cere
721 4984 736 5008 ,
769 4943 893 5014 quia
922 4954 975 4997 et
1007 4945 1057 4998 in
1092 4944 1176 4999 his
1216 4962 1337 5015 quae
1364 4946 1673 5016 corporalia
1703 4958 1865 5013 sunt,
1901 4949 2179 5019 speciosos

573 5052 797 5107 gressus
832 5036 1065 5091 Verbum
1098 5036 1327 5105 habeat,
1360 5054 1481 5094 cum
1510 5038 1577 5094 de
1608 5039 1902 5094 moralibus
1933 5040 2179 5113 disputa-

544 5137 682 5201 tur.
719 5127 786 5183 Et
813 5130 1043 5197 apestoli
1086 5129 1209 5186 ideo
1239 5130 1470 5187 fortasse
1500 5130 1657 5185 nudis
1699 5132 1985 5187 mittuntur
2035 5133 2182 5203 pedi-

579 5223 677 5277 bus
705 5265 718 5287 ,
752 5238 820 5279 ne
851 5225 1213 5281 obumbrctur
1238 5241 1426 5280 eorum
1459 5225 1751 5293 distiutatio
1773 5268 1788 5291 ,
1822 5226 1917 5282 sed
1947 5228 2179 5283 eluceat.

579 5315 764 5387 Itaque
809 5316 1050 5372 Ecclesia
1085 5318 1191 5371 ﬁlia
1228 5317 1568 5380 Aminadab,
1602 5316 1704 5373 hoc
1748 5328 1857 5384 est,
1894 5320 2188 5376 voluntarii

581 5409 661 5463 vel
692 5409 1046 5480 heneplaciti;
1082 5411 1207 5480 quia
1245 5411 1581 5466 voluntarius
1608 5427 1726 5467 eam
1756 5413 1840 5467 vel
1874 5412 2187 5484 beueplaci-

580 5510 663 5557 tus
695 5505 1076 5573 congregavit,
1108 5502 1238 5557 etin
1269 5501 1652 5559 calceamentis
1680 5503 1925 5575 speciosa
1948 5514 2050 5561 est.
2077 5506 2189 5562 Me-

583 5597 800 5668 rithue
828 5596 1070 5652 additum
1096 5608 1177 5651 ρει
1203 5613 1217 5650 :

664 5794 689 5824 ι
722 5785 895 5854 Epist.
924 5783 990 5841 ad
1018 5784 1301 5841 Irenaeum.

661 5856 691 5898 ι’
732 5859 791 5921 ιη
820 5873 901 5924 ps.
930 5872 1131 5926 cxvm,
1160 5872 1325 5917 serm.
1358 5856 1445 5921 t6.

2283 4757 2336 4812 in
2369 4756 2619 4811 llesebon
2654 4754 2780 4826 quid
2809 4766 2893 4810 est
2919 4796 2931 4815 ,
2968 4754 3073 4809 nisi
3104 4756 3154 4808 in
3188 4752 3607 4826 cogitationibus
3634 4746 3844 4801 rationa-

2284 4851 2480 4906 bilibus
2511 4848 2842 4904 abundantia
2871 4890 2885 4917 ,
2916 4863 3037 4918 quae
3067 4856 3150 4902 est
3179 4847 3231 4901 in
3268 4845 3439 4917 portis
3469 4842 3742 4902 Ecclesim.
3772 4829 3844 4887 θηί

2283 4945 2478 4997 merito
2501 4939 2745 4996 defertur
2774 4938 3064 4994 multitudo
3095 4936 3391 4993 doctrinm?
3416 4936 3548 4993 Filia
3568 4932 3703 4989 enim
3728 4924 3845 4982 mul-

2281 5044 2481 5095 torum.
2517 5034 2867 5107 plurimarum
2898 5032 3265 5088 doctrinarum
3299 5031 3585 5101 posteritas
3608 5033 3686 5082 est
3709 5030 3755 5078 et
3777 5012 3844 5071 ef-

2291 5128 2492 5197 fectus,
2527 5129 2680 5199 cujus
2713 5144 2872 5183 nares
2903 5126 3039 5182 odor
3070 5136 3155 5191 est.
3189 5125 3578 5182 sacriﬁciorum
3604 5162 3617 5189 ,
3649 5113 3844 5173 ﬂorllms

2290 5223 2543 5277 omnibus
2572 5231 2859 5290 praestans.

2362 5317 2449 5372 Η).
2482 5328 2504 5355 "—
2537 5315 2715 5372 Nasus
2746 5327 2864 5389 tuus
2894 5317 3027 5370 sicut
3056 5316 3215 5370 turris
3247 5311 3431 5367 Libani
3456 5329 3468 5366 :
3500 5304 3739 5381 prmcclsa
3770 5308 3844 5389 Stlr

2292 5426 2384 5480 pra
2440 5409 2697 5477 modum,
2754 5392 2823 5464 et;
2849 5406 2972 5464 ideo
3029 5407 3289 5480 prospicit
3337 5406 3526 5462 faciem
3587 5388 3840 5459 Dainaﬁl‘iv

2289 5504 2547 5576 gentilem
2573 5503 2782 5569 scilicet
2806 5504 3058 5573 pepulttm
3090 5503 3324 5557 odorans
3345 5543 3360 5569 ,
3390 5510 3444 5555 et
3471 5498 3618 5553 ﬁdem
3644 5489 3747 5560 t‘jtts
3764 5493 3842 5576 cf”

2294 5573 2377 5679 ius
2400 5600 2572 5671 gratia
2594 5598 2917 5655 delictorum
2939 5612 3159 5654 suorum
3186 5595 3490 5683 detergeret
3510 5591 3736 5647 fetorem.
3760 5573 3842 5630 νᾶα

2370 5800 2391 5828 ο
2427 5788 2483 5851 In
2515 5788 2654 5863 psal.
2687 5801 2855 5845 cxvm
2881 5828 2897 5852 ,
2927 5798 3095 5855 serui.
3124 5784 3193 5857 εξ,
3223 5797 3372 5863 puni.
3402 5776 3490 5857 ad.
