4016 6480
80 392 250 447 iii-£9

74 600 259 654 hrata
319 599 570 665 amictu,
614 598 762 652 nulla
807 596 1067 666 adoperta
1109 598 1346 662 vestitu,
1391 594 1530 649 nuda
1571 608 1633 649 ac
1662 593 1727 647 Ii-

75 692 233 747 hera
266 734 282 753 ,
323 691 475 746 cado
503 690 673 760 magis
700 692 902 744 intenta
942 703 1101 757 quam
1140 690 1319 744 terris.
1350 688 1500 743 Hauc
1530 700 1724 757 specu-

80 784 299 837 lantur
344 789 406 837 ct
439 782 772 852 prospiciunt
814 795 977 837 nares
1018 781 1318 847 Ecclesia),
1372 780 1516 852 qttod
1561 794 1726 836 suave

77 885 173 929 est
199 876 257 927 in
293 889 362 928 ea
399 882 451 928 et
477 873 706 929 odorum
730 874 1076 943 aspirationis
1096 883 1148 928 et
1170 874 1357 944 gratiae
1385 873 1721 944 colligentes.

165 968 270 1023 Η.
306 966 383 1021 Ει
411 967 552 1022 bene
573 1010 588 1035 ,
624 966 797 1021 Nares
830 968 944 1037 ejus
982 968 1116 1023 sicut
1153 968 1313 1023 turris
1341 967 1565 1034 Libani;
1597 969 1721 1035 quia

81 1063 141 1115 in
175 1059 494 1115 sacriﬁciis
520 1059 658 1115 odor
683 1061 866 1115 suavis
893 1061 1155 1116 Ecclesia:
1186 1070 1271 1117 est
1290 1104 1302 1123 ,
1338 1062 1390 1116 in
1415 1062 1612 1132 quibus
1641 1071 1724 1117 est

79 1153 229 1207 ιιιιιιὶ
261 1153 465 1208 odoris
498 1153 673 1207 hostia
700 1154 949 1209 remissio
972 1164 1344 1225 peccatorum.
1371 1153 1537 1209 Sume
1561 1154 1723 1223 igitur

84 1244 197 1300 has
240 1259 444 1311 nares,
476 1260 510 1297 ο
540 1245 703 1298 homo
727 1287 742 1311 ,
792 1255 850 1300 ut
890 1262 917 1298 a
960 1246 1404 1315 graveolentibus
1436 1244 1721 1300 ﬂorulenta

85 1353 415 1403 secernas,
447 1348 500 1393 et
533 1350 659 1393 tunc
686 1338 980 1394 vivificabit
1015 1349 1066 1395 te
1092 1338 1375 1393 Dominus.
1412 1338 1544 1395 Cum
1578 1339 1720 1394 enim

88 1432 428 1487 adverterit
480 1432 608 1502 quid
660 1431 729 1486 de
773 1432 893 1503 ipso
941 1433 1112 1498 petis,
1161 1442 1217 1485 ut
1275 1440 1485 1486 avertat
1534 1431 1722 1487 oculos

89 1527 316 1580 mentis
350 1536 458 1581 tua:
486 1542 516 1580 a
548 1526 787 1581 vanitate
807 1567 821 1591 ,
852 1535 1185 1594 conparatur
1210 1526 1408 1579 animae
1432 1534 1536 1578 tua!
1555 1568 1568 1590 ,
1595 1534 1652 1579 ut
1676 1524 1721 1580 si

91 1622 299 1688 specie
332 1620 514 1691 aliqua
546 1621 776 1688 capitur,
808 1618 1114 1673 autduritia
1144 1628 1233 1673 aut
1268 1616 1583 1673 infirmitate
1613 1632 1720 1673 nou

94 1712 398 1779 flectitur,
444 1712 625 1767 ﬂectat
660 1728 780 1768 eam
822 1713 953 1784 jugn
998 1711 1198 1780 Verbi,
1243 1720 1301 1766 et
1344 1711 1574 1766 habenis
1605 1712 1721 1767 suis

93 1814 265 1875 regat
292 1845 310 1872 ,
342 1813 406 1859 ut
436 1806 716 1866 voluntate
745 1806 838 1860 Dei
871 1803 1178 1859 abducatur
1215 1819 1242 1857 a
1274 1802 1422 1858 vitiis
1448 1842 1463 1866 .
1497 1811 1553 1859 et
1591 1802 1720 1859 vita:

93 1900 342 1955 odorem
379 1903 556 1971 capiat
585 1910 827 1956 atteram.

176 1995 275 2053 1‘2.
311 1994 499 2067 (Vers.
533 1995 614 2065 ὃ.)
646 2004 672 2031 ει
695 1994 982 2049 Ascendam
1004 1995 1055 2048 in
1075 1995 1325 2065 palmam,
1348 2004 1395 2047 et
1428 1994 1720 2064 apprehcne

97 2093 232 2147 dam
262 2092 635 2146 sublimitatem
661 2095 792 2164 ejus.
829 2091 982 2146 Unde
1016 2104 1288 2161 cognosce
1318 2092 1441 2162 quia
1476 2101 1532 2147 et
1559 2092 1717 2146 istam

97 2187 398 2251 ascendit,
430 2197 480 2240 et
512 2184 764 2256 perduxit
791 2200 910 2240 eam
941 2187 1006 2239 ad
1040 2187 1216 2240 locum
1248 2186 1470 2255 palmae,
1499 2185 1719 2256 quando

98 2289 158 2334 et
200 2281 342 2334 dicit
383 2278 450 2334 ad
498 2294 617 2334 eam
654 2294 668 2335 :
712 2277 879 2346 Quam
917 2276 1139 2351 pulchra
1188 2287 1236 2331 et
1262 2279 1434 2332 suavis
1466 2279 1603 2349 facta
1633 2294 1715 2345 es,

101 2376 344 2428 Charitas
369 2415 384 2439 ,
414 2375 467 2428 in
495 2374 693 2429 deliciis
724 2373 867 2427 tuis!
899 2374 1115 2429 Statura
1143 2382 1235 2427 tua
1263 2373 1450 2427 similis
1482 2374 1620 2443 facta
1648 2383 1721 2428 est

102 2466 302 2538 palata.-
330 2465 509 2537 (Cant.
538 2475 609 2520 VII
633 2508 645 2527 .
671 2465 749 2538 ϐ).
777 2467 841 2520 Et
875 2466 990 2536 ipsa
1019 2467 1135 2520 ait:
1173 2464 1318 2529 Dixi,
1346 2465 1618 2520 ascendam
1650 2465 1720 2519 ad

107 2563 365 2630 palmam.
401 2560 509 2614 Sed
543 2561 700 2615 etiam
734 2560 847 2628 ipsa
872 2561 1111 2614 citaritas
1143 2561 1314 2629 palma
1348 2568 1432 2614 cat
1454 2602 1467 2626 ,
1494 2559 1609 2629 ipsa
1636 2567 1721 2614 est

109 2655 261 2709 enim
297 2652 582 2722 plenitudo
605 2652 848 2707 victoriae
868 2668 884 2717 ;
908 2652 1198 2723 plenitudo
1225 2654 1369 2706 enim
1400 2651 1557 2722 Legis
1586 2651 1717 2705 chao

111 2746 250 2800 ritas
279 2754 388 2802 est.
419 2742 720 2800 Curramus
750 2760 881 2815 ergo
915 2754 973 2799 ut
1001 2745 1562 2815 cmnprebcndamus,
1598 2760 1721 2797 cur-

114 2850 308 2893 ramus
333 2847 391 2892 ut
417 2842 695 2892 vincamus
722 2852 735 2891 :
765 2839 853 2908 qui
882 2838 1046 2903 vicit,
1076 2837 1323 2893 ascendit
1356 2838 1407 2892 in
1442 2838 1675 2908 palmam
1702 2879 1717 2903 ,

115 2945 172 2989 et
196 2933 489 2988 manducat
516 2932 724 2987 fruetus
750 2933 868 3003 ejus
894 2951 906 2989 :
932 2934 1022 3003 qui
1055 2934 1220 3000 vicit,
1244 2934 1354 3004 jam
1382 2951 1487 2988 non
1512 2936 1677 2988 currit
1700 2976 1716 3001 ,

118 3028 213 3081 sed
230 3027 408 3090 sedet,
433 3027 576 3081 sicut
598 3027 805 3100 ιθιι
830 3028 1091 3095 scriptum
1114 3038 1193 3082 est
1214 3047 1227 3082 :
1246 3027 1347 3096 Qui
1368 3028 1561 3095 vicerit,
1587 3028 1719 3082 dabo

119 3122 167 3175 ei
198 3120 377 3175 sedere
407 3134 605 3173 merum
637 3121 688 3172 in
716 3120 835 3174 sede
864 3136 972 3173 mea
991 3162 1003 3182 ,
1034 3121 1162 3175 sicut
1185 3130 1233 3174 et
1261 3139 1353 3193 ego
1382 3122 1502 3187 uici,
1533 3132 1577 3175 et
1609 3118 1721 3176 sedi

122 3226 243 3266 cum
284 3211 443 3265 Patre
472 3227 582 3266 meo
620 3212 673 3265 in
717 3212 836 3265 sede
862 3212 1026 3285 ipsius
1052 3212 1235 3283 (Apoc.
1281 3228 1366 3277 tu,
1412 3213 1530 3278 Ἦ).
1579 3212 1716 3269 Hinc

126 3305 435 3376 philosophi
476 3306 696 3360 currilia
740 3306 826 3361 illa
857 3308 1162 3361 animarum
1203 3308 1255 3362 in
1282 3309 1395 3363 suis
1434 3308 1587 3364 libris
1626 3322 1719 3365 ex-
1747 3286 1793 3350 (ἶ

126 3413 380 3469 pressere
407 3401 707 3454 certamina
737 3441 751 3464 ,
786 3414 885 3455 nec
916 3408 1096 3455 tamen
1143 3401 1209 3456 ad
1243 3401 1476 3471 palmam
1522 3418 1715 3473 pervc-

127 3492 245 3545 nire
274 3501 605 3565 potuerunt;
646 3494 907 3562 quoniam
953 3496 1277 3550 Suavitatcm
1313 3493 1473 3550 Verbi
1507 3488 1715 3551 et'alti-

129 3585 413 3649 tudinem,
469 3584 685 3639 illorum
739 3587 934 3639 anima:
991 3587 1323 3642 nescierunt.
1387 3588 1715 3657 Ascemlam,

129 3678 337 3748 inquit,
382 3679 434 3730 in
480 3679 701 3746 palmam
747 3679 1013 3735 vincendo
1057 3682 1359 3749 sa-i-ulum;
1405 3693 1462 3738 ut
1503 3695 1715 3739 teneam

132 3770 289 3825 Verbi
328 3771 669 3826 altitudinem
699 3815 712 3837 ,
746 3786 907 3843 quam
952 3778 1209 3846 cognoVit
1239 3776 1356 3833 haec
1397 3781 1576 3834 anima
1606 3822 1618 3842 ,
1664 3780 1716 3833 in

132 3880 232 3935 qua
264 3876 375 3919 erat
410 3866 567 3920 Verbi
598 3870 924 3934 conversio;
957 3870 1035 3923 sic
1066 3871 1208 3925 enim
1239 3874 1352 3927 ait:

207 3961 288 4014 15.
319 3959 505 4029 (Vers.
543 3960 661 4031 lO.)
689 3959 804 4030 Ego
835 3963 991 4031 fratri
1035 3978 1178 4031 meo,
1212 3973 1262 4019 et
1295 3982 1450 4039 super
1480 3987 1559 4023 me
1598 3988 1721 4027 con-

136 4051 296 4104 rersio
325 4051 455 4120 ejus.
491 4050 641 4106 Hunc
670 4066 887 4106 sensum
925 4055 1088 4109 tertio
1132 4059 1382 4127 repetivit
1420 4061 1638 4118 diverse
1666 4065 1719 4119 in

139 4144 364 4198 Canticis
400 4145 759 4198 canticorum.
800 4146 854 4200 in
888 4148 1156 4217 principio
1196 4150 1267 4204 ait
1298 4169 1310 4205 :
1356 4150 1542 4207 Frater
1578 4171 1722 4211 meus

142 4237 294 4301 mihi,
325 4247 369 4289 et
394 4250 487 4310 ego
514 4237 557 4289 ei
585 4251 604 4290 :
628 4239 715 4307 qui
744 4240 973 4307 poscitur
998 4241 1051 4294 in
1082 4241 1208 4297 filiis
1239 4258 1401 4313 usque
1426 4247 1545 4300 dum
1573 4249 1719 4318 aspi-

146 4341 216 4384 ret
246 4330 346 4385 dies
366 4370 380 4396 ,
411 4341 455 4383 et
485 4330 798 4385 inclinentur
825 4331 1022 4388 umbris
1047 4333 1232 4405 (Cant.
1268 4351 1303 4391 ιι
1328 4379 1342 4402 ,
1375 4337 1484 4410 16).
1520 4339 1722 4399 Deinde

146 4424 249 4477 ait:
281 4420 385 4495 Ego
417 4423 572 4493 fratri
595 4439 736 4491 meo,
769 4435 818 4479 et
844 4429 1005 4497 frater
1034 4443 1174 4483 meus
1199 4430 1351 4497 mihi,
1381 4433 1468 4502 qui
1495 4436 1723 4502 pascitur

146 4518 271 4571 inter
298 4517 404 4570 lilia
433 4514 602 4586 (Cant.
632 4530 713 4579 vr,
743 4516 822 4589 2).
857 4518 913 4573 In
949 4519 1059 4575 fine
1090 4522 1162 4576 ait
1190 4538 1203 4574 :
1236 4523 1344 4594 Ego
1384 4527 1537 4594 fralri
1567 4544 1676 4583 meo
1701 4572 1715 4597 ,

148 4620 191 4663 et
218 4625 357 4679 super
385 4624 463 4663 ure
489 4610 751 4665 conversio
775 4615 909 4685 ejus.
947 4613 1182 4669 Primum
1224 4618 1289 4671 ad
1322 4618 1715 4677 institutionem

149 4704 367 4761 animat;
407 4703 530 4758 ideo
571 4713 626 4759 et
675 4706 974 4775 praemisit:
1014 4706 1200 4763 Frater
1243 4726 1382 4765 meus
1424 4714 1584 4781 mihi;
1626 4716 1718 4771 illo
1746 4679 1801 4742 ἶ)

150 4798 282 4852 enim
317 4797 717 4855 demonstrante
749 4815 806 4855 se
834 4801 997 4856 etiam
1043 4804 1355 4861 adhmreudi
1418 4807 1528 4865 Deo
1572 4826 1714 4866 sum-

158 4891 251 4961 psit
273 4890 534 4947 affectum.
573 4894 725 4960 Quod
758 4899 1005 4966 sequitur
1035 4899 1333 4955 secundum
1367 4902 1667 4971 profectum
1703 4925 1716 4961 :

156 4984 354 5041 tertium
391 4985 686 5040 secundum
729 4989 1136 5055 perfectionem.
1171 4992 1227 5047 In
1271 4993 1443 5063 primo
1471 4998 1621 5066 quasi
1666 4999 1718 5054 in

161 5079 470 5133 institutione
520 5078 695 5134 adhuc
747 5083 966 5139 umbras
1018 5085 1167 5140 videt
1215 5088 1426 5155 anima,
1484 5091 1716 5146 necdum

162 5172 304 5227 Verbi
356 5173 834 5243 appropinquantis
888 5179 1218 5234 revelatione
1276 5193 1614 5250 commotas;
1669 5198 1724 5241 et

163 5265 272 5320 ideo
294 5264 458 5320 adhuc
484 5266 531 5319 ei
565 5265 680 5320 dies
715 5266 996 5337 Evangelii
1032 5280 1148 5330 non
1183 5274 1483 5345 refulgebat
1510 5293 1527 5331 1
1552 5277 1606 5333 in
1637 5295 1724 5335 se-

162 5358 318 5414 cundo
331 5360 439 5414 sine
462 5359 773 5414 umbrarum
796 5362 1111 5420 confusione
1138 5367 1336 5423 odores
1363 5372 1479 5440 pios
1506 5374 1679 5445 carpit
1706 5393 1720 5433 :

164 5454 211 5506 in
234 5453 372 5508 tertio
387 5455 498 5521 j-tm
525 5455 760 5520 perfecta
784 5457 1027 5524 requiem
1052 5458 1103 5513 in
1124 5475 1183 5515 se
1215 5458 1394 5519 Verbo
1418 5466 1722 5535 ministrat;

166 5554 217 5599 ut
243 5553 571 5601 convertatur
600 5562 766 5617 super
813 5563 931 5602 eam
960 5592 974 5615 ,
1009 5557 1064 5605 et
1100 5564 1259 5623 caput
1288 5571 1445 5613 suum
1495 5562 1725 5619 reclinet

169 5647 308 5710 atque
333 5639 659 5712 requiescat;
691 5653 745 5698 et
776 5643 970 5699 invitat
998 5645 1064 5701 ad
1097 5660 1283 5718 agrum
1310 5667 1467 5709 suum
1493 5654 1720 5713 dicens:

418 5842 699 5928 de_isaa_c,_
729 5856 850 5921 cap.
884 5851 952 5916 8,
982 5868 1133 5928 num.
1162 5853 1230 5909 67
1257 5865 1307 5908 et
1337 5871 1454 5928 seq.

234 5914 257 5961 δ
276 5915 373 5977 Lib.
401 5918 469 5975 de
502 5914 838 6002 Virginitaté,
860 5914 979 5998 cap.
1011 5924 1077 5997 6,
1108 5942 1257 5987 num.
1287 5928 1377 5991 54.

1135 390 1174 444 Ε
1214 382 1522 444 SCRIPTIS
1565 382 1621 443 S.
1667 386 1988 443 AMBROSII
2029 382 2457 447 COLLECTUS.

71 510 211 562 cies
250 506 437 578 igitur
466 506 709 565 Damasci
741 504 873 558 lides
912 512 996 559 est
1025 504 1266 569 gentium
1295 544 1309 567 ,
1351 503 1502 557 nullo
1530 501 1719 556 obum-
1752 501 1801 561 Α

3300 389 3434 446 ις),ῑο

1911 521 1992 577 id.
2046 514 2241 595 (Vers.
2274 523 2399 596 il.)
2436 521 2584 590 Veni,
2647 525 2808 593 frater
2858 541 3035 589 uirus,
3091 541 3328 583 ementitus
3384 526 3437 589 in

1828 629 2045 682 agrum,
2094 617 2471 691 reguiescamus
2512 619 2564 672 in
2603 619 2845 673 castellis.
2894 618 3065 688 Supra
3106 618 3169 673 ad
3218 618 3434 683 hortum

1830 704 2138 773 invitabat;
2193 709 2277 765 ltic
2316 709 2381 765 ad
2415 727 2601 781 agrum
2646 711 2933 771 habentem
2982 728 3089 766 non
3130 711 3301 767 solum
3334 713 3435 769 ilo-

1827 814 1945 853 rum
1972 803 2199 871 gratiam
2224 845 2238 868 ,
2282 802 2375 858 sed
2410 804 2570 859 etiam
2620 805 2856 860 triticum
2896 815 2949 862 et
2981 805 3281 875 hordeum,
3332 811 3433 867 hoc

1827 901 1908 945 est
1937 935 1950 959 ,
1984 893 2285 951 solidorum
2328 897 2728 952 firmamentum
2774 899 3074 963 virtutum,
3123 910 3180 954 ut
3227 901 3432 962 fructus

1826 982 1942 1053 ejus
1982 984 2227 1052 :tSpiciat.
2259 985 2693 1058 Requiescamus,
2739 989 2911 1061 inquit
2937 1030 2950 1055 ,
2981 991 3035 1043 in
3066 992 3288 1046 castellis
3312 1033 3328 1065 ,
3363 993 3429 1053 ad

1825 1094 1945 1148 qua:
1976 1078 2146 1134 Adam
2177 1096 2299 1136 cum
2329 1085 2396 1135 de
2426 1082 2675 1153 paradiso
2701 1084 2907 1153 ejectus
2934 1092 3114 1153 esset,
3147 1085 3323 1147 fuerat
3346 1104 3430 1143 re-

1826 1174 2085 1245 legatus:
2130 1178 2180 1233 in
2230 1175 2311 1232 his
2364 1178 2781 1250 requiescebat,
2829 1181 2922 1236 sed
2985 1190 3182 1237 terram
3233 1197 3428 1255 opera.

1834 1267 2011 1322 batur.

1898 1360 1985 1417 15.
2020 1361 2135 1428 Qua
2165 1371 2344 1418 autem
2378 1364 2588 1419 ratione
2615 1366 2765 1422 exire
2795 1383 2917 1421 eum
2952 1368 3005 1422 in
3038 1384 3228 1439 agrum
3260 1371 3426 1437 velit,

1826 1452 2139 1509 intellectus
2189 1455 2507 1511 manifestus
2553 1468 2675 1524 est;
2722 1468 2780 1512 ut
2824 1460 2976 1529 quasi
3026 1461 3200 1516 bonus
3245 1475 3431 1533 pastor

1825 1557 2007 1617 pascat
2037 1562 2254 1619 gregem
2287 1564 2477 1614 suum,
2513 1550 2690 1605 lassos
2720 1550 2921 1606 allevet
2947 1594 2960 1617 ,
2992 1562 3212 1609 revocet
3239 1570 3430 1610 erran-

1824 1650 1926 1697 tes.
1962 1640 2093 1697 Nam
2126 1652 2181 1698 et
2212 1643 2255 1698 si
2288 1644 2390 1698 ista
2421 1644 2600 1699 anima
2643 1661 2782 1700 nova
2829 1656 2882 1701 et
2924 1657 3105 1701 vetera
3149 1648 3432 1717 servavit,

1825 1744 2004 1789 tamen
2046 1744 2172 1789 sunt
2218 1734 2395 1789 adlmc
2429 1737 2576 1790 velut
2618 1738 2774 1808 agni,
2811 1738 2900 1810 qui
2949 1738 3104 1794 lactis
3133 1754 3297 1794 succo
3326 1722 3429 1795 ιιιιξ

1822 1827 2014 1883 triendi
2048 1838 2194 1883 sunt.
2237 1828 2379 1901 Ergo
2414 1831 2568 1901 quasi
2603 1830 2836 1900 perfecta
2859 1874 2873 1896 ,
2910 1847 3015 1886 non
3058 1847 3155 1903 pro
3200 1848 3258 1887 se
3284 1873 3298 1898 ,
3331 1832 3428 1891 sed

1749 1899 1796 1961 Β
1824 1936 1921 1991 pro
1951 1918 2074 1976 aliis
2104 1899 2395 1976 intervenit
2416 1899 2515 1988 ;‘ut
2537 1899 2612 1977 de,
2632 1926 2750 1977 sinu
2782 1924 2953 1996 patris
2978 1899 3171 1990 exeat,
3208 1934 3264 1979 nt
3304 1941 3432 1994 ιιι-ιι-

1820 2015 1980 2070 cedat
2008 2008 2147 2067 iuras
2174 2024 2446 2086 tamquam
2480 2031 2712 2083 sponsus
2744 2018 2811 2071 de
2840 2018 3079 2074 thalamo
3110 2033 3242 2084 suo;
3274 2034 3431 2090 egre-

1819 2108 1974 2164 diens
2003 2119 2181 2164 currat
2214 2110 2354 2163 viam
2381 2151 2395 2174 ,
2428 2120 2487 2165 nt
2513 2111 2761 2167 infirmos
2792 2112 3076 2178 lucretur;
3113 2128 3217 2167 non
3252 2113 3304 2166 in
3336 2114 3430 2168 illo

1819 2212 2030 2257 secreto
2064 2204 2231 2270 patris
2263 2203 2399 2258 solio
2424 2246 2438 2268 ,
2472 2213 2525 2258 et
2558 2204 2608 2259 in
2641 2206 2727 2258 ιιι·ι
2771 2206 2894 2260 lucc
2925 2205 3248 2261 immoretur
3273 2248 3287 2271 ,
3320 2221 3427 2277 quo

1821 2292 2051 2348 invalidi
2083 2292 2205 2364 equi
2246 2294 2614 2351 conscendere
2647 2312 2750 2350 non
2782 2307 3025 2366 queunt;
3059 2297 3154 2351 sed
3189 2309 3245 2351 ut
3273 2313 3427 2352 assu-

1820 2395 1999 2440 matur
2043 2396 2094 2439 et
2124 2385 2410 2441 inducatur
2441 2389 2492 2441 in
2548 2387 2766 2442 domum
2801 2389 3026 2458 Sponsrc
3052 2399 3217 2461 atque
3244 2406 3429 2445 secre-

1822 2489 1955 2534 tum.
1988 2480 2065 2536 Sit
2100 2478 2232 2536 foris
2263 2480 2361 2536 sibi
2395 2527 2405 2547 ,
2437 2492 2496 2537 ut
2522 2482 2679 2538 nobis
2706 2485 2889 2541 intus:
2924 2487 2995 2540 sit
3030 2485 3265 2539 medium
3300 2501 3428 2538 nos-

1821 2587 1986 2641 trum,
2017 2577 2118 2630 etsi
2150 2593 2253 2630 non
2280 2577 2524 2632 videatur
2560 2594 2587 2631 τι
2615 2579 2791 2633 nobis.
2820 2577 2972 2635 Unde
2995 2581 3069 2633 ait
3094 2597 3106 2634 :
3137 2579 3264 2646 Quis
3287 2578 3427 2635 dabit

1822 2682 1869 2726 te
1890 2714 1904 2737 ,
1940 2675 2097 2744 frater
2118 2714 2132 2739 ,
2166 2672 2438 2727 laetantem
2482 2675 2637 2728 ubera
2667 2674 2845 2728 matris
2878 2675 3046 2728 mca’?
3077 2672 3350 2727 Iuvenicns
3381 2684 3430 2729 te

1823 2765 1987 2835 foris,
2023 2766 2298 2820 osculabar
2325 2777 2371 2822 te
2402 2767 2578 2839 (Cant.
2618 2783 2745 2835 vm,
2776 2766 2849 2842 1).
2886 2768 3035 2823 Bona
3067 2769 3277 2833 anima,
3306 2782 3426 2838 qua:

1822 2860 1953 2917 foris
1994 2874 2106 2930 ρει,
2152 2874 2209 2919 ιιι
2245 2863 2475 2917 Verbum
2524 2863 2668 2917 iuius
2711 2863 2779 2917 sit
2818 2879 2831 2920 :
2864 2862 2953 2917 illa
2986 2872 3145 2918 extra
3189 2878 3385 2932 corpus
3410 2903 3424 2928 ,

1822 2965 1881 3010 ut
1906 2956 2141 3010 Verbum
2170 2956 2374 3011 habitet
2406 2958 2460 3010 in
2496 2955 2673 3011 nobis.

1896 3048 1983 3103 16.
2018 3048 2290 3102 Assumam
2320 3058 2367 3101 te
2391 3091 2405 3115 ,
2440 3049 2642 3118 inquit,
2672 3057 2717 3101 et
2748 3048 2993 3100 inducam
3024 3057 3071 3100 te
3098 3044 3265 3112 (Ibid.
3293 3089 3306 3113 ,
3341 3045 3423 3118 2).

1826 3140 1992 3197 Recte
2035 3141 2370 3209 assumitur,
2423 3151 2476 3197 et
2517 3141 2787 3196 indutitur
2823 3140 3057 3197 Verbum
3112 3139 3244 3200 Dei;
3299 3141 3425 3210 quia

1824 3236 2004 3308 pulsat
2046 3232 2312 3303 animum,
2360 3246 2415 3291 ut
2464 3237 2745 3308 aperiatur
2795 3234 2897 3289 sibi
2941 3237 3181 3289 ostium:
3226 3241 3281 3288 et
3325 3233 3427 3289 nisi

1823 3341 2070 3401 apertum
2122 3331 2223 3386 sibi
2255 3331 2456 3385 ostium
2501 3331 2806 3398 invenerit,
2847 3347 2954 3386 non
3000 3332 3187 3385 intrat.
3218 3330 3274 3386 Si
3306 3331 3428 3400 quis

1820 3435 2001 3480 autem
2026 3426 2304 3497 aperuerit
2324 3425 2544 3496 januam
2564 3467 2578 3489 ,
2608 3425 2770 3479 intrat
2799 3435 2851 3480 et
2874 3435 3072 3479 ccenat.
3102 3424 3191 3481 Sic
3216 3424 3424 3495 Sponsa

1822 3519 2058 3576 Verbum
2091 3521 2350 3584 assumit,
2383 3532 2440 3574 ut
2470 3518 2801 3574 assumendo
2829 3518 3110 3574 doceatur.
3140 3517 3292 3574 Unde
3319 3534 3425 3575 nou

1822 3616 2094 3671 immerito
2134 3614 2382 3671 ascendit
2412 3615 2478 3669 ad
2514 3615 2654 3669 hanc
2679 3657 2691 3679 ,
2727 3614 2791 3668 ad
2837 3610 3150 3685 superiores
3192 3612 3429 3669 mansio-

1824 3726 1921 3765 nes
1942 3753 1955 3775 ,
1988 3720 2040 3765 et
2069 3725 2288 3778 semper
2321 3725 2637 3779 processum
2669 3706 2867 3777 accipit
2897 3706 3136 3761 virtutis.

1895 3805 1984 3859 i7.
2010 3802 2038 3841 1’
2063 3802 2216 3865 Veni,
2245 3807 2410 3872 frater
2433 3820 2596 3865 meus,
2629 3818 2871 3857 exeamus
2894 3803 2947 3855 in
2970 3818 3178 3871 agrum,
3210 3800 3429 3869 requies-

1822 3914 1999 3949 ramus
2035 3897 2089 3949 in
2129 3896 2355 3949 castellis
2380 3937 2396 3962 ,
2445 3895 2680 3948 diluculo
2724 3910 2995 3965 surgamus
3027 3894 3078 3945 in
3110 3893 3304 3955 vineis,
3348 3892 3424 3943 ri-

1824 3986 2037 4043 deamus
2062 3988 2106 4040 si
2129 3987 2307 4052 ﬂoruit
2336 3988 2470 4039 vitis.
2505 3986 2654 4040 Multi
2683 3986 2796 4056 agri
2823 3987 3031 4041 fructus
3058 3984 3260 4039 habent
3287 3998 3300 4048 ;
3330 3981 3425 4037 scd

1824 4078 1917 4133 ille
1940 4079 2134 4133 melior
2154 4090 2265 4140 est,
2300 4079 2389 4147 qui
2422 4089 2475 4133 et
2506 4078 2773 4133 fructibus
2801 4078 3065 4132 redundat
3091 4088 3143 4131 et
3173 4076 3421 4131 floribus.

1827 4173 1920 4226 Est
1949 4189 2079 4244 ergo
2109 4169 2368 4227 Eet-lcsite
2394 4186 2523 4240 agor
2548 4170 2780 4225 diversis
2815 4169 3072 4225 fecundus
3099 4170 3291 4238 Copiis.
3330 4166 3425 4221 llic

1824 4280 2016 4320 cernas
2039 4264 2281 4335 germina
2309 4262 2634 4334 virginitatis
2661 4262 2795 4317 flore
2820 4262 3131 4325 vernantia;
3159 4261 3267 4315 illic
3291 4270 3427 4314 latit-

1823 4375 1985 4429 quam
2019 4359 2068 4412 itt
2102 4358 2308 4429 campis
2339 4359 2493 4411 silva:
2518 4398 2530 4420 ,
2565 4356 2881 4410 viduitatem
2914 4355 3180 4424 gravitate
3210 4353 3423 4426 pollen-

1825 4461 1963 4518 tem;
1995 4449 2123 4504 alibi
2150 4460 2422 4521 tamquam
2447 4448 2668 4503 uberem
2701 4447 2911 4520 frugem
2946 4447 3232 4513 Ecclesitc,
3265 4459 3424 4513 sege-

1824 4551 1933 4597 tem
1987 4542 2227 4615 c0ujugii
2279 4541 2583 4615 replentem
2634 4541 2815 4595 mundi
2866 4542 3089 4605 horrea,
3139 4553 3202 4592 ac
3256 4537 3425 4592 veluti

1827 4638 2094 4692 maritatae
2126 4638 2298 4693 vinea:
2344 4636 2545 4691 fetibus
2577 4635 2867 4690 toreularia
2912 4632 3122 4688 Dtllliilli
3167 4632 3293 4687 Jcsu
3333 4647 3422 4687 re-

1824 4730 2119 4785 dundantia
2147 4773 2159 4796 ,
2196 4730 2248 4784 in
2296 4724 2494 4803 quibus
2543 4729 2718 4783 ﬁdelis
2766 4727 2999 4800 conjugii
3045 4726 3252 4782 fructus
3292 4741 3426 4781 exu-

1823 4823 1996 4880 berat.

1897 4920 1987 4975 -l8.
2015 4931 2037 4959 ο
2063 4920 2271 4991 Sponsa
2296 4919 2552 4975 desiderii
2582 4918 2663 4973 sui
2690 4916 2901 4988 copiam
2934 4914 3127 4986 adepta
3146 4963 3160 4987 ,
3187 4915 3426 4987 loquitur

1822 5015 1887 5071 ad
1922 5017 2192 5087 Sponsum
2226 5034 2239 5071 :
2276 5012 2429 5078 Veni,
2460 5015 2623 5086 frater
2652 5028 2817 5079 meus,
2843 5027 3085 5066 exeamus
3115 5010 3167 5064 in
3200 5026 3381 5081 agrum
3408 5050 3424 5076 ,

1826 5113 2207 5183 requiescamus
2232 5112 2286 5164 in
2312 5108 2562 5175 castellis,
2588 5107 2819 5163 diluculo
2842 5123 3114 5179 surgamus
3141 5108 3207 5158 ad
3233 5105 3425 5158 vineas.

1823 5204 2078 5261 Advertis
2103 5203 2560 5276 quemadmodum
2585 5203 2796 5272 Sponsa
2824 5201 3056 5255 Vi'rlmm
3085 5200 3273 5254 invitet
3299 5197 3388 5251 Dei
3407 5239 3421 5262 ,

1827 5312 1882 5354 ut
1914 5304 2089 5356 veniat
2123 5301 2176 5354 in
2209 5308 2385 5355 terras
2411 5309 2463 5353 et
2494 5299 2649 5352 tollat
2674 5307 2894 5366 peccata
2925 5293 3132 5349 mundi.
3166 5292 3310 5361 Agor
3341 5289 3427 5343 hic

1826 5400 1946 5446 erat
1992 5400 2118 5445 ante
2167 5392 2448 5456 desertus,
2495 5389 2741 5445 sentibus
2789 5399 3099 5442 nostrorum
3145 5381 3425 5451 Squalidus

1827 5484 2183 5551 delictorum,
2217 5484 2471 5541 horridus
2501 5484 2695 5555 spinis.
2729 5482 3026 5538 Castellum
3065 5486 3183 5532 erat
3224 5475 3276 5531 in
3320 5490 3428 5544 quo

1829 5576 2090 5649 religatus
2136 5576 2308 5633 Adam
2356 5586 2616 5648 perpetuo
2648 5592 2761 5633 suae
2805 5571 3139 5646 posmt'ilalis
3183 5566 3431 5621 hiPTCdCS

1832 5669 2136 5741 stringebat
2154 5669 2370 5726 exsilio.
2397 5670 2493 5724 Illo
2514 5684 2644 5741 ergo
2665 5669 2816 5724 ducit
2846 5664 3083 5721 Ecclesia
3115 5659 3395 5714 Christum
3413 5699 3430 5728 ,

1919 5879 1941 5908 ο
1978 5868 2034 5928 in
2062 5871 2195 5947 psal.
2227 5882 2422 5937 cxvtu,
2455 5881 2623 5927 serm.
2651 5864 2723 5929 l9
2747 5909 2762 5936 ,
2790 5880 2942 5923 num.
2970 5863 3043 5926 25
3068 5868 3124 5918 et
3149 5872 3266 5938 seq.
