4148 6362
562 315 699 376 1951

1552 318 2097 379 COMMENTARIUS
2137 321 2204 378 IN
2241 320 2541 379 CANTICA
2581 322 2848 380 CANTIC.

3715 330 3838 392 193?.

556 443 619 492 ut
654 434 826 492 Adam
863 435 1078 492 liberet.
1113 432 1319 491 Deinde
1364 434 1640 491 exsulibus
1672 436 1961 503 absolutis,
1991 437 2157 509 coepit
2191 437 2247 499 Α
2268 445 2425 507 caput
2443 439 2989 510 suum‘superlmvam
3013 441 3398 511 sapientize,ut
3419 443 3649 515 aperiret
3673 460 3842 504 manus

555 529 748 587 mundi
792 530 954 587 istius
994 545 1123 602 ager
1155 528 1383 584 idoneos
1422 528 1624 585 habere
1663 532 1905 587 cultores
1939 549 1951 585 :
1991 539 2045 587 et
2073 533 2166 602 qui

560 631 822 680 eratante
846 622 1088 693 jejunus,
1110 622 1279 679 factus
1297 630 1381 677 est
1400 623 1528 678 vitis
1541 632 1760 678 aeternae
1789 624 2000 698 1612
2020 625 2170 695 plan-

2270 530 2492 600 pauperi
2525 530 2589 585 ad
2602 531 3036 587 subveniendum
3052 533 3218 604 inopi;
3246 535 3458 604 partitis
3482 544 3576 592 aut
3593 536 3844 597 derelictis

2270 622 2408 689 sibi,
2433 638 2540 679 non
2565 623 2764 679 invasis
2796 634 2957 696 atque
2975 625 3201 696 direptis
3227 625 3428 682 divitiis
3451 638 3717 696 uteretur,
3741 647 3847 701 quas

560 716 766 771 tatione
793 714 1076 771 fecundus.
1100 714 1211 771 Nec
1238 715 1319 770 sic
1344 724 1524 770 tamen
1548 717 1889 786 spiritalibus
1914 720 2033 773 Itl'la
2058 720 2173 788 pal-
2270 714 2457 786 gloriae
2494 716 2689 786 cupida
2720 717 2879 773 bonis
2918 718 3083 773 etiam
3126 718 3384 789 Operiltus
3422 722 3727 792 acquisivit,
3754 737 3848 780 non

565 809 787 865 mitibus
820 817 1103 880 evagatur,
1128 811 1224 865 sed
1246 808 1308 864 ad
1342 808 1441 864 has
1471 810 1657 865 vineas
1688 820 1846 867 vocat
1870 810 2170 879 Christum,

568 902 657 958 ubi
676 902 971 974 psallentes
993 903 1103 958 sint
1135 912 1192 959 et
1212 912 1433 958 orantes
1449 944 1464 968 ,
1501 904 1594 959 ttbi
1620 904 1871 960 noctibus
1897 920 1961 962 ac
1983 904 2175 961 diebus

569 994 778 1052 fructus
806 996 1061 1052 innoxius
1090 1007 1428 1067 perseveret.
1894 1063 1911 1076 .

644 1087 733 1145 l9.
764 1088 949 1164 (Vers.
985 1090 1102 1163 {2.)
1137 1088 1256 1157 Ibi,
1292 1092 1501 1162 inquit,
1550 1092 1685 1147 dabo
1722 1092 1881 1148 ubera
1925 1111 2071 1162 mea,
2108 1095 2179 1149 ibi

573 1182 941 1253 mandragorte
987 1182 1239 1237 dederunt
1268 1184 1500 1237 odorem.
1554 1183 1810 1256 Plerique
1859 1184 2182 1243 discernunt

572 1274 865 1346 quemdam
911 1274 1061 1331 inter
1104 1276 1498 1346 mandragoras
1529 1291 1756 1343 sexum;
1804 1288 1862 1333 ut
1907 1288 1962 1334 et
2003 1295 2183 1336 mares

577 1376 631 1422 et
660 1367 891 1422 feminas
923 1377 1120 1439 putent
1162 1383 1318 1436 esse,
1367 1371 1462 1426 sed
1498 1369 1725 1426 feminas
1753 1373 1934 1443 gravis
1973 1373 2178 1431 odoris.

578 1458 863 1531 Significat
892 1476 1025 1532 ergo
1059 1470 1282 1532 gentes,
1315 1478 1437 1533 quae
1469 1473 1596 1530 ante
1626 1463 1871 1521 fetebant
1893 1508 1907 1533 ,
1937 1481 2060 1521 cum
2093 1483 2175 1522 es-

577 1560 704 1608 sent
732 1551 1063 1609 infirmiores
1092 1553 1298 1610 evirata
1338 1556 1569 1625 quadam
1599 1557 1979 1615 imbecillitate
2017 1560 2184 1631 perli-

580 1644 717 1712 αἰαὶ,
750 1647 876 1702 boni
902 1648 1088 1703 odoris
1117 1648 1323 1705 fructus
1352 1649 1495 1706 ferre
1523 1651 1787 1721 coepisse,
1814 1662 2100 1724 postquam
2134 1659 2185 1709 in

580 1739 875 1795 adventum
908 1740 1118 1796 Domini
1150 1742 1520 1799 crediderunt.
1554 1744 1812 1815 Legimus
1845 1746 2009 1801 etiam
2041 1747 2187 1818 quod

2275 807 2421 862 inani
2465 809 2742 865 saecularis
2772 811 3029 880 jactantia
3062 811 3287 867 ambivit
3314 812 3590 883 dignitatis
3612 856 3627 880 ,
3657 813 3755 870 hoc
3779 824 3853 871 est

2276 904 2422 958 enim
2456 912 2621 974 caput
2663 921 2854 973 suum,
2893 915 2949 961 et
2979 905 3248 975 quoddam
3292 922 3548 962 sensuum
3582 908 3854 980 principale

2277 1009 2438 1065 Supra
2486 1012 2701 1051 manum
2729 998 3008 1067 sapientia:
3052 998 3406 1055 constituere.
3452 1000 3569 1069 Ea,
3615 1001 3853 1072 inquam,

2279 1091 2462 1145 anima
2493 1092 2703 1148 meritis
2734 1092 2981 1148 ascendit
3014 1093 3353 1162 albentibus,
3389 1110 3457 1149 ex
3499 1095 3601 1150 isto
3624 1096 3740 1149 vita:
3766 1094 3856 1149 bu-

2277 1183 2367 1255 jus
2408 1193 2468 1238 ut
2502 1186 2746 1255 plerique
2784 1185 2984 1242 habent
3024 1185 3270 1253 deserto,
3305 1187 3371 1240 ad
3404 1186 3555 1241 illum
3598 1186 3856 1243 ﬂorentem

2285 1293 2503 1348 semper
2534 1280 2711 1335 locum
2742 1280 3100 1348 jucunditatis
3126 1291 3369 1334 aeternae.

2355 1372 2410 1427 2.
2441 1371 2560 1427 Istae
2580 1382 2708 1428 sunt
2733 1374 3129 1444 virtutes,’quae
3155 1383 3209 1426 et
3232 1372 3283 1426 in
3308 1371 3487 1428 Esaiae
3511 1372 3646 1428 libro
3666 1372 3858 1429 dicunt:

2292 1465 2423 1534 Quis
2450 1476 2523 1520 est
2552 1467 2651 1522 iste
2679 1467 2767 1537 qui
2806 1466 3015 1521 advenit
3045 1468 3108 1520 de
3136 1464 3336 1534 Edam,
3370 1468 3530 1521 rubor
3557 1466 3861 1522 vestimento-

2287 1575 2405 1613 rum
2435 1574 2497 1613 ex
2532 1557 2728 1624 Bosar,
2761 1559 2836 1613 sic
2865 1559 3128 1631 speciosus
3153 1560 3207 1612 in
3237 1558 3370 1613 stola
3398 1558 3570 1629 (Esai.
3601 1571 3756 1623 thtt,
3787 1556 3865 1629 l)?

2289 1652 2414 1709 Isne
2434 1696 2447 1716 ,
2471 1652 2690 1723 inquam
2714 1696 2729 1719 ,
2763 1664 2889 1708 sunt
2919 1669 3038 1724 qua:
3062 1654 3330 1708 mirantur
3352 1668 3418 1708 ex
3444 1652 3548 1707 isto
3572 1651 3865 1722 confragoso

2291 1746 2690 1817 scepulosoque
2747 1747 2965 1802 deserto
3021 1746 3257 1815 aliquam
3306 1744 3607 1800 ascendere
3652 1744 3864 1821 animant

585 1833 981 1905 mandragoras
1020 1836 1295 1906 acceperit
1323 1847 1511 1892 sancta
1558 1837 1757 1893 Rachel
1793 1854 1823 1894 a
1865 1855 2058 1895 sorore
2086 1855 2183 1895 sua
2215 1831 2263 1891 B
2293 1857 2482 1911 posse,
2512 1844 2631 1896 sine
2662 1856 2981 1911 magnorum
3010 1839 3131 1894 labe
3165 1839 3454 1904 vitiorum;
3484 1847 3538 1893 et
3562 1836 3681 1892 ideo
3705 1846 3867 1908 gratu-

586 1923 682 1980 l.ia
709 1968 724 1992 ,
759 1935 818 1980 ut
844 1926 1173 1983 concederet
1198 1928 1247 1983 ei
1279 1927 1368 1983 illa
1403 1938 1562 1985 nocte
1589 1930 1828 1986 dormire
1851 1946 1973 1987 cum
2000 1941 2191 1988 sancto

587 2019 777 2075 Jacob.
817 2021 1207 2091 Mandragoras
1256 2023 1450 2079 Ruben
1500 2025 1891 2095 primogenitus
1934 2027 2193 2083 attulerat

592 2114 752 2169 matri
783 2129 898 2169 sua:
925 2114 1039 2170 Lize
1060 2157 1074 2181 ,
1107 2131 1228 2187 qua:
1268 2117 1622 2187 lippientibus
1651 2119 1858 2187 oculis,
1892 2121 2194 2193 Synagogte

592 2208 822 2278 figuram
847 2209 1232 2280 accepit;quia
1256 2209 1456 2266 Christi
1486 2214 1715 2282 gratiam
1743 2213 1931 2269 videre
1964 2229 2072 2270 non
2100 2229 2196 2285 po-

597 2302 729 2371 tuit,
763 2301 1022 2359 hebetato
1044 2303 1241 2360 debilis
1268 2305 1466 2360 mentis
1494 2306 1709 2363 obtutu.
1735 2307 1854 2377 Quo
1885 2308 2198 2365 declaratur

597 2394 740 2466 quod
772 2394 980 2451 fructus
1010 2412 1149 2468 quos
1175 2409 1304 2454 ante
1334 2398 1618 2472 Syoagoga
1649 2417 1677 2455 a
1709 2402 2073 2473 primogenita
2101 2402 2201 2458 Dei

599 2486 739 2543 Filio
762 2500 1109 2561 susceperat,
1142 2493 1406 2550 Ecclesiae
1433 2498 1730 2552 concessit.
1762 2495 1869 2553 Sed
1897 2499 2021 2567 quia
2056 2498 2200 2556 illius

601 2580 778 2636 noctis
818 2582 987 2651 petito
1024 2584 1319 2641 concubitu
1356 2589 1610 2658 concepit
1645 2598 1700 2644 et
1742 2590 1930 2659 genuit
1962 2589 2056 2646 Lia
2088 2607 2202 2648 suae

603 2675 938 2748 posteritatis
962 2677 1233 2735 lueredem
1253 2721 1268 2744 ,
1300 2680 1546 2752 implevit
1567 2684 1914 2755 mysterium;
1944 2687 2200 2756 quoniam

603 2768 951 2828 credentibus
969 2772 1259 2841 apostolis,
1274 2775 1518 2845 reliquiae
1535 2775 1847 2833 Judtcorum
1864 2794 1961 2849 per
1981 2780 2205 2836 electio-

608 2879 734 2921 nem
764 2864 955 2934 gratia:
985 2866 1152 2922 salvas
1186 2868 1344 2923 facta:
1371 2879 1535 2937 sunt,
1570 2871 1711 2925 unde
1738 2873 1813 2926 ait
1842 2872 2085 2929 Ecclesia
2119 2894 2132 2930 :

677 2956 771 3013 20.
803 2957 986 3028 (Vers.
1017 2957 1134 3032 15.)
1178 2961 1326 3017 Νουα
1358 2972 1403 3015 ει
1443 2972 1649 3030 vetera,
1683 2973 1847 3035 frater
1883 2982 2028 3022 meus
2050 3009 2064 3033 ,
2095 2984 2206 3022 ser-

607 3050 720 3105 vavi
749 3051 862 3105 tibi.
900 3052 1029 3119 Quis
1057 3053 1199 3108 dabit
1223 3064 1272 3108 te
1297 3060 1512 3126 fratrem
1538 3058 1814 3112 laetantem
1846 3060 2000 3114 ubera
2030 3063 2211 3117 matris

610 3142 1070 3201 mete?1nveniens
1095 3157 1144 3202 te
1173 3149 1305 3219 foris
1326 3191 1341 3215 ,
1376 3150 1652 3205 osculabar
1675 3162 1753 3215 te,
1786 3163 1833 3207 et
1861 3152 2067 3226 quidem
2107 3174 2210 3211 non

2299 1935 2481 1989 lantur
2508 1944 2810 2004 repertam,
2864 1949 2985 2004 quae
3034 1932 3359 1988 vestimenta
3391 1930 3707 1987 innocentia:
3733 1935 3864 1982 ualu-

2298 2029 2428 2084 ralis
2472 2046 2577 2084 non
2619 2028 2872 2098 polluerit
2909 2035 3216 2083 atramento
3242 2025 3575 2097 insipientia:
3594 2021 3865 2087 saecularis,

2300 2122 2395 2177 sed
2426 2121 2597 2193 magis
2618 2121 2897 2191 sapientiae
2919 2119 3180 2190 spiritalis
3205 2129 3260 2175 et
3279 2119 3471 2189 gratia:
3486 2117 3717 2174 candore
3735 2130 3870 2171 mun-

2302 2214 2462 2269 darit.
2509 2215 2861 2270 Admirantur
2896 2214 3022 2269 filia:
3050 2212 3394 2268 llierttsalem
3419 2254 3433 2279 ,
3483 2221 3679 2268 sancta:
3700 2210 3870 2265 animat

2304 2306 2735 2376 patriarcharum
2770 2317 2822 2361 et
2867 2306 3253 2377 prophetarum
3277 2348 3292 2370 ,
3337 2314 3689 2375 veterumque
3722 2304 3870 2371 justo-

2304 2415 2457 2466 rum,
2490 2400 2573 2454 vel
2602 2400 2852 2455 caelestes
2882 2400 3137 2469 potentiae
3164 2398 3413 2454 dicentes
3438 2415 3452 2451 :
3489 2409 3511 2436 ε
3541 2398 3665 2466 Qut:
3690 2405 3758 2450 est
3779 2393 3871 2448 lucc

2304 2511 2420 2566 qua:
2462 2494 2694 2549 ascendit
2727 2494 2967 2549 dealbata
3012 2494 3235 2549 innitens
3272 2510 3431 2561 super
3469 2496 3679 2564 fratrem
3704 2486 3870 2544 suum?

2309 2586 2422 2642 Hoc
2451 2598 2536 2644 est
2560 2629 2575 2652 ,
2610 2586 2808 2642 talibus
2847 2585 3286 2642 solemnitatibus
3328 2584 3500 2656 fulget
3543 2582 3799 2646 Ecclesia,
3826 2584 3872 2635 et

2308 2695 2428 2750 quae
2459 2688 2584 2735 ante
2614 2695 2709 2749 per
2737 2680 2880 2734 diem
2913 2678 3058 2734 quca
3091 2689 3241 2744 erat,
3271 2677 3384 2749 jam
3416 2676 3662 2748 splendet
3688 2674 3737 2729 iu
3763 2687 3871 2728 nec.

2313 2771 2456 2827 tibus
2473 2812 2488 2838 ,
2513 2780 2570 2826 et
2592 2771 2815 2828 relucet.
2842 2770 2962 2842 Ipse
2987 2786 3203 2842 quoque
3226 2769 3491 2826 Dominus
3511 2777 3657 2824 tanto
3680 2778 3872 2823 munere

2312 2864 2661 2933 psallentium
2694 2864 2997 2920 delectatus
3024 2864 3103 2919 ait
3127 2880 3141 2919 :

2385 2957 2439 3011 '5.
2488 2957 2669 3029 (Vers.
2699 2957 2781 3031 6.)
2835 2956 2980 3012 Pone
3024 2976 3104 3013 me
3150 2968 3206 3012 ut
3252 2958 3580 3028 signaculum
3626 2971 3768 3027 super
3801 2966 3874 3005 cor

2316 3060 2483 3117 tuum,
2515 3061 2568 3104 ut
2588 3052 2821 3124 sigillum
2841 3069 2995 3122 super
3017 3051 3282 3106 brachium
3304 3061 3455 3105 tuum
3474 3066 3491 3113 ς
3509 3050 3626 3120 quia
3641 3046 3797 3103 valida
3814 3051 3873 3098 est

2318 3156 2373 3200 ut
2400 3162 2539 3200 mors
2560 3147 2804 3213 cltaritas,
2829 3146 2992 3200 durus
3019 3145 3230 3219 1613
3249 3146 3385 3200 sicut
3416 3145 3591 3215 inferi,
3612 3143 3741 3199 zelus
3760 3152 3873 3194 tuus.

607 3252 851 3310 spernent
879 3259 977 3297 me.
1004 3242 1278 3298 Assumam
1308 3256 1357 3299 te
1382 3255 1429 3299 et
1459 3246 1704 3302 inducam
1725 3250 1778 3303 in
1801 3251 2010 3305 domum
2032 3255 2204 3309 matria

2318 3239 2431 3293 Alte
2455 3240 2588 3311 ejus,
2619 3239 2718 3294 ala:
2739 3240 2893 3310 ignis,
2923 3249 2970 3293 et
2994 3241 3238 3311 ﬂammae.
3270 3238 3422 3309 Aqua
3450 3242 3614 3294 multa
3638 3232 3876 3293 excludere

610 3348 757 3394 metu.
783 3342 831 3386 et
860 3334 915 3387 in
941 3345 1194 3390 secretum
1217 3340 1327 3410 ejus
1355 3354 1470 3406 quae
1490 3342 1727 3408 concepit
1766 3359 1874 3405 me.
1907 3344 1982 3398 ibi
2006 3344 2212 3401 docebis

613 3443 715 3482 me.
748 3426 960 3483 llabcns
984 3443 1115 3500 ergo
1137 3429 1573 3487 informationem
1602 3450 1862 3489 novarum
1891 3448 1944 3492 ct
1970 3448 2210 3494 veterum

616 3520 1044 3591 Scripturarum,
1062 3537 1163 3578 nec
1189 3522 1578 3592 despicabilem
1608 3541 1668 3581 se
1697 3530 1960 3595 sentiens,
1994 3545 2102 3586 non
2127 3547 2216 3586 so-

617 3613 727 3668 lum
759 3614 1099 3669 orationibus
1126 3615 1178 3670 in
1207 3627 1421 3673 secreto
1442 3619 1624 3673 cordis
1652 3618 1884 3676 Verbum
1915 3632 2092 3692 tenet,
2124 3642 2217 3682 ve-

620 3722 738 3763 rum
761 3707 924 3762 etiam
949 3708 1233 3778 psallentis
1256 3708 1409 3765 chori
1434 3712 1657 3768 vocibus
1676 3754 1691 3779 ,
1723 3713 1873 3769 velut
1892 3716 2216 3787 quibusdam

620 3816 742 3855 cum
772 3803 959 3870 gratiae
986 3801 1188 3856 osculis
1213 3803 1511 3859 osculatur.

690 3890 751 3947 2|
770 3933 783 3948 .
814 3900 839 3929 ³
875 3891 1024 3947 Nova
1046 3902 1092 3946 et
1117 3903 1319 3962 vetera,
1346 3898 1504 3967 frater
1531 3909 1676 3952 meus
1698 3942 1712 3965 ,
1739 3901 1937 3956 servavi
1962 3901 2052 3955 tibi
2072 3920 2093 3968 ;
2119 3902 2221 3959 hoc

624 3983 951 4053 estdicere,
1007 3994 1168 4043 teneo
1207 3988 1388 4043 omnia
1442 3988 1694 4045 mandata
1745 3994 1869 4048 novi
1920 4005 1977 4050 et
2018 3997 2223 4052 veteris

619 4079 974 4136 TeSIamenti.
1026 4081 1148 4136 Sola
1194 4082 1297 4138 hoc
1337 4083 1522 4140 dicere
1563 4086 1809 4142 Ecclesia
1856 4096 2079 4158 potest:
2116 4105 2221 4145 non

622 4172 751 4229 dicit
786 4173 891 4230 alia
930 4178 1314 4248 congregatio,
1351 4194 1455 4232 non
1484 4178 1618 4235 dicit
1648 4181 1931 4253 Synagoga
1953 4224 1969 4251 ,
2003 4199 2101 4238 nec
2134 4199 2224 4239 se-

625 4268 861 4325 cundum
890 4271 1128 4327 litteram
1164 4287 1301 4327 nova
1332 4280 1566 4339 tenens;
1601 4290 1705 4331 nec
1733 4276 2032 4333 secundum
2065 4279 2228 4349 spiri-

626 4374 736 4419 tum
758 4372 965 4421 vetera.
993 4366 1110 4421 Non
1134 4366 1266 4422 dicit
1291 4366 1519 4423 haeresis
1540 4368 1831 4425 Manichzea
1856 4412 1870 4435 ,
1900 4370 2091 4426 Vetera
2114 4389 2227 4427 ser-

626 4456 739 4510 vavi
781 4455 905 4526 tibi,
933 4472 1053 4529 qua:
1097 4460 1391 4529 prophetas
1414 4474 1533 4515 ‘non
1565 4460 1811 4532 suscipit.
1845 4462 2037 4518 Merito
2078 4463 2230 4520 deal-

628 4551 751 4608 bata
784 4551 1002 4616 dicitur,
1027 4567 1146 4623 qua:
1173 4551 1455 4622 utriusque
1478 4551 1645 4624 fulget
1665 4554 1839 4624 gratia
1862 4554 2223 4613 Testamenti.

2319 3349 2422 3387 non
2445 3335 2628 3403 poterit
2647 3332 2969 3400 charitatem,
2988 3342 3034 3387 et
3046 3333 3265 3404 ﬂumina
3282 3348 3387 3387 non
3402 3333 3611 3387 obruent
3631 3344 3753 3384 eam.
3765 3323 3876 3394 Quia

2317 3427 2673 3482 vidit'tautam
2696 3428 3040 3483 devotionem
3067 3427 3335 3495 Ecclesia,
3372 3428 3596 3485 idoneos
3616 3428 3756 3495 putat
3778 3431 3878 3474 esse

2315 3519 2426 3589 jam
2466 3520 2696 3590 populos
2719 3561 2732 3585 ,
2764 3523 2852 3589 qui
2886 3519 2940 3574 in
2981 3522 3146 3576 corde
3188 3531 3380 3577 nostro
3417 3531 3470 3575 et
3500 3520 3553 3575 in
3593 3512 3797 3572 brachio
3819 3509 3877 3564 sio

2320 3610 2605 3681 gnaculum
2645 3610 2762 3681 ejus
2792 3620 3015 3682 portare
3049 3612 3339 3683 possimus.
3376 3612 3555 3684 Ipsum
3583 3608 3718 3664 cuitu
3748 3605 3879 3660 Pater

2322 3704 2554 3775 signavit
2588 3705 2759 3771 Deus,
2792 3715 2847 3760 et
2883 3705 2977 3777 qui
3006 3706 3382 3761 testimonium
3422 3706 3539 3776 ejus
3577 3700 3795 3770 accepit.
3822 3694 3880 3748 Si-

2322 3797 2505 3869 gnavit
2537 3797 2659 3868 quia
2696 3799 2833 3852 licus
2861 3812 3027 3852 verax
3055 3806 3171 3864 est;
3203 3807 3256 3853 et
3278 3798 3405 3855 ideo
3431 3803 3708 3868 operantes
3729 3788 3879 3845 cibum

2326 3895 2804 3965 permanentemin
2831 3894 2995 3949 vitam
3021 3904 3309 3962 :eternam,
3334 3893 3535 3965 signati
3558 3885 3751 3947 suntad
3768 3884 3879 3939 ima-

2326 3988 2509 4059 ginem
2537 3997 2592 4043 et
2631 3987 3039 4044 similitudinem
3067 3986 3306 4055 Christi,
3336 3987 3434 4059 qui
3464 3995 3547 4042 est
3582 3985 3745 4052 imago
3771 3973 3883 4032 invi-

2327 4082 2501 4137 sibilis
2535 4082 2648 4138 Dei.
2696 4082 2847 4139 Sicut
2875 4098 3005 4153 ergo
3052 4082 3193 4138 Deus
3224 4097 3391 4138 verax
3433 4090 3548 4148 est;
3589 4088 3644 4135 et
3683 4087 3732 4133 tu
3757 4073 3882 4142 signa

2330 4179 2383 4233 in
2416 4188 2504 4232 tuo
2535 4193 2699 4233 sensu
2727 4188 2779 4231 et
2805 4194 2973 4248 opere
3003 4178 3322 4242 veritatem;
3360 4186 3422 4232 ut
3446 4192 3508 4231 os
3540 4185 3679 4230 tuum
3703 4181 3795 4227 non
3822 4164 3884 4219 lo-

2328 4279 2527 4340 quatur
2555 4270 2895 4326 mendacium
2912 4312 2929 4337 7.
2954 4286 3148 4326 manus
3171 4281 3277 4326 tuae
3306 4288 3415 4327 non
3442 4278 3726 4342 operentur
3746 4270 3883 4331 opera

2332 4362 2637 4432 hominum,
2655 4380 2774 4435 qua:
2797 4374 2923 4420 sunt
2947 4363 3151 4421 fallacis
3172 4365 3328 4421 istius
3342 4364 3533 4421 mundi
3549 4382 3561 4416 :
3576 4361 3665 4418 sed
3690 4357 3771 4414 illa
3788 4365 3885 4425 qua:

2331 4453 2429 4510 Dei
2474 4465 2634 4520 sunt,
2678 4464 2735 4511 ut
2777 4457 3109 4528 pauperibus
3135 4457 3474 4528 largiantur,
3515 4454 3711 4511 debiles
3735 4442 3887 4503 suble-

2335 4558 2495 4617 vent,
2521 4562 2767 4605 mortuos
2798 4552 3067 4607 honorent
3092 4550 3314 4607 tumulis
3338 4551 3649 4621 sepultum.
3670 4542 3754 4599 His
3777 4549 3886 4609 ope-

700 4643 794 4698 22.
814 4621 1066 4712 Adiuravi
1093 4662 1198 4710 vos,
1222 4645 1350 4716 ﬁliw
1374 4621 1880 4717 Hierusvolem,'quod
1901 4650 2155 4706 ιηεεῑιειῑε
2178 4661 2228 4706 ej
2255 4621 2306 4682 Ῑ)
2333 4639 2488 4698 ribus
2509 4641 2745 4697 charitas
2767 4646 3028 4714 qureritur
3046 4686 3061 4711 ,
3089 4652 3146 4698 ut
3172 4659 3332 4699 nemo
3354 4643 3527 4716 possit
3547 4657 3575 4696 a
3597 4637 3796 4695 Christo
3819 4624 3887 4683 vel

632 4741 942 4796 resuscitetis
965 4742 1288 4797 dilectionem
1310 4759 1575 4812 usquequo
1597 4744 1838 4800 voluerit.
1864 4745 2057 4803 Adhuc
2080 4764 2231 4819 quae-

634 4832 706 4887 rit
741 4832 1095 4887 suscitantem
1122 4874 1137 4899 ,
1172 4842 1227 4889 et
1254 4836 1503 4891 suscitari
1534 4852 1654 4892 eam
1687 4837 1789 4894 sibi
1829 4842 2005 4906 poscit
2032 4856 2060 4896 a
2097 4842 2233 4899 lilia-

634 4924 735 4980 bus
762 4924 1094 4981 Hierusalem
1114 4968 1129 4992 ,
1157 4943 1383 4998 quarum
1413 4933 1582 5000 gratia
1600 4974 1615 4999 ,
1646 4931 1752 4988 hoc
1782 4943 1864 4988 est
1884 4976 1898 5000 ,
1926 4935 2228 4993 animarum

637 5017 876 5072 fidelium
906 5017 1181 5088 Sponsum
1210 5021 1265 5076 in
1295 5037 1535 5078 amorem
1567 5024 1648 5079 sui
1679 5025 1983 5082 uberiorem
2014 5028 2234 5085 deside—

637 5120 723 5166 rat
752 5114 1054 5181 provocari.
1081 5113 1274 5169 Dicunt
1305 5114 1487 5186 itaque
1528 5116 1761 5173 virtutes
1792 5118 1933 5189 illae,
1957 5136 2079 5191 quae
2110 5135 2233 5191 por—

635 5216 717 5263 tas
746 5206 1061 5263 cuswdiuut
1089 5209 1232 5264 caeli.

1118 5344 1348 5404 CAPUT
1385 5345 1746 5405 OCTAVUM.

710 5487 761 5542 1.
798 5485 976 5555 (Vera.
1005 5482 1088 5553 5.)
1121 5480 1150 5522 δ
1173 5481 1302 5548 θυαε
1331 5491 1404 5537 est
1439 5499 1556 5553 qutv
1579 5483 1689 5539 lucc
1719 5487 1955 5542 ascendit
1985 5487 2230 5555 candida,

634 5579 860 5637 innitens
889 5593 1045 5649 super
1065 5580 1277 5649 fratrem
1306 5576 1495 5632 suum?
1518 5576 1804 5647 Quomodo
1833 5596 1895 5636 ea
1919 5597 2038 5653 quze
2056 5581 2236 5653 posuit

706 5766 733 5797 ι
763 5754 823 5826 ln
845 5753 986 5826 psal.
1015 5767 1179 5810 cxvnt
1200 5791 1215 5818 ,
1246 5764 1412 5806 serm.
1446 5748 1519 5826 2‘2
1539 5790 1554 5816 ,
1585 5764 1733 5805 num.
1764 5749 1853 5826 335.

706 5827 733 5863 ι)
765 5823 821 5883 1η
849 5818 987 5898 psali
1019 5838 1179 5881 csvnt
1208 5864 1220 5882 .
1257 5836 1423 5879 verm.
1462 5823 1559 5879 lt.
1593 5836 1740 5876 nttm.
1771 5818 1860 5877 Μ.

2338 4734 2581 4805 periculo
2615 4735 2805 4790 mortis
2832 4737 3034 4803 avelli;
3070 4736 3214 4793 unde
3244 4737 3336 4793 ille
3363 4738 3477 4793 ait:
3508 4735 3632 4803 Quis
3657 4746 3741 4787 nos
3768 4738 3888 4796 δερασ

2336 4826 2469 4881 rabit
2496 4844 2528 4880 a
2556 4825 2762 4883 Christo
2788 4829 2812 4883 Ρ
2846 4828 3128 4885 Tribulatio
3148 4869 3164 4897 ,
3192 4845 3261 4884 an
3288 4829 3527 4901 angustia
3549 4869 3564 4894 ,
3595 4842 3659 4880 an
3683 4829 3888 4892 ρετεεοαο

2338 4922 2409 4976 tio
2437 4920 2616 4994 (Rom.
2660 4939 2786 4989 vttt,
2818 4922 2957 4993 55)?
2989 4924 3052 4979 Et
3079 4924 3218 4978 infra
3245 4941 3257 4977 :
3290 4921 3509 4995 Conﬁdo
3536 4920 3663 4977 enim
3689 4913 3795 4987 quia
3818 4922 3889 4962 nr-

2335 5031 2435 5085 que
2464 5032 2602 5071 mors
2624 5058 2637 5082 ,
2670 5034 2831 5087 neque
2860 5018 2994 5083 vita,
3026 5034 3185 5089 neque
3208 5018 3383 5088 angeli
3410 5013 3612 5091 (Ibid.).

2410 5111 2465 5165 4.
2518 5109 2594 5164 Ea
2636 5112 2819 5182 specie
2872 5113 3039 5167 etiam
3088 5113 3239 5168 zelus
3274 5112 3446 5168 durus
3480 5119 3562 5166 est
3608 5095 3886 5163 cltaritatis,

2344 5211 2400 5258 et
2442 5203 2547 5259 ala:
2575 5203 2693 5273 ejus
2741 5205 2843 5260 alae
2892 5204 3055 5277 ignis.
3086 5204 3262 5260 Habet
3310 5204 3426 5258 alas
3472 5203 3612 5259 sicut
3651 5190 3886 5253 columba.

2343 5307 2472 5352 sunt
2520 5298 2665 5355 enim
2716 5314 2909 5369 pennae
2967 5300 3237 5355 columba:
3283 5298 3678 5369 deargentatte,
3726 5282 3890 5358 quibus

2342 5396 2529 5450 evolat
2552 5397 2645 5467 qui
2678 5396 2889 5467 diligit,
2916 5396 3139 5452 dicens:
3170 5394 3306 5451 Ecce
3340 5392 3572 5465 elongavi
3621 5385 3820 5477 fugiens,
3842 5381 3891 5477 ξι

2344 5491 2511 5545 mansi
2535 5491 2591 5545 in
2611 5490 2890 5546 solitudine
2912 5493 2929 5561 (
2945 5489 3095 5546 Psal.
3121 5506 3229 5556 LIV,
3274 5487 3365 5562 8).
3394 5486 3499 5544 Sed
3530 5483 3627 5540 ala:
3650 5474 3891 5562 cltaritttlis

2342 5582 2447 5640 alte
2482 5585 2795 5656 suntignis,
2823 5560 3023 5655 quibus
3070 5560 3382 5641 dilectionis
3430 5579 3715 5636 inﬂammat
3754 5560 3890 5621 ardo-

2424 5760 2443 5791 r
2479 5753 2536 5811 ln
2570 5754 2705 5827 psal.
2737 5756 2934 5822 cxvtit.
2964 5769 3130 5813 serm;
3167 5751 3263 5825 19,
3293 5765 3442 5812 num.
3475 5744 3544 5803 υ
3571 5753 3626 5806 οι
3650 5752 3754 5812 ’θαι
