4016 6492
81 352 232 412 1953

1101 353 1143 409 Ε
1185 352 1497 410 SCllll’TlS
1536 354 1593 410 S.
1636 349 1963 409 AMBROSII
2001 346 2428 406 COLLECTUS;

3257 345 3280 402 l
3290 344 3399 407 954

76 488 229 528 rem.
285 472 400 529 lloc
428 487 631 544 vapore
665 472 791 528 fecit
820 471 1086 528 Dominus
1130 473 1408 530 ferventes
1452 474 1693 546 Angelos
1722 479 1774 539 Α
1800 471 2001 527 cimur.
2036 469 2423 524 l'arturiuntur
2453 472 2634 521 autem
2669 464 2723 519 in
2755 461 2951 535 quibus
2984 462 3162 531 imago
3202 457 3408 515 Christi

78 581 224 620 suos
280 566 532 636 spiritus,
575 576 630 618 et
679 563 958 618 ministros
1013 579 1140 620 suos
1186 563 1367 636 ignem
1419 574 1693 632 urentem,

81 655 188 712 sed
239 672 348 711 non
395 665 737 712 exurentem.
785 655 1042 733 Legimus
1081 665 1136 712 et
1174 657 1319 712 alam
1359 658 1571 728 templi,
1602 673 1695 713 suo

85 764 191 819 pra
218 766 381 820 quam
410 749 662 806 diabolus
690 758 928 817 tentaus,
961 749 1092 805 fecit
1116 750 1419 806 ascendere
1452 750 1700 807 Salvato-

85 857 237 907 rem,
292 856 415 912 quae
465 851 584 897 crat
631 840 688 896 in
718 842 912 913 templi
960 841 1200 899 culmine
1241 840 1462 913 (Matth.
1512 858 1586 909 tv,
1620 840 1698 914 ὃ).

83 935 239 991 Sunt
277 949 413 1007 ergo
437 934 653 1006 fastigia
684 935 928 1007 pietatis,
958 949 1085 992 sunt
1127 937 1365 992 culmina
1394 937 1700 1001 charitatis,

85 1042 221 1096 quae
279 1041 538 1097 vaporem
595 1028 791 1098 gratice
832 1028 1145 1098 pectoribus
1187 1027 1441 1082 humanis
1481 1027 1707 1083 adolere

86 1131 543 1188 consueverunt;
568 1130 627 1176 ut
654 1121 823 1176 multa
853 1137 997 1193 aqua
1019 1121 1371 1193 exstinguere
1405 1130 1569 1192 atque
1605 1135 1705 1175 ex—

88 1213 327 1270 cludere
355 1229 462 1270 non
493 1228 655 1286 queat
685 1216 1036 1282 charitatem,
1071 1226 1123 1271 et
1145 1214 1365 1270 ﬂumina
1385 1230 1508 1271 eam
1535 1229 1710 1270 saecu-

97 1306 312 1363 larium
334 1315 726 1378 tempestatum
752 1308 898 1362 nulla
920 1308 1269 1363 concludant.
1311 1308 1556 1364 Diximus
1584 1308 1710 1379 quia

95 1401 350 1457 charitas
371 1401 614 1457 excludit
645 1403 922 1469 timorem.
955 1420 1062 1458 non
1091 1401 1329 1457 diximus
1359 1402 1503 1474 quod
1526 1402 1713 1458 exclu-

98 1493 193 1549 dit.
246 1509 464 1550 omnem
523 1495 1032 1564 perturbationem;
1115 1496 1316 1550 ctenim
1392 1496 1485 1566 qui
1540 1495 1712 1550 Deum

103 1589 315 1661 diligit,
351 1588 616 1660 profunda
645 1599 729 1645 est
757 1589 805 1646 ei
834 1589 1167 1673 confirmatae
1208 1589 1409 1645 mentis
1448 1589 1713 1661 tranquil-

106 1682 265 1739 litas.

278 1775 462 1848 (Vers.
488 1776 540 1831 7.
568 1776 633 1849 )ﬂ
679 1777 864 1849 Aqute,
905 1776 1099 1848 inquit,
1130 1776 1309 1832 multa:
1338 1793 1441 1831 non
1482 1783 1719 1847 poterunt

1798 564 2089 629 formatur,
2143 559 2287 616 unde
2328 556 2542 632 1614
2569 567 2624 613 et
2652 556 2852 612 Paulus
2888 552 2963 609 ait
2995 572 3008 607 :
3055 551 3237 607 Filioli
3276 566 3403 621 quos

1798 674 1893 729 ego
1915 658 2173 728 parturio,
2199 657 2363 710 donec
2392 659 2648 725 [armetur
2675 649 2909 706 Christus
2940 649 2993 704 in
3018 647 3159 704 vobis
3199 644 3401 720 (Galut.

1800 769 1876 821 tv,
1926 750 2045 824 t9).
2079 753 2373 807 Parturivit
2401 750 2551 807 enim
2582 749 2674 821 qui
2704 747 2760 803 in
2800 754 2959 802 utero
3000 743 3197 814 accipit
3242 738 3407 811 Spiri-

1804 856 1915 900 tum
1939 844 2156 909 salutis,
2183 854 2238 899 et
2264 843 2386 899 aliis
2415 841 2674 898 infundit.
2705 838 2861 896 Unde
2882 837 3143 910 quoniam
3159 835 3271 906 jam
3299 832 3411 889 for-

1805 948 1985 993 tnatus
2010 937 2064 991 in
2089 937 2193 991 hac
2221 944 2341 991 erat
2365 934 2641 1000 Christus.
2667 935 2745 989 ait
2771 951 2784 988 :

1877 1036 1931 1088 9.
1964 1031 2146 1105 (Vers.
2179 1031 2260 1103 6.)
2293 1030 2439 1085 Pone
2464 1046 2545 1085 me
2569 1039 2626 1084 ut
2662 1028 2991 1100 signaculum
3031 1025 3091 1081 in
3123 1039 3213 1080 cor
3243 1033 3411 1089 tuum,

1809 1135 1865 1180 ut
1887 1125 2120 1196 sigillum
2149 1124 2204 1178 in
2233 1123 2501 1177 brachium
2533 1131 2699 1177 tuum.
2733 1119 3086 1192 Signaculum
3116 1115 3320 1173 Christi
3358 1114 3415 1169 in

1810 1218 1990 1275 fronte
2017 1225 2122 1285 est,
2148 1218 2490 1288 signaculum
2519 1217 2574 1271 in
2602 1214 2766 1272 corde
2803 1232 2817 1268 :
2845 1216 2902 1270 in
2927 1212 3134 1280 fronte,
3182 1220 3239 1266 ut
3269 1225 3417 1266 sem-

1812 1326 1909 1382 per
1935 1310 2296 1366 contitramur
2329 1326 2343 1365 :
2386 1310 2440 1364 in
2473 1309 2662 1376 corde,
2695 1316 2755 1362 ut
2814 1321 3034 1377 semper
3079 1304 3372 1377 diligamus
3399 1318 3419 1362 ξ

1813 1405 2155 1476 signaculum
2188 1405 2241 1459 in
2275 1403 2516 1469 brachio,
2548 1410 2606 1457 ut
2627 1402 2849 1473 semper
2878 1415 3193 1472 operemur.
3218 1398 3423 1454 Luceat

1815 1514 1947 1568 ergo
1990 1499 2168 1568 imago
2216 1496 2335 1568 ejus
2388 1496 2442 1552 in
2483 1494 2834 1552 confessione
2879 1502 3096 1561 nostra,
3150 1493 3332 1549 luceat
3368 1490 3425 1548 in

1818 1590 2077 1656 lectione,
2126 1591 2307 1645 luceat
2357 1590 2411 1645 in
2467 1588 2728 1660 operibus
2774 1597 2832 1644 et
2858 1588 3051 1653 factis;
3107 1594 3165 1643 ut
3210 1586 3258 1642 si
3300 1580 3427 1641 ﬁeri

1821 1693 2019 1758 potest,
2055 1693 2168 1740 tota
2222 1686 2343 1755 ejus
2390 1683 2604 1756 species
2631 1682 2974 1754 exprimatur
3004 1683 3059 1736 in
3093 1679 3274 1737 nobis.
3307 1679 3431 1750 ipse

1821 1782 1893 1835 sit
1922 1786 2087 1850 caput
2128 1790 2398 1847 nostrum,
2444 1778 2571 1851 quia
2617 1789 2781 1849 caput
2825 1775 2933 1833 viri
2978 1775 3268 1832 Christus:
3311 1772 3431 1844 ipse

107 1872 395 1927 cwcludere
430 1875 752 1939 charitatem,
804 1882 855 1927 et
876 1871 1110 1941 ﬂumina
1135 1887 1239 1926 non
1278 1869 1601 1925 inundnbunt
1632 1870 1716 1940 ip-
1749 1886 1795 1949 Β
1822 1874 2016 1929 oculus
2045 1882 2252 1942 noster,
2284 1882 2340 1928 ut
2366 1888 2463 1945 per
2488 1873 2641 1928 illum
2684 1872 2965 1928 videamus
2987 1871 3222 1944 ,Patrem
3252 1885 3266 1923 :
3312 1869 3429 1939 ipse

105 1984 248 2021 sum.
287 1965 454 2021 Multa
484 1981 621 2037 aqua
651 1966 991 2021 diversarum
1028 1975 1110 2020 est
1149 1964 1489 2036 passionum,
1530 1970 1584 2019 et
1617 1961 1723 2018 llu-
1795 1977 1931 2023 “vox
1959 1976 2169 2035 nostra,
2216 1983 2317 2039 per
2366 1983 2528 2039 quam
2573 1967 2862 2039 loquamur
2882 1964 2951 2021 ad
3012 1966 3226 2021 Patrem
3259 1981 3272 2017 :
3314 1964 3435 2037 ipse.

110 2059 267 2114 mina
296 2059 638 2115 saecularium
666 2058 1025 2130 cupiditatum
1065 2057 1444 2128 corporalibus
1486 2057 1726 2113 minibus

108 2153 368 2219 incitata,
413 2166 534 2222 quae
578 2161 755 2206 tamen
811 2165 1025 2204 murum
1072 2149 1357 2205 charitatis
1404 2150 1726 2205 subvertere

111 2260 231 2300 non
298 2250 548 2316 possunt.
613 2244 852 2316 Ideoque
903 2243 1176 2300 charitate
1232 2242 1488 2300 fundatus
1549 2245 1724 2299 dicit:

112 2336 427 2393 Torrentem
450 2338 783 2409 pertransiuit
811 2338 987 2392 anima
1018 2348 1196 2392 nostra
1220 2336 1394 2410 (Psal.
1419 2352 1607 2404 cxxut,
1642 2335 1723 2408 5).

112 2431 395 2503 Numquid
428 2449 567 2505 aqua
594 2435 765 2489 maris
798 2433 1093 2489 excludere
1113 2434 1313 2505 Moysis
1341 2436 1518 2506 potuit
1547 2432 1729 2489 chari-

117 2525 331 2582 tatem?
382 2527 446 2581 l:‘.t
489 2536 551 2582 ut
595 2527 899 2583 secundum
953 2528 1195 2583 litteram
1245 2529 1341 2583 tibi
1396 2529 1730 2599 psalmorum

117 2617 303 2674 series
356 2617 716 2689 suffragetur,
771 2634 970 2689 nempe
1014 2618 1249 2690 diligens
1296 2620 1501 2687 Deum,
1556 2628 1730 2675 tutum

121 2711 237 2768 sibi
289 2711 526 2767 credidit
562 2712 669 2767 iter
704 2725 830 2769 esse
862 2727 959 2783 per
994 2712 1166 2767 maria
1199 2731 1212 2766 :
1269 2714 1362 2785 qui
1417 2723 1599 2769 autem
1625 2730 1733 2770 non

124 2806 448 2862 dilexerunt
477 2807 672 2875 Deum,
703 2810 755 2862 hi
798 2809 1037 2865 demersi
1067 2809 1342 2879 ﬂuctibus,
1382 2812 1605 2883 dignum
1642 2827 1733 2867 sa—

128 2899 347 2972 crilegii
387 2901 472 2955 sui
504 2902 708 2955 exitum
740 2902 1109 2972 pertulerunt.

211 2995 265 3049 6.
320 2992 502 3066 (Vers.
536 2990 620 3065 5.)
653 2992 680 3032 δ
714 2994 846 3063 Quae
890 3006 962 3049 est
1007 2996 1117 3050 lucc
1145 3013 1260 3067 qua:
1297 2997 1550 3062 ascendit,
1602 2996 1738 3051 inni-

135 3095 250 3141 tens
277 3101 429 3157 super
460 3087 676 3158 fratrem
713 3087 913 3142 suum?
951 3088 1213 3159 Superius
1253 3090 1543 3157 dixerunt,
1588 3093 1741 3157 Qua:-

137 3195 262 3234 nam
288 3189 361 3232 est
391 3178 501 3233 hara
530 3179 848 3250 prospiciens
876 3193 1120 3251 tanquam
1149 3183 1461 3249 diluculum,
1505 3184 1740 3255 speciosa

1824 2061 2073 2129 dextera,
2123 2077 2220 2131 per
2248 2076 2411 2133 quam
2457 2060 2572 2116 Deo
2603 2060 2753 2116 Patri
2811 2057 3144 2115 sacrificium
3182 2067 3433 2113 nostrtun

1827 2155 2139 2211 offeramus.
2194 2154 2316 2226 Ipse
2359 2169 2581 2226 quoque
2629 2163 2715 2210 est
2768 2152 3110 2224 signaculum
3143 2159 3431 2220 nostrum,

1825 2250 1973 2321 quod
2028 2259 2111 2305 est
2138 2247 2426 2305 charitatis
2456 2258 2513 2304 et
2564 2248 2921 2319 perfectionis
2978 2246 3234 2319 insigne;
3301 2247 3434 2319 quia

1828 2344 2060 2416 diligens
2091 2353 2246 2414 pater
2271 2343 2505 2415 signavit
2530 2343 2755 2410 Filium,
2795 2344 2939 2399 sicut
2964 2343 3232 2413 legimus:
3267 2342 3436 2411 Quem

1830 2434 1994 2490 Pater
2033 2437 2254 2509 signavit
2288 2433 2432 2491 Deus
2469 2433 2653 2506 (Joan.
2683 2426 2760 2505 vt,
2786 2436 2901 2507 27).
2950 2436 3205 2492 Charitas
3255 2436 3439 2507 itaque

1832 2542 2019 2586 nostra
2061 2532 2332 2586 Christus.
2366 2532 2515 2586 Bona
2544 2531 2808 2598 charitas,
2857 2531 3078 2603 quando
3123 2530 3329 2588 obtulit
3376 2545 3439 2589 se

1833 2623 1995 2678 morti
2046 2637 2144 2693 pro
2194 2623 2411 2678 dilectis
2446 2640 2460 2678 :
2494 2623 2637 2678 bona
2691 2624 2930 2679 charitas
2983 2640 3107 2695 qua:
3155 2633 3439 2695 peccatum

1834 2714 2063 2772 remisit.

1910 2808 1998 2863 10.
2043 2807 2114 2862 Ει
2143 2808 2265 2865 ideo
2303 2808 2485 2864 anima
2513 2817 2704 2865 nostra
2754 2807 2946 2865 induat
2980 2810 3333 2879 charitatem,
3381 2821 3440 2868 et

1836 2900 2160 2956 charitatem
2182 2900 2456 2972 ejusmodi
2482 2917 2606 2973 quae
2647 2902 2721 2957 sit
2757 2900 2935 2957 valida
2978 2912 3034 2958 ut
3080 2917 3260 2967 mors;
3312 2902 3442 2974 quia

1837 2997 1981 3050 sicut
2028 3011 2178 3051 mors
2222 2998 2347 3050 linis
2378 3005 2725 3067 peccatorum
2770 3003 2877 3064 est,
2925 2996 2999 3051 ita
3055 3006 3111 3053 et
3162 2996 3437 3064 charitas;

1840 3086 2095 3159 quoniam
2141 3087 2236 3159 qui
2294 3087 2470 3160 diligit
2542 3089 2859 3158 Dominum,
2919 3103 3153 3161 peccare
3200 3090 3443 3148 desinit:

1841 3182 2080 3240 Charitas
2111 3184 2255 3238 enim
2285 3200 2389 3238 non
2419 3185 2613 3258 cogitat
2638 3185 2855 3250 malum,
2890 3201 3052 3255 neque
3078 3187 3267 3256 gaudet
3288 3200 3445 3257 super

136 3275 275 3330 sicut
298 3275 444 3340 luna,
476 3273 639 3328 electa
664 3283 717 3327 ut
760 3277 883 3329 sol?
911 3276 1007 3331 Hic
1037 3276 1158 3346 plus
1201 3277 1347 3348 quod
1371 3277 1735 3348 ;adjiceretur,
1763 3275 1810 3337 C
1843 3279 2146 3351 iniquitate,
2178 3280 2270 3335 sed
2299 3280 2473 3334 omnia
2512 3282 2728 3335 sustinet
2761 3278 2817 3351 (ι
2844 3275 2965 3335 Cor.
3018 3295 3135 3349 xm,
3180 3279 3263 3352 5).
3308 3279 3445 3337 Nam

136 3368 423 3422 inventum
451 3377 558 3435 est,
590 3380 660 3422 eo
681 3366 826 3438 quod
853 3367 1028 3423 Verbo
1056 3368 1152 3423 Dei
1175 3368 1361 3423 innixa
1383 3368 1736 3435 ascenderat;

138 3462 500 3531 perfectiores
527 3461 673 3515 enim
703 3476 867 3531 supra
909 3462 1187 3517 Christum
1220 3463 1569 3529 recumbunt,
1600 3464 1746 3518 sicut

134 3562 197 3608 et
224 3551 464 3609 Joannes
490 3554 546 3608 in
577 3552 783 3609 Christi
829 3568 1052 3626 pectore
1092 3558 1465 3613 recumbebat.
1511 3557 1588 3613 ita
1613 3573 1743 3629 ergo

136 3658 199 3705 et
225 3648 341 3703 haec
368 3649 451 3704 vel
486 3650 841 3706 incumbebat
861 3652 916 3705 in
933 3650 1236 3720 Christum,
1262 3654 1348 3708 vel
1371 3669 1534 3724 supra
1563 3653 1741 3725 ipsum

138 3758 203 3798 se
232 3743 534 3800 recliuabat
566 3762 579 3799 :
611 3755 705 3800 aut
731 3755 879 3801 certe
900 3748 1155 3817 quoniam
1208 3748 1277 3803 de
1325 3749 1528 3819 nuptiis
1566 3750 1744 3820 loqui-

138 3852 290 3905 mur,
311 3837 423 3909 jam
456 3844 614 3910 quasi
644 3841 848 3896 tradita
882 3842 934 3896 in
964 3843 1170 3898 Christi
1201 3844 1446 3909 dextera,
1480 3845 1532 3897 in
1571 3843 1747 3898 thala—

141 3947 294 3986 mum
326 3932 631 3988 duccbatur
657 3933 893 4005 Sponso.
924 3935 993 3990 Et
1028 3935 1152 4006 quia
1185 3936 1295 4005 jam
1327 3937 1519 4006 copula
1565 3935 1749 3991 chari-

70 4014 77 4019 ”
143 4026 274 4079 tatis
301 4035 408 4090 est,
433 4024 714 4081 blanditur
741 4027 792 4081 ei
821 4042 1078 4097 sponsus,
1109 4038 1165 4082 et
1184 4028 1356 4083 dicit:

221 4118 275 4171 7.
310 4118 420 4173 Sub
452 4121 633 4176 arbore
663 4121 802 4175 malo
831 4121 1020 4176 elevari
1049 4132 1114 4187 te,
1146 4122 1258 4175 illic
1279 4122 1551 4191 partui-ivit
1573 4132 1620 4177 te
1643 4139 1753 4177 nta-

146 4220 229 4267 ter
273 4220 398 4282 tua,
443 4215 552 4269 illic
597 4217 873 4286 parturivit
916 4227 962 4271 te
1032 4231 1146 4287 qua:
1213 4218 1411 4289 peperit
1477 4226 1542 4273 te.
1602 4218 1753 4275 Bona

147 4306 332 4361 anima
360 4323 480 4379 qua:
509 4309 801 4380 requiescit
821 4311 924 4367 sub
951 4313 1149 4367 arbore
1167 4313 1462 4380 fructuosa,
1494 4320 1547 4370 et
1579 4313 1755 4369 maxi-

147 4416 243 4458 me
278 4403 407 4458 boui
439 4404 645 4461 odoris.
697 4404 832 4461 Nam
884 4409 930 4462 si
974 4407 1279 4465 Natliauael
1318 4409 1520 4478 bonus,
1550 4410 1606 4467 in
1648 4425 1759 4482 quo

151 4496 314 4554 dolus
354 4499 542 4555 nullus
572 4507 712 4569 erat,
742 4503 844 4558 sub
884 4507 1082 4561 arbore
1108 4504 1198 4561 fici
1241 4505 1393 4562 visus
1416 4514 1534 4574 est;
1570 4509 1757 4578 utique

150 4590 301 4647 bona
348 4593 553 4661 anima,
603 4610 726 4666 quae
774 4595 877 4652 sub
915 4597 1114 4654 arbore
1165 4597 1293 4653 mali
1340 4598 1552 4655 elevata
1603 4608 1688 4656 est
1725 4615 1757 4655 a

1841 3373 1932 3445 qui
1957 3389 2078 3444 quae
2096 3388 2194 3428 sua
2223 3382 2351 3428 sunt
2395 3388 2503 3428 non
2545 3376 2763 3445 qua-rit,
2796 3374 3070 3445 quomodo
3095 3371 3278 3429 aliena
3294 3387 3445 3445 quae-

1845 3478 1928 3522 ret
1950 3465 1973 3519 ?
1997 3466 2092 3521 Est
2119 3478 2175 3522 et
2196 3482 2344 3521 mors
2379 3467 2466 3521 illa
2492 3467 2667 3522 valida
2700 3481 2800 3537 per
2828 3469 3129 3536 lavacrum,
3162 3482 3263 3538 per
3305 3465 3451 3538 quod

1848 3570 2130 3628 peccatum
2161 3574 2325 3615 omne
2351 3561 2638 3631 sepelitur,
2672 3568 2728 3615 et
2756 3560 2917 3631 culpa
2952 3560 3268 3617 dimittitur.
3302 3559 3451 3616 Talis

1846 3660 1964 3706 erat
1985 3652 2225 3707 charitas
2253 3668 2414 3724 quam
2447 3652 2732 3709 deferebat
2760 3651 3087 3725 Evangelica
3112 3653 3205 3708 illa
3229 3652 3450 3723 mulier,

1847 3746 1916 3801 de
1957 3763 2062 3818 qua
2110 3748 2376 3801 Dominus
2425 3746 2503 3801 ait
2555 3764 2568 3800 :
2607 3746 2845 3801 Remissa
2898 3758 3017 3801 sunt
3075 3757 3287 3817 peccata
3338 3749 3453 3819 ejus

1850 3841 2037 3906 multa,
2066 3840 2312 3911 quoniam
2343 3840 2525 3894 dilexit
2556 3843 2778 3895 multum
2807 3838 2956 3914 (Luc.
2991 3855 3085 3908 vn,
3112 3838 3231 3911 47).
3266 3842 3363 3896 list
3399 3850 3458 3899 et

1850 3931 1945 3987 illa
1969 3949 2120 3988 mors
2149 3944 2463 3988 sanctorum
2503 3946 2808 4006 martyrum
2840 3934 3041 4004 valida,
3080 3950 3202 4007 quae
3235 3934 3456 4007 culpam

1852 4024 2037 4081 abolet
2060 4028 2434 4097 superiorem;
2459 4036 2516 4081 et
2547 4027 2670 4083 ideo
2700 4028 2898 4096 valida,
2940 4029 3095 4099 cujus
3127 4044 3237 4084 non
3282 4028 3460 4100 impar

1854 4129 1939 4174 est
1964 4119 2227 4189 charitas,
2254 4136 2375 4191 qua:
2402 4121 2721 4192 adwquatur
2756 4133 3055 4194 martyrum
3086 4123 3352 4195 passioni,
3401 4134 3463 4182 ut

1855 4212 2069 4271 auferat
2099 4214 2354 4269 meritum
2379 4215 2728 4272 delictorum.

1934 4307 2020 4361 11.
2081 4306 2241 4362 Zelus
2290 4323 2509 4382 quoque
2566 4318 2623 4364 ut
2672 4310 2869 4378 inferi,
2918 4312 3175 4383 quoniam
3222 4310 3316 4384 qui
3365 4312 3463 4371 Dei

1858 4400 2034 4457 zelum
2060 4401 2249 4472 habet,
2284 4420 2383 4476 pro
2411 4403 2630 4461 Christo
2661 4420 2761 4461 nec
2800 4408 2911 4461 suis
2949 4408 3146 4477 parcit.
3188 4406 3374 4478 ltaque
3410 4415 3466 4463 ct

1860 4502 2094 4553 mortem
2122 4497 2289 4554 habet
2312 4499 2576 4567 charitas,
2610 4509 2665 4555 et
2692 4498 2868 4555 zelum
2898 4498 3061 4556 habet
3084 4499 3362 4570 .charitas,
3409 4508 3467 4558 et

1859 4590 1977 4646 alas
2003 4593 2141 4663 ignis
2163 4592 2326 4649 habet
2349 4593 2611 4649 charitas.
2658 4592 2900 4665 Denique
2940 4592 3190 4651 Christus
3230 4594 3467 4667 diligens

151 4684 372 4756 Sponsa
426 4701 549 4742 suo.
604 4687 736 4745 Plus
760 4699 845 4745 est
868 4689 1012 4746 enim
1065 4690 1291 4759 elevari,
1332 4707 1492 4761 quam
1547 4693 1753 4748 videri:
1784 4671 1838 4732 Ῑ)
1865 4685 2123 4756 Moysen,
2163 4685 2220 4741 in
2263 4687 2388 4759 igne
2426 4687 2476 4743 ei
2500 4687 2776 4759 apparuit.
2816 4687 2885 4742 Et
2916 4686 3220 4745 llieremias
3256 4688 3466 4747 habens

156 4781 281 4849 plus
325 4781 492 4837 etiam
537 4799 566 4836 a
607 4796 814 4855 Sponso
861 4785 1088 4841 elevari.
1146 4784 1282 4841 Nam
1311 4786 1416 4841 etsi
1459 4786 1761 4843 Natltanael

156 4872 444 4931 videbatur
469 4876 570 4930 sub
595 4878 813 4945 arbore.
859 4891 1038 4936 tamen
1068 4881 1251 4937 anima
1278 4862 1398 4952 ejus
1418 4896 1619 4952 sponsa
1653 4898 1760 4938 non

156 4976 316 5033 erat;
347 4968 474 5037 quia
502 4969 717 5025 occulte
742 4969 995 5029 veniebat
1020 4973 1087 5029 ad
1116 4971 1420 5043 Christum,
1445 4979 1575 5045 quia
1602 4989 1760 5030 vere-

160 5057 324 5114 batur
347 5058 588 5115 Judteos.
622 5061 739 5117 Non
765 5074 882 5119 erat
911 5067 1160 5136 speciosa
1199 5066 1343 5123 sicut
1390 5067 1540 5133 luna,
1587 5068 1763 5123 electa

162 5161 224 5206 ut
267 5151 375 5221 sol,
413 5168 535 5224 qua:
586 5162 705 5209 erat
732 5155 785 5210 iu
816 5157 1047 5225 umbra;
1081 5161 1207 5232 quia
1239 5177 1362 5232 quae
1410 5176 1615 5232 sponsa
1666 5177 1764 5233 per

162 5243 306 5300 diem
331 5244 509 5314 nubit,
540 5246 757 5318 publice
777 5251 1090 5307 confitetur.
1119 5253 1247 5310 ideo
1276 5254 1382 5309 ista
1421 5256 1525 5312 sub
1563 5256 1765 5312 arbore

164 5340 317 5407 mali,
338 5340 427 5395 illa
446 5341 548 5397 sub
572 5340 699 5410 ficu;
730 5343 855 5415 quia
883 5348 1000 5401 haec
1013 5347 1376 5405 confessionis
1398 5365 1512 5406 sua:
1538 5351 1764 5406 odorem

165 5432 507 5491 diﬂ'undebat
531 5435 766 5508 longius,
797 5437 891 5492 illa
938 5438 1170 5496 habebat
1209 5443 1461 5512 puritatis
1504 5446 1768 5499 innocen-

169 5528 258 5585 tiae
283 5531 630 5601 suavitatem,
657 5533 999 5605 flagrantiam
1029 5536 1255 5607 spiritus
1281 5555 1388 5594 non
1423 5540 1677 5596 habebat.

241 5624 295 5680 8.
329 5623 476 5694 Illic,
508 5626 703 5699 inquit,
740 5628 1016 5700 parturivit
1046 5638 1095 5686 te
1121 5640 1283 5687 mater
1311 5643 1424 5701 tua,
1447 5634 1557 5690 illic
1585 5647 1771 5707 partu-

170 5721 287 5778 rivit
314 5730 361 5776 te
389 5737 504 5792 qua:
528 5724 725 5795 peperit
752 5735 840 5793 te;
870 5725 945 5783 ibi
975 5726 1121 5784 enim
1151 5729 1452 5801 nascimur,
1477 5729 1553 5788 ibi
1580 5746 1772 5789 renas-

254 5897 279 5925 ιι
320 5884 378 5941 lu
407 5884 609 5957 psalm.
641 5902 829 5956 cxvnt,
859 5902 1028 5947 serm.
1053 5889 1145 5947 2t.

1864 4780 1999 4835 inse
2030 4780 2235 4835 donum
2267 4780 2463 4836 divina:
2483 4781 2792 4847 charitatis,
2814 4781 3029 4838 dicebat
3055 4800 3067 4837 :
3098 4781 3167 4838 Et
3186 4793 3300 4839 erat
3328 4783 3467 4856 ignis

1864 4876 2199 4945 inﬂammans
2239 4876 2293 4929 in
2322 4876 2521 4931 ossibus
2568 4877 2718 4945 meis,
2757 4886 2806 4931 et
2848 4876 3130 4934 dissolutus
3170 4896 3284 4936 sunt
3314 4880 3471 4935 undi-

1865 4983 1981 5037 que,
2010 4977 2057 5021 et
2085 4969 2224 5038 ferre
2255 4984 2359 5023 non
2384 4984 2596 5040 possum
2621 4966 2841 5041 (Jerem.
2872 4985 2966 5037 xx,
3006 4971 3088 5041 9).
3122 4970 3273 5027 Bntia
3302 4972 3471 5043 igitur

1865 5063 2102 5119 charitas
2128 5064 2246 5120 alas
2276 5064 2486 5121 habens
2515 5065 2655 5137 ignis
2693 5066 2960 5134 ardentis,
2993 5082 3117 5138 qute
3144 5066 3339 5123 volitat
3373 5083 3472 5138 per

1872 5168 2092 5231 pectora
2145 5167 2201 5213 et
2251 5159 2415 5215 corda
2476 5170 2831 5227 sanctorum,
2877 5169 2934 5216 et
2982 5162 3163 5217 exurit
3209 5159 3475 5233 quidquid

1874 5252 2160 5309 materiale
2189 5262 2244 5308 et
2275 5261 2553 5309 terrenum
2577 5262 2662 5309 est
2692 5268 2707 5306 :
2736 5252 3002 5325 quidquid
3029 5269 3159 5310 vero
3197 5254 3475 5309 sincerum

1874 5358 1980 5413 est,
2009 5347 2248 5418 probat;
2281 5355 2337 5403 et
2358 5346 2504 5419 quod
2534 5347 2853 5420 contigerit,
2884 5363 2986 5405 suo
3014 5349 3138 5421 igne
3160 5347 3435 5404 meliorat.

1950 5439 2041 5495 12.
2066 5440 2220 5497 ιἰιιιια
2241 5440 2423 5513 ignem
2453 5441 2507 5497 in
2524 5449 2725 5497 terram
2749 5441 2902 5497 misit
2927 5440 3188 5497 Dominus
3206 5437 3388 5505 Jesus,
3420 5447 3480 5496 et

1876 5532 2091 5592 refulsit
2139 5536 2294 5604 fides,
2338 5550 2565 5593 accensa
2618 5547 2706 5593 est
2746 5536 2991 5604 devotio,
3039 5534 3348 5590 illuminata
3394 5541 3484 5590 est

1877 5626 2145 5697 chiritas,
2185 5628 2399 5700 justitia
2422 5630 2779 5702 respleuduit.
2815 5630 2932 5687 Hoc
2957 5631 3084 5700 igne
3115 5624 3486 5684 inﬂammavit

1875 5727 2044 5785 corda
2071 5726 2448 5800 apostolorum
2471 5741 2723 5794 suorum,
2762 5725 2905 5782 sicut
2937 5728 3167 5781 testatur
3203 5716 3484 5788 Cleophas

1846 5892 1872 5933 ι»
1912 5894 2034 5950 Lib.
2065 5892 2135 5951 de
2166 5890 2340 5958 Isaac,
2374 5906 2424 5947 c.
2453 5890 2510 5957 8,
2536 5904 2688 5947 num.
2718 5887 2791 5943 72
2814 5895 2871 5944 et
2895 5900 3013 5959 seq.
