4148 6362
574 290 717 351 1953

1564 281 2116 343 COMMENTARIUS
2156 282 2220 343 ΙΝ
2256 281 2561 342 CANTICA
2598 280 2870 343 CANTIC.

3719 279 3838 343 i936

571 408 799 462 dicens:
835 403 1023 459 Nonne
1047 419 1136 459 cor
1164 412 1399 458 nostrum
1419 401 1608 457 ardens
1639 410 1746 455 erat
1778 401 1829 455 in
1862 400 2027 466 nobis,
2061 415 2179 454 cum
2206 404 2258 464 Α
2285 396 2354 452 tis
2392 397 2564 455 Adam
2613 406 2669 455 et
2699 399 2810 455 Eva
2841 397 2911 455 de
2954 396 3192 469 paradisi
3223 395 3380 464 sede,
3415 398 3594 469 pOsuit
3621 398 3751 457 Deus
3795 404 3838 456 in

569 500 798 571 aperiret
827 497 1131 566 Scripturas
1162 494 1318 565 (Luc.
1353 511 1477 549 XXIV
1499 535 1514 562 ,
1543 492 1682 566 5:2)?
1702 491 1819 549 Alae
1855 492 2016 564 igitur
2040 493 2176 562 ignis

576 593 631 647 in
664 592 902 658 llamma,
928 589 1224 660 Scriptura:
1256 600 1388 645 sunt
1423 589 1642 644 divine.
1684 588 1927 658 Denique
1959 588 2178 658 aperie-

574 686 667 742 bat
712 687 1046 758 Scripturas.
1088 697 1141 740 et
1172 686 1312 755 ignis
1367 686 1570 751 exibat,
1629 697 1792 757 alque
1841 684 2175 739 audientium

575 782 739 835 corda
782 780 1121 850 penetrabat.
1171 778 1237 834 Et
1266 795 1409 834 vera:
1440 779 1541 832 ala:
1564 778 1725 849 ignis,
1758 779 1881 848 quia
1908 795 1920 832 :
1954 775 2179 845 Eloquia

576 871 787 926 Domini
846 872 1053 943 eloquia
1104 883 1285 939 casta,
1336 884 1607 944 argentum
1660 872 1778 943 igne
1824 871 2178 927 examinatum

575 964 805 1037 (Psalm.
834 981 906 1029 χι,
943 963 1021 1036 7).
1062 965 1196 1019 Cum
1228 964 1429 1020 Paulus
1473 980 1690 1035 quoque
1728 974 2102 1020 assumeretur
2147 977 2177 1017 a

572 1055 816 1123 Christo,
874 1054 1010 1110 vidit
1061 1054 1492 1111 circnntl‘ulsisse
1544 1071 1712 1126 super
1760 1071 1821 1111 se
1868 1054 2069 1123 lucem,
2125 1063 2180 1109 et

574 1164 742 1221 super
770 1166 867 1204 eos
895 1151 989 1221 qui
1015 1150 1172 1206 simul
1201 1162 1379 1219 erant,
1411 1151 1610 1207 cecidit
1638 1167 1668 1205 a
1710 1166 1932 1222 pavore,
1963 1160 2019 1207 et
2050 1165 2175 1220 pro.

575 1246 756 1301 batior
788 1245 1108 1301 resurrexit.
1144 1245 1390 1316 Denique
1427 1246 1712 1317 apostolus
1746 1244 1921 1301 factus
1951 1254 2057 1312 est,
2089 1244 2179 1312 qui

574 1349 893 1410 persecutor
940 1338 1263 1393 advenerat.
1308 1337 1545 1407 Spiritus
1570 1353 1789 1409 quoque
1827 1348 2051 1393 sanctus
2083 1336 2179 1392 de-

571 1435 807 1499 scendit,
835 1443 888 1488 et
913 1432 1142 1502 replevit
1165 1441 1331 1487 totam
1362 1432 1580 1486 domum
1612 1432 1664 1486 in
1690 1448 1792 1503 qua
1821 1439 1979 1486 erant
2012 1430 2179 1500 pluri-

574 1525 646 1579 tui
679 1524 959 1589 sedentes,
988 1532 1041 1578 ct
1066 1522 1196 1577 visre
1220 1532 1345 1577 sunt
1369 1522 1671 1592 dispertitte
1697 1522 1895 1591 lingua:
1920 1531 2174 1591 tanquam

572 1618 738 1690 ignis.
775 1618 937 1672 Bome
965 1618 1089 1682 alte,
1122 1617 1221 1671 ala:
1253 1617 1562 1679 charitatis,
1595 1631 1723 1671 vere
1753 1615 1854 1669 alae
1885 1630 2005 1685 qua:
2040 1613 2176 1668 voli-

579 1712 887 1783 tabantper
918 1728 1010 1767 ora
1043 1712 1412 1783 apostolorum
1442 1726 1455 1762 :
1484 1720 1538 1765 et
1568 1710 1669 1765 ala:
1700 1711 1859 1782 ignis,
1895 1709 2016 1780 quia
2050 1724 2178 1779 pur-

573 1817 761 1877 gntum
787 1820 1098 1861 sermonem
1127 1804 1509 1875 loquebantur.

649 1896 735 1951 15.
770 1897 866 1951 liis
891 1897 992 1951 alis
1024 1897 1260 1952 evolavit
1286 1896 1494 1963 Enoch,
1533 1905 1720 1966 raptus
1751 1895 1815 1949 ad
1847 1895 2069 1960 etclam;
2091 1894 2172 1947 his

573 1989 674 2044 alis
717 1989 955 2044 evolavit
985 1989 1153 2057 Elias,
1197 2005 1360 2044 curru
1392 1990 1551 2061 igneo
1582 2000 1637 2044 et
1681 1989 1838 2057 equis
1883 1987 2056 2059 igneis
2105 1987 2173 2041 ad

572 2098 806 2153 superna
839 2084 1159 2139 translatus.
1207 2084 1303 2139 liis
1330 2084 1429 2139 alis
1454 2083 1719 2138 Dominus
1767 2083 1909 2138 Dens
1940 2099 2036 2153 per
2083 2097 2176 2136 co-

572 2171 813 2230 lumnam
859 2175 998 2246 ignis
1043 2176 1278 2230 ducebat
1320 2188 1535 2247 patrum
1594 2176 1830 2246 plebem.
1883 2176 1993 2230 llas
2059 2177 2175 2229 alas

573 2266 760 2322 imbuit
809 2268 1121 2340 Seraphim,
1175 2270 1392 2338 quando
1436 2271 1669 2338 sumpsit
1723 2267 1991 2341 carbones
2037 2267 2175 2337 ignis

571 2359 640 2415 de
666 2359 849 2428 altari,
876 2371 933 2416 et
964 2361 1147 2430 tetigit
1186 2376 1248 2415 os
1279 2361 1583 2432 propheta),
1618 2370 1672 2413 et
1704 2360 2017 2430 iniquitates
2059 2358 2177 2430 ejus

572 2453 816 2520 abstulit,
868 2462 923 2507 et
965 2464 1192 2524 peccata
1225 2454 1495 2524 purgavit.
1543 2452 1744 2507 Harum
1795 2454 2002 2508 alarum
2051 2451 2176 2523 igne

580 2546 787 2616 purgati
818 2557 944 2600 sunt
978 2545 1071 2599 lilii
1094 2544 1310 2612 Levi,et
1333 2545 1752 2616 baptizabantur
1783 2545 1972 2617 populi
2001 2546 2178 2599 natio-

572 2655 724 2703 num,
756 2639 897 2692 sicut
929 2637 1252 2692 testilieatur
1297 2637 1558 2703 Joannes,
1593 2637 1784 2692 dicens
1828 2638 1895 2692 de
1944 2638 2175 2691 Domino

567 2732 695 2787 Jesn
739 2749 751 2783 :
791 2730 911 2804 Ipse
950 2746 1039 2784 vos
1069 2729 1351 2800 baptizabit
1396 2730 1449 2784 in
1497 2730 1685 2801 spiritu
1724 2739 1770 2784 et
1803 2731 1923 2803 igne
1953 2729 2172 2800 (Matth.

573 2841 672 2891 ιιι,
724 2821 867 2895 11).
920 2823 1111 2879 Merito
1174 2823 1255 2877 uri
1324 2839 1485 2879 renes
1539 2840 1669 2879 suos
1728 2824 1940 2879 volebat
1990 2834 2046 2879 et
2084 2838 2177 2877 cor

573 2937 730 2973 suum
762 2919 953 2985 David,
985 2918 1107 2989 quia
1139 2918 1251 2972 alus
1287 2919 1471 2989 igneas
1495 2917 1776 2995 cltaritati;
1814 2918 2021 2973 sciebat
2067 2933 2174 2971 non

571 3031 694 3071 esse
738 3013 1081 3069 metuendus.
1123 3010 1315 3068 Merito
1367 3013 1581 3068 [lein-{ei
1643 3015 1797 3084 pueri
1844 3014 1895 3066 in
1956 3012 2175 3067 fornace

573 3106 781 3162 ardenti
816 3122 923 3161 non
957 3102 1266 3161 sentiebant
1290 3106 1432 3176 ignis
1466 3105 1751 3173 ineundis,
1785 3106 1908 3176 quia
1931 3103 2174 3159 Charita-

2278 493 2425 548 exitu
2468 492 2701 562 paradisi
2735 493 2975 566 gladium
3026 495 3241 564 igneum
3287 492 3615 548 versatilcm.
3664 492 3843 550 Omnes

2274 595 2494 654 Oportet
2551 588 2790 643 transire
2842 604 2941 658 per
2981 587 3273 653 ﬂammas,
3324 587 3441 643 sive
3489 588 3580 643 ille
3626 588 3845 645 Joannes

2279 683 2615 753 evangelista
2644 683 2734 749 sit,
2761 699 2925 754 quem
2960 685 3032 738 ita
3058 685 3252 739 dilexit
3288 686 3570 753 Dominus,
3604 694 3660 740 ut
3696 688 3758 742 de
3792 703 3848 742 eo

2278 773 2485 833 diceret
2513 774 2580 831 ad
2609 774 2834 832 Petrum
2864 793 2878 830 :
2911 775 2971 831 Si
2996 794 3114 831 eum
3144 779 3257 832 uolo
3282 792 3503 841 manere,
3534 778 3655 848 quid
3683 778 3747 832 ad
3769 780 3849 833 te?

2278 864 2358 921 Tu
2387 884 2464 923 me
2487 883 2694 937 sequere
2727 867 2913 938 (Joan.
2948 885 3060 936 ut,
3092 868 3208 943 Q9).
3249 870 3322 926 Ue
3350 879 3525 925 morte
3550 870 3663 941 ejus
3701 872 3849 943 aliqui

2279 962 2690 1029 dubitaverunt,
2744 963 2812 1018 de
2854 964 3083 1019 transitu
3124 979 3221 1035 per
3256 965 3437 1035 ignem
3479 964 3715 1019 dubitare
3755 981 3849 1020 tun

2281 1070 2610 1126 possumus;
2654 1055 2781 1126 quia
2822 1057 2875 1111 in
2915 1057 3170 1128 paradiso
3218 1069 3326 1124 est,
3376 1072 3476 1112 nec
3512 1065 3780 1127 separatur
3824 1073 3850 1112 a

2280 1148 2518 1204 Christo.
2544 1147 2674 1205 Sive
2702 1149 2794 1205 ille
2813 1151 2891 1204 sit
2921 1149 3135 1215 Petrus,
3160 1150 3248 1220 qui
3276 1152 3457 1205 clavos
3488 1151 3691 1220 accepit
3717 1152 3851 1220 regni

2280 1243 2568 1307 canorum,
2600 1243 2694 1314 qui
2725 1259 2890 1314 supra
2917 1261 3064 1298 mare
3087 1243 3406 1310 ambulavit,
3428 1254 3658 1315 -oportet
3692 1244 3849 1299 dit-at:

2278 1336 2634 1393 Transivimus
2677 1355 2770 1410 per
2814 1339 2984 1410 ignem
3016 1349 3302 1409 eLaquam,
3347 1349 3395 1392 et
3439 1339 3659 1393 eduxiin
3698 1355 3781 1393 nos
3808 1340 3850 1392 in

2279 1431 2609 1503 refrigerium
2640 1430 2865 1501 (Psalm.
2915 1448 3041 1497 LXV,
3077 1432 3191 1502 12).
3238 1431 3344 1488 Sed
3373 1430 3568 1487 Joauni
3606 1433 3709 1485 cito
3749 1446 3854 1486 ver-

2279 1528 2494 1583 sabitur
2541 1528 2755 1598 gladius
2800 1529 3022 1598 igneus;
3070 1530 3196 1598 quia
3250 1544 3354 1581 non
3387 1527 3660 1582 invenitur
3702 1525 3752 1581 in
3796 1543 3852 1581 eo

2279 1620 2555 1689 iniquitas,
2590 1634 2749 1688 quem
2783 1618 2975 1673 dilexit
3003 1620 3254 1690 zequitas.
3292 1618 3347 1673 Si
3378 1620 3507 1689 quid
3541 1618 3593 1672 in
3643 1632 3706 1672 eo
3755 1616 3852 1670 vitii

2280 1710 2503 1766 humani
2546 1710 2668 1777 fuit,
2701 1712 2942 1767 charitas
2970 1710 3156 1766 divina
3187 1713 3437 1767 decoxit:
3471 1711 3584 1765 Ala:
3605 1711 3731 1765 enim
3757 1713 3854 1783 ejus

2203 1799 2412 1861 Bsicut
2448 1806 2549 1862 alte
2576 1806 2731 1878 ignis.
2773 1805 2875 1874 Qui
2917 1805 3005 1861 hic
3041 1805 3296 1861 habuerit
3339 1804 3623 1861 charitatis
3671 1804 3848 1874 ignem,

2280 1899 2393 1955 illic
2434 1901 2612 1971 ignem
2637 1899 2804 1969 gladii
2842 1900 3037 1954 timere
3078 1914 3183 1954 non
3211 1897 3428 1969 poterit.
3460 1897 3565 1968 ipsi
3596 1896 3748 1952 Petro
3770 1898 3849 1965 qui

2278 1994 2444 2047 toties
2512 2003 2747 2048 mortem
2798 2008 2952 2049 suam
3011 2007 3110 2063 pro
3152 1991 3374 2047 Christo
3426 1992 3643 2055 obtulit,
3693 1989 3847 2045 dicit:

2281 2084 2497 2150 Transi,
2527 2084 2809 2141 recumbe.
2834 2084 2940 2142 Sed
2965 2085 3058 2141 ille
3082 2084 3249 2140 dicit:
3273 2083 3407 2157 Igne
3432 2101 3526 2140 nos
3543 2084 3845 2151 examinavit,

2279 2179 2410 2232 sicut
2440 2184 2550 2248 ipse
2584 2180 2901 2235 examinavit
2940 2189 3231 2251 argentum.

2355 2271 2443 2329 16.
2469 2270 2582 2327 Ala:
2609 2275 2745 2344 ejus,
2772 2272 2872 2327 ala:
2899 2272 3054 2343 ignis.
3086 2269 3114 2313 ιι
3144 2273 3289 2341 Ergo
3310 2272 3440 2342 quia
3478 2271 3687 2327 volandi
3712 2267 3847 2325 nobis

2281 2366 2404 2422 data
2445 2376 2530 2423 est
2564 2369 2753 2438 copia,
2791 2368 2997 2422 excitet
3041 2368 3415 2438 inmanisque
3455 2368 3508 2422 in
3545 2381 3604 2422 se
3644 2366 3845 2438 gratiam

2282 2461 2400 2527 Dei,
2432 2478 2495 2516 ac
2533 2463 2840 2531 posteriora
2884 2461 3236 2529 obliviscous,
3270 2462 3453 2531 prima
3480 2468 3754 2531 appetens,
3791 2457 3847 2512 ad

2282 2552 2559 2609 destinata
2606 2552 2926 2610 contendat.
2977 2554 3171 2609 Procul
3220 2569 3251 2608 a
3297 2555 3510 2610 militiae
3558 2552 3847 2613 honoribus.

2281 2648 2472 2717 procul
2502 2647 2571 2701 ab
2621 2648 2847 2702 aestibus
2870 2647 3093 2713 mundi;
3149 2662 3217 2702 ne
3253 2646 3399 2717 quod
3430 2647 3622 2702 fabulae
3668 2645 3848 2709 ferunt,

2284 2752 2419 2797 aestu
2453 2740 2588 2798 StliiS
2632 2757 2757 2797 cera
2788 2742 3023 2798 resoluta
3045 2742 3261 2798 lcareos
3293 2741 3510 2796 volatus
3538 2756 3706 2813 patina
3728 2739 3851 2795 rela-

2282 2836 2443 2892 bente
2472 2837 2759 2892 destituat.
2794 2836 2929 2892 Nam
2958 2837 3091 2892 licet
3113 2839 3357 2908 gravitas
3392 2836 3662 2893 dictorum
3705 2835 3846 2901 obsit,

2282 2934 2494 3003 poetico
2521 2942 2699 2989 tamen
2746 2933 2861 2987 sale
2891 2931 3176 2988 declarare
3216 2933 3507 2989 voluerunt
3531 2931 3848 3004 prudentium

2282 3025 2581 3082 maturitati
2612 3036 2756 3080 tutos
2782 3041 2904 3079 esse
2937 3025 3150 3079 volatus
3183 3039 3283 3096 per
3314 3026 3544 3092 cmlum;
3590 3026 3849 3097 iuvenilem

2282 3135 2415 3176 vero
2472 3120 2749 3175 levitatem
2797 3121 3088 3175 obnoxiam
3118 3120 3514 3190 cupiditatibus
3546 3121 3748 3186 mundi,
3777 3134 3852 3176 re-

576 3201 641 3256 tis
675 3218 770 3257 eos
799 3199 1012 3253 ﬂamma
1044 3200 1416 3270 relrigerabat.
1448 3199 1515 3253 Et
1549 3210 1603 3252 ut
1629 3198 1844 3270 plenius
1874 3211 2174 3272 cognoSta-
2198 3199 2244 3263 C
2279 3212 2572 3268 ηηειηίιωε
2614 3212 2830 3283 pennis,
2861 3221 2917 3268 ει
2940 3227 3036 3283 ρετ
3059 3212 3256 3266 oblivia
3283 3214 3533 3269 verum,
3560 3212 3848 3269 meritorum

575 3311 696 3349 ntus
748 3292 958 3367 1615
1019 3296 1142 3365 quia
1202 3293 1319 3347 alas
1390 3293 1549 3348 habet
1607 3294 1842 3364 perlecta
1898 3296 2167 3363 charilas,

574 3390 775 3443 audisti
822 3390 1025 3441 dudum
1064 3387 1337 3441 dicentem
1373 3404 1385 3439 :
1420 3386 1630 3452 Quoties
1674 3389 1811 3441 volui
1862 3406 2175 3461 congregare

575 3483 712 3553 ﬁlios
738 3492 875 3547 tuos,
905 3482 1037 3535 sicut
1069 3482 1266 3553 gallina
1292 3491 1569 3554 congregat
1599 3481 1774 3552 pullos
1800 3498 1922 3536 suos
1947 3482 2041 3536 sub
2060 3483 2173 3537 alas

574 3592 694 3629 suas
723 3574 939 3644 (Matth.
969 3589 1124 3639 χχιιι,
1159 3572 1275 3645 27).

650 3666 736 3723 ii.
775 3669 1067 3724 Sumatnns
1104 3667 1265 3738 igitur
1310 3667 1405 3721 has
1428 3665 1564 3733 alas,
1616 3682 1734 3737 quae
1761 3667 1903 3722 sicut
1940 3666 2173 3722 llantmae

568 3759 637 3815 ad
677 3761 960 3831 superiora
987 3760 1246 3831 dirigunt.
1296 3759 1470 3814 Exuat
1520 3761 1897 3832 Unusquisque
1934 3761 2170 3817 animum

571 3871 724 3910 suam
759 3855 1055 3910 involucris
1082 3852 1513 3919 sordidioribus,
1544 3864 1599 3908 et
1625 3854 1779 3922 quasi
1821 3871 2011 3909 aurum
2052 3856 2173 3926 igne

572 3949 839 4018 approbet
881 3947 1152 4003 detersam
1200 3946 1333 4002 luto.
1379 3945 1471 4001 Sic
1502 3949 1645 4001 enim
1678 3960 1940 4018 purgatur
1971 3948 2170 4017 animo,

575 4047 723 4097 veittt
771 4058 964 4096 aurum
998 4049 1290 4113 optimum.
1343 4039 1696 4095 Pulcltritndo
1751 4053 1934 4096 autem
1977 4043 2174 4097 animae

572 4138 784 4191 sincera
811 4137 979 4190 virtus
1004 4149 1058 4191 et
1083 4136 1270 4202 decor,
1299 4136 1488 4190 verior
1508 4134 1748 4198 engttitio
1772 4152 2133 4205 supernorum
2156 4153 2171 4198 ;

573 4240 631 4284 ut
660 4229 843 4284 videat
876 4230 1008 4283 illud
1042 4230 1241 4285 bonum
1268 4248 1332 4285 ex
1363 4246 1472 4300 quo
1504 4230 1737 4300 pendent
1764 4231 1966 4295 omnia,
1998 4231 2171 4301 ipsum

570 4337 751 4379 autem
784 4341 846 4378 ex
883 4324 1051 4378 nullo.
1094 4324 1172 4379 Eo
1206 4324 1368 4395 igitur
1404 4327 1568 4393 vivit,
1625 4338 1788 4397 atque
1839 4326 2172 4380 intellectum

572 4418 789 4486 accipit.
828 4416 960 4471 \‘itae
988 4418 1135 4472 enim
1188 4416 1311 4472 fons
1348 4429 1433 4474 est
1468 4435 1742 4474 summum
1784 4419 1914 4473 illud
1948 4418 2170 4483 bonum,

569 4513 724 4583 cujus
756 4513 807 4568 in
838 4513 992 4567 nobis
1015 4512 1335 4568 accenditur
1362 4513 1719 4579 desiderium,
1752 4516 1835 4568 cui
1880 4514 2171 4584 appropin-

571 4621 737 4677 quare
762 4617 814 4661 et
834 4606 1046 4661 misceri
1072 4605 1323 4676 voluptas
1345 4614 1431 4661 est
1460 4623 1473 4659 :
1506 4606 1646 4676 quod
1679 4606 1727 4662 ei
1758 4607 1850 4676 qui
1876 4621 1981 4661 non
2005 4607 2174 4673 videt,

572 4700 846 4755 desiderio
887 4709 970 4755 est
1002 4717 1014 4753 :
1049 4711 1104 4755 et
1152 4699 1204 4755 ei
1246 4702 1334 4772 qui
1390 4700 1558 4767 videt,
1610 4703 1720 4755 vita
1774 4709 1889 4767 est;
1942 4702 2172 4772 ideoque

570 4798 823 4851 universa
853 4795 960 4850 alia
1001 4797 1252 4867 despicit,
1290 4800 1393 4851 hoc
1420 4812 1529 4852 uno
1561 4797 1847 4865 mulcetur,
1894 4808 1950 4853 et
1987 4797 2172 4853 delec-

574 4903 737 4948 tatur.
767 4892 879 4948 lloc
899 4901 982 4949 est
1005 4895 1149 4964 quod
1175 4894 1557 4950 subministrat
1585 4896 1893 4950 universam
1914 4898 2173 4952 substan-

570 4990 699 5043 tiam
729 5005 743 5043 :
775 4988 950 5058 ipsmn
980 4996 1159 5043 autem
1192 5003 1421 5043 manens
1451 4989 1505 5043 in
1546 4990 1866 5060 semetipso,
1898 4990 1990 5044 dat
2016 4990 2165 5057 aliis;

571 5081 700 5136 nihil
733 5092 909 5138 autem
950 5083 1001 5135 in
1028 5096 1087 5137 se
1116 5098 1179 5137 ex
1210 5081 1332 5136 aliis
1362 5082 1611 5153 suscipit,
1639 5082 1707 5137 de
1737 5098 1846 5153 quo
1888 5083 2167 5153 Propheta

568 5179 643 5231 ait
674 5194 687 5229 :
719 5175 841 5230 Dixi
870 5175 1089 5231 Domino
1114 5192 1132 5230 :
1161 5174 1300 5230 Deus
1343 5192 1484 5230 meus
1517 5192 1569 5229 es
1596 5185 1651 5229 tu
1669 5193 1687 5242 ,°
1732 5176 1978 5248 quoniam
2001 5175 2165 5231 bono~

568 5290 683 5327 ram
709 5288 937 5326 nieorum
964 5289 1065 5326 non
1095 5287 1211 5343 eges
1239 5266 1416 5340 (Psal.
1452 5286 1544 5337 xv,
1575 5269 1659 5339 2).

643 5366 729 5422 15.
765 5365 875 5419 Ala:
923 5366 1054 5435 ejus,
1111 5364 1213 5418 ala:
1280 5363 1437 5434 ignis.
1506 5360 1756 5420 "Omnes
1798 5375 2016 5436 oportet
2071 5381 2171 5436 per

568 5459 746 5530 ignem
804 5460 1048 5529 probari,
1103 5458 1432 5528 quicumque
1486 5456 1552 5511 ad
1614 5457 1926 5527 paradisum
1990 5460 2173 5517 redire

568 5553 913 5621 desiderant;
946 5569 1052 5609 non
1086 5553 1229 5609 enim
1258 5554 1431 5609 otiose
1460 5553 1724 5627 scriptum
1752 5555 2012 5627 estquod,
2031 5556 2172 5631 eiec-

636 5727 665 5755 ει
706 5717 763 5771 1η
790 5715 988 5787 psalm.
1015 5728 1207 5780 cxvm,
1241 5726 1406 5771 serm.
1436 5715 1532 5779 20,
1561 5732 1711 5771 num.
1744 5708 1830 5774 η.

640 5788 665 5831 b
706 5786 824 5845 Lib.
851 5787 918 5844 de
946 5786 1290 5859 Virginitate,
1314 5802 1435 5859 cap.
1470 5789 1558 5856 18,
1592 5805 1743 5846 num.
1772 5791 1874 5848 116
1897 5801 1952 5848 et
1981 5809 2099 5864 seq.

2274 3321 2539 3377 compage
2593 3307 2858 3371 resoluta,
2920 3306 3129 3376 majore
3185 3306 3435 3377 pernicie
3490 3308 3540 3361 iu
3562 3317 3851 3363 terromre-

2272 3399 2406 3455 labi.

2351 3493 2436 3548 17.
2473 3491 2627 3549 Haud
2668 3491 2844 3547 facilis
2881 3493 3098 3549 volatus
3143 3493 3422 3559 omnibus,
3459 3493 3691 3549 diliicilis
3707 3492 3849 3547 etiam

2275 3587 2718 3644 discordantibus
2770 3588 2824 3643 in
2884 3590 3052 3644 terris
3110 3590 3448 3645 animalibus
3509 3590 3629 3644 vita:
3682 3600 3850 3643 cursus

2278 3680 2531 3735 humana:
2563 3691 2667 3736 est.
2706 3685 2777 3737 At
2798 3682 2842 3736 si
2896 3681 2991 3736 tibi
3024 3693 3179 3737 actus
3208 3684 3375 3737 nostri
3400 3682 3537 3737 ordo
3571 3680 3848 3741 conveniat,

2278 3776 2483 3831 videbit
2508 3784 2565 3831 et
2587 3775 2642 3832 in
2670 3776 2829 3831 nobis
2854 3775 3122 3846 propheta
3154 3784 3328 3830 rotam
3361 3776 3508 3830 illam
3534 3789 3686 3830 unam
3708 3786 3849 3841 sum

2279 3881 2504 3937 terram,
2566 3870 2921 3938 coniunctam
2968 3870 3299 3925 animalibus
3353 3881 3612 3938 quatuor.
3667 3864 3851 3921 Videbit

2277 3981 2411 4033 ergo
2443 3978 2631 4018 rursus
2671 3962 2964 4029 Ezechiel,
2996 3962 3144 4019 videt
3165 3964 3312 4016 enim
3350 3961 3534 4017 adhuc
3562 3969 3620 4016 et
3646 3959 3776 4029 viget
3803 3963 3852 4009 et

2278 4060 2484 4131 vigebit
2510 4059 2724 4131 (Exerit.
2755 4076 2796 4125 ι,
2829 4061 2897 4116 15
2922 4069 2972 4116 et
3007 4059 3137 4129 £6):
3169 4059 3397 4125 videbit,
3432 4058 3674 4129 inquam,
3699 4064 3850 4109 rotatu

2279 4154 2331 4208 in
2365 4153 2545 4209 medio
2574 4164 2731 4217 τοίω,
2772 4169 2941 4223 super
2971 4164 3170 4208 terram
3209 4153 3328 4206 sine
3364 4151 3663 4207 oﬂ‘eusioue
3686 4147 3851 4202 laben-

2280 4255 2409 4301 tem.
2449 4246 2587 4300 Rota
2618 4246 2765 4302 enim
2818 4262 2987 4316 super
3029 4255 3253 4310 terram,
3287 4244 3393 4298 vita
3427 4255 3511 4298 est
3542 4241 3771 4313 corporis
3793 4237 3847 4290 ad

2262 4340 2475 4395 .aniznte
2500 4350 2679 4412 aptata
2713 4341 2993 4408 virtutem,
3020 4349 3075 4395 et
3093 4338 3159 4392 ad
3183 4339 3557 4411 evangelicum
3580 4330 3848 4393 conserenti

2278 4448 2441 4489 cursu
2492 4433 2727 4489 formata
2768 4444 3126 4504 praeceptum.
3173 4432 3310 4489 [tota
3359 4444 3545 4488 autem
3596 4434 3648 4485 in
3692 4424 3850 4486 medio

2278 4538 2433 4591 rota',
2464 4527 2615 4581 velut
2653 4529 2760 4581 vita
2793 4527 2935 4583 intra
2984 4529 3172 4594 vitam,
3220 4526 3367 4597 quod
3412 4536 3718 4583 sanctorum
3761 4515 3850 4576 sibi

2206 4604 2257 4666 Ι)
2284 4619 2389 4673 vita
2414 4635 2520 4673 non
2545 4619 2815 4684 dissonet;
2841 4619 2935 4675 sed
2961 4620 3134 4688 qualis
3159 4618 3321 4677 fuerit
3346 4619 3647 4690 superioris
3666 4616 3846 4677 aetatis,

2280 4715 2403 4771 talis
2433 4716 2502 4770 sit
2530 4716 2926 4785 etsetuentis:
2970 4717 3057 4772 vel
3098 4715 3200 4770 hoc
3241 4717 3296 4770 in
3346 4715 3451 4770 hac
3482 4715 3587 4769 vita
3630 4708 3849 4781 corporis

2278 4808 2403 4862 vita:
2435 4808 2686 4863 volvatur
2733 4824 2864 4864 usus
2902 4817 3145 4865 reternte.
3173 4808 3307 4863 Cant
3350 4807 3462 4863 ista
3502 4802 3846 4876 congruerint,

2278 4911 2406 4955 tunc
2437 4900 2617 4955 divina
2666 4916 2769 4956 vos
2801 4900 3047 4968 resultet,
3091 4909 3219 4956 tunc
3260 4914 3429 4971 super
3462 4896 3847 4955 sitnilitudinom

2279 4995 2461 5051 throni
2508 4996 2812 5052 similitudo
2863 4998 3005 5051 sicut
3032 4995 3248 5068 species
3286 4995 3529 5050 hominis
3568 4987 3845 5064 apparebit.

2275 5091 2375 5146 ilic
2406 5090 2570 5147 homo
2597 5090 2832 5149 Verbum
2865 5101 2973 5159 est,
3001 5091 3123 5160 quia
3163 5089 3384 5146 Verbum
3423 5106 3546 5145 ται-ο
3575 5088 3758 5159 factum
3782 5087 3844 5135 est

2272 5182 2498 5255 (Joan.t,
2524 5184 2615 5257 ii)
2641 5204 2653 5239 :
2680 5186 2768 5241 hic
2787 5185 2951 5239 homo
2967 5194 3282 5242 nostrorum
3304 5198 3384 5240 est
3400 5186 3637 5255 agitator
3659 5178 3848 5235 anima-

2272 5276 2427 5342 lium,
2473 5287 2787 5335 ttostrorum
2842 5288 3025 5335 rector
3072 5288 3157 5335 est
3202 5293 3439 5342 mormm,
3480 5277 3577 5349 qni
3608 5288 3701 5346 pro
3736 5281 3848 5325 nos.

2275 5379 2482 5427 trormn
2522 5373 2736 5428 ratione
2771 5373 3115 5439 meritorum,
3144 5381 3240 5429 aut
3267 5387 3488 5430 currum
3517 5372 3842 5444 ptest-mm.

2279 5474 2371 5520 aut
2401 5475 2640 5520 montem
2669 5468 2940 5532 ascendit,
2961 5477 3055 5524 aut
3092 5470 3293 5525 navim.

2357 5562 2444 5617 18.
2481 5560 2630 5617 Pone
2657 5579 2738 5618 me
2765 5575 2788 5604 ο
2817 5572 2871 5619 ut
2895 5565 3218 5637 signaculum
3238 5566 3299 5621 in
3326 5581 3415 5621 eor
3436 5575 3601 5629 nam,
3630 5569 3687 5615 ut
3710 5553 3844 5630 sigil-

2345 5738 2364 5761 ο
2404 5718 2465 5781 in
2495 5724 2687 5797 psalm.
2711 5744 2899 5795 emit,
2933 5744 3102 5786 serm.
3132 5729 3225 5795 2‘2,
3258 5746 3408 5786 nam.
3438 5724 3509 5785 54
3538 5735 3591 5783 et
3621 5740 3729 5795 seq.
