4016 6480
104 273 241 331 1957

1100 282 1138 337 Ε
1173 282 1492 341 SCRIPTIS
1535 285 1596 342 S.
1637 285 1963 344 AMBROSll
2003 287 2430 352 COLLECTUS.

3261 306 3401 365 1958

100 395 207 448 lum
245 397 297 450 in
329 397 597 452 brae/tium
639 407 802 464 tuum,
833 416 947 470 qua:
994 416 1124 456 noua
1154 413 1200 454 rt
1250 415 1421 457 vetera
1471 405 1686 458 servasti
1720 413 1758 465 Α
1798 419 1854 468 x,
1882 406 1974 473 9);
2008 418 2062 462 et
2106 411 2342 465 ecclesia
2373 414 2535 481 jauua
2563 426 2931 489 nuncupatur,
2959 420 3080 492 quia
3109 438 3202 492 per
3227 426 3397 495 ipsam

98 490 244 543 uti/ii.
277 492 622 560 Signacolunt
656 510 834 548 meum
863 510 944 559 es,
988 495 1054 548 ad
1094 495 1384 566 imaginem
1428 515 1602 552 nicum
1635 518 1693 554 es

98 592 154 636 et
184 584 611 640 similitudinem.
643 586 835 659 Fulget
862 589 914 642 in
949 597 1000 644 te
1026 588 1206 660 imago
1230 591 1475 660 justitite,
1514 593 1690 664 itnago

98 677 394 743 Sapientim,
426 679 600 747 imago
623 679 854 734 virtutis.
883 681 947 736 Et
979 683 1103 752 quia
1131 685 1306 754 imago
1329 685 1422 739 Dei
1448 685 1501 740 in
1526 687 1692 741 corde

99 779 190 819 tuo
221 779 320 828 est.
353 771 426 824 sit
449 771 583 842 etin
619 775 880 842 operibus
908 775 1052 829 luis:
1087 776 1159 831 sit
1198 780 1405 847 clligies
1443 780 1686 850 Ιύνςιιιςο-

97 859 151 912 lii
186 864 234 911 in
268 862 370 914 tuis
408 864 583 927 lactis,
620 867 753 919 utin
812 869 916 921 tuis
969 869 1212 924 moribus
1253 886 1370 926 mea
1424 882 1687 943 praiccpta

93 950 388 1006 custodias.
433 953 655 1026 Eiligies
691 957 970 1029 Evangelii
1014 963 1117 1015 erit
1171 967 1337 1030 inte,
1386 966 1598 1038 1616
1642 968 1685 1020 si

91 1045 411 1112 percutienti
455 1050 754 1116 maxillam,
803 1054 1028 1108 alteram
1069 1059 1339 1125 praebeas,
1395 1062 1439 1112 si
1496 1061 1688 1131 diligas

89 1137 368 1196 inimicum
399 1153 570 1211 tuttm,
603 1148 646 1201 si
676 1161 892 1203 crucem
924 1160 1067 1204 tuam
1093 1151 1272 1219 tollas,
1302 1162 1355 1207 et
1383 1171 1467 1208 me
1494 1169 1688 1226 sequa-

87 1238 184 1291 ris.
227 1238 353 1292 Ideo
378 1256 593 1296 erucem
642 1258 744 1314 ego
774 1260 873 1315 pro
901 1253 953 1301 te
981 1248 1222 1316 portavi;
1268 1263 1335 1304 ne
1378 1257 1432 1303 tu
1469 1263 1686 1320 pr0pter

87 1347 177 1386 me
222 1342 438 1401 portare
466 1334 766 1392 dubitares.
792 1340 1097 1394 Audierant
1122 1342 1224 1397 hoc
1265 1343 1393 1397 ﬁlia:
1428 1344 1684 1402 Hierusa-

86 1423 220 1488 lem,
245 1426 385 1495 quod
410 1427 520 1496 jam
555 1430 810 1485 Dominus
840 1433 984 1490 Deus
1038 1435 1342 1491 Eeelesiam
1375 1439 1477 1492 sibi
1509 1455 1684 1509 capu-

88 1516 237 1570 labat
272 1534 284 1570 :
313 1528 367 1571 et
407 1523 532 1588 quia
579 1525 996 1581 considerantes
1028 1530 1455 1599 tnagnitudinem
1487 1531 1678 1597 Verbi,

86 1607 324 1678 impares
377 1627 437 1666 se
485 1617 652 1669 tantis
713 1618 917 1686 nuptiis
966 1621 1344 1689 aestimabant;
1414 1639 1480 1678 ne
1537 1625 1679 1679 forte

86 1710 251 1757 tanta:
289 1708 494 1772 copula:
535 1708 749 1777 pondus
776 1714 1049 1768 sustinuere
1075 1729 1197 1783 non
1245 1725 1490 1786 possent,
1517 1734 1681 1774 excu-

80 1808 204 1850 Sum
233 1798 476 1856 dicentes
500 1821 512 1855 ε

159 1893 244 1948 l9.
281 1894 462 1967 (Vers.
504 1898 585 1970 8.)
618 1900 784 1954 Soror
814 1914 990 1957 nostra
1027 1908 1264 1975 parvula,
1299 1918 1347 1962 et
1388 1911 1545 1962 ubera
1573 1928 1677 1964 nou

77 1984 250 2039 liabet.
298 1989 387 2042 Sic
429 1991 572 2046 enim
616 1993 706 2064 qui
743 1998 1174 2053 voluntdillerre
1217 2002 1456 2069 nuptias,
1507 2019 1674 2056 excu-

77 2093 202 2134 sare
241 2096 598 2153 consuerunt,
643 2098 700 2142 ut
748 2092 1087 2158 prietendant
1135 2096 1443 2151 immatura:
1499 2100 1674 2153 uitatis

77 2174 472 2243 infirmitatem.
514 2190 568 2235 et
603 2194 852 2239 astruaut
880 2189 1021 2255 quod
1061 2191 1229 2246 ubera
1268 2208 1375 2248 n0n
1413 2196 1670 2262 habeant,

77 2286 198 2339 qute
243 2273 440 2328 nubilis
489 2277 801 2345 signilicant
842 2292 1056 2352 tempus
1123 2288 1320 2341 aetatis.
1375 2290 1488 2344 lloc
1534 2295 1674 2347 solet

77 2364 380 2434 symbolum
415 2383 705 2427 commune
746 2376 1004 2431 omnibus
1034 2380 1333 2450 virginibus
1379 2400 1503 2440 esse
1537 2404 1673 2456 nup-

78 2463 245 2525 turis;
280 2473 338 2517 ut
380 2482 500 2521 cum
535 2470 705 2524 ubera
742 2476 1014 2542 emperiut
1054 2481 1322 2546 eminere,
1363 2493 1491 2537 tunc
1531 2500 1668 2538 eon-

88 2557 334 2612 untrtioni
367 2559 572 2616 habiles
605 2564 939 2631 judicentur.
986 2569 1239 2626 Turbata:
1283 2575 1468 2644 igitur,
1523 2579 1668 2646 quod

77 2647 250 2699 studio
280 2649 590 2708 dilectionis
623 2667 817 2724 urgeat
845 2661 1062 2728 nuptias
1095 2662 1362 2732 Sponsus,
1388 2667 1580 2723 dicunt
1605 2689 1618 2724 ;

142 2742 236 2793 2.0.
271 2743 409 2809 Quid
440 2745 689 2812 faciemus
711 2754 883 2805 sorori
915 2765 1124 2822 nostraz,
1161 2759 1217 2811 in
1246 2759 1332 2813 die
1363 2777 1463 2829 qua
1497 2765 1671 2832 loque-

78 2843 156 2885 'ur
185 2834 238 2886 in
279 2850 364 2899 ea,
409 2839 493 2891 vel
524 2849 583 2892 ut
627 2840 1011 2914 Symmachus,
1043 2863 1146 2918 qua
1175 2852 1415 2923 loquetur
1439 2857 1524 2909 ei?
1554 2857 1670 2914 Hoc

78 2935 175 2986 Bst,
209 2928 262 2980 in
297 2935 632 2998 Spoiisalium
666 2937 988 2995 celebritate
1017 2944 1155 2997 solet
1185 2944 1301 2999 ﬁeri
1345 2948 1665 3015 collocutio,

77 3030 119 3072 ξι
152 3019 497 3078 conﬁrmatio
525 3030 860 3096 nuptiarum.
897 3033 1037 3100 Quid
1071 3052 1205 3107 ergo
1246 3037 1530 3105 faciemus,
1583 3043 1665 3096 di-

77 3115 474 3184 :unttnrbatu',
523 3125 653 3189 quia
705 3136 862 3194 urget
905 3129 1221 3199 conjunctio
1268 3135 1569 3202 Spil'llztlls?
1623 3143 1659 3190 Α

78 3210 233 3261 antis
289 3212 487 3279 nuptiis
528 3231 790 3272 excusare
833 3236 941 3274 non
984 3235 1248 3290 missum;
1291 3245 1452 3283 nemo
1515 3233 1660 3286 enim

1802 510 1946 563 patet
1983 505 2197 570 populis
2237 507 2412 558 aditus
2441 507 2506 560 ad
2544 509 2799 565 salutem.
2853 515 2959 568 Sed
3004 531 3072 571 ne
3122 519 3403 573 literelico-

1798 603 1916 643 rum
1951 608 2335 666 corrumpatur
2364 600 2520 656 tineis
2548 615 2641 659 aut
2690 609 3000 677 vermibus,
3040 611 3226 667 dicunt
3277 616 3401 669 lilia:

1795 677 2158 753 Hierusalem,
2186 691 2270 744 vel
2299 695 2500 763 angeli,
2533 699 2618 749 vel
2645 699 2840 753 anitum
2858 701 3163 771 jtlslol'tllll:
3198 706 3398 778 Αῐάιίί-

1795 788 1968 829 cemus
1997 795 2155 849 super
2175 798 2288 837 eam
2321 788 2523 844 tabulas
2561 793 2819 862 cedrinas,
2861 796 2960 851 hoc
2991 808 3094 866 est,
3144 801 3265 855 lidei
3307 820 3397 856 stt-

1795 862 1980 919 blimis
2027 869 2227 925 bOIilllll
2270 876 2516 932 odorem.
2555 880 2654 936 Est
2684 887 2828 940 enim
2863 892 3045 944 suavis
3079 893 3238 962 hujus
3283 911 3396 949 ma-

1795 958 2122 1030 leriteodor,
2157 982 2318 1036 quam
2361 987 2465 1025 non
2492 981 2714 1042 vermis,
2751 997 2857 1036 non
2889 986 3029 1037 tinea
3061 1002 3395 1059 corrumpat.

1792 1050 1920 1105 ldeo
1952 1056 2112 1127 hujus
2143 1066 2388 1118 materiae
2427 1083 2556 1124 usus
2596 1073 2817 1142 eligitur
2862 1088 3123 1134 tectorum
3171 1083 3395 1154 fastigiis

1791 1143 2070 1202 elevandis
2111 1153 2523 1229 lormandiszpie
2556 1163 2862 1222 litterarum
2907 1169 3220 1242 elementis,
3274 1178 3395 1247 qui-

1791 1235 1893 1291 bus
1937 1250 2069 1296 tetas
2112 1249 2338 1314 puerilis
2363 1252 2431 1306 ad
2482 1258 2720 1313 studium
2774 1261 3016 1319 liberalis
3067 1271 3396 1328 eruditionis

1790 1327 2070 1390 imbuitur.
2106 1333 2204 1394 Est
2226 1357 2358 1413 ergo
2385 1351 2612 1404 materia
2638 1354 2740 1406 ista
2771 1358 3018 1414 sttblimis
3043 1364 3106 1414 ad
3131 1367 3384 1434 gratiam,

1790 1419 1930 1478 levis
1973 1427 2039 1479 ad
2074 1445 2234 1499 onus,
2269 1435 2450 1491 suavis
2481 1439 2545 1492 ad
2577 1442 2826 1510 odorem,
2878 1449 3024 1504 utilis
3068 1456 3132 1506 ad
3186 1457 3390 1510 instru-

1788 1528 2028 1572 mentum
2062 1523 2327 1592 scientiaz,
2361 1527 2558 1584 habilis
2589 1537 2654 1587 ad
2683 1537 3390 1615 ministeriumcognitionis

1785 1617 2024 1664 ceterum.
2053 1615 2158 1670 Sed
2192 1623 2650 1687 quemadmodum
2676 1631 2944 1700 Sponsam
2973 1654 3121 1691 suam
3149 1641 3384 1712 diligens

1785 1700 2033 1761 Christus
2091 1712 2316 1778 urgebat
2366 1715 2435 1770 ad
2481 1725 2692 1790 eopuhe
2745 1725 3012 1792 spiritalis
3067 1734 3388 1791 solemnita-

1790 1801 1935 1861 tem;
1972 1798 2043 1851 ita
2078 1813 2132 1854 et
2159 1804 2400 1860 Ecclesia
2436 1808 2596 1866 Verbi
2629 1815 2829 1872 decore
2854 1821 2964 1888 jam
3004 1838 3184 1894 capta,
3234 1829 3387 1884 l'esti-

1783 1888 1948 1942 nabat
2003 1893 2070 1946 ad
2103 1902 2338 1967 nuptias.
2399 1900 2634 1975 Ideoque
2688 1926 2960 1967 morarum
3005 1928 3058 1968 et
3102 1918 3384 1977 dilationis

1783 1979 2093 2051 impatiens,
2128 2004 2263 2058 quas
2300 1991 2428 2048 ﬁlia:
2467 1996 2810 2056 Hierusalem
2854 2005 3135 2064 innectere
3183 2017 3386 2082 gestie-

1783 2073 1933 2140 bant,
1964 2077 2091 2133 dicit
2124 2099 2136 2133 :

1850 2167 1940 2223 25.
1977 2169 2160 2243 (Ver‘s.
2200 2177 2312 2249 l0.)
2357 2180 2468 2254 Ego
2497 2202 2708 2255 murus,
2749 2201 2794 2246 et
2835 2193 2992 2249 ubera
3035 2215 3146 2254 utea
3187 2213 3374 2261 turres.

1777 2260 1892 2319 lloc
1939 2278 2062 2336 est,
2101 2272 2270 2330 nolite
2300 2278 2551 2335 dubitare
2605 2295 2784 2340 utrum
2843 2307 3028 2346 nimus
3072 2296 3214 2363 sim;
3275 2302 3383 2357 illa:

1777 2360 1921 2412 enim
1969 2361 2259 2423 dixerant:
2297 2370 2362 2425 Si
2406 2389 2584 2431 murus
2606 2389 2718 2444 est;
2769 2399 2889 2451 ego,
2947 2386 3144 2456 inquit,
3198 2408 3386 2450 niurtis

1775 2468 1918 2519 sum,
1948 2466 2002 2510 et
2032 2476 2136 2510 non
2173 2477 2338 2529 parva
2372 2469 2535 2521 ubera
2569 2469 2768 2540 habeo,
2799 2477 2892 2530 sed
2928 2489 2984 2532 ut
3011 2490 3184 2537 turres
3215 2485 3378 2542 ubera

1775 2559 1895 2598 utea
1927 2559 2072 2602 sunt.
2105 2552 2391 2617 Quomodo
2420 2559 2624 2628 dicitis,
2653 2567 2778 2634 quia
2830 2585 2934 2623 non
2967 2571 3144 2629 habeo
3179 2579 3384 2634 ubera?

1774 2638 1984 2695 Sensus
2029 2645 2202 2702 habeo
2253 2659 2311 2704 ut
2357 2661 2536 2708 turres
2585 2659 2891 2730 sapientiie,
2946 2667 2998 2719 in
3050 2670 3248 2738 quibus
3297 2688 3381 2730 est

1773 2733 2142 2804 abundantia,
2194 2740 2334 2796 sicut
2381 2749 2646 2816 scriptum
2679 2762 2800 2806 est:
2851 2755 2914 2808 Et
2963 2760 3284 2817 abundantia
3322 2769 3372 2821 in

1777 2827 2006 2879 turribus
2038 2832 2137 2883 tuis
2167 2831 2390 2901 (I’salm.
2422 2854 2568 2906 CXXI,
2601 2843 2680 2912 7).
2735 2848 2828 2900 liis
2861 2851 3142 2920 uberibus,
3181 2858 3238 2943 id
3264 2875 3367 2928 est,

1777 2920 2024 2943 μη..,.;ι..-.
2102 2924 2241 2943 Ινιη
2576 2937 2582 2943 .
2799 2941 2806 2943 .

1773 2920 2048 2986 sensibus,
2099 2924 2333 2982 habilem
2363 2946 2421 2985 se
2455 2937 2617 2990 tantis
2659 2941 2862 3010 nuptiis
2893 2923 3238 3004 aestimabat:
3264 2953 3369 3009 Sed

1771 3011 1902 3067 lilia:
1963 3015 2302 3077 llierusalem
2354 3026 2532 3082 adhuc
2593 3047 2698 3086 non
2761 3047 3013 3104 poterant
3073 3046 3370 3116 aestimare,

1771 3106 1894 3174 quia
1943 3126 2199 3167 sensuum
2235 3116 2354 3186 ejus
2385 3120 2772 3181 abundantiam
2826 3147 2931 3188 non
2980 3136 3256 3196 videbant.
3303 3144 3370 3199 Et

1770 3197 2020 3256 atltlitlit:

363 3263 375 3279 ι
450 3263 480 3264 η
534 3263 789 3272 ,._-.-.,-....
833 3263 941 3274 ..νη
984 3263 1248 3290 lumuuus,
1294 3263 1452 3283 ιιυιιιυ
1515 3263 1660 3286 cuiu!

77 3313 148 3356 :st
179 3303 270 3371 qui
312 3307 560 3374 copulam
596 3312 677 3366 vel
717 3315 912 3368 animm
941 3329 994 3372 et
1023 3319 1270 3390 spiritus,
1325 3325 1408 3379 vel
1459 3327 1661 3382 Christi

1840 3295 1933 3352 2i.
1979 3299 2161 3372 (Vers.
2200 3307 2310 3377 ll.)
2341 3308 2454 3382 Ego
2486 3329 2626 3368 eram
2670 3319 2722 3371 in
2754 3322 2918 3378 oculis
2964 3329 3077 3397 ejus
3123 3341 3367 3403 tanquam

77 3406 114 3448 τι
158 3398 418 3454 Ecclesia-:-
473 3420 577 3457 non
624 3408 834 3463 beatam
864 3421 1036 3481 putet.
1070 3414 1176 3470 Sed
1207 3417 1335 3487 quia
1381 3421 1662 3488 plenitudo

77 3487 227 3542 r'erbi
260 3493 343 3546 vel
372 3493 605 3563 Spiritus
633 3501 807 3555 sancti
837 3504 1008 3559 vibrat
1033 3515 1088 3561 et
1116 3507 1306 3579 fulget,
1336 3521 1392 3564 et
1415 3513 1546 3566 nihil
1580 3527 1663 3570 est

77 3582 212 3650 Inod
242 3582 547 3656 illispossit
593 3597 830 3661 mquari;
870 3597 999 3653 ideo
1042 3600 1268 3658 differre
1315 3603 1658 3677 desiderant,

77 3685 118 3728 tt
153 3677 243 3731 illa
276 3679 539 3738 dilatione
566 3687 647 3740 vel
693 3690 894 3756 anima,
930 3696 1012 3748 vel
1056 3697 1299 3752 Ecclesia
1334 3701 1512 3770 possit
1537 3717 1662 3758 esse

78 3769 381 3830 tet-feetior.
418 3775 610 3832 Dicunt
637 3796 768 3851 ergo
803 3803 816 3836 ε

132 3865 221 3917 ‘21.
255 3865 433 3937 (Vers.
466 3871 546 3941 9.)
572 3872 634 3926 Si
665 3890 845 3932 murus
875 3891 973 3946 est,
1003 3884 1322 3953 wdiﬁccmus
1353 3905 1507 3959 super
1551 3907 1664 3946 eum

83 3959 393 4028 ereptacula
421 3978 661 4031 argentea
683 3986 703 4023 :
732 3982 778 4025 et
805 3977 850 4026 si
867 3977 1036 4046 janua
1065 3992 1162 4048 est,
1189 3987 1484 4053 sculpantus
1509 4003 1667 4056 super

78 4071 179 4113 iam
208 4055 415 4111 tabulas
445 4062 702 4119 cedrinas.
737 4067 924 4126 Murus
949 4083 1032 4126 est
1060 4077 1238 4130 anima
1264 4081 1461 4134 sancti.
1497 4082 1668 4138 liabet

77 4159 117 4202 ει
149 4151 394 4207 Ecclesia
427 4171 611 4212 muros
657 4175 805 4228 suos,
841 4181 963 4233 quae
987 4167 1100 4237 jam
1147 4171 1445 4240 perfectior
1495 4176 1663 4232 dicit:

77 4247 178 4318 'L‘go
203 4251 384 4305 civitas
417 4255 612 4309 munita
634 4255 673 4329 ,(
695 4257 838 4313 Esai.
875 4279 1042 4327 xxvii,
1071 4266 1157 4338 ὅ).
1199 4269 1304 4326 Hie
1333 4282 1417 4327 est
1454 4291 1664 4345 murus,

77 4348 152 4414 lui
189 4345 356 4402 habet
380 4349 665 4407 duodecim
698 4369 884 4425 portas
913 4363 1259 4431 apostolicus,
1289 4383 1386 4436 per
1417 4387 1549 4439 quas
1574 4389 1668 4444 po-

78 4439 197 4493 Hth
237 4443 518 4498 nationum
554 4457 699 4516 patet
733 4452 1013 4520 ingressus
1071 4458 1121 4510 in
1175 4458 1499 4519 Ecclesium.
1553 4466 1665 4523 Sed

77 4547 253 4585 nurus
287 4539 536 4604 quamvis
560 4543 818 4598 ambitum
855 4546 1019 4602 totius
1048 4551 1198 4607 urbis
1225 4553 1491 4622 includat,
1541 4571 1666 4618 tunc

78 4642 248 4681 amen
281 4639 365 4684 est
389 4635 670 4702 munitior,
704 4652 826 4693 cum
870 4648 1209 4712 receptacula
1245 4649 1493 4708 habuerit
1525 4667 1666 4723 prai-
1692 4673 1745 4734 D

77 4729 273 4788 tarata,
321 4728 376 4776 in
403 4727 603 4794 quibus
640 4745 1074 4803 propugnatores
1105 4742 1254 4796 urbis
1277 4751 1457 4799 tntum
1505 4761 1663 4817 spec-

80 4813 208 4866 ,ιιιάί
243 4832 306 4870 ac
347 4822 531 4873 tuendi
571 4828 780 4889 possint
809 4827 1013 4885 habere
1043 4833 1370 4891 subsidium.
1407 4840 1513 4896 Sed
1538 4845 1664 4911 quia

78 4907 350 4965 ntio‘ttalis
376 4915 490 4967 haec
521 4915 718 4972 civitas
750 4931 855 4987 est,
889 4934 941 4977 et
967 4928 1142 4982 omnis
1175 4943 1299 5000 spes
1329 4934 1447 5002 ejus
1489 4935 1542 4991 in
1568 4938 1664 4993 Dei

77 4999 250 5055 Verbo
291 5015 398 5068 est,
439 5023 545 5062 non
582 5009 774 5077 ferrea,
807 5017 904 5070 sed
948 5033 1202 5091 argentea
1259 5027 1308 5081 ei
1358 5044 1664 5100 propugna-

77 5100 183 5153 cula
243 5105 614 5171 requiruntur,
641 5109 873 5181 eloquiis
921 5119 1232 5175 cmlestibs
1275 5127 1452 5195 magis
1500 5144 1660 5198 quam

77 5193 348 5262 :«irptireis
397 5197 763 5269 voluptatibus
819 5206 1047 5267 hostiles
1101 5215 1335 5286 impetus
1377 5193 1661 5290 repulsare

77 5299 351 5342 τοιιςιιριτι.

131 5382 225 5436 22.
261 5385 338 5439 Eo
369 5385 499 5441 fulta
531 5391 811 5459 przesidio,
837 5408 902 5448 eo
927 5397 1220 5464 splendore
1247 5404 1480 5477 fulgens,
1503 5409 1663 5467 habi-

77 5477 163 5530 ior
193 5475 398 5534 Christi
425 5481 636 5552 copula:
659 5485 958 5554 iudicatur.
987 5492 1054 5545 Et
1075 5495 1195 5564 quia
1221 5475 1385 5568 janua
1412 5501 1664 5560 Christus

77 5582 169 5636 :st,
205 5575 298 5644 qui
325 5577 432 5631 ait:
458 5577 561 5634 Per
582 5597 660 5634 me
681 5583 727 5635 si
748 5583 862 5653 quis
883 5583 1159 5657 introierit,
1181 5594 1465 5652 satvabttur
1480 5597 1661 5670 (Joan.

134 5775 159 5841 fl
192 5764 320 5841 _Lib.
355 5767 426 5841 de
456 5765 606 5824 Bono
636 5771 829 5828 mortis
851 5814 866 5839 ,
893 5785 951 5827 ‘e.
986 5776 1042 5841 5,
1071 5779 1230 5835 nam.
1267 5776 1356 5838 l8.
1667 5824 1681 5837 -

135 5834 161 5873 ι’
192 5834 252 5890 ιιι
287 5839 421 5907 psal.
459 5856 620 5895 cxvtn
645 5885 657 5907 ,
695 5834 862 5900 serm;
896 5844 998 5912 22,
1029 5834 1182 5905 num.
1209 5834 1327 5919 40,
1347 5834 1399 5909 in
1435 5856 1528 5911 tin.
1555 5899 1570 5926 ,
1606 5860 1664 5915 Η

1764 3390 2025 3449 inveniens
2057 3417 2266 3468 pacem;
2295 3404 2397 3458 hoc
2419 3419 2503 3462 est
2527 3451 2541 3473 ,
2569 3410 2888 3471 deliberatis
2931 3421 2998 3475 de
3033 3427 3168 3480 meis
3194 3433 3366 3486 sensi-

1767 3482 1888 3550 bus,
1915 3506 2035 3542 eum
2077 3508 2262 3559 pacem
2296 3499 2386 3554 Dei
2414 3501 2739 3573 invenerim,
2773 3527 2894 3580 qua:
2929 3529 3226 3587 exsuperat
3254 3542 3370 3577 oui-

1765 3595 1888 3635 nem
1921 3596 2178 3655 tuentem,
2212 3603 2264 3645 et
2297 3597 2535 3652 custodit
2557 3605 2721 3655 corda
2755 3618 2807 3659 et
2833 3622 3028 3664 sensus
3064 3613 3114 3666 in
3148 3618 3368 3674 Christo

1765 3672 1916 3729 Jesu.
1942 3678 2110 3747 'l‘alis,
2145 3683 2339 3754 inquit,
2367 3705 2515 3744 erant
2542 3693 2593 3747 in
2626 3699 2797 3752 oculis
2819 3703 3026 3769 S|l0l|>l,
3051 3710 3225 3775 qualis
3250 3729 3368 3782 qna:

1767 3767 1930 3824 habet
1965 3790 2183 3841 pacem;
2215 3781 2474 3850 scriptum
2509 3797 2592 3842 cst
2623 3791 2766 3845 enim
2795 3811 2807 3846 :
2842 3795 2940 3859 Qui
2973 3810 3106 3853 recte
3131 3817 3368 3873 quierunt

1769 3879 1971 3930 pacem,
2009 3869 2322 3934 gaudebunt.

1845 3953 2052 4027 1617
2083 3959 2172 4014 εὖ·
2205 3962 2366 4029 (Vcrs
2423 3967 2536 4038 12.)
2571 3980 2594 4007 κ
2625 3971 2770 4044 Ego,
2807 3977 3012 4049 inquit,
3045 3987 3225 4043 civitas
3252 4010 3367 4048 ntu-

1770 4046 1910 4114 nita,
1939 4065 2030 4119 ego
2057 4053 2238 4107 civitas
2262 4059 2466 4114 obsessa
2497 4063 2664 4132 (Esai.
2693 4084 2878 4140 xxvii,
2905 4077 2983 4146 5).
3014 4079 3104 4134 llis
3128 4087 3367 4144 munitur

1771 4145 1964 4210 muris,
1993 4147 2073 4199 bis
2103 4151 2326 4207 obsessa
2351 4155 2682 4216 defenditur.
2709 4164 2776 4219 Et
2800 4183 2928 4225 vere
2951 4190 3137 4232 murus
3164 4182 3364 4248 anima,

1771 4249 1894 4304 qua:
1925 4241 2284 4305 prwtenditur
2311 4246 2363 4300 in
2392 4251 2608 4306 castris.
2643 4253 2799 4312 Unde
2828 4271 2881 4314 et
2909 4264 3022 4333 ipsa
3048 4268 3123 4322 ait
3152 4271 3200 4323 in
3232 4274 3370 4329 Can-

1773 4329 1894 4383 ticis
1919 4348 1930 4383 :
1955 4329 2070 4402 Ego
2102 4351 2302 4402 murus,
2335 4351 2381 4394 et
2407 4344 2566 4399 ubera
2591 4366 2704 4404 mea
2723 4354 2855 4409 sicut
2879 4329 3040 4415 turres
3067 4364 3366 4441 (Vcrs.l0).

1773 4420 1840 4441 ni
1894 4440 1900 4441 γ
2437 4436 2448 4441 -

3071 4420 3085 4436 \
3207 4420 3365 4441 ""l'

1770 4420 1954 4478 Bonus
1988 4442 2173 4482 murus
2207 4447 2365 4501 quem
2397 4436 2572 4505 pinxit
2602 4443 2863 4503 Dominus
2890 4493 2903 4518 ,
2939 4454 3073 4509 sicut
3109 4458 3222 4527 ipse
3253 4462 3327 4517 ait
3354 4484 3365 4518 :

1770 4514 1837 4568 In
1865 4519 2100 4574 manibus
2125 4525 2249 4579 meis
2270 4528 2420 4596 pinxi
2450 4549 2624 4588 ntm‘os
2653 4547 2787 4604 tuos,
2817 4554 2864 4596 et
2889 4546 2941 4598 in
2964 4563 3236 4620 conspectu
3260 4573 3369 4611 meo

1770 4625 1824 4662 es
1854 4627 2056 4680 semper
2083 4613 2104 4685 (
2130 4615 2271 4672 Esai.
2309 4637 2466 4689 χιιι,
2498 4626 2564 4680 16
2591 4626 2632 4698 ).
2668 4630 2813 4685 Bona
2844 4636 3023 4693 anima
3057 4657 3177 4711 qua:
3210 4646 3372 4704 habet

1771 4704 2173 4770 speculatorem
2211 4711 2412 4778 Deum,
2457 4726 2513 4771 et
2552 4719 2604 4773 in
2647 4726 2899 4782 manibus
2930 4731 3048 4800 ejus
3078 4746 3196 4800 est;
3232 4740 3374 4797 sicut

1771 4794 1946 4848 anima
1980 4799 2298 4868 pmplietica
2323 4847 2338 4873 ,
2373 4824 2493 4878 qua:
2526 4814 2576 4866 in
2608 4831 2801 4872 manus
2832 4821 2927 4876 Dei
2956 4831 3368 4890 commendatur

1774 4897 1829 4939 ιιι
1861 4889 2086 4956 spiritus
2115 4894 2286 4960 (Psal.
2318 4916 2435 4956 xxx
2459 4945 2473 4968 ,
2505 4906 2594 4974 6),
2625 4919 2679 4963 et
2710 4928 2830 4980 qua:
2857 4915 2911 4970 in
2944 4934 3241 4991 conspectu
3269 4929 3368 4986 Dei

1769 4989 1889 5033 est:
1917 4979 2066 5035 Oculi
2088 4987 2220 5042 enim
2243 4988 2457 5049 Domini
2479 5015 2637 5068 super
2651 5004 2863 5075 justas;
2885 5010 3027 5067 sicut
3047 5027 3098 5068 et
3123 5018 3239 5086 ipse
3261 5021 3365 5077 ait:

1771 5071 1888 5146 Ego
1912 5094 2050 5132 erant
2077 5080 2132 5134 in
2161 5086 2322 5141 oculis
2345 5093 2456 5162 ejus
2479 5103 2725 5168 tanquam
2748 5102 3012 5161 inveniens
3035 5127 3232 5178 pacem.
3258 5116 3333 5168 llo
3351 5150 3366 5158 -

1768 5183 1865 5222 nas
1908 5181 2086 5229 turres
2126 5175 2323 5248 habet,
2363 5201 2484 5254 quae
2527 5188 2689 5247 habet
2732 5205 2785 5249 et
2824 5197 2893 5252 de
2933 5200 3366 5276 intelligibilibus

1767 5263 2014 5330 verbum,
2035 5281 2088 5322 et
2117 5272 2183 5326 de
2212 5278 2509 5336 moralibus
2532 5283 2896 5358 disciplinam.
2920 5294 2944 5332 ι)
2962 5297 3372 5361 Festinantibus

1772 5354 1936 5424 igitur
1963 5359 2160 5419 dilecto
2183 5377 2345 5440 atque
2368 5372 2585 5442 dilecta,
2616 5381 2889 5440 celebrata
2919 5391 3234 5459 conjuncdo
3262 5399 3373 5465 spia

1775 5447 1951 5504 ritalis
1981 5463 2102 5520 est,
2141 5470 2327 5515 mutuo
2359 5471 2591 5536 expetita
2627 5487 2918 5533 coascnsu.
2962 5479 3194 5552 Ideoque
3237 5495 3377 5541 tants

1770 5553 1931 5608 quam
1960 5548 2199 5615 nuptiale
2229 5567 2433 5612 canens
2457 5573 2702 5631 eartnen,
2727 5568 3019 5625 exsultavit
3050 5571 3285 5642 Spiritus
3317 5580 3369 5636 in

1774 5635 2039 5705 propheta
2069 5641 2258 5700 dicens
2280 5665 2294 5703 :
3039 5649 3044 5655 ⁸

1775 5808 1828 5854 et
1856 5811 1971 5873 seq.
