4148 6362
635 224 772 283 1959

1621 224 2163 282 COMMENTARIUS
2206 224 2271 283 IN
2306 225 2601 285 CANTICA
2641 226 2915 289 CANTIC.

3753 234 3863 294 l960

694 334 787 391 9.6.
822 332 1003 407 (Vers.
1038 333 1154 407 ll.)
1194 331 1355 388 Vinea
1384 338 1523 405 facta
1547 344 1619 389 est
1649 334 1926 391 Satomoui
1956 336 2009 388 in
2039 333 2227 388 Beelu-
2258 337 2305 396 Α
2333 345 2609 406 putantem
2652 352 2773 391 cum
2805 336 3012 408 angelis
3042 336 3331 395 Dominum
3360 339 3538 396 Jesum
3566 341 3734 397 audire
3763 360 3869 412 pos-

628 445 751 484 mon
771 470 786 494 ,
817 428 959 484 dedit
987 430 1186 483 vineam
1214 445 1361 483 suam
1392 429 1457 483 iis
1485 429 1574 497 qui
1601 439 1828 484 servant.
1858 428 2072 485 Clamat
2099 444 2230 500 ergo

630 521 872 593 Spiritus
896 564 911 589 ,
955 521 1200 577 Plantata
1241 530 1327 578 est
1361 522 1716 593 congregatio
1739 523 2060 593 populorum
2087 564 2102 587 ,
2133 519 2229 576 scd

629 617 755 674 vitis
784 627 1005 673 aeternae
1038 617 1221 673 radice
1250 615 1507 684 fundata,
1537 625 1594 672 et
1621 616 1883 687 spiritalia
1914 615 2017 669 sub
2041 615 2228 685 jugunt

627 710 796 768 \‘erbi
835 711 1003 767 corde
1042 719 1327 767 mansueto
1364 709 1533 766 corda
1561 696 1813 781 subjecit.
1846 710 2099 765 Plantata
2130 690 2228 763 au—

626 813 737 862 teut
766 815 848 861 est
878 805 932 860 in
963 803 1313 859 multitudine
1341 803 1645 859 nationum.
1690 802 1803 859 lloc
1831 804 1976 858 enim
2020 801 2228 857 intelli-

621 896 863 967 gendum
909 895 1226 963 Beelamou,
1273 894 1672 967 Symmachus,
1725 895 1956 966 Aquila.
1999 894 2230 963 aliaeque

625 990 1009 1048 translationes
1046 1004 1228 1061 graeco
1266 1004 1525 1046 sermone
1562 987 1887 1044 docuerunt.
1922 987 2227 1059 Repudiata

624 1095 709 1143 est
746 1094 903 1142 vetus
940 1085 1136 1156 copula
1169 1100 1292 1156 qua:
1321 1083 1557 1140 fructum
1587 1081 1786 1139 afferre
1825 1098 1935 1137 non
1976 1090 2225 1155 poterat.

623 1178 752 1235 data
791 1188 878 1234 est
928 1177 1085 1233 vinea
1138 1176 1294 1232 novis
1335 1175 1696 1246 fidelibusque
1742 1174 2084 1240 cultoribus,
2136 1172 2227 1244 qui

622 1287 729 1330 non
754 1272 931 1329 solum
963 1271 1145 1328 facere
1171 1271 1405 1326 fructum
1433 1279 1692 1341 possent,
1723 1268 1819 1325 sed
1849 1268 2013 1323 etiam
2042 1277 2228 1322 custo-

622 1365 761 1422 dire.
803 1365 922 1422 Una
962 1364 1130 1436 igitur
1167 1363 1284 1419 ovis
1322 1363 1559 1434 erravit,
1603 1360 1699 1417 sed
1763 1369 2020 1416 revocata
2060 1360 2227 1415 totius

619 1458 796 1530 spatia
822 1456 972 1514 orbis
999 1455 1269 1528 implevit.
1300 1454 1475 1512 Unam
1507 1469 1663 1510 ovem
1693 1468 1852 1509 error
1881 1452 2185 1509 abduxerat
2205 1493 2222 1520 ,

619 1552 716 1610 sed
748 1550 1152 1608 multitudinem
1179 1549 1505 1622 populorum
1542 1546 1758 1602 Domini
1784 1547 1956 1617 gratia
1985 1560 2221 1616 congre-

614 1647 782 1719 gavit.
817 1644 1040 1702 Erravit
1069 1643 1264 1711 homo,
1295 1642 1392 1699 sed
1423 1643 1475 1697 in
1509 1640 1751 1697 Ecclesia
1778 1639 1890 1711 jam
1921 1654 2110 1694 murus
2139 1648 2225 1694 est

2331 429 2524 485 simus.
2557 429 2665 486 Sed
2694 430 2815 502 quia
2864 430 3104 487 futurum
3147 441 3301 500 erat,
3332 445 3388 489 ut
3415 450 3531 491 cum
3569 437 3630 491 ad
3669 436 3866 507 plenitu-

2328 520 2514 579 dinem
2547 523 2794 580 Ecclesia
2827 526 3201 594 pervenisset,
3249 527 3696 598 pcrsccutionibus
3731 530 3870 587 variis

2333 625 2677 685 tentaretur;
2739 615 2863 673 ideo
2915 632 3039 673 cum
3101 618 3262 675 Verbi
3319 622 3483 691 gratia
3538 620 3870 689 delectaretur,

2329 708 2515 764 subito
2552 711 2730 765 cernit
2767 710 2994 767 insidias
3029 721 3444 784 persecutorum
3476 733 3491 767 :
3542 724 3594 770 et
3627 730 3737 786 qua:
3771 714 3873 783 plus

2332 802 2546 873 Sponso
2575 820 2735 873 quam
2769 805 2869 861 sibi
2905 805 3159 871 timeret,
3200 816 3292 863 aut
3331 807 3452 879 quia
3490 824 3518 861 a
3559 806 3876 878 persecutori-

2330 894 2430 950 bus
2456 893 2706 953 Christus
2736 899 2905 968 tnagis
2930 898 3207 968 appetitur
3236 899 3289 954 in
3322 899 3507 965 nobis,
3541 900 3656 956 ideo
3682 900 3783 956 ait:

2402 988 2491 1044 50.
2516 988 2700 1059 (Vcrs.
2730 988 2848 1059 14.)
2882 988 3053 1064 Fuge,
3085 994 3248 1063 frater
3272 1008 3433 1060 meus,
3455 1001 3503 1048 et
3526 994 3699 1049 similis
3722 1005 3813 1050 esto
3835 1004 3879 1051 tu

2330 1083 2585 1153 capreolis
2610 1092 2701 1138 aut
2733 1084 2950 1139 [tinnula
2980 1101 3243 1140 cervorum
3263 1128 3278 1153 ,
3309 1103 3466 1157 super
3494 1097 3680 1143 montes
3707 1106 3882 1145 aroma-

2328 1182 2455 1249 tum.
2484 1175 2713 1247 Propter
2737 1175 2986 1232 infirmos
3014 1176 3173 1249 fugit,
3200 1180 3291 1249 qui
3320 1189 3641 1235 teutamenta
3665 1183 3882 1251 graviora

2328 1268 2475 1324 ferre
2506 1286 2613 1324 non
2649 1281 2893 1340 possent.
2928 1271 3056 1328 Ideo
3087 1272 3347 1343 scriptum
3376 1284 3497 1342 est,
3531 1284 3586 1329 ιιι
3619 1275 3685 1331 de
3717 1275 3883 1331 civita-

2329 1359 2473 1416 tibus
2501 1360 2567 1416 ad
2595 1362 2842 1418 civitates
2873 1363 3178 1433 fugiamus:
3210 1376 3264 1420 et
3294 1366 3338 1421 si
3368 1381 3469 1422 nos
3497 1367 3547 1421 itt
3578 1368 3673 1422 hac
3697 1368 3885 1427 civitate

2326 1453 2538 1511 fuerint
2566 1459 2835 1527 persecuti
2860 1500 2874 1524 ,
2909 1457 3180 1527 fugiamus
3212 1459 3263 1515 in
3293 1460 3476 1516 aliam.
3519 1461 3735 1534 Propter
3759 1462 3887 1518 infir-

2327 1564 2446 1604 mos
2492 1549 2675 1621 igitur,
2722 1560 2778 1604 ιιι
2821 1550 3097 1618 diximus,
3145 1549 3316 1624 fugiat
3358 1564 3769 1625 persequentes:
3811 1563 3888 1611 aut

2325 1642 2494 1713 fugiat
2529 1642 2598 1698 ab
2629 1642 2878 1712 inflmis,‘
2891 1654 2947 1701 et
2978 1654 3222 1702 transeat
3247 1645 3315 1701 ad
3347 1655 3560 1704 montes
3587 1655 3887 1713 aromatum,

615 1751 671 1797 et
700 1753 891 1796 murus
924 1736 1157 1793 validus.
1194 1736 1408 1793 Ermvit
1435 1734 1605 1791 Adam
1629 1776 1645 1798 ,
1680 1748 1867 1789 murus
1897 1741 1982 1788 est
2012 1730 2181 1787 David
2203 1772 2216 1796 ,
2249 1729 2298 1791 B
2325 1736 2414 1807 qui
2446 1751 2544 1805 pro
2570 1740 2835 1810 martyrio
2860 1739 3086 1795 odorem
3118 1741 3283 1807 possit
3310 1740 3484 1799 beatae
3513 1742 3891 1800 resurrectionis

617 1834 708 1907 qui
742 1832 999 1890 mandata
1033 1830 1128 1887 Dei
1158 1829 1363 1886 oblitus
1393 1843 1499 1884 non
1532 1837 1636 1883 εει.
1663 1825 1947 1882 CuStodita
1979 1825 2145 1897 igitur
2170 1834 2224 1880 et

617 1927 814 1984 vallata
847 1928 967 1982 haec
997 1924 1154 1980 vinea
1187 1922 1490 1978 munimine
1519 1919 1793 1993 spiritali,
1825 1918 1979 1974 mille
2010 1917 2224 1973 fructus

614 2019 985 2086 dathristo,
1037 2016 1309 2073 ducentos
1354 2024 1539 2071 autem
1592 2014 1803 2071 fructus
1854 2010 2221 2076 custodibus;

619 2114 854 2186 ideoque
882 2112 959 2167 ait
991 2110 1236 2167 Ecclesia
1264 2127 1278 2164 :

687 2206 778 2261 27.
815 2204 1017 2278 (Vers.
1047 2201 1182 2274 i2.)
1224 2199 1358 2256 Vitis
1385 2217 1500 2256 mea
1527 2200 1582 2254 in
1609 2208 1885 2269 conspectu
1926 2212 2040 2252 meo
2082 2195 2225 2253 mille

618 2298 916 2366 Salomoni,
945 2307 993 2355 et
1019 2299 1226 2353 ducenti
1251 2295 1575 2352 servantibus
1600 2295 1851 2367 fructum.
1880 2292 2145 2350 Perfectio
2169 2301 2228 2349 et

617 2392 905 2465 plenitudo
932 2391 1136 2448 Christi
1169 2397 1256 2447 est
1282 2390 1462 2461 portio
1494 2389 1867 2461 parvulorum.
1911 2386 2090 2442 Habes
2121 2385 2224 2441 hoc

620 2488 945 2561 mysterium
986 2487 1039 2542 in
1067 2484 1305 2553 Genesi,
1337 2483 1430 2540 ubi
1460 2484 1698 2555 quinque
1727 2491 1912 2553 partes
1944 2480 2224 2550 Benjamin

617 2585 771 2641 fratri
793 2582 999 2655 juniori
1032 2581 1222 2638 tribuit
1244 2579 1450 2651 Joseph
1473 2621 1488 2646 ,
1514 2579 1758 2650 singulas
1786 2576 2016 2647 reliquis
2047 2575 2227 2631 fratri-

620 2679 721 2736 bus
753 2677 931 2752 (Gen.
960 2692 1129 2742 XLIII,
1159 2675 1230 2731 54
1254 2673 1297 2748 ).
1341 2674 1577 2729 Domino
1618 2674 1782 2744 igitur
1819 2672 2060 2744 quinque
2098 2687 2223 2727 sen-

619 2787 777 2829 suum
809 2770 989 2842 portio
1019 2776 1076 2825 et
1105 2768 1470 2839 praerogativa
1498 2765 1767 2830 defertur,
1799 2779 1959 2835 quam
2000 2762 2080 2819 illi
2121 2762 2227 2819 uti-

617 2880 726 2938 que
754 2862 937 2920 tribuit
969 2862 1087 2934 ipse
1108 2877 1267 2933 quem
1293 2860 1499 2931 diligit,
1523 2858 1667 2914 sicut
1687 2855 1879 2913 dilexit
1899 2865 1954 2912 et
1974 2855 2221 2921 Paulum,

618 2957 707 3015 cui
728 2955 872 3013 dedit
901 2955 967 3011 ad
986 2963 1179 3026 gentes
1198 2952 1506 3009 evocaudas
1530 2950 1812 3020 sapientiae
1836 2948 2220 3020 principatum.

624 3060 650 3088 ει
678 3049 942 3106 Facessat
971 3049 1060 3104 hic
1086 3046 1260 3103 sacris
1286 3044 1588 3117 virginibus
1619 3052 1818 3110 metus,
1848 3042 2044 3113 quibus
2071 3049 2224 3097 tanta

2332 1828 2547 1900 1618
2588 1828 2804 1884 afferre.
2855 1830 3069 1888 Montes
3097 1842 3402 1889 aromatum
3451 1836 3621 1891 sancti
3664 1844 3796 1890 sunt.
3822 1832 3892 1891 Ad

2326 1935 2421 1976 eos
2447 1920 2691 1993 confugit
2715 1921 3001 1991 Christus;
3032 1927 3156 1998 quia
3185 1925 3552 1984 Fundamenta
3573 1932 3682 2003 ejus
3705 1929 3755 1984 in
3774 1944 3895 1983 mou-

2328 2015 2463 2069 tibus
2485 2017 2676 2072 sanctis
2695 2016 2869 2090 (Psal.
2896 2034 3094 2075 Lxxxvt
3114 2062 3129 2087 ,
3154 2020 3232 2092 i).
3259 2021 3339 2075 Ad
3362 2036 3459 2077 eos
3486 2022 3646 2094 igitur
3657 2020 3893 2092 confugit,

2326 2108 2417 2179 qui
2449 2117 2580 2164 sunt
2605 2110 2723 2182 ejus
2752 2110 2968 2166 stabilia
2991 2112 3376 2170 fundamenta.
3409 2116 3469 2172 In
3499 2115 3652 2172 nobis
3678 2114 3824 2187 fugit,
3850 2114 3897 2170 in

2326 2200 2435 2257 illis
2480 2202 2583 2259 lida
2630 2205 2867 2261 statione
2910 2206 3183 2263 subsistit.
3229 2207 3387 2264 Mons
3427 2208 3592 2281 igitur
3628 2219 3896 2266 aromatum

2330 2295 2525 2352 Paulus
2563 2307 2684 2365 est,
2725 2299 2816 2369 qui
2858 2310 3036 2368 potest
3070 2301 3299 2358 dicere:
3346 2303 3533 2360 Bonus
3580 2306 3706 2360 odor
3737 2302 3901 2362 Christi

2327 2406 2505 2444 sumus
2534 2389 2647 2446 Deo
2676 2390 2762 2465 (ll
2788 2391 2910 2448 Cor.
2936 2410 3009 2460 ιι,
3037 2394 3104 2449 15
3127 2394 3169 2466 ).
3202 2395 3355 2452 Mons
3386 2407 3692 2455 aromatum
3723 2396 3900 2463 David,

2326 2483 2482 2554 cujus
2527 2485 2794 2542 orationis
2834 2487 2971 2544 odor
3009 2490 3343 2547 ascendebat
3387 2492 3456 2547 ad
3508 2492 3818 2559 Dominum,
3857 2499 3903 2547 et

2326 2574 2451 2632 ideo
2489 2576 2706 2633 dicebat
2734 2596 2747 2633 :
2788 2578 3062 2653 Dirigatur
3087 2584 3252 2638 oratio
3277 2601 3395 2640 mea
3419 2586 3554 2641 sicut
3582 2586 3825 2642 incensum
3858 2584 3904 2638 in

2327 2679 2602 2738 conspectu
2633 2680 2724 2725 tuo
2754 2670 2929 2745 (Psal.
2959 2688 3062 2730 ext.
3083 2717 3095 2738 ,
3123 2673 3206 2748 2).

2397 2763 2488 2818 51.
2519 2762 2877 2835 Symmachus
2906 2773 3086 2822 tamen
3111 2775 3169 2823 et
3192 2768 3388 2840 Aquila
3422 2772 3760 2844 interpretati
3778 2779 3901 2839 sunt,

2326 2853 2471 2925 quod
2485 2853 2736 2912 Christus
2762 2856 2895 2914 dicit
2915 2859 2979 2913 ad
3008 2860 3308 2917 Ecclesiam
3326 2880 3342 2919 :
3359 2866 3497 2931 Qua:
3509 2866 3653 2921 sedes
3671 2867 3723 2921 in
3743 2865 3903 2930 hortis,

2327 2946 2432 3004 hoc
2457 2957 2539 3002 est
2557 2989 2572 3014 ,
2595 2948 2707 3020 jam
2735 2950 2786 3004 in
2819 2949 2995 3008 hortis
3019 2952 3201 3021 sedes,
3230 2971 3479 3028 superno
3506 2958 3667 3030 digna
3691 2975 3748 3013 es
3773 2970 3905 3028 para-

2326 3042 2480 3103 diso:
2512 3052 2566 3099 et
2595 3042 2717 3100 ideo
2751 3044 2940 3100 Vocem
2964 3057 3109 3102 tuam
3136 3050 3346 3106 insinua
3374 3056 3538 3120 mihi,
3570 3055 3655 3109 cui
3680 3053 3822 3108 amici
3842 3052 3909 3105 in-

620 3144 875 3217 prtnsidia
898 3142 1088 3199 tribuit
1111 3141 1347 3214 primum
1373 3138 1614 3195 Ecclesia
1634 3179 1649 3201 ,
1674 3153 1797 3209 qua:
1825 3146 2030 3193 tenera:
2056 3136 2226 3208 prolis
2251 3126 2296 3189 C
2329 3134 2545 3190 tendunt
2569 3152 2588 3190 :
2615 3152 2714 3208 ego
2740 3154 2957 3210 quoque
2986 3156 3105 3196 eam
3132 3143 3324 3199 audire
3353 3145 3636 3203 desidero.
3667 3146 3834 3217 Cmpit
3863 3143 3907 3199 in

620 3237 858 3294 sollicita
898 3250 1194 3299 successu,
1236 3233 1355 3304 ipsa
1391 3232 1547 3302 quasi
1589 3246 1778 3285 murus
1816 3228 2223 3284 abundantibus

617 3332 674 3389 in
702 3331 922 3387 modum
953 3330 1179 3385 turrium
1205 3327 1475 3383 excrescit
1501 3324 1794 3383 uberibus:
1817 3324 2016 3390 donec,
2040 3324 2224 3379 soluto

617 3423 924 3482 obsidionis
963 3420 1180 3478 hostilis
1211 3420 1434 3475 incursu
1456 3459 1471 3484 ,
1508 3432 1694 3487 pacem
1727 3414 1925 3471 validae
1946 3415 2223 3485 juventuti

619 3529 882 3576 materna:
926 3514 1182 3588 pra-sidio
1228 3512 1450 3569 virtutis
1492 3510 1757 3582 acquirat.
1797 3508 1955 3567 Unde
1992 3516 2048 3565 et
2083 3508 2221 3565 Pro-

618 3614 781 3687 pheta
808 3611 920 3668 ait:
955 3606 1082 3664 Fiat
1113 3625 1219 3679 paa:
1245 3610 1300 3662 in
1337 3607 1526 3662 uirtute
1567 3614 1654 3660 tua
1676 3645 1691 3673 ,
1721 3613 1768 3659 et
1808 3603 2127 3659 abundantia
2168 3604 2221 3658 in

616 3703 847 3762 turribus
875 3703 978 3759 tuis
1006 3699 1237 3776 (Psafm.
1265 3715 1403 3757 cui
1425 3724 1453 3767 ,-
1475 3698 1553 3772 7).

686 3797 778 3855 28.
811 3793 1128 3868 (Vers.‘,l3.
1148 3791 1170 3866 )
1193 3792 1223 3832 ι)
1256 3793 1361 3863 Qui
1388 3792 1533 3849 sedes
1564 3793 1616 3846 in
1648 3792 1844 3857 hortis,
1872 3790 2025 3846 amici
2052 3791 2221 3847 inten-

615 3895 792 3948 dentes
828 3890 943 3947 uoci
981 3899 1112 3955 tuae,
1153 3904 1329 3944 vocem
1367 3898 1509 3943 tuam
1544 3886 1754 3941 insinua
1791 3886 1940 3941 mihi.
1984 3885 2220 3957 Ideoque

614 3986 732 4043 haec
760 3985 943 4040 anima
974 3983 1183 4039 habens
1212 3982 1443 4054 gratiam
1475 3995 1700 4037 suorum
1732 3979 1962 4036 uberum
1989 4023 2004 4047 ,
2038 3979 2221 4050 ingre-

609 4080 756 4136 ditur
781 4080 835 4134 in
858 4077 1075 4143 hortos,
1104 4086 1159 4132 et
1186 4075 1474 4131 inveniens
1497 4074 1612 4129 illic
1634 4072 1911 4143 Sponsum
1935 4070 2216 4128 sedentem

611 4182 667 4229 et
690 4172 1057 4242 disputantem
1084 4183 1208 4224 cum
1234 4167 1429 4224 amicis
1450 4208 1465 4233 ,
1496 4165 1574 4221 ait
1596 4182 1609 4219 :
1644 4163 1746 4233 Qui
1770 4165 1915 4220 sedes
1942 4165 1996 4219 in
2020 4164 2180 4220 hortis
2201 4205 2216 4231 ,

613 4284 787 4325 uocem
815 4277 958 4324 tuam
981 4266 1190 4322 insinua
1217 4263 1383 4319 mihi:
1417 4262 1548 4317 mihi
1571 4303 1587 4330 ,
1622 4260 1833 4331 inquit,
1868 4277 1972 4315 non
2004 4259 2215 4316 amicis.

684 4362 777 4419 ‘29.
825 4373 845 4401 τ
880 4360 985 4430 Qui
1013 4359 1159 4415 sedes
1206 4359 1263 4413 in
1313 4356 1477 4411 hortis
1502 4396 1519 4423 ,
1562 4354 1719 4409 amici
1749 4354 2069 4409 intendentes
2110 4354 2220 4408 uoci

614 4467 753 4525 tute,
793 4470 967 4512 uocem
1004 4463 1146 4509 tuam
1181 4451 1394 4506 insinua
1443 4447 1592 4503 mihi.
1642 4444 2023 4503 Delectabatur
2068 4447 2213 4501 enim

2328 3225 2503 3283 hortis
2542 3244 2666 3285 esse
2707 3230 2950 3288 Ecclesia
2974 3274 2988 3298 ,
3023 3243 3310 3307 postquam
3340 3237 3398 3294 in
3430 3240 3611 3296 hortis
3639 3249 3819 3310 captus
3842 3243 3913 3292 est

2325 3318 2598 3377 Christus.

2396 3413 2486 3468 52.
2511 3410 2537 3451 τι
2561 3413 2740 3487 Fuge,
2767 3416 2929 3486 frater
2956 3436 3127 3489 meus,
3156 3432 3204 3476 et
3225 3424 3420 3481 similis
3442 3426 3657 3498 efficere
3679 3440 3816 3481 cerro
3839 3428 3914 3478 aut

2324 3503 2542 3563 [tinnula
2572 3509 2706 3563 cervi
2725 3551 2741 3575 ,
2773 3511 2827 3565 in
2853 3523 3050 3569 montes
3077 3526 3393 3573 aromatum.
3425 3519 3765 3592 Serpentinis
3787 3515 3913 3574 enim

2326 3596 2537 3654 invisus
2578 3600 2851 3668 colubris,
2882 3611 2939 3659 et
2974 3605 3264 3677 effugitans
3303 3625 3547 3681 canum,
3589 3623 3751 3683 atque
3786 3606 3914 3666 humi

2324 3695 2669 3764 reptantibus
2689 3695 2921 3754 infestus
2949 3703 3323 3773 serpentibus,
3344 3708 3529 3764 nescit
3560 3708 3800 3766 habitare
3827 3699 3915 3759 nisi

2321 3786 2377 3842 in
2405 3787 2739 3846 sublimitate
2767 3792 3054 3860 virtutum,
3086 3797 3260 3851 nescit
3296 3801 3644 3857 commorari
3671 3799 3770 3856 nisi
3810 3795 3918 3851 tali-

2323 3879 2422 3936 bus
2453 3882 2710 3940 Ecclesia:
2751 3885 3003 3953 ﬁliabus,
3045 3903 3166 3959 qua:
3209 3904 3448 3960 possunt
3493 3895 3720 3952 dicere:
3750 3889 3917 3948 Christi

2321 3976 2457 4029 enim
2508 3977 2668 4032 bonus
2724 3980 2854 4034 odor
2893 3998 3068 4035 sumus
3122 3981 3232 4038 Deo
3274 3984 3367 4055 (ll
3399 3987 3530 4044 Cor.
3562 4005 3636 4056 ιι,
3667 3986 3790 4059 15).
3827 3980 3919 4042 Sed

2320 4069 2646 4138 quibusdam
2672 4071 2810 4128 odor
2838 4074 3030 4130 mortis
3057 4076 3111 4131 in
3152 4088 3429 4148 mortem,
3481 4081 3541 4137 in
3584 4082 3650 4137 iis
3692 4079 3776 4152 qui
3814 4090 3920 4148 per-

2319 4171 2451 4218 eunt
2486 4181 2500 4217 :
2539 4165 2866 4235 quibusdam
2895 4166 3032 4223 odor
3060 4167 3185 4224 vitae
3213 4168 3267 4225 in
3305 4174 3488 4230 vitam
3517 4216 3534 4241 ,
3579 4175 3632 4232 in
3664 4176 3733 4231 iis
3759 4174 3923 4243 utique

2319 4254 2413 4326 qui
2464 4255 2688 4312 odorem
2769 4260 3188 4317 resurrectionis
3239 4263 3556 4324 Dominica:
3611 4267 3788 4324 vivida
3833 4263 3924 4321 fide

2318 4355 2559 4416 sperant.
2610 4347 2702 4403 lsti
2749 4360 2876 4405 sunt
2919 4362 3220 4408 aromatum
3269 4370 3543 4427 montes,
3592 4362 3684 4434 qui
3731 4354 3926 4416 Domini

2319 4452 2520 4511 corpus
2554 4438 2684 4496 .lesu
2722 4455 3087 4514 acceperunt,
3131 4456 3187 4502 et
3227 4447 3280 4502 in
3326 4449 3526 4509 linteis
3566 4469 3695 4509 cum
3732 4463 3926 4506 armaa-

611 4549 758 4623 quod
796 4549 851 4605 in
891 4547 1066 4604 hortis
1092 4545 1344 4603 Christus
1375 4542 1602 4600 sedebat
1626 4583 1642 4607 ,
1676 4550 1732 4598 et
1760 4541 1814 4596 in
1848 4537 2022 4595 hortis
2050 4539 2215 4611 positi
2242 4529 2297 4589 D
2322 4530 2466 4586 libus
2489 4530 2816 4602 ligaverunt.
2840 4534 3182 4609 Quicumque
3205 4540 3356 4596 enim
3385 4546 3755 4604 crediderunt
3777 4589 3792 4615 ,
3817 4542 3929 4613 quia

615 4643 777 4700 amici
816 4640 1174 4700 intendebant
1205 4638 1324 4694 voci
1356 4637 1515 4708 ejus:
1551 4635 1647 4693 sed
1678 4635 1804 4707 quia
1832 4634 1991 4690 amici
2025 4632 2103 4689 illi
2144 4632 2213 4689 dc

610 4736 930 4796 ctelestibus
967 4746 1172 4803 erant,
1212 4732 1545 4805 Archangeli
1587 4732 1669 4788 vel
1716 4730 2126 4787 Dominationes
2160 4738 2217 4786 ct

612 4830 820 4890 Throni
856 4830 1150 4903 (homines
1186 4829 1331 4886 enim
1364 4826 1576 4898 expulsi
1609 4826 1678 4881 de
1710 4825 1966 4896 paradiso
1998 4824 2217 4882 fuerant

611 4932 837 4998 propter
868 4922 1291 4981 inobediontiam
1321 4919 1628 4977 caelestium
1668 4918 2083 4987 mandatorum,
2127 4929 2212 4975 at-

610 5034 718 5091 que
745 5018 869 5075 ideo
909 5017 1087 5075 adhuc
1115 5015 1360 5073 Ecclesia
1390 5029 1581 5070 vocem
1614 5012 1734 5085 ejus
1761 5013 1949 5068 audire
1979 5030 2084 5068 non
2121 5029 2216 5084 po-

604 5122 781 5181 terat,
838 5127 1002 5185 quam
1055 5111 1310 5182 cupiebat
1362 5098 1634 5179 audire),
1694 5106 1817 5162 ideo
1870 5107 1985 5162 ait:
2025 5105 2214 5162 Vocem

607 5215 753 5262 tuam
787 5205 998 5260 insinua
1034 5203 1184 5259 mihi.
1228 5200 1382 5258 Unde
1419 5207 1476 5256 et
1512 5214 1612 5254 nos
1643 5200 1688 5254 si
1720 5202 1968 5255 volumus
1996 5213 2122 5255 eum
2158 5200 2210 5256 in

608 5299 768 5357 nobis
796 5296 1026 5364 sedere,
1060 5294 1234 5351 simus
1262 5292 1404 5349 horti
1442 5292 1611 5348 clausi
1652 5300 1815 5363 atque
1854 5294 2088 5361 muniti,
2134 5292 2215 5349 fe-

607 5407 793 5450 ramus
822 5390 1083 5446 virtutum
1135 5386 1300 5443 ﬂores
1321 5427 1335 5453 ,
1368 5386 1556 5457 gratia:
1603 5385 1934 5442 suavitatem
1956 5427 1973 5455 ,
2006 5395 2067 5442 ut
2095 5384 2209 5442 dis-

680 5541 707 5571 ⁴ι
737 5530 858 5588 Lib.
891 5546 910 5585 ι
933 5528 1002 5585 de
1029 5527 1209 5601 Virg.,
1237 5541 1359 5598 cap.
1387 5525 1453 5593 8,
1479 5542 1633 5601 pum.
1661 5525 1757 5583 49.

677 5600 707 5643 ιι
735 5602 856 5660 Lib.
884 5600 955 5658 de
980 5596 1355 5668 Bono'mortl,
1388 5613 1439 5655 c.
1476 5597 1543 5663 5,
1576 5613 1731 5653 num.
1766 5596 1857 5653 18.

602 5742 606 5746 _
638 5728 645 5733 .
680 5684 704 5718 ε
733 5674 796 5735 ιιι
823 5674 961 5747 psal.
992 5688 1157 5730 exvnt
1182 5685 1350 5729 serm.
1379 5671 1473 5739 2‘2,
1497 5685 1645 5726 num.
1688 5671 1760 5727 45
1788 5679 1845 5724 ει
1872 5684 1989 5739 seq.

2319 4623 2482 4682 Jesus
2504 4637 2753 4684 mortuus
2774 4638 2893 4697 est,
2921 4640 2977 4685 et
2997 4634 3245 4703 sepultus
3274 4646 3395 4705 εει,
3429 4648 3491 4695 ει
3520 4642 3852 4705 resurrexit,
3879 4634 3926 4692 hi

2320 4721 2597 4777 excelsum
2627 4738 2771 4781 vera:
2799 4738 3063 4781 cacumen
3098 4726 3224 4783 fidei
3254 4730 3537 4790 virtutum
3583 4736 3813 4808 fastigiis
3849 4748 3931 4790 es-

2326 4814 2589 4870 tulerunt.
2639 4815 2741 4873 Ubi
2785 4832 2919 4889 ergo
2963 4818 3220 4877 Christus
3262 4827 3573 4894 quaeritur,
3624 4830 3680 4885 in
3727 4838 3931 4901 pectore

2327 4909 2609 4978 prudentis
2639 4909 2849 4966 scilicet
2880 4912 3226 4969 sacerdotis?

2394 5004 2484 5059 55.
2505 5012 2528 5041 ε’
2548 5000 2716 5075 Fuge,
2739 5003 3075 5075 fratermeus.
3098 5006 3363 5066 Hortatur
3386 5023 3452 5069 ιιι
3475 5014 3651 5089 fugiat
3670 5018 3929 5088 Sponsus,

2323 5095 2447 5168 quia
2474 5097 2585 5168 jam
2616 5097 2769 5168 sequi
2801 5098 3003 5168 poterit
3032 5099 3148 5171 ipsa
3180 5110 3411 5161 terrena
3440 5105 3780 5182 fugientem.
3813 5109 3936 5165 Dicit

2318 5200 2378 5246 ut
2414 5191 2612 5247 similis
2652 5191 2725 5246 sit
2761 5190 2997 5248 damula:
3035 5210 3156 5261 quae
3194 5197 3385 5254 evadit
3426 5201 3502 5258 de
3542 5205 3794 5270 retibus;
3834 5201 3935 5258 vult

2319 5284 2466 5342 enim
2508 5292 2564 5340 et
2602 5284 2718 5355 ipsa
2758 5284 2980 5356 fugere,
3021 5296 3077 5343 et
3129 5289 3355 5346 evolare
3422 5309 3602 5367 supra
3665 5296 3933 5355 mundum.

2324 5377 2343 5417 ί
2370 5379 2665 5451 Fugiatnus
2691 5394 2824 5451 ergo
2855 5379 2909 5435 in
2941 5380 3171 5451 patriam
3204 5384 3601 5446 verissimam.
3634 5390 3756 5447 lllic
3780 5387 3937 5463 patria

2400 5521 2427 5560 ά
2454 5522 2578 5598 ιλιι).
2598 5522 3024 5598 deYirginitate,
3051 5540 3172 5598 cap.
3196 5526 3251 5597 9,
3284 5544 3452 5587 num.
3480 5534 3584 5592 49.

2399 5604 2424 5667 °_
2454 5595 2576 5651 Lib.
2608 5595 2675 5651 de
2704 5595 2860 5652 Bono
2888 5607 3079 5667 mort.,
3108 5595 3160 5655 ε.
3191 5595 3246 5665 5,
3278 5616 3445 5659 num.
3484 5607 3579 5665 18.

2406 5664 2424 5704 ί
2448 5666 2567 5725 Lib.
2582 5667 2921 5735 delsaac.,c.
2938 5669 2995 5737 8,
3018 5664 3170 5728 num.
3185 5672 3403 5739 78,sub
3427 5664 3563 5748 fin.,
3581 5689 3640 5737 et
3661 5698 3813 5740 num.
3827 5696 3935 5753 seq.
