4148 6362
586 310 727 372 1963

1918 302 2166 364 SANCTI
2202 296 2534 362 AMBROSII

3751 294 3892 362 1964

572 406 889 498 composui,
921 422 1354 481 Machabzeorum
1405 434 1622 494 quoque
1678 435 1767 477 res
1816 427 2002 491 gestas
2049 434 2176 489 pro-
2205 420 2248 478 Α
2283 422 2475 469 auctor
2500 411 2637 482 fuit,
2686 426 2754 469 ne
2785 411 2950 469 simili
2974 422 3092 469 arte
3122 412 3223 485 ipsi
3252 428 3467 487 quoque
3505 413 3891 487 deciperentur

576 523 828 593 pheticus
860 535 1045 576 sermo
1077 519 1265 589 paucis
1305 516 1535 573 absolvit
1563 534 1578 571 :
1608 514 1970 585 reliquorum,
2011 528 2183 585 usque

578 616 648 671 ad
678 612 990 671 incendium
1024 611 1213 682 templi
1245 619 1300 666 et
1344 608 1634 665 manubias
1660 607 1766 663 Titi
1794 605 2060 673 Caesaris,
2093 620 2182 662 re-

577 709 719 765 lator
746 708 996 779 egregius
1025 705 1291 761 historico
1337 705 1482 775 stle
1506 701 1801 772 Josephus,
1832 699 2035 755 utinam
2070 710 2181 754 tam

581 800 835 871 religioni
874 809 929 855 et
972 797 1188 855 veritati
1214 806 1479 864 attentus,
1512 811 1680 867 quam
1720 810 1904 851 rerum
1937 792 2177 864 indagini

579 904 636 950 et
670 894 987 947 sermonum
1039 890 1350 947 sobrietati.
1389 887 1719 945 Consortem
1771 902 1832 944 se
1868 887 2015 944 enim
2049 902 2173 957 per-

576 986 720 1041 ﬂdiae
746 984 1061 1041 Iudaeorum
1112 982 1170 1038 in
1219 983 1341 1054 ipso
1379 983 1547 1037 etiam
1596 994 1852 1039 sermone
1889 979 2176 1047 exhibuit,

576 1093 736 1149 quem
773 1076 843 1132 de
875 1091 1064 1131 eorum
1104 1075 1376 1146 supplicio
1407 1073 1808 1140 manifestavit;
1842 1082 1898 1128 et
1940 1087 2177 1144 quorum

569 1184 721 1224 arma
750 1168 1041 1234 deseruit,
1070 1182 1264 1223 eorum
1295 1175 1478 1222 tamen
1508 1165 1796 1236 sacrilegia
1835 1179 1947 1220 non
1976 1164 2178 1221 dereli-

570 1262 707 1334 quit.
759 1262 1078 1332 Deploravit
1130 1260 1393 1317 flebiliter
1443 1275 1787 1323 aerumnam,
1846 1258 1944 1315 sed
2004 1258 2177 1329 ipsius

568 1371 790 1412 causam
842 1370 1102 1411 aerumnae
1158 1369 1267 1409 non
1333 1353 1578 1421 agnovit.
1611 1350 1774 1408 Unde
1834 1351 1991 1406 nobis
2032 1365 2177 1417 curae

573 1447 695 1515 fuit,
723 1463 831 1503 non
873 1447 1074 1518 ingenii
1102 1461 1209 1518 ope
1239 1445 1431 1512 fretis,
1483 1444 1577 1500 sed
1625 1443 1746 1499 fidei
1790 1444 2097 1501 intentione
2121 1444 2175 1499 in

569 1541 855 1599 historiam
898 1542 1212 1598 Iudaeorum
1244 1542 1385 1596 ultra
1428 1541 1729 1611 Scriptura.
1772 1541 1974 1598 seriem
2003 1556 2176 1597 sacra:

571 1635 851 1705 paulisper
877 1636 1176 1691 introrsum
1206 1648 1457 1706 pergere,
1491 1644 1550 1688 ut
1579 1645 1856 1704 tamquam
1901 1634 1955 1689 in
2002 1633 2175 1704 spinis

568 1743 747 1782 rosam
766 1735 1101 1798 quiereutes,
1128 1727 1272 1783 inter
1293 1742 1435 1782 saeva
1458 1726 1752 1798 impiorum
1777 1726 2023 1783 facinora
2050 1740 2173 1799 quae

2287 508 2432 564 sicut
2453 507 2565 578 jam
2593 507 2835 580 plerique
2861 523 3049 565 eorum
3094 508 3223 564 dum
3264 508 3491 566 sabbato
3537 509 3743 567 bellum
3770 518 3892 567 sus;-

2283 603 2466 673 cipere
2492 604 2798 662 detrectant
2819 644 2835 671 ,
2869 604 3203 661 irruentibus
3231 604 3286 660 in
3308 620 3429 660 sese
3457 606 3706 662 hostibus
3731 604 3890 660 multi

2283 695 2613 751 occubuere.
2666 697 2974 752 Potentiam
3020 698 3267 768 prosperi
3296 706 3449 753 actus
3484 697 3798 766 dederunt,
3834 706 3892 754 et

2282 787 2674 856 perseverandi
2697 790 2749 844 in
2767 790 2884 846 viro
2899 804 3071 861 usque
3087 790 3155 846 ad
3183 799 3487 846 extremum
3503 790 3633 846 vitae
3648 790 3888 845 studium

2282 878 2620 936 defensionis
2662 890 2718 937 et
2762 882 2984 953 pietatis
3020 882 3195 953 vigor.
3249 881 3355 939 Sed
3402 897 3528 938 cum
3562 881 3667 936 sibi
3696 896 3894 952 supre-

2283 985 2429 1027 mum
2459 971 2604 1029 dicm
2633 973 2829 1029 adesse
2858 972 3215 1043 intelligeret,
3248 973 3456 1029 vocatis
3483 972 3697 1029 civibus
3720 982 3893 1042 atque

2281 1065 2668 1122 assistentibus
2694 1066 2882 1123 liberis
2909 1066 3158 1123 hortatus
3183 1075 3306 1134 est,
3357 1074 3417 1123 ut
3463 1075 3747 1123 tuerentur
3789 1082 3893 1137 pa-

2284 1157 2440 1214 triam
2461 1198 2477 1224 ,
2512 1158 2806 1229 templique
2839 1158 3158 1229 religionem
3185 1176 3199 1213 :
3232 1158 3540 1230 ducemque
3571 1157 3653 1213 his
3684 1156 3893 1213 Judam

2281 1248 2647 1306 Machameum
2680 1265 2826 1305 curae
2854 1259 3015 1321 atque
3043 1249 3424 1306 sollicitudinis
3454 1265 3567 1306 suae
3602 1263 3896 1305 successo-

2278 1356 2395 1397 rem
2430 1343 2667 1414 reliquit.
2701 1343 2803 1412 Qui
2834 1342 2979 1399 bello
3006 1356 3280 1410 strenuus,
3312 1344 3544 1400 consilio
3576 1343 3783 1410 bonus,
3816 1358 3889 1399 ac

2280 1451 2395 1506 pra:
2419 1436 2634 1492 caeteris
2668 1438 2774 1494 fide
2797 1447 3081 1508 promptus
3106 1479 3123 1505 ,
3173 1452 3336 1509 quam
3379 1437 3693 1508 frequenter
3721 1437 3892 1493 innu-

2279 1543 2458 1585 meras
2487 1528 2729 1586 hostium
2756 1531 2945 1601 copias
2963 1546 3134 1602 parva
3159 1546 3323 1586 manu
3345 1531 3571 1596 fuderit,
3601 1528 3887 1600 prosequi,

2280 1636 2386 1676 non
2416 1631 2502 1678 est
2532 1624 2818 1693 praesentis
2848 1625 3070 1695 negotii.
3122 1623 3276 1691 Quod
3308 1633 3486 1680 tamen
3529 1624 3681 1680 brevi
3724 1623 3890 1680 colli-

2278 1731 2409 1786 gere
2439 1716 2618 1773 datur.
2653 1718 2811 1789 Saepe
2846 1720 3125 1789 prosperis
3157 1733 3290 1774 usus
3316 1718 3663 1775 successibus
3693 1758 3710 1784 ,
3735 1718 3892 1773 exci-

563 1821 732 1890 diguo
763 1822 1062 1891 impietatis
1093 1823 1272 1893 pretio
1299 1822 1476 1877 soluta
1504 1832 1666 1887 sunt,
1700 1837 1961 1879 eruamus
1986 1822 2160 1894 aliqua

2277 1808 2414 1862 tavit
2441 1810 2494 1863 in
2522 1824 2584 1865 se
2608 1824 2859 1880 magnam
2893 1811 3132 1867 hostium
3160 1810 3564 1867 multitudinem
3592 1827 3606 1866 :
3638 1825 3747 1887 qua
3769 1810 3889 1865 cir-

571 1912 655 1969 vel
686 1914 757 1969 de
799 1915 1108 1970 reverentia
1157 1929 1330 1970 sacra:
1374 1914 1532 1986 legis,
1579 1916 1662 1971 vel
1715 1914 1781 1970 de
1810 1926 2017 1970 sanctae
2043 1913 2171 1970 reli-

561 2008 744 2079 gionis
770 2009 1299 2079 constitutionisque
1327 2008 1628 2074 miraculo;
1664 2023 1786 2079 qua:
1816 2009 2021 2079 magis,
2044 2008 2171 2064 licet

472 2098 481 2105 ’
566 2100 902 2166 heredibus,
935 2101 1021 2156 vel
1053 2101 1108 2155 in
1147 2102 1393 2157 adversis
1422 2102 1659 2161 ostentui
1690 2102 1925 2168 fuerint,
1954 2102 2039 2156 vel
2072 2100 2170 2156 ho-

564 2208 703 2248 nore
728 2194 785 2248 in
810 2193 1111 2265 prosperis.
1139 2194 1311 2250 Simul
1340 2194 1526 2265 (quod
1540 2202 1627 2250 est
1653 2194 1911 2251 indicium
1942 2196 2166 2252 domes-

562 2286 684 2340 ticae
713 2286 1114 2357 improbitatis)
1150 2286 1359 2356 liqueat
1388 2287 1691 2355 universis,
1723 2289 1870 2369 quod
1914 2289 2017 2359 ipsi
2062 2289 2168 2348 sibi

560 2382 798 2451 propriae
839 2381 1013 2436 cladis
1058 2391 1315 2437 auctores
1348 2380 1521 2436 fuere.
1549 2381 1827 2451 Primum,
1860 2382 2006 2453 quod
2057 2383 2166 2439 alia

560 2482 839 2541 curantes,
871 2474 1146 2529 Romanos
1180 2473 1233 2529 in
1263 2489 1324 2529 se
1348 2475 1753 2542 converterint,
1798 2484 1855 2531 et
1882 2475 1949 2530 ad
1979 2476 2164 2546 cogni-

561 2567 766 2622 tionem
797 2566 954 2638 regni
992 2567 1078 2621 sui
1127 2566 1498 2631 invitaverint,
1542 2567 1739 2637 quibus
1792 2568 2031 2638 ignorari
2081 2583 2167 2624 sa-

558 2661 667 2716 tius
694 2661 812 2715 fuit.
842 2660 1192 2731 Rogat/erunt
1240 2659 1571 2728 amicitiam,
1606 2660 1768 2716 fidem
1816 2676 1929 2715 non
1971 2676 2166 2717 serva-

560 2752 688 2807 turi.
721 2751 916 2808 Pacem
958 2751 1305 2808 violaverunt
1343 2752 1542 2808 virtute
1586 2752 1843 2822 impares.
1873 2754 2163 2811 Postremo

554 2845 760 2901 bellum
794 2845 1134 2911 intulerunt,
1166 2846 1366 2916 quibus
1396 2862 1521 2917 spes
1550 2848 1731 2903 omnis
1757 2834 1818 2904 in
1849 2842 2159 2915 manibus,

559 2953 668 2993 non
696 2939 755 2993 in
779 2938 988 2993 viribus
1012 2946 1166 3004 erat,
1193 2952 1317 2993 cum
1358 2939 1429 2993 sit
1456 2940 1694 2995 maxime
1718 2941 1966 2997 omnium
1996 2942 2163 2999 mise-

555 3029 728 3087 rabile
752 3022 930 3086 claudi
954 3030 1274 3086 obsidione:
1305 3046 1426 3101 qua:
1447 3033 1613 3087 etiam
1641 3033 1687 3087 si
1718 3033 1857 3089 bene
1886 3028 2156 3103 procedit,

2274 1899 2556 1955 cumfusus
2585 1901 2829 1971 undique
2873 1901 3001 1958 dum
3030 1902 3227 1958 cedere
3258 1902 3449 1972 pudori
3492 1900 3838 1958 existimabat
3865 1941 3885 1967 ,

2275 1992 2681 2065 refugientibus
2697 1994 2864 2051 sociis
2893 1996 2948 2051 in
2979 1996 3225 2068 praelium
3262 1997 3391 2050 ruit.
3416 1980 3697 2067 Caesisque
3740 2008 3887 2065 quos

2274 2087 2536 2144 adversus
2583 2090 2760 2156 ierat,
2807 2105 2838 2143 a
2868 2089 3039 2146 latere
3063 2090 3502 2158 circumventus,
3549 2087 3646 2144 sed
3696 2096 3885 2143 tamen

2274 2182 2419 2244 ultus
2446 2182 2723 2252 prOpriam
2763 2191 3039 2251 mortem,
3091 2183 3381 2239 occiditur.
3431 2181 3570 2238 Huic
3611 2183 3888 2237 successit

2271 2271 2559 2342 Jonatbas,
2593 2291 2700 2329 non
2730 2274 2910 2331 minus
2944 2274 3162 2331 virtutis
3190 2274 3544 2330 similitudine
3572 2289 3692 2345 par,
3715 2289 3885 2344 quam

2274 2375 2483 2422 naturae
2509 2368 2889 2440 germanitate.
2921 2368 3023 2436 Qui
3052 2376 3176 2439 post
3203 2368 3370 2422 multa
3394 2368 3447 2422 in
3478 2367 3693 2423 bellicis
3710 2367 3885 2422 rebus

2269 2472 2459 2528 Opera,
2494 2460 2548 2515 in
2575 2460 2739 2517 rebus
2768 2462 2944 2517 sacris
2973 2461 3154 2517 ofﬁcia
3181 2476 3303 2532 qua:
3330 2459 3474 2517 circa
3515 2461 3701 2532 templi
3729 2460 3878 2530 puri-

2269 2549 2579 2607 ficationem
2612 2562 2856 2622 spectata
2885 2568 2949 2609 ac
2974 2555 3201 2624 probata
3230 2562 3392 2621 sunt,
3424 2550 3452 2591 ι)
3484 2562 3752 2623 praetenta
3779 2568 3883 2625 per

2271 2643 2455 2700 dolum
2486 2646 2748 2701 amicitia:
2796 2646 2904 2701 fide
2935 2647 3073 2702 intra
3111 2646 3299 2701 urbem
3334 2646 3570 2701 hostium
3614 2646 3831 2702 clausus
3856 2687 3875 2714 ,

2262 2757 2368 2797 nec
2399 2743 2560 2814 longo
2591 2753 2715 2814 post
2740 2744 3036 2800 intervallo
3062 2755 3290 2801 necatus
3314 2755 3419 2801 est.
3449 2745 3692 2801 Joannes
3711 2746 3879 2801 etiam
3980 2800 3983 2801 ν

2265 2834 2451 2889 Sentior
2481 2842 2613 2890 natu
2644 2836 2832 2903 frater,
2863 2845 2919 2892 et
2941 2836 3170 2892 Eleazar
3191 2835 3378 2907 junior
3404 2838 3620 2893 caeteris
3660 2852 3759 2909 pro
3788 2852 3881 2895 re-

2272 2924 2474 2995 ligione
2502 2935 2732 2982 mortem
2761 2943 2871 2982 non
2920 2936 3263 2984 recusarunt.
3308 2928 3438 2983 Post
3469 2927 3570 2984 bos
3614 2930 3693 2985 rei
3722 2945 3877 2987 sum-

2266 3028 2412 3073 mam
2433 3018 2620 3075 Simon
2643 3023 2869 3092 recepit,
2892 3021 2961 3077 ad
2982 3026 3143 3092 quam
3166 3026 3274 3077 non
3298 3023 3471 3089 rudis,
3495 3025 3591 3079 sed
3612 3018 3721 3094 join
3740 3028 3877 3096 pro—

553 3124 753 3193 saepius
791 3139 994 3196 augere
1022 3139 1184 3195 quam
1227 3126 1477 3182 minuere
1508 3128 1748 3197 pericula
1785 3129 1949 3185 solet.
1978 3129 2051 3186 At
2089 3146 2159 3187 ne

2263 3111 2420 3197 battis
2450 3111 2710 3197 fraternae
2732 3117 3012 3172 societatis
3055 3117 3349 3187 triumphis
3388 3119 3868 3190 appr0pinquavit.

542 3188 674 3288 quis
702 3188 930 3273 vacuuvm
954 3188 1060 3274 fide
1095 3227 1153 3274 et
1180 3188 1521 3290 superfluunt
1538 3222 1691 3291 putet
1717 3234 1817 3278 nos
1845 3223 2155 3291 suscepisse
2185 3192 2231 3256 ε
2254 3188 2477 3262 bm‘am
2512 3196 2575 3262 fet
2596 3195 2719 3277 ipse
2744 3218 2853 3264 tam
2882 3206 3162 3291 ρδνξῐιῖδίικ
3194 3211 3262 3267 ad
3293 3210 3513 3267 fraudes
3547 3212 3822 3269 cavendas
3849 3254 3864 3281 υ

554 3312 872 3380 negotium;
907 3310 1031 3367 ideo
1077 3326 1176 3383 per
1227 3312 1498 3384 principes
1547 3314 1766 3369 ductum
1802 3315 2153 3372 Hebrmorum

550 3416 724 3473 genus
753 3417 914 3457 omne
939 3403 1375 3470 consideremus,
1408 3416 1465 3459 ut
1492 3405 1702 3476 liquido
1733 3408 1940 3463 clareat
1968 3418 2151 3465 utrum

546 3512 579 3551 a
625 3496 927 3552 femoribus
970 3506 997 3535 ι
1042 3498 1236 3564 Judae,
1295 3515 1561 3570 nusquam
1606 3503 1979 3571 generationis
2035 3504 2154 3575 ejus

551 3588 830 3644 successio
862 3586 1286 3646 claudicavcrit:
1331 3604 1398 3646 an
1433 3598 1564 3649 vero
1601 3590 1891 3650 olenderit
1918 3596 1971 3650 in
2004 3597 2152 3667 prin-

550 3680 734 3751 cipum
763 3682 939 3751 serie,
970 3683 1066 3739 sed
1094 3685 1359 3740 manserit
1392 3686 1443 3740 in
1474 3702 1565 3753 eo,
1616 3688 1700 3742 cui
1720 3690 1949 3759 reposita
1972 3707 2151 3746 mane-t

550 3760 673 3827 bant
709 3774 883 3828 omnia
909 3793 924 3830 :
950 3774 1059 3847 ipse
1092 3785 1203 3830 erat
1226 3792 1345 3846 spes
1366 3778 1603 3850 gentium
1639 3777 1823 3851 (Gem,
1876 3788 2023 3850 nix,
2058 3781 2148 3853 10)

552 3865 689 3923 Hinc
712 3882 845 3939 ergo
873 3882 1084 3924 sumam
1114 3870 1425 3926 exordium.

1084 4009 1318 4067 CAPUT
1365 4010 1654 4069 PMMUM.

623 4121 779 4178 Bello
802 4112 1082 4193 Parthico,
1115 4125 1262 4195 quod
1291 4127 1432 4183 inter
1461 4128 1806 4186 Machabaeos
1827 4130 1997 4189 duces
2018 4147 2153 4203 gen-

547 4224 770 4287 temque
819 4218 1101 4275 Medorum
1149 4221 1468 4277 diuturnum
1520 4237 1583 4277 ac
1608 4222 1866 4295 frequens
1889 4226 2149 4296 variaque

551 4311 776 4366 victoria
825 4310 953 4379 fuit,
983 4313 1317 4369 incentivum
1348 4308 1671 4386 principium
1701 4317 1854 4374 dedit
1875 4314 2150 4392 sacrilegii

549 4404 743 4472 dolor,
794 4408 916 4476 quia
967 4423 1063 4462 rex
1121 4408 1427 4464 Antiochus
1462 4411 1571 4484 cui
1615 4428 1818 4469 nomen
1866 4412 2147 4484 lllustris,

549 4498 808 4553 Antiochi
859 4499 1003 4569 regis
1054 4496 1231 4566 filius,
1279 4502 1375 4558 ubi
1426 4482 1722 4573 iﬁgyplum
1774 4521 1991 4577 quoque
2042 4482 2145 4564 suo

548 4589 782 4659 imperio
851 4591 1231 4667 adjunxit,iny
1294 4592 1612 4666 Superbiam
1668 4590 1885 4665 'elaius,
1918 4586 2145 4668 quodei

552 4683 759 4738 incerta
797 4684 1060 4739 bellorum
1089 4689 1578 4757 prosperavissent,
1615 4691 1756 4746 ritus
1788 4691 2145 4748 Hebraeorum

551 4776 775 4847 negligi,
790 4778 1089 4834 ministeria
1112 4796 1329 4852 quoque
1355 4797 1543 4838 eorum
1572 4774 1855 4853 profanari,
1867 4782 2144 4855 iusserat:

550 4868 714 4938 idque
742 4872 1139 4941 postulantibus
1186 4874 1466 4946 plerisque
1504 4875 1814 4931 Judteorum
1839 4918 1856 4944 ,
1905 4886 2148 4934 statuere

551 4976 735 5018 ausus.
784 4963 939 5030 Quod
968 4961 1165 5021 factum
1199 4958 1487 5023 Matathias
1515 4964 1773 5025 sacerdos
1807 4970 2023 5042 perpeti
2052 4976 2149 5028 'ne-

550 5055 755 5124 quivit:
788 5072 889 5112 nec
916 5059 1090 5113 solum
1122 5060 1236 5129 ipse
1264 5061 1588 5131 temperavit
1612 5076 1643 5116 a
1671 5064 1958 5133 sacrilegio
1986 5079 2145 5134 rega-

551 5146 697 5216 lique
727 5148 904 5205 edicto
932 5166 1038 5205 non
1066 5152 1497 5222 obtemperavit,
1540 5169 1729 5209 verum
1758 5155 1920 5210 etiam
1948 5156 2147 5212 immo-

550 5240 755 5296 lantem
772 5243 1075 5299 simulacris
1098 5245 1301 5299 hostias
1328 5250 1396 5300 de
1419 5246 1773 5316 popularibus
1795 5248 1907 5304 suis
1928 5258 2141 5318 nactus,

546 5336 727 5406 gladio
757 5340 1239 5394 transverberavit.
1292 5340 1361 5394 Et
1387 5350 1711 5412 congregata
1746 5359 1908 5400 manu
1937 5386 1951 5413 ,
1982 5355 2145 5415 atque

547 5426 778 5486 Asidteis
809 5431 864 5486 in
890 5430 1208 5487 societatem
1238 5431 1459 5487 adscitis
1486 5473 1503 5499 ,
1543 5433 1661 5504 ipse
1705 5449 1829 5491 cum
1870 5422 1995 5493 ﬁliis
2018 5424 2138 5494 snib

548 5532 874 5580 temerantes
902 5539 1056 5579 usum
1087 5524 1321 5594 patrium
1354 5533 1408 5581 et
1427 5525 1667 5596 justitias
1696 5528 1850 5599 legis,
1879 5529 2017 5585 alios
2040 5545 2139 5587 nc-

543 5618 706 5683 eavit,
738 5617 1027 5690 plerosque
1053 5618 1259 5690 expulit
1276 5650 1298 5685 -,
1324 5619 1560 5691 bellique
1588 5619 1817 5678 sabbato
1852 5623 2134 5682 adorieudi

618 5730 802 5787 «Eunt
832 5730 1117 5792 rarioribus
1135 5777 1148 5789 .
1166 5736 1449 5793 mendose.
1478 5735 1746 5794 Restitute
1766 5737 1931 5795 lectio
1948 5739 2127 5798 firma.

550 5809 636 5857 tur
664 5818 728 5858 ex
762 5801 890 5867 Gen.
912 5817 1062 5877 xxix,
1096 5807 1181 5865 10.
1211 5807 1484 5863 Cantante.
1641 5834 1652 5845 ι

2260 3298 2421 3367 Quam
2454 3298 2616 3354 manu
2646 3292 2854 3355 Validus
2892 3280 3243 3373 beliah‘dique
3267 3302 3476 3358 artibus
3522 3306 3655 3359 satis
3702 3319 3868 3373 Spec-

2260 3399 2427 3445 tatus.
2460 3392 2671 3448 Etenim
2697 3408 2821 3448 cum
2849 3394 3065 3451 virtutis
3096 3410 3197 3465 ope
3227 3395 3601 3451 Romanorum
3630 3396 3867 3454 ducibus

2257 3476 2586 3558 regibuSque
2612 3490 2856 3560 gentium
2886 3490 3179 3546 amicitiam
3225 3488 3606 3547 fmderavisset
3629 3534 3645 3559 ,
3680 3486 3865 3549 Ptole-

2258 3580 2383 3635 maei
2415 3581 2564 3648 doio,
2594 3584 2785 3653 generi
2814 3585 2920 3653 sui,
2955 3595 3174 3657 rogatus
3200 3585 3273 3641 ad
3318 3587 3625 3642 convivium
3653 3626 3670 3653 ,
3720 3586 3866 3644 inter

2258 3680 2475 3731 mensas
2503 3674 2762 3747 'etpocula
2794 3694 2915 3734 cum
2939 3680 3150 3748 duobus
3177 3679 3302 3736 filiis
3326 3682 3418 3751 qui
3444 3679 3715 3747 aderant,
3747 3682 3860 3736 cir-

2256 3779 2579 3826 cumventus
2608 3774 2768 3843 atque
2813 3782 3009 3830 exutus
3047 3768 3215 3830 armis
3244 3770 3411 3846 impie
3451 3770 3571 3831 neci
3598 3772 3860 3831 traditur.

2256 3862 2397 3918 Sane
2424 3865 2687 3933 praevenit
2715 3866 2938 3922 insidias
2965 3867 3203 3923 Joannes
3232 3877 3384 3924 ortus
3403 3884 3472 3925 ex
3488 3860 3738 3936 Simone,
3766 3869 3859 3925 cui

2250 3970 2451 4025 nomen
2487 3956 2788 4028 Hyrcanus,
2817 3970 2877 4014 et
2903 3960 3213 4030 properavit
3237 3960 3306 4016 ad
3330 3960 3524 4016 vicine
3545 3960 3695 4017 urbis
3722 3967 3866 4018 Inm-

2253 4046 2366 4115 nia,
2398 4048 2487 4105 Ubi
2518 4065 2546 4102 a
2578 4053 2777 4119 pepulo
2805 4058 3024 4122 propter
3055 4053 3269 4124 egregia
3290 4053 3465 4125 patris
3486 4053 3705 4118 merita,
3730 4054 3862 4110 odio

2253 4158 2471 4213 quoque
2501 4142 2718 4200 hostilis
2746 4146 2993 4212 sceleris,
3032 4134 3474 4217 exspectabatur.
3497 4140 3604 4204 Vix
3622 4138 3864 4221 denique

2248 4238 2443 4293 urbem
2475 4237 2756 4309 ingressus
2782 4248 2891 4307 est,
2920 4250 2976 4296 et
3000 4242 3113 4312 jam
3140 4240 3469 4298 Ptolemaeis
3494 4243 3707 4300 aderat.
3748 4226 3861 4301 Sed

2252 4330 2374 4385 cum
2403 4338 2499 4401 per
2521 4331 2679 4386 aliam
2717 4332 2926 4402 partam
2949 4333 3161 4405 ingredi
3188 4332 3371 4402 vellet,
3398 4334 3688 4405 repulsus,
3718 4337 3861 4394 mul-

2250 4425 2465 4487 titudini
2493 4427 2797 4485 cedendum
2832 4429 3186 4487 existimavit.
3238 4431 3555 4501 Assut‘npsit
3578 4432 3730 4488 illico
3758 4433 3858 4489 Jo-

2210 4566 2222 4591 ._
2250 4520 2444 4575 nathas
2470 4512 2679 4591 paterni
2705 4523 2995 4579 secerdotii
3016 4538 3235 4590 munus,
3263 4533 3320 4580 et
3342 4510 3411 4580 ad
3438 4524 3644 4580 cultum
3674 4541 3854 4582 rerum

2254 4612 2562 4669 divinarum
2609 4616 2929 4686 prefectus,
2978 4617 3159 4671 statim
3207 4610 3428 4688 pietatis
3474 4616 3738 4689 obsequia
3764 4633 3857 4674 cu—

2255 4721 2480 4776 ramque
2506 4709 2789 4765 servanda:
2820 4710 3236 4765 necessitudinis
3261 4710 3690 4781 exsequebatur,
3742 4727 3856 4766 ma-

2250 4788 2391 4856 irem
2417 4803 2644 4873 cupiens
2672 4800 2976 4875 fratresque
3008 4803 3251 4875 periculo
3295 4795 3534 4859 auferre.
3582 4803 3856 4875 Congres-

2253 4906 2425 4964 suque
2451 4882 2701 4965 superior
2726 4894 2902 4950 factus
2924 4896 3084 4965 justas
3116 4896 3385 4966 passionis
3407 4895 3606 4951 affectu
3627 4911 3855 4966 supera-

2254 4983 2431 5052 batur,
2461 5000 2569 5057 qno
2612 4989 2791 5045 minus
2817 4997 3001 5043 castro
3035 4988 3295 5058 potiretur
3341 4987 3394 5042 in
3424 5001 3532 5058 quo
3559 4988 3734 5045 clausi
3760 4989 3855 5046 de-

2254 5076 2587 5134 tinebantur.
2615 5079 2748 5135 Nam
2779 5080 3109 5137 Ptolemaeus
3132 5081 3224 5138 ubi
3271 5097 3333 5138 se
3384 5083 3563 5153 urgeri
3604 5082 3851 5150 videbat,

2244 5166 2478 5226 mairem
2504 5170 2628 5242 eius
2653 5184 2814 5245 atque
2845 5191 3136 5247 germanos
3163 5176 3217 5230 in
3248 5175 3421 5231 muris
3451 5177 3664 5233 locabat
3712 5193 3852 5248 pra:-

2247 5263 2556 5334 cipitandos
2582 5266 2749 5334 illico,
2780 5269 2882 5322 nisi
2913 5268 3178 5325 Jonathas
3204 5269 3353 5325 bello
3383 5272 3527 5340 quod
3555 5271 3846 5341 inferebat,

2248 5354 2557 5434 desisteret.
2592 5359 2925 5416 Vincebatur
2954 5361 3174 5432 juvenis
3197 5362 3417 5432 pietatis
3439 5370 3587 5418 metu
3607 5364 3702 5434 qui
3731 5366 3851 5420 vin-

2245 5440 2403 5505 debet
2426 5430 2762 5507 fortitudinis
2791 5430 3221 5524 assumptionem
3243 5496 3258 5522 ,
3306 5465 3362 5511 et
3392 5430 3726 5512 iracundiam
3754 5473 3850 5513 ex-

2243 5538 2469 5595 citatam
2513 5542 2564 5595 in
2611 5542 2822 5598 hostem
2868 5546 3162 5602 revocabat
3196 5561 3419 5602 suorum
3445 5548 3840 5605 misericordia.

2244 5630 2415 5688 Mater
2457 5644 2638 5691 tamen
2688 5645 2875 5706 parata
2905 5637 2976 5692 ad
3018 5646 3290 5699 tormenta
3317 5638 3574 5697 tendebat
3603 5655 3796 5698 manus
3822 5681 3839 5710 ,

2308 5748 2336 5790 δ
2367 5753 2455 5808 Al.
2512 5752 2851 5811 f’rwtentata.
2904 5755 3077 5812 Barth.
