4016 6532
133 409 289 471 1965

1041 409 1310 470 ηιετοιι.
1354 409 1440 464 DE
1483 404 1758 464 EXCIDiO
1795 403 2068 466 HlEROS.
2113 407 2314 470 URBIS
2351 409 2483 470 LIB.
2525 415 2566 471 Ι.

3311 423 3451 486 1966

129 527 447 582 obsecrans
491 540 600 581 non
631 524 821 582 salutis
850 523 1108 580 auxilium
1133 567 1148 593 ,
1191 525 1285 581 sed
1334 523 1552 578 ultionis
1607 522 1748 577 sola-
1774 521 1829 579 Α
1855 524 2214 594 principatum
2239 529 2532 584 sacerdotii
2576 528 2642 584 ad
2671 532 2826 600 regni
2853 535 3152 603 potentiam
3180 539 3366 604 vertit,
3399 552 3456 596 et

130 625 308 679 tium.
340 623 644 680 Verebatur
671 622 814 679 enim
844 638 912 678 ne
934 622 1076 677 ﬁlius
1105 621 1226 692 plus
1255 623 1411 676 matri
1442 630 1708 676 metueret
1736 662 1750 686 ,

134 733 313 786 quam
363 727 600 787 paterna:
631 716 884 771 vindicta:
933 715 1316 784 impenderet:
1372 714 1474 770 sibi
1523 724 1751 768 mortem

134 810 298 864 illam
327 807 449 864 ioco
480 809 903 864 immortalitatis
931 810 1165 863 futuram
1188 850 1202 873 ,
1235 823 1340 878 qua
1378 806 1605 862 maritus
1641 805 1757 858 vin-

137 901 428 958 dicaretur
455 945 468 970 ,
497 911 552 958 et
583 919 748 975 gener
778 903 978 974 impius
1005 919 1102 974 pro
1150 903 1358 958 scelere
1381 899 1606 956 immani
1637 915 1753 970 pae-

148 1009 282 1048 nam
333 995 664 1052 exsolveret.
713 994 818 1051 Sed
864 995 1083 1066 juvenis
1133 996 1251 1065 plus
1283 993 1423 1048 intra
1467 1007 1528 1049 se
1558 992 1755 1062 ipsum,

135 1103 315 1158 quam
347 1090 399 1143 in
440 1090 651 1145 hostem
682 1091 1049 1161 praeliabatur.
1105 1089 1236 1145 Nam
1284 1090 1499 1161 quoties
1549 1097 1755 1158 patrem

138 1182 428 1252 cogitabat
454 1224 468 1248 ,
501 1183 920 1238 accendebatur.
951 1181 1186 1237 Rursum
1215 1196 1336 1236 cum
1368 1187 1541 1235 matre
1572 1179 1756 1234 verbe-

142 1275 264 1329 rari
293 1286 459 1345 atque
487 1275 555 1330 ad
581 1290 773 1330 necem
800 1275 975 1344 aptari
1005 1274 1256 1341 videret,
1289 1273 1650 1328 moliebatur:
1681 1283 1761 1326 rc-

147 1367 389 1422 vocabat
420 1369 707 1438 impetum,
742 1369 1010 1424 referebat
1037 1368 1266 1437 gradum
1297 1408 1310 1430 ,
1359 1368 1477 1436 quia
1513 1364 1760 1420 retrahe-

151 1459 256 1515 bat
291 1461 494 1530 passio.
537 1460 685 1516 Inter
710 1461 1010 1516 obsidionis
1037 1475 1220 1515 moras
1248 1460 1468 1514 feriatus
1509 1473 1574 1514 ex
1603 1458 1718 1528 lege
1742 1497 1759 1523 ,

151 1553 482 1620 supervenit
506 1567 681 1607 annus
707 1552 800 1622 qui
823 1561 942 1608 erat
967 1554 1251 1623 septimus.
1279 1552 1457 1608 Cessit
1486 1551 1656 1620 pietas
1679 1563 1765 1603 re-

150 1644 351 1714 ligioni
379 1686 393 1709 ,
424 1645 600 1699 soluta
627 1644 841 1700 obsidio
868 1655 950 1700 est
979 1663 993 1700 :
1045 1645 1141 1701 sed
1185 1660 1251 1700 eo
1291 1644 1460 1715 magis
1486 1642 1764 1698 Ptolemaei

154 1739 401 1794 excitata
431 1738 759 1806 immanitas,
793 1748 849 1793 ut
876 1755 1105 1810 quorum
1133 1739 1350 1809 objecta
1381 1753 1594 1808 poenam
1637 1751 1766 1791 eva-

154 1838 352 1894 serat,
384 1845 480 1885 eos
505 1831 1000 1901 jngularijuberet.
1045 1831 1146 1898 Qui
1173 1832 1431 1885 continuo
1477 1845 1536 1884 se
1577 1827 1766 1883 ultioni

1857 613 2103 672 diadema
2130 620 2338 689 primus
2371 621 2654 692 imponere
2675 622 2775 678 sibi
2805 627 3087 695 usurpavit
3117 645 3130 681 :
3164 641 3288 699 post
3315 647 3450 702 qna-

1858 709 2178 782 dringentos
2206 715 2547 786 septuaginta
2567 716 2803 787 quinque
2829 733 3021 786 annos,
3043 723 3315 793 triumque
3335 741 3460 780 cur-

1858 802 2030 860 ricula
2061 805 2357 872 mensium,
2387 821 2455 862 ex
2487 823 2592 878 quo
2614 809 2680 864 de
2711 810 2989 882 Babylone
3017 827 3266 869 remeans
3295 811 3458 872 Israel

1858 897 2084 979 servitio
2128 908 2350 966 exutus,
2386 900 2438 954 in
2497 909 2648 957 suam
2687 905 2889 958 terram
2925 919 3049 961 sese
3092 909 3320 978 recepit.
3351 908 3454 966 Su-

1863 990 2030 1058 perbe
2068 993 2250 1062 itaque
2296 1008 2397 1048 nec
2433 1001 2643 1064 partem
2674 1013 2877 1066 ponere
2912 991 3127 1055 caeteris
3166 1011 3455 1059 contentus

1863 1081 2128 1138 fratribus
2158 1086 2336 1140 solum
2358 1086 2688 1157 Antigonum
2720 1092 2951 1150 honoris
2979 1096 3161 1164 specie
3191 1104 3350 1166 "quem
3376 1087 3459 1152 vi-

1862 1173 2092 1230 debatur
2145 1177 2409 1248 diligere,
2443 1182 2735 1240 mulcebat.
2759 1181 2985 1240 Matrem
3029 1179 3195 1260 (quia
3227 1189 3466 1260 potesta-

1859 1267 1936 1324 tis
1966 1275 2242 1323 exsortem
2262 1312 2275 1334 ,
2304 1277 2360 1325 et
2382 1271 2589 1339 judicio
2639 1265 2739 1330 viri
2773 1269 3072 1333 fraudatam
3113 1294 3175 1335 se
3200 1290 3466 1350 expostu-

1866 1360 2123 1432 laverat)
2173 1363 2414 1432 alligavit
2460 1365 2722 1432 vinculis,
2765 1379 2822 1423 ‘et
2866 1379 3040 1439 usque
3085 1386 3150 1426 eo
3198 1373 3470 1442 processit

1868 1454 2221 1511 immanitatis
2271 1457 2582 1527 parricidali
2629 1460 2822 1527 Spiritu
2865 1459 3042 1531 l‘ero’x,
3091 1473 3152 1518 ut
3199 1473 3254 1520 et
3297 1466 3468 1535 ipsam

1867 1555 1925 1602 et
1951 1547 2149 1603 fratres
2194 1555 2322 1604 suos
2349 1549 2513 1604 sim’ili
2568 1549 2730 1606 modo
2779 1551 2990 1608 vinctos
3025 1567 3172 1610 arcta
3216 1555 3491 1611 custodia

1870 1641 2178 1709 detineret,
2231 1649 2340 1712 quo
2379 1657 2549 1714 prope
2605 1658 2776 1715 usque
2811 1645 2879 1700 'ad
2927 1657 3159 1702 mortem
3214 1662 3469 1718 suprema

1873 1733 2017 1789 fame
2041 1735 2537 1804 compellerentur,
2571 1739 2625 1792 ni
2669 1741 2941 1794 maturius
2969 1737 3320 1795 A’ristobulus
3361 1757 3478 1796 scc-

1872 1826 1997 1881 le5ti
2027 1828 2304 1898 parricidii
2328 1830 2520 1886 merita
2549 1831 2842 1886 solvisset:
2870 1839 2936 1888 ac
2958 1831 3192 1903 primum
3216 1834 3270 1889 in
3300 1833 3479 1904 ipsum

155 1923 392 1989 exemit,
421 1923 487 1977 ad
518 1922 794 1978 Zenonem
823 1924 910 1978 cui
944 1938 1141 1978 nomen
1160 1923 1352 1978 Cotilae
1381 1920 1770 1992 Philadelphia:
1799 1913 1850 1976 Β
1875 1921 2206 1993 Antigonum
2258 1924 2404 1980 ferus
2448 1925 2663 1981 animus
2691 1929 3074 1999 exasperatur,
3108 1937 3161 1982 et
3190 1928 3258 1983 de
3289 1943 3478 1983 amore

156 2028 356 2083 regem
387 2015 708 2085 confugiens
732 2055 746 2081 ,
795 2027 850 2070 ut
894 2018 1012 2086 ejus
1062 2030 1168 2086 ope
1199 2029 1324 2070 sese
1356 2023 1615 2070 tueretur.
1665 2013 1776 2068 Nec

162 2105 475 2164 Antiochus
505 2109 750 2177 quievit,
794 2109 884 2178 qui
917 2109 1123 2166 Simoni
1173 2109 1309 2179 patri
1338 2107 1587 2163 Jonathae
1632 2106 1775 2162 ludi-

163 2199 290 2254 brio
331 2215 460 2255 suos
485 2201 655 2256 fuisse
679 2203 954 2256 exercitus
983 2201 1398 2272 indignabatur:
1441 2201 1778 2272 cupiensque

163 2291 350 2346 adhuc
371 2292 969 2364 assurgentesJonathze
995 2295 1260 2363 primitias
1281 2295 1775 2366 exstinguere,cum

165 2400 364 2456 magna
396 2385 622 2441 veniens
653 2402 816 2441 manu
845 2387 1302 2458 Hierosolymam,
1346 2388 1654 2461 Hyrcanum
1682 2390 1780 2445 ob-

167 2476 335 2531 sedit.
367 2476 585 2547 Repulit
617 2478 900 2550 Hyrcanus
929 2495 1085 2546 auro,
1119 2497 1279 2551 quem
1313 2480 1469 2554 ferro,
1489 2481 1776 2552 nequibat,

169 2580 528 2643 reserataque
551 2571 629 2644 (ut
657 2573 860 2643 Ioseph
887 2584 1077 2630 auctor
1104 2585 1183 2630 est
1214 2576 1231 2643 )
1265 2576 1432 2630 David
1482 2577 1738 2646 sepulcro
1761 2617 1775 2641 ,

177 2665 281 2717 tria
333 2665 501 2719 millia
535 2667 651 2719 auri
701 2668 901 2721 talenta
951 2667 1112 2722 eruit.
1158 2667 1240 2721 Ex
1283 2667 1482 2737 quibus
1531 2677 1779 2722 trecenta

177 2758 565 2812 annumeravit
594 2759 866 2814 Antiocho
892 2800 906 2824 ,
936 2771 996 2814 ut
1027 2760 1365 2814 obsidionem
1413 2761 1782 2832 relinqueret,

181 2857 242 2902 ut
269 2848 446 2917 pretio
483 2860 698 2920 emptus
729 2853 926 2907 abiret.
965 2851 1142 2922 Atque
1174 2861 1228 2905 ut
1259 2853 1382 2906 facti
1411 2852 1669 2905 invidiam
1706 2851 1787 2906 le.

187 2951 368 3002 varet,
393 2942 564 2998 fertur
585 2960 645 3000 ea
678 2946 907 3014 pecunia
936 2945 1218 3016 Hyrcanus
1240 2945 1544 3000 instituisse
1581 2945 1788 3013 primus

186 3037 564 3106 xenodochia,
597 3039 793 3109 quibus
825 3039 1116 3094 adventum
1147 3041 1449 3109 susciperet
1491 3052 1787 3109 pauperum

187 3131 626 3200 peregrinorum.
661 3135 970 3200 Aucupatus
998 3133 1160 3186 etiam
1193 3132 1444 3186 Antiochi
1489 3130 1788 3199 necessita-

192 3231 323 3288 tem,
353 3238 456 3291 qua
490 3221 655 3276 Medis
678 3222 880 3277 bellum
915 3223 1221 3290 inferebat,
1259 3224 1402 3278 ultus
1437 3223 1783 3294 dispendium

189 3324 275 3369 est
302 3331 315 3371 :
349 3314 722 3384 plurimasque
751 3315 910 3369 urbes
937 3314 1108 3386 Syriae
1140 3316 1242 3371 sibi
1284 3315 1548 3386 adjunxit.
1600 3315 1788 3370 Sama-

190 3408 326 3463 riam
352 3423 567 3478 quoque
593 3409 684 3463 ubi
708 3419 888 3478 postea
918 3407 1164 3464 Sebastia
1187 3409 1404 3464 Condita
1434 3418 1535 3472 est,
1563 3410 1795 3464 circum-

189 3499 342 3556 dedit
372 3501 786 3568 munitionibus,
816 3501 972 3571 cujns
997 3501 1448 3571 eXpugnationem
1479 3501 1796 3557 Aristobulo

189 3599 248 3648 et
294 3593 568 3668 Antigono
614 3595 739 3649 ﬁliis
791 3595 904 3650 suis
955 3595 1250 3650 mandavit.
1302 3594 1540 3662 Quorum
1581 3595 1796 3650 obsidio

191 3685 336 3740 lenta
373 3701 543 3757 usque
587 3686 653 3740 ad
704 3685 880 3740 diram
912 3685 1108 3741 famem
1139 3695 1193 3740 et
1228 3694 1362 3741 tetra
1406 3686 1658 3743 alimenta
1690 3686 1793 3742 hu-

193 3793 476 3832 manorum
503 3777 828 3834 cadaverum
860 3781 1074 3834 clausos
1098 3778 1293 3848 coegit.
1324 3779 1440 3846 Qua
1463 3778 1678 3849 impulsi
1703 3794 1799 3834 ne-

195 3873 471 3936 cessitate,
503 3886 660 3943 opem
692 3874 760 3927 ab
785 3873 1199 3945 Antiocho(cui
1230 3889 1428 3928 nomen
1458 3872 1797 3947 Aspondius)

202 3963 486 4034 petendam
526 3964 814 4030 arbitrati,
860 3966 1122 4020 ferentem
1176 3965 1488 4032 adjutnenta
1541 3982 1799 4020 :crumnae

200 4058 450 4112 societati
483 4057 854 4127 implicavere.
904 4059 1090 4114 Victus
1135 4059 1278 4112 enim
1307 4073 1336 4113 a
1370 4058 1628 4114 fratribus
1657 4075 1800 4129 pra:-

203 4151 296 4215 lio,
327 4149 449 4220 fuga
475 4165 598 4204 sese
629 4150 828 4220 eripuit
869 4167 1023 4207 nece.
1079 4153 1406 4208 Samaritani
1435 4162 1615 4207 autem
1649 4168 1803 4222 repe-

202 4243 296 4297 tita
345 4243 654 4308 obsidione,
679 4253 944 4313 captaque
970 4255 1023 4299 et
1055 4260 1244 4300 eversa
1275 4244 1428 4310 urbe,
1457 4245 1682 4301 servitio
1704 4245 1799 4299 da-

209 4335 266 4389 ti.
295 4334 413 4403 Quo
455 4351 634 4391 rerum
660 4337 1028 4391 'secuudarum
1058 4343 1319 4407 processu
1345 4338 1562 4393 excitati
1595 4338 1804 4392 Aristo-

207 4428 362 4483 bulns
391 4439 553 4500 atque
582 4431 882 4500 Antigonus
912 4432 1171 4501 impetum
1217 4445 1320 4486 non
1368 4419 1760 4503 refrigerabaut
1787 4474 1802 4499 ,

210 4523 302 4577 sed
330 4517 625 4593 adjungere
655 4525 758 4579 sibi
788 4523 1050 4579 ﬁnitimos
1077 4525 1221 4580 bello
1258 4534 1479 4580 coactos
1531 4526 1806 4596 haudqua-

209 4631 364 4685 quam
407 4617 860 4674 dissimulandum
898 4619 1336 4687 arbitrabantur;
1389 4621 1560 4676 donec
1600 4605 1801 4676 invidia

209 4709 422 4776 oborta,
448 4709 648 4766 bellum
682 4713 916 4767 itntnane
940 4714 1166 4779 exarsit,
1196 4714 1630 4784 conspirantibus
1659 4715 1804 4770 loco-

211 4817 325 4857 rum
360 4805 569 4870 incolis,
589 4815 641 4859 et
671 4814 858 4860 coacta
889 4806 1060 4861 valida
1088 4823 1272 4861 manu.
1301 4808 1429 4875 Qum
1463 4819 1641 4864 tamen
1666 4810 1806 4864 victa

217 4898 537 4966 profundam
572 4901 626 4954 in
654 4901 921 4969 reliquum
950 4902 1396 4971 tranquillitatem
1431 4901 1622 4957 Joanni
1656 4904 1780 4957 exiti

219 4989 333 5046 huit
358 5034 372 5058 ,
405 4993 460 5047 e‘t
498 4992 597 5045 sibi
645 4994 834 5047 otium.
894 4993 1172 5066 Hyrcanus
1212 4995 1490 5065 trigesimo
1539 5005 1593 5049 et
1634 4996 1809 5065 primo

221 5095 360 5138 anno
389 5083 566 5154 longa:
596 5083 792 5153 quietis
820 5087 988 5154 gratia
1025 5085 1242 5141 functus
1267 5129 1282 5150 ,
1315 5085 1457 5142 diem
1488 5087 1681 5141 clausit
1717 5102 1812 5141 ex-

222 5186 448 5233 tremum
479 5175 714 5247 quinque
755 5176 940 5232 liberis
985 5179 1366 5249 superstitibus
1393 5221 1405 5244 ,
1455 5179 1596 5250 quod
1638 5196 1665 5232 a
1700 5179 1814 5248 ple-

223 5272 404 5341 risqne
464 5269 787 5325 beatitudini
815 5269 1010 5324 datur:
1060 5272 1370 5328 moderator
1415 5274 1706 5342 egregius,
1755 5280 1810 5327 et

225 5363 446 5434 pulchre
479 5363 810 5432 s‘obrius,qui
833 5363 964 5433 nihil
987 5379 1236 5435 umquam
1267 5366 1352 5421 v'el
1384 5364 1622 5419 fortuitis
1649 5381 1815 5420 even-

224 5461 362 5516 tibus
399 5449 788 5530 dereliqueﬁt,
838 5460 890 5513 in
919 5475 1025 5530 quo
1055 5470 1206 5515 actus
1230 5464 1349 5531 ejus
1392 5461 1771 5516 obfuscaretur
1798 5480 1810 5516 :

224 5555 374 5610 uxori
419 5563 645 5608 summa:
673 5554 752 5608 rei
802 5554 1076 5608 commisit
1118 5554 1349 5624 negotia,
1391 5556 1564 5625 ipsam
1598 5557 1820 5611 consul-

227 5649 330 5704 tius
373 5655 528 5704 'r‘atus
559 5647 723 5703 rebus
751 5646 981 5717 publicis
1021 5646 1445 5716 moderatur-am,
1491 5649 1637 5705 ﬁlios
1677 5665 1813 5719 pra:-

230 5735 450 5798 s'cientia
485 5742 721 5812 'quad‘am
767 5740 939 5796 'an’imi
981 5747 1174 5796 tenens
1203 5751 1310 5795 non
1352 5739 1640 5798 diuturnos
1665 5741 1784 5799 fore
1814 5761 1828 5797 :

232 5848 330 5888 nec
359 5849 482 5888 eum
532 5831 723 5888 fefellit
763 5831 970 5904 opinio.
1001 5832 1281 5904 Siquidem
1308 5833 1656 5891 Aristobuius
1677 5877 1695 5905 ,
1741 5835 1832 5893 cui

243 5925 380 5981 inter
446 5924 640 5980 fratres
691 5933 824 5980 aetas
872 5925 1218 6008 provectior,
1277 5936 1433 5983 mens
1487 5930 1831 6000 promptior,

1880 2018 1931 2072 in
1971 2018 2094 2073 odia
2151 2026 2536 2089 convertitur,
2564 2030 2624 2076 ut
2669 2037 2792 2077 eum
2838 2033 2964 2076 ante
3003 2037 3195 2076 omnes
3246 2023 3482 2076 necaret

1878 2127 2040 2182 quem
2073 2113 2250 2168 soluat
2292 2113 2395 2169 sibi
2452 2121 2763 2170 consortem
2813 2115 3027 2185 imperii
3075 2115 3473 2186 pollicebatur:

1880 2205 2020 2260 adeo
2073 2207 2214 2277 apud
2262 2204 2544 2278 improbos
2573 2203 2800 2266 affectus
2852 2210 3000 2277 vilis,
3049 2218 3107 2264 ut
3153 2210 3261 2265 cito
3299 2208 3485 2281 pravis

1880 2299 2322 2369 suggestionibus
2349 2309 2764 2373 extorqueatur.

2495 2417 2724 2476 CAPUT
2782 2419 2847 2475 ll.

1957 2530 2190 2602 Dignum
2245 2532 2409 2603 igitur
2459 2544 2519 2588 ut
2561 2533 2904 2590 crudelitatis
2961 2535 3081 2606 ejus
3125 2537 3321 2593 seriem
3377 2551 3487 2593 non

1886 2633 2321 2694 praetereamus,
2385 2641 2497 2694 quo
2541 2627 2809 2696 judicium
2865 2629 3093 2685 Joannis
3143 2632 3309 2687 etiam
3359 2642 3491 2703 post

1888 2727 2121 2773 mortem
2154 2718 2342 2786 probet
2356 2734 2442 2784 nr,
2468 2719 2562 2788 qui
2593 2734 2865 2776 summam
2897 2722 3131 2792 publicae
3167 2725 3248 2779 rei
3286 2724 3506 2782 seniori.

1889 2811 2334 2868 committendam
2358 2811 2473 2867 ﬁlio
2504 2811 2916 2884 haudquaquam
2942 2816 3293 2881 existimavit,
3323 2831 3485 2887 quem

1891 2913 2043 2958 tanto
2092 2904 2493 2961 declinaturum
2536 2907 2719 2962 furore
2747 2922 2777 2962 a
2810 2909 3026 2977 pietatis
3053 2911 3176 2981 lege
3212 2919 3274 2965 et
3299 2926 3493 2967 norma

1887 2995 2112 3065 justitite
2156 2998 2513 3067 praevidebat.
2560 3000 2714 3055 Haud
2755 3001 2908 3066 scio,
2971 3017 3185 3058 morum
3233 3017 3303 3060 ne
3364 3005 3487 3076 ejus

1892 3087 2138 3142 contuitu
2164 3131 2178 3154 ,
2219 3105 2287 3143 an
2332 3090 2488 3146 insita
2519 3094 2689 3161 gratia
2735 3094 3080 3150 sacerdotum
3113 3096 3488 3168 principibus,

1893 3188 1952 3234 ιιι
1978 3174 2064 3236 his
2084 3181 2263 3252 aliqua
2305 3199 2426 3254 quae
2453 3183 2631 3239 futura
2683 3195 2862 3252 erant,
2894 3189 3057 3243 etiam
3099 3193 3280 3246 minus
3311 3193 3490 3262 dignis

1817 3302 1864 3367 ϐ
1896 3273 2331 3331 infunderentur.
2364 3276 2599 3333 Facinus
2630 3279 2945 3336 miserabile
2969 3283 3162 3350 fuisse,
3195 3286 3283 3355 qui
3315 3285 3500 3342 fratri-

1896 3367 1998 3422 bus
2045 3367 2354 3424 inviderent
2389 3386 2630 3426 amorem
2683 3381 2892 3427 natura:
2922 3390 2936 3426 :
2967 3374 3100 3432 inde
3147 3377 3276 3431 mali
3317 3379 3492 3448 prima

1895 3460 2088 3516 oborta
2117 3470 2204 3517 est
2239 3463 2428 3519 labes:
2462 3463 2680 3520 invidiae
2717 3473 3030 3524 commenta
3073 3479 3371 3527 consecuta
3401 3472 3501 3528 hu-

1891 3553 2133 3624 jusmodi
2163 3565 2311 3611 sunt.

2521 3657 2752 3735 CAPUT
2787 3669 2876 3735 nt.

1969 3784 2408 3856 Composucrant
2454 3789 2632 3856 primo
2661 3791 2763 3844 alia
2793 3833 2808 3858 ,
2851 3777 3051 3862 quibus
3093 3784 3254 3850 ﬁdem
3285 3797 3499 3854 Aristo-

1900 3878 2059 3933 bulus
2092 3895 2197 3933 non
2226 3879 2464 3944 detulit,
2493 3889 2546 3934 et
2579 3882 3034 3939 obtrectationem
3066 3887 3304 3942 mollivit
3324 3889 3504 3944 chari-

1903 3972 2026 4025 tatis
2065 3972 2261 4041 gratia,
2312 3972 2528 4029 invidia:
2561 3976 2808 4032 tribuens
2844 3977 3140 4036 delationis
3177 3985 3503 4040 amaritudi-

1903 4073 2048 4118 nem.
2076 4065 2201 4121 Ideo
2233 4066 2364 4122 falsa
2391 4069 2535 4123 veris
2582 4070 2949 4136 admiscucre,
2977 4085 3033 4127 ut
3065 4090 3134 4130 ex
3179 4076 3265 4131 bis
3286 4092 3405 4148 quae
3435 4080 3502 4134 ad

1904 4158 2144 4227 speciem
2192 4161 2304 4215 veri
2349 4173 2792 4234 assumpserant,
2827 4165 3156 4224 renitentem
3205 4170 3509 4233 circumve-

1906 4252 2109 4307 nirent.

2549 4372 2777 4430 CAPUT
2815 4375 2906 4430 IV.

1981 4481 2316 4554 Scenopegia
2369 4483 2680 4540 Iudaeorum
2734 4487 2955 4542 interim
2997 4488 3051 4542 in
3089 4489 3256 4544 terris
3295 4505 3358 4546 ex
3383 4485 3508 4563 lege

1908 4575 2318 4644 celebrabatur,
2368 4579 2487 4634 dies
2515 4580 2777 4636 videlicet
2819 4581 2990 4636 festus
3027 4593 3083 4638 et
3128 4584 3322 4654 plenus
3351 4601 3512 4642 reve-

1833 4671 2134 4751 Drenliw,
2181 4686 2294 4741 quo
2337 4672 2661 4728 sacriﬁcium
2724 4675 2972 4729 solemne
3013 4675 3382 4733 deferebatur.
3431 4679 3514 4736 Eo

1915 4762 2003 4818 die
2031 4763 2213 4818 clarus
2258 4764 2473 4819 militiae
2510 4767 2678 4835 gestis
2708 4765 3014 4838 Antigonus
3060 4769 3280 4825 domum
3328 4789 3514 4829 rever-

1917 4857 2070 4921 titur,
2115 4865 2170 4911 et
2217 4857 2415 4912 accidit
2459 4868 2517 4912 ut
2557 4859 2781 4914 fratrem
2824 4861 3123 4918 adveniens
3181 4865 3509 4937 intequalem

1913 4947 2252 5013 offenderet;
2290 4950 2436 5005 illico
2467 4951 2530 5004 ad
2558 4952 2840 5022 templum,
2870 4955 3063 5024 ecquid
3108 4957 3251 5011 enim
3279 4959 3509 5027 praefer-

1914 5051 1997 5095 ret
2027 5041 2313 5112 religioni?
2365 5052 2424 5097 ut
2452 5053 2570 5098 erat
2599 5046 2910 5100 succinctus
2950 5057 3151 5102 ornatu
3183 5049 3406 5120 bellico,
3457 5063 3516 5110 et

1914 5134 2276 5192 circumfusus
2315 5140 2577 5194 comitatu
2618 5142 2743 5210 pari
2777 5141 2991 5197 tendit:
3030 5145 3235 5200 multus
3283 5147 3354 5201 ibi
3412 5163 3514 5220 pro

1915 5225 2101 5284 fratris
2138 5230 2316 5286 salute
2355 5231 2567 5286 Domini
2605 5245 2875 5298 trecator,
2911 5245 2965 5290 et
2996 5235 3123 5292 inde
3171 5238 3238 5293 ad
3284 5237 3515 5296 fratrem

1916 5320 2134 5376 sedulus
2179 5333 2456 5393 properat.
2515 5325 2651 5380 Hinc
2700 5327 2978 5384 calumnia
3033 5332 3387 5402 componitur
3453 5348 3524 5389 ex

1918 5413 2120 5468 acerbo
2151 5413 2296 5484 felle,
2326 5426 2384 5472 et
2408 5418 2694 5475 acerbiore
2724 5428 2948 5489 paratur
2969 5426 3142 5479 exitu.

2554 5533 2784 5593 CAPUT
2811 5535 2876 5594 ν.

2010 5639 2278 5696 Continuo
2309 5646 2452 5699 enim
2482 5661 2666 5717 regem
2700 5648 2907 5704 adeunt
2936 5647 3328 5720 improbissimi
3354 5650 3534 5708 homi-

1940 5749 2068 5806 nes,
2098 5737 2356 5795 invidiam
2409 5741 2682 5810 excitant,
2723 5742 2865 5813 quod
2916 5758 3166 5814 pompam
3197 5754 3531 5804 armatorum

1940 5833 2392 5903 celebratiorem,
2437 5851 2601 5906 quam
2658 5838 2893 5907 privatis
2937 5850 3064 5893 mos
3103 5847 3242 5906 est,
3295 5840 3539 5911 direxit,

1944 5928 2182 5986 «tersui
2215 5927 2380 5998 vulgo
2413 5927 2780 5995 ’tuttmm,‘ue
2811 5927 2935 5999 quis
2973 5921 3259 5990 conatibus
3295 5933 3423 6005 tejus
3446 5931 3547 5992 ob-
