4148 6362
492 335 636 399 1987

498 544 763 616 regis,et
816 547 1112 621 usurpandi
1171 547 1387 618 imperii
1439 548 1735 620 potentiam
1758 546 2087 604 affectatam.

500 636 657 692 Haud
697 626 916 695 difficile
951 656 1096 712 aeger
1122 640 1337 695 animus
1382 638 1621 694 invalido
1660 637 1837 694 fessus
1862 654 2093 711 corpore

499 730 767 802 impulsus
816 742 930 801 est,
959 742 1019 789 ut
1044 734 1305 791 credibile
1348 733 1793 804 duceret,-quod
1842 749 1939 804 pro
1963 749 2094 790 vero

500 826 850 883 asserebatur
882 844 896 881 :
940 827 1173 884 maxime
1211 841 1334 883 cum
1375 826 1492 882 dies
1535 835 1781 882 sacratus
1819 825 2091 896 religioni,

409 926 413 931 ‘
501 916 768 973 mendacii
807 919 1173 989 suspicionem
1218 917 1568 983 excluderet,
1610 932 1807 988 pompa
1832 919 2096 974 excitaret

497 1009 777 1079 invidiam,
808 1012 1097 1070 infirmitas
1127 1024 1333 1069 metum
1362 1011 1620 1079 adderet,
1653 1016 2095 1084 armatorumque

499 1103 700 1160 cohors
766 1103 927 1161 fidem
989 1105 1236 1175 patrandi
1298 1104 1525 1161 sceleris
1589 1104 1859 1174 impleret.
1908 1103 2094 1175 Itaque

496 1194 649 1265 prius
725 1210 888 1266 quam
959 1197 1062 1253 sibi
1130 1196 1455 1267 probaretur
1518 1203 1912 1252 tentamentum
1990 1196 2094 1251 ali-

494 1288 639 1360 quod
662 1288 853 1359 flagitii
880 1289 1254 1361 parricidalis,
1287 1290 1578 1360 stipatores
1603 1303 1732 1343 suos
1762 1304 1886 1344 cum
1926 1288 2094 1343 armis

490 1378 648 1451 jubet
687 1382 740 1436 in
787 1380 1245 1454 hypogeo‘locari
1276 1382 1534 1448 obscuro,
1578 1381 1670 1450 qui
1713 1379 2093 1437 advenientem

496 1471 830 1542 Antigonum
860 1482 886 1510 ει
920 1473 1048 1529 dolo
1075 1480 1357 1540 necarent,
1383 1487 1483 1528 nec
1512 1479 1895 1541 exspectarent
1924 1472 2095 1542 impe-

495 1566 635 1621 rium
664 1566 832 1638 regis,
855 1566 951 1622 sed
982 1566 1085 1635 ipsi
1104 1558 1690 1637 exstinguerent.Sane
1718 1562 1974 1619 mandato
1997 1580 2095 1634 per

495 1657 717 1713 nuntios
775 1658 1094 1728 praemisso,
1144 1667 1204 1712 ut
1252 1656 1483 1713 inermis
1529 1656 1765 1721 veniret,
1789 1655 1868 1711 eis
1908 1654 2095 1711 indicii

495 1747 813 1819 qualitatem
846 1759 1016 1818 nupta
1058 1748 1375 1805 Aristobulo
1409 1750 1463 1803 in
1511 1748 1801 1804 adversum
1828 1748 2090 1814 mutavit,

1787 339 2052 409 fSANCTi
2088 342 2409 412 AMBROSII

499 450 651 507 viare
680 449 922 511 auderet.
964 454 1140 512 Tanto
1160 461 1422 526 apparatu
1465 466 1574 508 non
1597 451 1744 508 aliud
1771 453 1873 509 nisi
1904 469 2091 512 necem
2118 461 2170 523 Α
2195 488 2571 558 germanitatis

3659 362 3800 423 I968

2618 508 2631 545 :
2684 492 2818 547 tanti
2873 492 3095 548 sceleris
3172 489 3483 547 immanitas
3556 501 3797 548 mentem

2195 582 2584 640 cxulcerabat:
2615 598 2726 640 non
2779 600 3007 641 somnus
3049 584 3245 653 oculis,
3290 600 3395 640 non
3423 583 3580 655 quics
3609 584 3798 640 animo

2195 671 2448 729 dabatur.
2493 673 2760 746 Serpebat
2803 691 2952 733 cmco
2998 678 3193 732 vulnus
3222 675 3435 743 dolore,
3479 676 3801 747 coqueban-

2196 769 2283 818 tur
2295 778 2437 837 aegra
2471 767 2793 837 praecordia,
2809 782 2872 824 ac
2893 768 3047 823 durae
3068 767 3460 824 sollicitudines
3480 769 3805 825 sauciahaut

2196 854 2466 914 invalidos
2511 869 2686 931 artus,
2710 870 2765 918 et
2792 860 2987 918 crebro
3019 861 3223 933 gemitu
3247 860 3534 933 pulsabant
3573 862 3679 918 alta
3708 862 3799 919 ui-

2197 947 2300 1006 mis
2320 949 2576 1022 suspiria.

2811 1070 3041 1129 CAPUT
3067 1071 3179 1128 VII.

2269 1184 2455 1256 Itaque
2472 1186 2829 1243 immoderata
2861 1186 3235 1244 mmstitudine
3255 1203 3322 1245 eo
3339 1188 3588 1262 prorupit
3618 1192 3797 1250 morbi

2196 1278 2300 1345 vis,
2325 1288 2384 1334 ut
2421 1290 2443 1319 ο
2488 1282 2691 1339 evulsis
2719 1281 3022 1354 visceribus
3043 1322 3058 1348 ,
3090 1283 3409 1354 sanguinem
3450 1286 3655 1341 vomitu
3683 1286 3799 1344 oris

2196 1373 2448 1444 rejiceret
2478 1393 2491 1429 :
2523 1390 2687 1447 quem
2736 1389 2871 1446 puer
2914 1373 3161 1442 aulicus,
3212 1376 3380 1447 regiis
3423 1376 3611 1434 usibus
3652 1392 3793 1450 prae.

2194 1462 2332 1520 heus
2361 1465 2761 1535 ministerium,
2804 1465 2954 1520 foras
3004 1463 3218 1533 extulit,
3267 1471 3432 1537 atque
3482 1466 3802 1538 imprudens

2196 1556 2347 1625 facti,
2370 1558 2518 1629 quod
2538 1573 2668 1615 casu
2696 1558 2876 1629 potius
2901 1572 3062 1630 quam
3091 1558 3356 1621 industria
3376 1560 3699 1631 gerebatur,
3726 1561 3801 1619 ad

2196 1664 2335 1725 eum.
2374 1651 2553 1707 locum
2604 1652 2887 1722 pervenit,
2938 1652 2995 1707 in
3067 1668 3177 1723 quo
3237 1653 3542 1726 Antigonus
3619 1652 3803 1712 fuerat

2197 1744 2529 1810 exstinctus;
2584 1744 2697 1800 illic
2731 1760 2895 1816 supra
2923 1756 3173 1802 rorantes
3206 1745 3387 1802 adhuc
3410 1745 3643 1803 fraterni
3671 1762 3803 1804 san-

493 1847 556 1896 ut
582 1856 675 1909 per
708 1841 831 1899 illos
874 1842 1186 1911 coniuratos
1220 1840 1325 1897 sibi
1369 1840 1640 1896 insinuari
1669 1840 1905 1903 faceret,
1932 1840 2090 1896 Anti-
2121 1855 2172 1916 Β
2196 1836 2375 1908 guinis
2411 1827 2677 1904 maculas,
2709 1839 3046 1909 percussoris
3076 1840 3398 1909 sanguinem
3420 1838 3631 1897 effudit.
3673 1841 3801 1899 Cla-

494 1947 639 2004 gono
662 1935 883 1991 fratrem
915 1935 1033 2007 ejus
1061 1936 1387 1991 delectatum
1411 1950 1534 1991 esse
1562 1949 1836 1991 armorum
1865 1936 2087 2005 decore,

492 2027 691 2100 quibus
726 2029 977 2099 proxime
1005 2031 1284 2087 accinctus
1310 2030 1559 2095 affuerat,
1577 2030 1673 2086 sed
1713 2045 1826 2101 prae
1872 2030 2095 2101 aegritu-

493 2122 622 2179 dine
649 2123 909 2179 intentius
936 2140 1043 2180 non
1093 2124 1477 2181 considerasse
1510 2143 1522 2177 :
1559 2140 1702 2180 nunc
1755 2132 1943 2194 petere
1976 2140 2095 2181 om-

493 2231 620 2272 nem
647 2216 797 2271 illum
839 2226 1089 2272 ornatum
1142 2216 1394 2273 bellicum
1426 2232 1587 2286 quem
1624 2216 1727 2271 sibi
1766 2217 2092 2285 composuit,

490 2308 561 2365 ad
592 2309 813 2365 fratrem
843 2307 871 2347 b
901 2308 1111 2365 deferat
1140 2328 1153 2363 :
1186 2316 1396 2380 gratum
1445 2309 1548 2364 hoc
1574 2309 1687 2379 regi
1724 2307 2000 2375 futurum,
2047 2308 2094 2363 si

490 2411 731 2456 armatus
763 2401 1001 2457 adesset.
1053 2402 1355 2472 Antigonus
1394 2400 1579 2456 dolum
1633 2416 1741 2457 non
1793 2399 2090 2471 praevidit:

492 2492 639 2550 dicto
668 2492 847 2564 paruit
875 2509 941 2550 eo
971 2494 1299 2558 studiosius,
1344 2508 1452 2564 quo
1497 2493 1669 2565 magis
1718 2493 1935 2563 placere
1978 2493 2093 2565 regi

495 2587 701 2657 pariter
728 2594 785 2642 et
836 2587 986 2642 fratri
1039 2585 1383 2642 desiderabat
1411 2602 1440 2639 -:
1468 2585 1856 2641 decumbehat‘
1886 2584 2098 2641 Aristo-

489 2677 650 2734 hulus
700 2680 756 2734 in
798 2689 1011 2745 castro,
1062 2680 1165 2736 cui.
1185 2694 1382 2735 nomen
1443 2680 1620 2748 primo
1671 2680 1855 2744 Baris,
1904 2687 2095 2751 postea

495 2773 733 2837 Antonia
764 2771 883 2837 fuit,
925 2774 1180 2828 videlicet
1220 2773 1289 2829 ab
1315 2773 1554 2828 Antonio
1606 2773 1888 2828 triumviro
1919 2771 2092 2827 dona.

491 2866 642 2921 tione
669 2876 724 2921 et
774 2866 1138 2935 appellaiione
1165 2882 1287 2921 cum
1318 2866 1467 2922 urbis
1498 2865 1781 2937 dignitate.
1825 2865 1907 2920 Eo
1950 2867 2097 2935 post-

493 2975 654 3029 quam
680 2958 983 3026 Antigonus
1036 2960 1520 3029 appropinquavit,
1551 2970 1713 3030 atque
1764 2960 1997 3015 accessit
2026 2957 2094 3013 ad

2198 1944 2319 1986 mor
2346 1928 2528 1986 subito
2554 1928 2728 1988 factus
2756 1939 2814 1987 et
2852 1932 3087 2004 gemitus
3131 1933 3457 1989 intuentium
3480 1975 3495 2001 ,
3545 1935 3619 1991 eo
3651 1934 3800 2007 quod

2198 2022 2467 2094 profunda
2516 2024 2748 2094 quadam
2796 2025 3161 2096 dispositione
3213 2027 3429 2083 Domini
3463 2027 3661 2085 libatus
3704 2044 3800 2100 pc-

2198 2133 2312 2174 rem
2320 2119 2396 2189 pti
2408 2118 2781 2176 scelestissimi
2799 2120 3084 2190 parricida:
3104 2122 3325 2194 sanguis
3341 2121 3634 2179 videretur.
3650 2122 3802 2180 Sono

2199 2212 2415 2267 excitus
2464 2226 2686 2269 causam
2741 2214 2998 2285 quaesivit
3029 2233 3041 2269 :
3072 2228 3196 2270 cum
3267 2215 3564 2282 sileretur,
3608 2214 3801 2272 elicuit

2198 2297 2397 2360 studio'
2427 2304 2709 2377 quaerendi
2756 2316 2812 2362 et
2849 2317 2999 2363 metu
3034 2306 3441 2379 indignationis.
3490 2308 3660 2380 Cujus
3706 2324 3801 2366 ac-

2198 2408 2357 2470 cepto
2382 2399 2613 2469 indicio,
2649 2400 2885 2459 suffusos
2924 2402 3112 2460 oculos
3137 2404 3414 2476 Iacrymis,
3447 2413 3502 2462 et
3531 2415 3799 2476 quantum

2199 2502 2315 2547 erat
2344 2492 2397 2547 in
2429 2507 2496 2549 eo
2526 2493 2765 2562 virtutis,
2796 2494 3159 2567 ingemiscens
3191 2514 3204 2551 :
3238 2497 3391 2554 Haud
3415 2540 3431 2568 ,
3457 2498 3630 2569 inquit
3656 2498 3683 2566 ,⁷
3703 2514 3798 2556 re-

2200 2587 2457 2658 penditur
2502 2589 2712 2644 meritis
2756 2590 2890 2645 meis
2943 2605 3183 2662 congrua
3223 2591 3585 2648 vicissitudo:
3619 2607 3799 2664 neque

2200 2683 2345 2738 enim
2398 2682 2495 2737 Dei
2538 2682 2757 2739 oculum
2814 2692 2920 2738 tam
2970 2682 3122 2753 impii
3178 2684 3522 2740 machinator
3568 2685 3798 2740 sceleris

2201 2779 2481 2848 praeterire
2524 2787 2788 2849 poteram.
2825 2778 3033 2834 Matura
3072 2778 3264 2850 flagitii
3301 2779 3437 2835 ultio
3459 2778 3651 2836 subest
3674 2821 3689 2847 ,
3736 2788 3798 2836 et

2195 2870 2307 2941 jam
2360 2870 2523 2942 digno
2576 2872 2873 2927 convenior
2924 2872 3199 2943 parricidii
3252 2871 3361 2928 mei
3408 2873 3608 2943 pretio.
3665 2871 3800 2929 Vale

2200 2977 2398 3033 corpus
2430 2980 2445 3017 :
2476 2978 2756 3035 quousque
2784 2964 3021 3020 animant
3062 2962 3216 3019 fratri
3244 2963 3514 3035 matrique
3536 2964 3803 3020 condem-

464 3050 645 3105 -i|lttm
671 3051 961 3106 obscurum
1001 3050 1320 3117 "amilum,
1368 3052 1772 3123 con-picieutcs
1822 3059 2107 3106 armatum
2200 3066 2379 3112 natam
2411 3057 2663 3115 detines?
2711 3059 2848 3129 Quid
2882 3074 2977 3129 per
3006 3066 3190 3129 partes
3213 3059 3436 3115 eislibo
3457 3075 3638 3116 meum
3665 3075 3801 3116 san-

495 3144 715 3200 venisse
762 3144 896 3214 regii
947 3145 1276 3214 stipatores,
1322 3142 1502 3199 adorsi
1549 3153 1774 3213 repente
1813 3143 2092 3213 juvenem,

2200 3151 2457 3222 guinem?
2488 3151 2540 3205 in
2583 3167 2672 3207 me
2729 3151 2905 3207 omnis
2946 3152 3026 3223 (si
3057 3166 3163 3223 qua
3210 3160 3295 3207 est
3321 3150 3531 3223 pietas)
3579 3161 3806 3209 contor-

495 3245 772 3308 pl‘aeceplo
830 3236 1201 3300 satisfaciunt.
1254 3247 1418 3306 atque
1460 3237 1856 3307 imprudentem
1913 3235 2099 3306 Oppri-
2124 3248 2170 3313 c
2201 3252 2570 3314 queatmanus
2587 3244 2960 3315 spiculum,ac
2976 3259 3063 3301 me
3092 3260 3284 3301 omnes
3325 3246 3420 3301 filii
3443 3246 3806 3317 germanique

501 3336 676 3384 munt.
709 3329 760 3384 Is
806 3328 958 3385 locus
1026 3328 1296 3384 Stratonis
1340 3328 1506 3382 turris
1537 3327 1942 3396 appellabatur,
1986 3339 2095 3396 quo

496 3417 785 3488 deceptum
811 3416 1071 3473 vocabqu
1094 3417 1289 3473 Iudam
1334 3419 1424 3488 qui
1458 3428 1577 3473 erat
1609 3417 1850 3472 Essenus
1871 3431 2094 3487 genere,

496 3512 683 3582 opinio
708 3520 793 3566 est
839 3510 1096 3581 frequens
1122 3526 1137 3565 :
1167 3525 1327 3580 quem
1360 3510 1476 3565 sive
1504 3509 1770 3578 probitate
1808 3509 1935 3564 vitae
1956 3523 2093 3575 suae,

500 3602 617 3659 sive
646 3602 873 3673 mystica
924 3600 1328 3669 observatione,
1370 3614 1517 3671 saepe
1551 3616 1671 3670 quae
1723 3599 1903 3657 futura
1941 3608 2099 3657 erant

496 3693 871 3763 annuntiasse,
901 3693 1129 3751 historia
1162 3678 1320 3749 vetus
1352 3692 1609 3762 prodidit.

1128 3785 1358 3844 CAPUT
1393 3786 1481 3844 Vl.

569 3882 643 3953 Is,
674 3890 736 3940 ut
766 3882 1106 3952 accepimus,
1134 3894 1257 3936 cum
1294 3879 1526 3943 vidisset
1558 3879 1899 3952 Antigonum
1958 3896 2100 3953 prte-

496 3983 825 4043 tereuntem,
880 3984 940 4031 ut
994 3972 1217 4030 fratrem
1278 3973 1581 4040 reviseret,
1613 3974 1746 4030 dicit
1795 3974 1864 4030 ad
1885 3989 1981 4032 eos
2005 3976 2102 4047 qui

505 4082 738 4125 numero
785 4065 1172 4136 discipulorum
1218 4064 1336 4135 ejus
1378 4064 1850 4121 annectebantur:
1902 4066 2097 4137 Papae!

502 4177 649 4220 nunc
700 4162 835 4217 mihi
885 4161 1090 4216 bonum
1118 4169 1204 4216 est
1226 4160 1387 4227 mori,
1427 4160 1645 4228 quando
1699 4159 1832 4215 mihi
1883 4169 2097 4216 mortua

495 4256 698 4313 veritas
725 4263 809 4311 est
842 4271 855 4309 :
887 4255 1021 4309 vivit
1051 4253 1355 4325 Antigonus
1373 4292 1390 4320 ,
1419 4244 1585 4323 quem
1628 4265 1854 4308 necesse
1879 4260 1965 4308 est
1994 4251 2098 4309 ho-

504 4353 594 4409 die
616 4347 846 4417 interfici
866 4390 880 4415 ,
908 4346 1061 4403 locus
1077 4355 1256 4403 autem
1279 4345 1396 4417 ejus
1417 4345 1536 4400 neci
1558 4344 1811 4401 decretus
1831 4345 2099 4401 Stratonis

502 4444 693 4509 turris,
736 4441 830 4512 qui
868 4438 1142 4497 sexcentis
1168 4438 1295 4494 hinc
1356 4438 1545 4493 stadiis
1599 4437 1753 4493 abest
1785 4455 1798 4491 :
1831 4438 1962 4493 hora
1985 4438 2097 4509 jam

504 4536 616 4593 diei
658 4542 850 4607 quarta
898 4539 1003 4588 est.
1046 4529 1316 4601 Tempore
1362 4529 1544 4600 itaque
1599 4529 1908 4586 excluditur
1958 4545 2099 4601 prte-

503 4628 793 4687 destinatte
818 4623 1009 4681 mortis
1038 4624 1193 4680 fides.
1225 4623 1353 4679 Hmc
1377 4622 1470 4678 ubi
1509 4622 1666 4691 dixit,
1696 4621 1959 4680 intentius
1981 4623 2099 4693 ipse

440 4705 449 4709 θ
500 4736 688 4779 secum
750 4717 1005 4775 conferre
1050 4717 1247 4788 erepit,
1297 4716 1573 4791 quomodo
1629 4730 1754 4773 eum
1816 4715 2101 4785 fefellisset

500 4814 707 4886 opinio.
760 4810 873 4867 Nec
915 4810 1085 4866 multo
1130 4819 1254 4881 post
1284 4810 1542 4866 indicium
1590 4809 1832 4866 defertur
1873 4809 2099 4866 interfe-

500 4917 649 4965 ctum
676 4920 799 4963 esse
835 4904 1162 4976 Antigonum
1213 4904 1266 4959 in
1306 4904 1555 4976 hypogea
1577 4903 1646 4958 ad
1682 4903 1958 4960 Stratonis
1984 4910 2100 4958 tur-

499 4999 626 5065 rim,
660 4998 751 5066 qui
780 4997 932 5052 locus
962 4994 1126 5050 simili
1157 4994 1422 5051 vocabulo
1459 5008 1619 5065 aeque
1643 5002 1704 5048 ut
1741 4993 1835 5049 ille
1858 4992 1952 5063 qui
1983 5001 2102 5048 erat

498 5094 558 5149 in
584 5091 867 5148 maritimis
893 5087 1180 5153 Caesarem,
1212 5089 1517 5159 nuncupari
1547 5086 1782 5143 solebat.
1814 5087 1933 5155 Quo
1969 5085 2099 5141 faci-

498 5200 635 5243 nore
667 5191 899 5255 patrato,
932 5180 1277 5238 Aristobulus
1303 5195 1487 5235 secum
1519 5180 1635 5250 ipse
1653 5189 1942 5250 reputans,
1973 5179 2100 5250 quid

492 5281 721 5340 sceleris
748 5277 1052 5344 admiserit,
1083 5275 1142 5332 in
1172 5275 1424 5331 morbum
1475 5275 1592 5345 ipse
1628 5272 1835 5329 incidit.
1866 5273 1996 5329 Erat
2038 5273 2091 5329 in

493 5374 668 5432 oculis
699 5369 1069 5443 parricidium,
1108 5367 1447 5438 perturbatio
1476 5367 1532 5421 in
1576 5367 1796 5435 animo,
1826 5381 1926 5423 nec
1963 5366 2094 5423 alibi

492 5468 668 5525 ullum
708 5464 1047 5521 intervallum
1075 5459 1495 5517 dissimulationi
1532 5459 1715 5516 dabat.
1750 5461 2094 5534 Defigebatur

490 5560 550 5617 in
599 5557 723 5614 imis
751 5556 1051 5613 visceribus
1094 5553 1250 5610 dolor
1287 5570 1301 5607 :
1360 5552 1559 5610 invidia
1598 5553 1651 5607 in
1691 5555 2093 5611 miserationem

486 5652 647 5711 versa
686 5659 802 5717 est,
839 5664 947 5720 quo
1002 5649 1353 5704 innocentem
1409 5644 1729 5716 peremisset
1774 5652 1961 5701 contra
2004 5651 2094 5718 jus

562 5802 588 5829 ιι
620 5789 968 5846 Diforicarent
1008 5786 1210 5859 rectius
1233 5784 1448 5859 legitur
1471 5799 1649 5859 inquo
1679 5782 1869 5859 _v_erbo
1914 5784 2086 5859 utitur

474 5871 669 5925 auctor
698 5860 818 5935 ipse
854 5859 1082 5933 hujusce
1124 5857 1247 5917 libri
1283 5855 1407 5932 cap.
1457 5857 1530 5915 25
1560 5855 1636 5915 'et
1679 5856 1777 5915 lib.
1810 5871 1880 5913 tv.
1914 5855 2084 5916 Bm.

2124 4650 2180 4718 D

2202 3336 2404 3393 ultores
2451 3336 2670 3408 pietatis
2716 3338 2894 3408 gladio
2937 3338 3279 3410 transfigant.
3309 3338 3577 3395 Mactetur
3619 3337 3803 3395 hostia

2200 3431 2565 3506 parricidalis,
2596 3441 2760 3503 atque
2786 3432 3102 3489 immoletur
3126 3432 3344 3488 violata:
3376 3433 3800 3489 necessitudini:

2202 3536 2372 3583 totum
2414 3527 2576 3582 simul
2628 3541 2758 3583 caro
2813 3527 2975 3583 noxia
3029 3527 3346 3597 sanguinem
3391 3533 3627 3582 evomat.
3675 3526 3801 3584 Non

2201 3622 2472 3678 viscerum
2514 3635 2759 3678 meorum
2795 3621 3124 3677 cruciatibus
3153 3628 3208 3677 et
3233 3621 3379 3677 lenta
3432 3621 3559 3678 tabe
3596 3621 3803 3679 dazmo-

2203 3716 2351 3773 nium
2381 3724 2759 3782 exsaturetur,
2794 3715 2938 3786 quod
2969 3730 3057 3772 me
3105 3716 3159 3771 in
3204 3724 3312 3770 tam
3354 3714 3597 3772 nefarios
3635 3731 3805 3773 ausus

2202 3809 2334 3867 saevi
2370 3809 2628 3865 facinoris
2676 3809 2921 3881 impegit.
2959 3808 3055 3864 His
3075 3807 3258 3877 dictis,
3293 3807 3456 3865 finem
3487 3807 3705 3880 imperii
3736 3824 3805 3866 ac

2202 3906 2328 3962 vitae
2357 3905 2527 3962 dedit.
2558 3903 2665 3960 Vix
2693 3919 2837 3959 anno
2867 3902 3082 3960 functus
3127 3911 3399 3974 potestate
3425 3900 3609 3976 regia,
3638 3920 3804 3977 prop-

2204 4007 2288 4057 ter
2311 4013 2472 4071 quam
2505 3995 2855 4069 parricidium
2885 4011 2995 4052 non
3014 3993 3297 4066 effugerat.

2750 4138 2759 4143 -
2799 4109 3032 4169 CAPUT
3062 4106 3202 4166 VIII.

2272 4233 2448 4291 Solvit
2488 4230 2635 4288 illico
2684 4227 2900 4295 mulier,
2932 4235 3096 4298 atque
3141 4223 3291 4282 exuit
3335 4223 3570 4282 vinculis
3601 4222 3804 4309 fratres

2202 4327 2451 4384 defuncti
2476 4344 2490 4381 :
2523 4339 2708 4397 regem
2736 4319 3019 4379 constituit
3047 4317 3441 4387 Alexandrum,
3472 4317 3560 4374 cui
3590 4327 3649 4374 et
3674 4332 3804 4388 pro-

2201 4433 2329 4476 cera
2385 4427 2550 4486 mtas,
2606 4426 2663 4474 et
2719 4413 3023 4472 moderatio
3076 4410 3358 4482 suffragari
3405 4410 3799 4467 restimabatur.

2203 4513 2308 4583 Qui
2335 4526 2394 4570 ut
2432 4528 2661 4585 regnum
2691 4510 2923 4581 adeptus
2972 4516 3089 4577 est,
3120 4505 3343 4561 fratrem
3395 4520 3559 4576 quem
3610 4501 3803 4559 adver-

2207 4617 2347 4665 terat
2394 4607 2561 4679 regui.
2591 4606 3026 4676 competitorem,
3059 4600 3245 4657 statim
3301 4598 3597 4653 interemit.
3655 4595 3803 4652 Reli-

2203 4719 2392 4777 quum,
2453 4701 2547 4773 qui
2596 4704 2881 4770 supererat
2932 4712 3000 4751 ex
3044 4691 3334 4759 fratribus,
3367 4691 3492 4745 vita:
3527 4704 3594 4745 ac
3636 4688 3805 4745 saluti

2205 4797 2381 4868 potius
2426 4809 2589 4865 quam
2628 4806 2798 4864 regno
2844 4790 3145 4851 intentum,
3180 4784 3516 4849 reservavit,
3565 4796 3802 4837 vacuum

2202 4890 2542 4964 negotiorum
2582 4887 2989 4955 :coutinuoque
3041 4880 3134 4954 (ut
3164 4895 3224 4937 se
3278 4878 3442 4934 habet
3486 4876 3807 4948 inquietudo

2202 4988 2451 5058 morum)
2482 4983 2622 5040 bello
2650 4996 2839 5054 pacem
2886 4977 3135 5035 mutavit.
3173 4974 3588 5046 Congressuque
3617 4972 3805 5029 habito

2201 5083 2462 5139 adversus
2488 5079 2786 5151 Latliyrum
2831 5075 3217 5138 Ptoletumum,
3262 5068 3525 5142 plurimos
3579 5067 3807 5139 quidem

2203 5174 2437 5231 hostium
2468 5169 2760 5235 interfecit,
2789 5166 2885 5224 sed
2924 5165 2991 5220 ad
3023 5164 3322 5236 Latltyrum
3358 5159 3587 5217 victoria
3626 5159 3805 5216 deﬂu-

2202 5271 2302 5327 xit.
2336 5268 2436 5325 Cui
2468 5274 2649 5321 tamen
2702 5261 2949 5318 victoria:
2987 5258 3221 5315 fructum
3260 5254 3468 5312 ademit
3510 5251 3807 5324 Cleopatra

2200 5373 2375 5422 mater
2418 5368 2602 5417 coacta
2641 5357 2698 5413 in
2748 5354 3043 5427 Egyptum
3090 5348 3427 5414 concedere,
3455 5354 3515 5402 ut
3567 5352 3804 5400 mortem

2201 5459 2302 5515 sibi
2339 5455 2713 5512 imminentem
2748 5438 3023 5525 evaderet.
3056 5444 3188 5516 Ejus
3212 5441 3516 5499 absentiam
3560 5452 3803 5509 aucupa-

2204 5560 2290 5607 tus
2318 5546 2648 5612 Alexander,
2676 5543 2805 5599 dum
2829 5540 2986 5613 regni
3030 5538 3149 5610 ejus
3194 5543 3383 5608 partes
3423 5532 3684 5589 invadere
3706 5546 3803 5588 cu-

2204 5643 2316 5716 pit,
2356 5641 2519 5698 etiam
2576 5635 2922 5694 Theodorum
2978 5632 3032 5689 in
3076 5645 3138 5689 se
3187 5627 3488 5711 convertit,
3539 5627 3802 5699 quoniam

2268 5780 2300 5821 ιδ
2346 5778 2611 5854 Conferat.
2636 5778 2717 5854 Io.

2273 5864 2297 5893 ο
2355 5850 2644 5909 Caeruleis.
2669 5851 2747 5907 lo.
