  <div class='ocr_page' id='page_1' title='image "/cluster/home/n/w/nwhite01/storage/ocr_20150623/15/hvd.32044015471311/394.png"; bbox 0 0 4148 6362; ppageno 0'>
   <div class='ocr_carea' id='block_1_1' title="bbox 355 303 502 365">
    <p class='ocr_par' dir='ltr' id='par_1_1' title="bbox 355 303 502 365">
     <span class='ocr_line' id='line_1_1' title="bbox 355 303 502 365; baseline -0.027 0"><span class='ocrx_word' id='word_1_1' title='bbox 355 303 502 365; x_wconf 73' lang='grc'><strong>1969</strong></span> 
     </span>
    </p>
   </div>
   <div class='ocr_carea' id='block_1_2' title="bbox 1229 314 2764 393">
    <p class='ocr_par' dir='ltr' id='par_1_2' title="bbox 1229 314 2764 393">
     <span class='ocr_line' id='line_1_2' title="bbox 1229 314 2764 393; baseline 0.012 -21"><span class='ocrx_word' id='word_1_2' title='bbox 1229 314 1502 374; x_wconf 79' lang='lat' dir='ltr'><strong>HISTOR.</strong></span> <span class='ocrx_word' id='word_1_3' title='bbox 1545 317 1636 376; x_wconf 88' lang='lat' dir='ltr'><strong>DE</strong></span> <span class='ocrx_word' id='word_1_4' title='bbox 1676 317 1960 378; x_wconf 81' lang='lat' dir='ltr'><strong>EXCIDIO</strong></span> <span class='ocrx_word' id='word_1_5' title='bbox 1996 320 2268 382; x_wconf 79' lang='lat' dir='ltr'><strong>HIEROS.</strong></span> <span class='ocrx_word' id='word_1_6' title='bbox 2310 324 2514 388; x_wconf 80' lang='lat' dir='ltr'><strong>URBIS</strong></span> <span class='ocrx_word' id='word_1_7' title='bbox 2553 332 2684 393; x_wconf 89' lang='lat' dir='ltr'><strong>LIB.</strong></span> <span class='ocrx_word' id='word_1_8' title='bbox 2724 335 2764 390; x_wconf 93' lang='grc'><strong>1.</strong></span> 
     </span>
    </p>
   </div>
   <div class='ocr_carea' id='block_1_3' title="bbox 3487 349 3645 409">
    <p class='ocr_par' dir='ltr' id='par_1_3' title="bbox 3487 349 3645 409">
     <span class='ocr_line' id='line_1_3' title="bbox 3487 349 3645 409; baseline 0.019 -3"><span class='ocrx_word' id='word_1_9' title='bbox 3487 349 3645 409; x_wconf 68' lang='grc'><strong>’1970</strong></span> 
     </span>
    </p>
   </div>
   <div class='ocr_carea' id='block_1_4' title="bbox 353 415 3636 523">
    <p class='ocr_par' dir='ltr' id='par_1_4' title="bbox 353 415 3636 523">
     <span class='ocr_line' id='line_1_4' title="bbox 353 415 3636 523; baseline 0.012 -54"><span class='ocrx_word' id='word_1_10' title='bbox 353 415 902 523; x_wconf 48' lang='lat' dir='ltr'><strong>potissima&#39;qumque</strong></span> <span class='ocrx_word' id='word_1_11' title='bbox 931 419 1000 478; x_wconf 92' lang='lat' dir='ltr'><strong>de</strong></span> <span class='ocrx_word' id='word_1_12' title='bbox 1034 421 1152 493; x_wconf 85' lang='lat' dir='ltr'><strong>ejus</strong></span> <span class='ocrx_word' id='word_1_13' title='bbox 1183 427 1616 495; x_wconf 90' lang='lat' dir='ltr'><strong>possessionibus</strong></span> <span class='ocrx_word' id='word_1_14' title='bbox 1667 427 1767 485; x_wconf 86' lang='lat' dir='ltr'><strong>sibi</strong></span> <span class='ocrx_word' id='word_1_15' title='bbox 1799 445 1951 486; x_wconf 88' lang='lat' dir='ltr'><strong>asso-</strong></span> <span class='ocrx_word' id='word_1_16' title='bbox 1976 434 2030 495; x_wconf 81' lang='grc' dir='ltr'><strong>Α</strong></span> <span class='ocrx_word' id='word_1_17' title='bbox 2055 433 2181 491; x_wconf 90' lang='lat' dir='ltr'><strong>dum</strong></span> <span class='ocrx_word' id='word_1_18' title='bbox 2253 441 2716 504; x_wconf 85' lang='lat' dir='ltr'><strong>existimaverunt.</strong></span> <span class='ocrx_word' id='word_1_19' title='bbox 2787 451 3046 523; x_wconf 76' lang='lat' dir='ltr'><strong>Superior</strong></span> <span class='ocrx_word' id='word_1_20' title='bbox 3113 457 3256 516; x_wconf 80' lang='lat' dir='ltr'><strong>bello</strong></span> <span class='ocrx_word' id='word_1_21' title='bbox 3327 461 3636 523; x_wconf 62' lang='lat' dir='ltr'><strong>Demetrius</strong></span> 
     </span>
    </p>
   </div>
   <div class='ocr_carea' id='block_1_5' title="bbox 345 507 1944 596">
    <p class='ocr_par' dir='ltr' id='par_1_5' title="bbox 345 507 1944 596">
     <span class='ocr_line' id='line_1_5' title="bbox 345 507 1944 596; baseline 0.009 -30"><span class='ocrx_word' id='word_1_22' title='bbox 345 507 610 566; x_wconf 87' lang='lat' dir='ltr'><strong>ciaverat.</strong></span> <span class='ocrx_word' id='word_1_23' title='bbox 643 511 1136 591; x_wconf 84' lang='lat' dir='ltr'><strong>lmprovisoitaque</strong></span> <span class='ocrx_word' id='word_1_24' title='bbox 1187 519 1388 590; x_wconf 87' lang='lat' dir='ltr'><strong>impetu</strong></span> <span class='ocrx_word' id='word_1_25' title='bbox 1427 520 1745 580; x_wconf 88' lang='lat' dir='ltr'><strong>Theodorus</strong></span> <span class='ocrx_word' id='word_1_26' title='bbox 1768 525 1944 596; x_wconf 84' lang='lat' dir='ltr'><strong>regias</strong></span> 
     </span>
    </p>
   </div>
   <div class='ocr_carea' id='block_1_6' title="bbox 348 609 1946 688">
    <p class='ocr_par' dir='ltr' id='par_1_6' title="bbox 348 609 1946 688">
     <span class='ocr_line' id='line_1_6' title="bbox 348 609 1946 688; baseline 0.009 -29"><span class='ocrx_word' id='word_1_27' title='bbox 348 618 482 674; x_wconf 78' lang='lat' dir='ltr'><strong>Opes</strong></span> <span class='ocrx_word' id='word_1_28' title='bbox 501 610 804 677; x_wconf 85' lang='lat' dir='ltr'><strong>occupavit,</strong></span> <span class='ocrx_word' id='word_1_29' title='bbox 830 609 1020 666; x_wconf 88' lang='lat' dir='ltr'><strong>decem</strong></span> <span class='ocrx_word' id='word_1_30' title='bbox 1049 613 1213 667; x_wconf 82' lang='lat' dir='ltr'><strong>millia</strong></span> <span class='ocrx_word' id='word_1_31' title='bbox 1237 630 1452 685; x_wconf 88' lang='lat' dir='ltr'><strong>quoque</strong></span> <span class='ocrx_word' id='word_1_32' title='bbox 1471 616 1781 672; x_wconf 78' lang='lat' dir='ltr'><strong>Judzeorum</strong></span> <span class='ocrx_word' id='word_1_33' title='bbox 1803 633 1946 688; x_wconf 69' lang='lat' dir='ltr'><strong>prte-</strong></span> 
     </span>
    </p>
   </div>
   <div class='ocr_carea' id='block_1_7' title="bbox 346 694 1946 774">
    <p class='ocr_par' dir='ltr' id='par_1_7' title="bbox 346 694 1946 774">
     <span class='ocr_line' id='line_1_7' title="bbox 346 694 1946 774; baseline 0.011 -25"><span class='ocrx_word' id='word_1_34' title='bbox 346 694 422 751; x_wconf 91' lang='lat' dir='ltr'><strong>lio</strong></span> <span class='ocrx_word' id='word_1_35' title='bbox 447 697 606 764; x_wconf 70' lang='lat' dir='ltr'><strong>fudit,</strong></span> <span class='ocrx_word' id='word_1_36' title='bbox 639 701 732 755; x_wconf 91' lang='lat' dir='ltr'><strong>sed</strong></span> <span class='ocrx_word' id='word_1_37' title='bbox 782 718 947 771; x_wconf 82' lang='lat' dir='ltr'><strong>super</strong></span> <span class='ocrx_word' id='word_1_38' title='bbox 991 704 1203 774; x_wconf 87' lang='lat' dir='ltr'><strong>plagam</strong></span> <span class='ocrx_word' id='word_1_39' title='bbox 1248 722 1354 761; x_wconf 88' lang='lat' dir='ltr'><strong>non</strong></span> <span class='ocrx_word' id='word_1_40' title='bbox 1393 708 1591 764; x_wconf 83' lang='lat' dir='ltr'><strong>fractus</strong></span> <span class='ocrx_word' id='word_1_41' title='bbox 1635 708 1946 766; x_wconf 83' lang='lat' dir='ltr'><strong>Alexander</strong></span> 
     </span>
    </p>
   </div>
   <div class='ocr_carea' id='block_1_8' title="bbox 348 792 1948 874">
    <p class='ocr_par' dir='ltr' id='par_1_8' title="bbox 348 792 1948 874">
     <span class='ocr_line' id='line_1_8' title="bbox 348 792 1948 874; baseline 0.009 -30"><span class='ocrx_word' id='word_1_42' title='bbox 348 792 503 862; x_wconf 89' lang='lat' dir='ltr'><strong>plura</strong></span> <span class='ocrx_word' id='word_1_43' title='bbox 541 795 717 850; x_wconf 91' lang='lat' dir='ltr'><strong>adhuc</strong></span> <span class='ocrx_word' id='word_1_44' title='bbox 756 796 826 854; x_wconf 89' lang='lat' dir='ltr'><strong>de</strong></span> <span class='ocrx_word' id='word_1_45' title='bbox 867 797 1104 854; x_wconf 89' lang='lat' dir='ltr'><strong>hostium</strong></span> <span class='ocrx_word' id='word_1_46' title='bbox 1138 802 1389 870; x_wconf 88' lang='lat' dir='ltr'><strong>partibus</strong></span> <span class='ocrx_word' id='word_1_47' title='bbox 1418 817 1518 857; x_wconf 92' lang='lat' dir='ltr'><strong>suo</strong></span> <span class='ocrx_word' id='word_1_48' title='bbox 1571 805 1800 874; x_wconf 91' lang='lat' dir='ltr'><strong>imperio</strong></span> <span class='ocrx_word' id='word_1_49' title='bbox 1851 805 1948 859; x_wconf 86' lang='lat' dir='ltr'><strong>ad-</strong></span> 
     </span>
    </p>
   </div>
   <div class='ocr_carea' id='block_1_9' title="bbox 341 884 1944 964">
    <p class='ocr_par' dir='ltr' id='par_1_9' title="bbox 341 884 1944 964">
     <span class='ocr_line' id='line_1_9' title="bbox 341 884 1944 964; baseline 0.009 -26"><span class='ocrx_word' id='word_1_50' title='bbox 341 884 556 958; x_wconf 88' lang='lat' dir='ltr'><strong>junxit,</strong></span> <span class='ocrx_word' id='word_1_51' title='bbox 584 899 971 962; x_wconf 87' lang='lat' dir='ltr'><strong>captarumque</strong></span> <span class='ocrx_word' id='word_1_52' title='bbox 1008 894 1224 949; x_wconf 87' lang='lat' dir='ltr'><strong>urbium</strong></span> <span class='ocrx_word' id='word_1_53' title='bbox 1284 895 1514 964; x_wconf 89' lang='lat' dir='ltr'><strong>p0pulos</strong></span> <span class='ocrx_word' id='word_1_54' title='bbox 1565 897 1790 951; x_wconf 88' lang='lat' dir='ltr'><strong>servitio</strong></span> <span class='ocrx_word' id='word_1_55' title='bbox 1816 897 1944 952; x_wconf 91' lang='lat' dir='ltr'><strong>sub—</strong></span> 
     </span>
    </p>
   </div>
   <div class='ocr_carea' id='block_1_10' title="bbox 347 981 1947 1049">
    <p class='ocr_par' dir='ltr' id='par_1_10' title="bbox 347 981 1947 1049">
     <span class='ocr_line' id='line_1_10' title="bbox 347 981 1947 1049; baseline 0.005 -13"><span class='ocrx_word' id='word_1_56' title='bbox 347 981 475 1049; x_wconf 88' lang='lat' dir='ltr'><strong>egit.</strong></span> <span class='ocrx_word' id='word_1_57' title='bbox 513 981 620 1035; x_wconf 85' lang='lat' dir='ltr'><strong>llos</strong></span> <span class='ocrx_word' id='word_1_58' title='bbox 645 982 883 1038; x_wconf 87' lang='lat' dir='ltr'><strong>bellandi</strong></span> <span class='ocrx_word' id='word_1_59' title='bbox 911 999 1196 1041; x_wconf 87' lang='lat' dir='ltr'><strong>successus</strong></span> <span class='ocrx_word' id='word_1_60' title='bbox 1227 987 1525 1044; x_wconf 88' lang='lat' dir='ltr'><strong>domestica</strong></span> <span class='ocrx_word' id='word_1_61' title='bbox 1555 988 1753 1044; x_wconf 90' lang='lat' dir='ltr'><strong>seditio</strong></span> <span class='ocrx_word' id='word_1_62' title='bbox 1781 989 1947 1044; x_wconf 90' lang='lat' dir='ltr'><strong>inter-</strong></span> 
     </span>
    </p>
   </div>
   <div class='ocr_carea' id='block_1_11' title="bbox 346 1067 1942 1152">
    <p class='ocr_par' dir='ltr' id='par_1_11' title="bbox 346 1067 1942 1152">
     <span class='ocr_line' id='line_1_11' title="bbox 346 1067 1942 1152; baseline 0.008 -28"><span class='ocrx_word' id='word_1_63' title='bbox 346 1067 593 1143; x_wconf 83' lang='lat' dir='ltr'><strong>polavit,</strong></span> <span class='ocrx_word' id='word_1_64' title='bbox 665 1085 716 1130; x_wconf 90' lang='lat' dir='ltr'><strong>et</strong></span> <span class='ocrx_word' id='word_1_65' title='bbox 745 1085 863 1132; x_wconf 90' lang='lat' dir='ltr'><strong>orta</strong></span> <span class='ocrx_word' id='word_1_66' title='bbox 937 1078 1005 1134; x_wconf 92' lang='lat' dir='ltr'><strong>de</strong></span> <span class='ocrx_word' id='word_1_67' title='bbox 1061 1080 1325 1136; x_wconf 84' lang='lat' dir='ltr'><strong>conviviis</strong></span> <span class='ocrx_word' id='word_1_68' title='bbox 1379 1082 1553 1152; x_wconf 71' lang='lat' dir='ltr'><strong>usdue</strong></span> <span class='ocrx_word' id='word_1_69' title='bbox 1607 1081 1674 1136; x_wconf 89' lang='lat' dir='ltr'><strong>ad</strong></span> <span class='ocrx_word' id='word_1_70' title='bbox 1740 1081 1942 1137; x_wconf 90' lang='lat' dir='ltr'><strong>bellum</strong></span> 
     </span>
    </p>
   </div>
   <div class='ocr_carea' id='block_1_12' title="bbox 347 1155 1944 1246">
    <p class='ocr_par' dir='ltr' id='par_1_12' title="bbox 347 1155 1944 1246">
     <span class='ocr_line' id='line_1_12' title="bbox 347 1155 1944 1246; baseline 0.007 -26"><span class='ocrx_word' id='word_1_71' title='bbox 347 1170 627 1220; x_wconf 75' lang='lat' dir='ltr'><strong>contentio</strong></span> <span class='ocrx_word' id='word_1_72' title='bbox 697 1170 986 1239; x_wconf 83' lang='lat' dir='ltr'><strong>processit.</strong></span> <span class='ocrx_word' id='word_1_73' title='bbox 1058 1172 1338 1228; x_wconf 89' lang='lat' dir='ltr'><strong>Familiari</strong></span> <span class='ocrx_word' id='word_1_74' title='bbox 1407 1184 1561 1244; x_wconf 88' lang='lat' dir='ltr'><strong>peste</strong></span> <span class='ocrx_word' id='word_1_75' title='bbox 1634 1155 1944 1246; x_wconf 65' lang='lat' dir='ltr'><strong>hujusmodi</strong></span> 
     </span>
    </p>
   </div>
   <div class='ocr_carea' id='block_1_13' title="bbox 346 1257 1945 1336">
    <p class='ocr_par' dir='ltr' id='par_1_13' title="bbox 346 1257 1945 1336">
     <span class='ocr_line' id='line_1_13' title="bbox 346 1257 1945 1336; baseline 0.006 -22"><span class='ocrx_word' id='word_1_76' title='bbox 346 1257 659 1315; x_wconf 73' lang='lat' dir='ltr'><strong>Jud;corum</strong></span> <span class='ocrx_word' id='word_1_77' title='bbox 705 1263 859 1330; x_wconf 90' lang='lat' dir='ltr'><strong>viris,</strong></span> <span class='ocrx_word' id='word_1_78' title='bbox 891 1273 952 1317; x_wconf 94' lang='lat' dir='ltr'><strong>ut</strong></span> <span class='ocrx_word' id='word_1_79' title='bbox 997 1264 1066 1320; x_wconf 88' lang='lat' dir='ltr'><strong>de</strong></span> <span class='ocrx_word' id='word_1_80' title='bbox 1107 1266 1317 1336; x_wconf 90' lang='lat' dir='ltr'><strong>epulari</strong></span> <span class='ocrx_word' id='word_1_81' title='bbox 1353 1267 1496 1322; x_wconf 87' lang='lat' dir='ltr'><strong>Judo</strong></span> <span class='ocrx_word' id='word_1_82' title='bbox 1533 1282 1658 1323; x_wconf 89' lang='lat' dir='ltr'><strong>sese</strong></span> <span class='ocrx_word' id='word_1_83' title='bbox 1694 1269 1746 1323; x_wconf 92' lang='lat' dir='ltr'><strong>in</strong></span> <span class='ocrx_word' id='word_1_84' title='bbox 1793 1283 1945 1324; x_wconf 86' lang='lat' dir='ltr'><strong>arma</strong></span> 
     </span>
    </p>
   </div>
   <div class='ocr_carea' id='block_1_14' title="bbox 347 1351 1946 1431">
    <p class='ocr_par' dir='ltr' id='par_1_14' title="bbox 347 1351 1946 1431">
     <span class='ocr_line' id='line_1_14' title="bbox 347 1351 1946 1431; baseline 0.007 -26"><span class='ocrx_word' id='word_1_85' title='bbox 347 1351 635 1420; x_wconf 82' lang='lat' dir='ltr'><strong>excitent,</strong></span> <span class='ocrx_word' id='word_1_86' title='bbox 694 1368 759 1408; x_wconf 87' lang='lat' dir='ltr'><strong>ac</strong></span> <span class='ocrx_word' id='word_1_87' title='bbox 813 1356 917 1409; x_wconf 82' lang='lat' dir='ltr'><strong>nisi</strong></span> <span class='ocrx_word' id='word_1_88' title='bbox 969 1358 1257 1428; x_wconf 90' lang='lat' dir='ltr'><strong>peregrina</strong></span> <span class='ocrx_word' id='word_1_89' title='bbox 1323 1359 1526 1413; x_wconf 88' lang='lat' dir='ltr'><strong>auxilia</strong></span> <span class='ocrx_word' id='word_1_90' title='bbox 1577 1361 1694 1431; x_wconf 88' lang='lat' dir='ltr'><strong>regi</strong></span> <span class='ocrx_word' id='word_1_91' title='bbox 1744 1370 1946 1431; x_wconf 55' lang='lat' dir='ltr'><strong>prassto</strong></span> 
     </span>
    </p>
   </div>
   <div class='ocr_carea' id='block_1_15' title="bbox 348 1445 1942 1523">
    <p class='ocr_par' dir='ltr' id='par_1_15' title="bbox 348 1445 1942 1523">
     <span class='ocr_line' id='line_1_15' title="bbox 348 1445 1942 1523; baseline 0.006 -23"><span class='ocrx_word' id='word_1_92' title='bbox 348 1445 598 1514; x_wconf 82' lang='lat' dir='ltr'><strong>fuissent,</strong></span> <span class='ocrx_word' id='word_1_93' title='bbox 644 1448 842 1504; x_wconf 87' lang='lat' dir='ltr'><strong>seditio</strong></span> <span class='ocrx_word' id='word_1_94' title='bbox 883 1452 1262 1519; x_wconf 86' lang='lat' dir='ltr'><strong>praevaluerat.</strong></span> <span class='ocrx_word' id='word_1_95' title='bbox 1287 1453 1394 1509; x_wconf 87' lang='lat' dir='ltr'><strong>Sed</strong></span> <span class='ocrx_word' id='word_1_96' title='bbox 1425 1454 1722 1510; x_wconf 90' lang='lat' dir='ltr'><strong>adventitia</strong></span> <span class='ocrx_word' id='word_1_97' title='bbox 1759 1470 1942 1523; x_wconf 85' lang='lat' dir='ltr'><strong>manu,</strong></span> 
     </span>
    </p>
   </div>
   <div class='ocr_carea' id='block_1_16' title="bbox 349 1540 1947 1614">
    <p class='ocr_par' dir='ltr' id='par_1_16' title="bbox 349 1540 1947 1614">
     <span class='ocr_line' id='line_1_16' title="bbox 349 1540 1947 1614; baseline 0.008 -21"><span class='ocrx_word' id='word_1_98' title='bbox 349 1554 492 1610; x_wconf 67' lang='lat' dir='ltr'><strong>aegre</strong></span> <span class='ocrx_word' id='word_1_99' title='bbox 541 1540 706 1608; x_wconf 92' lang='lat' dir='ltr'><strong>licet,</strong></span> <span class='ocrx_word' id='word_1_100' title='bbox 749 1555 1062 1614; x_wconf 91' lang='lat' dir='ltr'><strong>compressa</strong></span> <span class='ocrx_word' id='word_1_101' title='bbox 1118 1552 1204 1600; x_wconf 90' lang='lat' dir='ltr'><strong>est</strong></span> <span class='ocrx_word' id='word_1_102' title='bbox 1258 1555 1476 1614; x_wconf 90' lang='lat' dir='ltr'><strong>tamen,</strong></span> <span class='ocrx_word' id='word_1_103' title='bbox 1532 1543 1655 1602; x_wconf 85' lang='lat' dir='ltr'><strong>oeto</strong></span> <span class='ocrx_word' id='word_1_104' title='bbox 1709 1547 1947 1606; x_wconf 87' lang='lat' dir='ltr'><strong>millibus</strong></span> 
     </span>
    </p>
   </div>
   <div class='ocr_carea' id='block_1_17' title="bbox 350 1632 1944 1708">
    <p class='ocr_par' dir='ltr' id='par_1_17' title="bbox 350 1632 1944 1708">
     <span class='ocr_line' id='line_1_17' title="bbox 350 1632 1944 1708; baseline 0.005 -21"><span class='ocrx_word' id='word_1_105' title='bbox 350 1632 522 1688; x_wconf 85' lang='lat' dir='ltr'><strong>ferme</strong></span> <span class='ocrx_word' id='word_1_106' title='bbox 565 1633 915 1690; x_wconf 66' lang='lat' dir='ltr'><strong>Hebraeorum</strong></span> <span class='ocrx_word' id='word_1_107' title='bbox 975 1636 1356 1708; x_wconf 88' lang='lat' dir='ltr'><strong>interemptis;</strong></span> <span class='ocrx_word' id='word_1_108' title='bbox 1398 1637 1526 1694; x_wconf 90' lang='lat' dir='ltr'><strong>inde</strong></span> <span class='ocrx_word' id='word_1_109' title='bbox 1581 1639 1632 1693; x_wconf 91' lang='lat' dir='ltr'><strong>in</strong></span> <span class='ocrx_word' id='word_1_110' title='bbox 1688 1639 1944 1695; x_wconf 80' lang='lat' dir='ltr'><strong>Arabiam</strong></span> 
     </span>
    </p>
   </div>
   <div class='ocr_carea' id='block_1_18' title="bbox 349 1725 1948 1800">
    <p class='ocr_par' dir='ltr' id='par_1_18' title="bbox 349 1725 1948 1800">
     <span class='ocr_line' id='line_1_18' title="bbox 349 1725 1948 1800; baseline 0.006 -22"><span class='ocrx_word' id='word_1_111' title='bbox 349 1725 455 1780; x_wconf 89' lang='lat' dir='ltr'><strong>iter</strong></span> <span class='ocrx_word' id='word_1_112' title='bbox 484 1725 724 1794; x_wconf 89' lang='lat' dir='ltr'><strong>direxit,</strong></span> <span class='ocrx_word' id='word_1_113' title='bbox 772 1742 836 1782; x_wconf 91' lang='lat' dir='ltr'><strong>ac</strong></span> <span class='ocrx_word' id='word_1_114' title='bbox 873 1729 1150 1784; x_wconf 70' lang='lat' dir='ltr'><strong>nonnullae</strong></span> <span class='ocrx_word' id='word_1_115' title='bbox 1189 1731 1309 1800; x_wconf 87' lang='lat' dir='ltr'><strong>ejus</strong></span> <span class='ocrx_word' id='word_1_116' title='bbox 1335 1731 1497 1786; x_wconf 90' lang='lat' dir='ltr'><strong>urbes</strong></span> <span class='ocrx_word' id='word_1_117' title='bbox 1537 1731 1816 1788; x_wconf 79' lang='lat' dir='ltr'><strong>subactze:</strong></span> <span class='ocrx_word' id='word_1_118' title='bbox 1853 1732 1948 1788; x_wconf 93' lang='lat' dir='ltr'><strong>tri-</strong></span> 
     </span>
    </p>
   </div>
   <div class='ocr_carea' id='block_1_19' title="bbox 349 1819 1949 1895">
    <p class='ocr_par' dir='ltr' id='par_1_19' title="bbox 349 1819 1949 1895">
     <span class='ocr_line' id='line_1_19' title="bbox 349 1819 1949 1895; baseline 0.006 -23"><span class='ocrx_word' id='word_1_119' title='bbox 349 1819 478 1873; x_wconf 90' lang='lat' dir='ltr'><strong>buta</strong></span> <span class='ocrx_word' id='word_1_120' title='bbox 523 1836 740 1891; x_wconf 91' lang='lat' dir='ltr'><strong>quoque</strong></span> <span class='ocrx_word' id='word_1_121' title='bbox 793 1821 1040 1878; x_wconf 84' lang='lat' dir='ltr'><strong>Moabitis</strong></span> <span class='ocrx_word' id='word_1_122' title='bbox 1091 1835 1147 1878; x_wconf 91' lang='lat' dir='ltr'><strong>et</strong></span> <span class='ocrx_word' id='word_1_123' title='bbox 1195 1825 1492 1880; x_wconf 83' lang='lat' dir='ltr'><strong>Galaaditis</strong></span> <span class='ocrx_word' id='word_1_124' title='bbox 1529 1826 1653 1895; x_wconf 88' lang='lat' dir='ltr'><strong>jure</strong></span> <span class='ocrx_word' id='word_1_125' title='bbox 1707 1827 1949 1882; x_wconf 77' lang='lat' dir='ltr'><strong>victorize</strong></span> 
     </span>
    </p>
   </div>
   <div class='ocr_carea' id='block_1_20' title="bbox 2050 525 3638 628">
    <p class='ocr_par' dir='ltr' id='par_1_20' title="bbox 2050 525 3638 628">
     <span class='ocr_line' id='line_1_20' title="bbox 2050 525 3638 628; baseline 0.022 -48"><span class='ocrx_word' id='word_1_126' title='bbox 2050 525 2243 628; x_wconf 70' lang='lat' dir='ltr'><strong>factus,</strong></span> <span class='ocrx_word' id='word_1_127' title='bbox 2277 532 2508 601; x_wconf 88' lang='lat' dir='ltr'><strong>plurimo</strong></span> <span class='ocrx_word' id='word_1_128' title='bbox 2535 547 2710 596; x_wconf 89' lang='lat' dir='ltr'><strong>tamen</strong></span> <span class='ocrx_word' id='word_1_129' title='bbox 2743 559 2963 601; x_wconf 89' lang='lat' dir='ltr'><strong>suorum</strong></span> <span class='ocrx_word' id='word_1_130' title='bbox 3000 553 3277 620; x_wconf 80' lang='lat' dir='ltr'><strong>sanguine.</strong></span> <span class='ocrx_word' id='word_1_131' title='bbox 3305 553 3545 628; x_wconf 82' lang='lat' dir='ltr'><strong>Namque</strong></span> <span class='ocrx_word' id='word_1_132' title='bbox 3568 558 3638 615; x_wconf 89' lang='lat' dir='ltr'><strong>ab</strong></span> 
     </span>
    </p>
   </div>
   <div class='ocr_carea' id='block_1_21' title="bbox 2047 617 3638 723">
    <p class='ocr_par' dir='ltr' id='par_1_21' title="bbox 2047 617 3638 723">
     <span class='ocr_line' id='line_1_21' title="bbox 2047 617 3638 723; baseline 0.023 -51"><span class='ocrx_word' id='word_1_133' title='bbox 2047 617 2262 723; x_wconf 63' lang='lat' dir='ltr'><strong>bisqui</strong></span> <span class='ocrx_word' id='word_1_134' title='bbox 2287 640 2318 680; x_wconf 91' lang='lat' dir='ltr'><strong>e</strong></span> <span class='ocrx_word' id='word_1_135' title='bbox 2343 627 2562 685; x_wconf 90' lang='lat' dir='ltr'><strong>diverso</strong></span> <span class='ocrx_word' id='word_1_136' title='bbox 2593 636 2842 693; x_wconf 86' lang='lat' dir='ltr'><strong>mercede</strong></span> <span class='ocrx_word' id='word_1_137' title='bbox 2879 641 3131 698; x_wconf 89' lang='lat' dir='ltr'><strong>conducti</strong></span> <span class='ocrx_word' id='word_1_138' title='bbox 3166 617 3638 723; x_wconf 45' lang='lat' dir='ltr'><strong>venerant,&#39;egre-</strong></span> 
     </span>
    </p>
   </div>
   <div class='ocr_carea' id='block_1_22' title="bbox 2045 713 3642 799">
    <p class='ocr_par' dir='ltr' id='par_1_22' title="bbox 2045 713 3642 799">
     <span class='ocr_line' id='line_1_22' title="bbox 2045 713 3642 799; baseline 0.021 -34"><span class='ocrx_word' id='word_1_139' title='bbox 2045 713 2132 781; x_wconf 87' lang='lat' dir='ltr'><strong>gie</strong></span> <span class='ocrx_word' id='word_1_140' title='bbox 2153 714 2434 786; x_wconf 83' lang='lat' dir='ltr'><strong>bellatum,</strong></span> <span class='ocrx_word' id='word_1_141' title='bbox 2462 733 2518 776; x_wconf 91' lang='lat' dir='ltr'><strong>ut</strong></span> <span class='ocrx_word' id='word_1_142' title='bbox 2542 724 2611 778; x_wconf 89' lang='lat' dir='ltr'><strong>ita</strong></span> <span class='ocrx_word' id='word_1_143' title='bbox 2639 741 2810 798; x_wconf 84' lang='lat' dir='ltr'><strong>usque</strong></span> <span class='ocrx_word' id='word_1_144' title='bbox 2849 731 2915 785; x_wconf 91' lang='lat' dir='ltr'><strong>ad</strong></span> <span class='ocrx_word' id='word_1_145' title='bbox 2959 743 3187 790; x_wconf 88' lang='lat' dir='ltr'><strong>mortem</strong></span> <span class='ocrx_word' id='word_1_146' title='bbox 3215 738 3413 794; x_wconf 91' lang='lat' dir='ltr'><strong>virtute</strong></span> <span class='ocrx_word' id='word_1_147' title='bbox 3439 713 3502 798; x_wconf 80' lang='lat' dir='ltr'><strong>ac</strong></span> <span class='ocrx_word' id='word_1_148' title='bbox 3516 713 3642 799; x_wconf 50' lang='lat' dir='ltr'><strong>dide</strong></span> 
     </span>
    </p>
   </div>
   <div class='ocr_carea' id='block_1_23' title="bbox 2047 804 3640 896">
    <p class='ocr_par' dir='ltr' id='par_1_23' title="bbox 2047 804 3640 896">
     <span class='ocr_line' id='line_1_23' title="bbox 2047 804 3640 896; baseline 0.021 -37"><span class='ocrx_word' id='word_1_149' title='bbox 2047 804 2464 867; x_wconf 89' lang='lat' dir='ltr'><strong>deeertaverint.</strong></span> <span class='ocrx_word' id='word_1_150' title='bbox 2509 816 2829 877; x_wconf 90' lang='lat' dir='ltr'><strong>Destitutum</strong></span> <span class='ocrx_word' id='word_1_151' title='bbox 2856 824 3035 896; x_wconf 83' lang='lat' dir='ltr'><strong>itaque</strong></span> <span class='ocrx_word' id='word_1_152' title='bbox 3057 843 3178 884; x_wconf 91' lang='lat' dir='ltr'><strong>sese</strong></span> <span class='ocrx_word' id='word_1_153' title='bbox 3206 813 3519 890; x_wconf 81' lang='lat' dir='ltr'><strong>Alexander</strong></span> <span class='ocrx_word' id='word_1_154' title='bbox 3557 838 3640 892; x_wconf 90' lang='lat' dir='ltr'><strong>vi-</strong></span> 
     </span>
    </p>
   </div>
   <div class='ocr_carea' id='block_1_24' title="bbox 2046 898 3632 986">
    <p class='ocr_par' dir='ltr' id='par_1_24' title="bbox 2046 898 3632 986">
     <span class='ocr_line' id='line_1_24' title="bbox 2046 898 3632 986; baseline 0.02 -32"><span class='ocrx_word' id='word_1_155' title='bbox 2046 898 2214 968; x_wconf 87' lang='lat' dir='ltr'><strong>dens,</strong></span> <span class='ocrx_word' id='word_1_156' title='bbox 2247 907 2406 963; x_wconf 88' lang='lat' dir='ltr'><strong>caesis</strong></span> <span class='ocrx_word' id='word_1_157' title='bbox 2453 925 2672 968; x_wconf 90' lang='lat' dir='ltr'><strong>suorum</strong></span> <span class='ocrx_word' id='word_1_158' title='bbox 2700 919 2935 975; x_wconf 82' lang='lat' dir='ltr'><strong>catervis</strong></span> <span class='ocrx_word' id='word_1_159' title='bbox 2990 921 3041 975; x_wconf 94' lang='lat' dir='ltr'><strong>in</strong></span> <span class='ocrx_word' id='word_1_160' title='bbox 3086 932 3297 980; x_wconf 88' lang='lat' dir='ltr'><strong>montes</strong></span> <span class='ocrx_word' id='word_1_161' title='bbox 3342 931 3632 986; x_wconf 86' lang='lat' dir='ltr'><strong>concessit.</strong></span> 
     </span>
    </p>
   </div>
   <div class='ocr_carea' id='block_1_25' title="bbox 2045 992 3637 1094">
    <p class='ocr_par' dir='ltr' id='par_1_25' title="bbox 2045 992 3637 1094">
     <span class='ocr_line' id='line_1_25' title="bbox 2045 992 3637 1094; baseline 0.021 -46"><span class='ocrx_word' id='word_1_162' title='bbox 2045 992 2154 1094; x_wconf 76' lang='lat' dir='ltr'><strong>Sed</strong></span> <span class='ocrx_word' id='word_1_163' title='bbox 2196 1010 2394 1067; x_wconf 67' lang='lat' dir='ltr'><strong>praeter</strong></span> <span class='ocrx_word' id='word_1_164' title='bbox 2439 1005 2720 1078; x_wconf 84' lang='lat' dir='ltr'><strong>utriusque</strong></span> <span class='ocrx_word' id='word_1_165' title='bbox 2747 1027 2898 1081; x_wconf 91' lang='lat' dir='ltr'><strong>spem</strong></span> <span class='ocrx_word' id='word_1_166' title='bbox 2923 1013 2988 1068; x_wconf 89' lang='lat' dir='ltr'><strong>ad</strong></span> <span class='ocrx_word' id='word_1_167' title='bbox 3015 1016 3247 1072; x_wconf 91' lang='lat' dir='ltr'><strong>alterum</strong></span> <span class='ocrx_word' id='word_1_168' title='bbox 3294 1034 3481 1077; x_wconf 90' lang='lat' dir='ltr'><strong>eorum</strong></span> <span class='ocrx_word' id='word_1_169' title='bbox 3508 1039 3637 1094; x_wconf 88' lang='lat' dir='ltr'><strong>spe-</strong></span> 
     </span>
    </p>
   </div>
   <div class='ocr_carea' id='block_1_26' title="bbox 2046 1087 3641 1189">
    <p class='ocr_par' dir='ltr' id='par_1_26' title="bbox 2046 1087 3641 1189">
     <span class='ocr_line' id='line_1_26' title="bbox 2046 1087 3641 1189; baseline 0.023 -48"><span class='ocrx_word' id='word_1_170' title='bbox 2046 1087 2159 1189; x_wconf 70' lang='lat' dir='ltr'><strong>cies</strong></span> <span class='ocrx_word' id='word_1_171' title='bbox 2187 1092 2425 1152; x_wconf 76' lang='lat' dir='ltr'><strong>victorize</strong></span> <span class='ocrx_word' id='word_1_172' title='bbox 2455 1104 2724 1172; x_wconf 80' lang='lat' dir='ltr'><strong>pervenit,</strong></span> <span class='ocrx_word' id='word_1_173' title='bbox 2753 1105 2957 1164; x_wconf 81' lang='lat' dir='ltr'><strong>fructus</strong></span> <span class='ocrx_word' id='word_1_174' title='bbox 2982 1111 3138 1167; x_wconf 88' lang='lat' dir='ltr'><strong>alteri</strong></span> <span class='ocrx_word' id='word_1_175' title='bbox 3167 1123 3351 1183; x_wconf 90' lang='lat' dir='ltr'><strong>partus</strong></span> <span class='ocrx_word' id='word_1_176' title='bbox 3384 1136 3397 1171; x_wconf 88' lang='lat'><strong>:</strong></span> <span class='ocrx_word' id='word_1_177' title='bbox 3429 1120 3552 1189; x_wconf 86' lang='lat' dir='ltr'><strong>quia</strong></span> <span class='ocrx_word' id='word_1_178' title='bbox 3583 1131 3641 1178; x_wconf 88' lang='lat' dir='ltr'><strong>et</strong></span> 
     </span>
    </p>
   </div>
   <div class='ocr_carea' id='block_1_27' title="bbox 2047 1181 3639 1288">
    <p class='ocr_par' dir='ltr' id='par_1_27' title="bbox 2047 1181 3639 1288">
     <span class='ocr_line' id='line_1_27' title="bbox 2047 1181 3639 1288; baseline 0.023 -52"><span class='ocrx_word' id='word_1_179' title='bbox 2047 1181 2643 1252; x_wconf 85' lang='lat' dir='ltr'><strong>Demctriusnudatus</strong></span> <span class='ocrx_word' id='word_1_180' title='bbox 2693 1209 2774 1255; x_wconf 89' lang='lat' dir='ltr'><strong>est</strong></span> <span class='ocrx_word' id='word_1_181' title='bbox 2812 1202 3058 1260; x_wconf 90' lang='lat' dir='ltr'><strong>discessu</strong></span> <span class='ocrx_word' id='word_1_182' title='bbox 3111 1208 3498 1281; x_wconf 72' lang='lat' dir='ltr'><strong>llebrazorum,</strong></span> <span class='ocrx_word' id='word_1_183' title='bbox 3545 1218 3639 1288; x_wconf 89' lang='lat' dir='ltr'><strong>qui</strong></span> 
     </span>
    </p>
   </div>
   <div class='ocr_carea' id='block_1_28' title="bbox 1967 1280 3637 1370">
    <p class='ocr_par' dir='ltr' id='par_1_28' title="bbox 1967 1280 3637 1370">
     <span class='ocr_line' id='line_1_28' title="bbox 1967 1280 3637 1370; baseline 0.023 -41"><span class='ocrx_word' id='word_1_184' title='bbox 1967 1345 1977 1355; x_wconf 30' lang='grc' dir='ltr'>α</span> <span class='ocrx_word' id='word_1_185' title='bbox 2046 1280 2296 1336; x_wconf 87' lang='lat' dir='ltr'><strong>eumdem</strong></span> <span class='ocrx_word' id='word_1_186' title='bbox 2351 1284 2419 1339; x_wconf 90' lang='lat' dir='ltr'><strong>ad</strong></span> <span class='ocrx_word' id='word_1_187' title='bbox 2468 1289 2781 1348; x_wconf 88' lang='lat' dir='ltr'><strong>societatem</strong></span> <span class='ocrx_word' id='word_1_188' title='bbox 2832 1310 3199 1370; x_wconf 87' lang='lat' dir='ltr'><strong>rogaverant,</strong></span> <span class='ocrx_word' id='word_1_189' title='bbox 3239 1313 3292 1360; x_wconf 91' lang='lat' dir='ltr'><strong>et</strong></span> <span class='ocrx_word' id='word_1_190' title='bbox 3323 1280 3637 1367; x_wconf 69' lang='lat' dir='ltr'><strong>Alexandro</strong></span> 
     </span>
    </p>
   </div>
   <div class='ocr_carea' id='block_1_29' title="bbox 2047 1372 3637 1470">
    <p class='ocr_par' dir='ltr' id='par_1_29' title="bbox 2047 1372 3637 1470">
     <span class='ocr_line' id='line_1_29' title="bbox 2047 1372 3637 1470; baseline 0.023 -47"><span class='ocrx_word' id='word_1_191' title='bbox 2047 1384 2113 1470; x_wconf 76' lang='lat' dir='ltr'><strong>ex</strong></span> <span class='ocrx_word' id='word_1_192' title='bbox 2141 1372 2273 1442; x_wconf 90' lang='lat' dir='ltr'><strong>ipsis</strong></span> <span class='ocrx_word' id='word_1_193' title='bbox 2295 1390 2390 1431; x_wconf 89' lang='lat' dir='ltr'><strong>sex</strong></span> <span class='ocrx_word' id='word_1_194' title='bbox 2437 1381 2608 1436; x_wconf 88' lang='lat' dir='ltr'><strong>millia</strong></span> <span class='ocrx_word' id='word_1_195' title='bbox 2637 1399 2759 1441; x_wconf 90' lang='lat' dir='ltr'><strong>sese</strong></span> <span class='ocrx_word' id='word_1_196' title='bbox 2813 1389 3192 1460; x_wconf 89' lang='lat' dir='ltr'><strong>adjunxerant,</strong></span> <span class='ocrx_word' id='word_1_197' title='bbox 3221 1413 3373 1454; x_wconf 91' lang='lat' dir='ltr'><strong>more</strong></span> <span class='ocrx_word' id='word_1_198' title='bbox 3401 1403 3637 1470; x_wconf 90' lang='lat' dir='ltr'><strong>quodam</strong></span> 
     </span>
    </p>
   </div>
   <div class='ocr_carea' id='block_1_30' title="bbox 2048 1461 3639 1552">
    <p class='ocr_par' dir='ltr' id='par_1_30' title="bbox 2048 1461 3639 1552">
     <span class='ocr_line' id='line_1_30' title="bbox 2048 1461 3639 1552; baseline 0.024 -37"><span class='ocrx_word' id='word_1_199' title='bbox 2048 1461 2270 1521; x_wconf 84' lang='lat' dir='ltr'><strong>humani</strong></span> <span class='ocrx_word' id='word_1_200' title='bbox 2300 1467 2501 1539; x_wconf 82' lang='lat' dir='ltr'><strong>ingenii</strong></span> <span class='ocrx_word' id='word_1_201' title='bbox 2533 1477 2956 1546; x_wconf 88' lang='lat' dir='ltr'><strong>astipulantibus</strong></span> <span class='ocrx_word' id='word_1_202' title='bbox 2986 1485 3052 1540; x_wconf 91' lang='lat' dir='ltr'><strong>ad</strong></span> <span class='ocrx_word' id='word_1_203' title='bbox 3097 1461 3527 1549; x_wconf 86' lang='lat' dir='ltr'><strong>misericordiam</strong></span> <span class='ocrx_word' id='word_1_204' title='bbox 3551 1511 3639 1552; x_wconf 89' lang='lat' dir='ltr'><strong>re-</strong></span> 
     </span>
    </p>
   </div>
   <div class='ocr_carea' id='block_1_31' title="bbox 2047 1554 3640 1658">
    <p class='ocr_par' dir='ltr' id='par_1_31' title="bbox 2047 1554 3640 1658">
     <span class='ocr_line' id='line_1_31' title="bbox 2047 1554 3640 1658; baseline 0.023 -51"><span class='ocrx_word' id='word_1_205' title='bbox 2219 1558 2484 1620; x_wconf 88' lang='lat' dir='ltr'><strong>adversis.</strong></span> <span class='ocrx_word' id='word_1_206' title='bbox 2532 1567 2707 1624; x_wconf 85' lang='lat' dir='ltr'><strong>Cessit</strong></span> <span class='ocrx_word' id='word_1_207' title='bbox 2765 1572 2946 1645; x_wconf 91' lang='lat' dir='ltr'><strong>itaque</strong></span> <span class='ocrx_word' id='word_1_208' title='bbox 2994 1577 3298 1654; x_wconf 84' lang='lat' dir='ltr'><strong>Demetrius</strong></span> <span class='ocrx_word' id='word_1_209' title='bbox 3341 1586 3425 1654; x_wconf 90' lang='lat' dir='ltr'><strong>ei,</strong></span> <span class='ocrx_word' id='word_1_210' title='bbox 3475 1603 3640 1658; x_wconf 89' lang='lat' dir='ltr'><strong>quem</strong></span> 
     </span>
    </p>
   </div>
   <div class='ocr_carea' id='block_1_32' title="bbox 2047 1648 3638 1748">
    <p class='ocr_par' dir='ltr' id='par_1_32' title="bbox 2047 1648 3638 1748">
     <span class='ocr_line' id='line_1_32' title="bbox 2047 1648 3638 1748; baseline 0.021 -45"><span class='ocrx_word' id='word_1_211' title='bbox 2047 1648 2193 1705; x_wconf 91' lang='lat' dir='ltr'><strong>bello</strong></span> <span class='ocrx_word' id='word_1_212' title='bbox 2254 1655 2495 1714; x_wconf 87' lang='lat' dir='ltr'><strong>vicerat:</strong></span> <span class='ocrx_word' id='word_1_213' title='bbox 2541 1661 2734 1718; x_wconf 89' lang='lat' dir='ltr'><strong>videns</strong></span> <span class='ocrx_word' id='word_1_214' title='bbox 2780 1667 2927 1723; x_wconf 92' lang='lat' dir='ltr'><strong>illum</strong></span> <span class='ocrx_word' id='word_1_215' title='bbox 2987 1648 3334 1732; x_wconf 82' lang='lat' dir='ltr'><strong>afﬂuentibus</strong></span> <span class='ocrx_word' id='word_1_216' title='bbox 3378 1648 3638 1748; x_wconf 74' lang='lat' dir='ltr'><strong>paulatim</strong></span> 
     </span>
    </p>
   </div>
   <div class='ocr_carea' id='block_1_33' title="bbox 2051 1742 3643 1842">
    <p class='ocr_par' dir='ltr' id='par_1_33' title="bbox 2051 1742 3643 1842">
     <span class='ocr_line' id='line_1_33' title="bbox 2051 1742 3643 1842; baseline 0.021 -46"><span class='ocrx_word' id='word_1_217' title='bbox 2051 1742 2297 1802; x_wconf 70' lang='lat' dir='ltr'><strong>llebrmis</strong></span> <span class='ocrx_word' id='word_1_218' title='bbox 2317 1748 2428 1818; x_wconf 88' lang='lat' dir='ltr'><strong>jam</strong></span> <span class='ocrx_word' id='word_1_219' title='bbox 2488 1768 2678 1824; x_wconf 68' lang='lat' dir='ltr'><strong>pugna:</strong></span> <span class='ocrx_word' id='word_1_220' title='bbox 2738 1759 3018 1828; x_wconf 90' lang='lat' dir='ltr'><strong>idoneum,</strong></span> <span class='ocrx_word' id='word_1_221' title='bbox 3063 1781 3292 1837; x_wconf 87' lang='lat' dir='ltr'><strong>seseque</strong></span> <span class='ocrx_word' id='word_1_222' title='bbox 3338 1785 3460 1826; x_wconf 88' lang='lat' dir='ltr'><strong>cum</strong></span> <span class='ocrx_word' id='word_1_223' title='bbox 3509 1788 3643 1842; x_wconf 89' lang='lat' dir='ltr'><strong>pau-</strong></span> 
     </span>
    </p>
   </div>
   <div class='ocr_carea' id='block_1_34' title="bbox 2051 1835 3644 1920">
    <p class='ocr_par' dir='ltr' id='par_1_34' title="bbox 2051 1835 3644 1920">
     <span class='ocr_line' id='line_1_34' title="bbox 2051 1835 3644 1920; baseline 0.021 -32"><span class='ocrx_word' id='word_1_224' title='bbox 2051 1835 2130 1890; x_wconf 89' lang='lat' dir='ltr'><strong>cis</strong></span> <span class='ocrx_word' id='word_1_225' title='bbox 2156 1839 2610 1914; x_wconf 85' lang='lat' dir='ltr'><strong>relictum.Cujus</strong></span> <span class='ocrx_word' id='word_1_226' title='bbox 2641 1849 2867 1906; x_wconf 84' lang='lat' dir='ltr'><strong>victoria</strong></span> <span class='ocrx_word' id='word_1_227' title='bbox 2898 1854 3151 1913; x_wconf 90' lang='lat' dir='ltr'><strong>libertate</strong></span> <span class='ocrx_word' id='word_1_228' title='bbox 3180 1835 3413 1916; x_wconf 80' lang='lat' dir='ltr'><strong>assuetis</strong></span> <span class='ocrx_word' id='word_1_229' title='bbox 3443 1861 3469 1900; x_wconf 72' lang='lat' dir='ltr'><strong>b</strong></span> <span class='ocrx_word' id='word_1_230' title='bbox 3491 1835 3644 1920; x_wconf 85' lang='lat' dir='ltr'><strong>dam-</strong></span> 
     </span>
    </p>
   </div>
   <div class='ocr_carea' id='block_1_35' title="bbox 347 1911 3643 2013">
    <p class='ocr_par' dir='ltr' id='par_1_35' title="bbox 347 1911 3643 2013">
     <span class='ocr_line' id='line_1_35' title="bbox 347 1911 3643 2013; baseline 0.01 -32"><span class='ocrx_word' id='word_1_231' title='bbox 347 1912 610 1982; x_wconf 69' lang='grc' dir='ltr'><strong>θεετῖβῑῖιο</strong></span> <span class='ocrx_word' id='word_1_232' title='bbox 659 1911 811 1983; x_wconf 76' lang='lat' dir='ltr'><strong>Unde</strong></span> <span class='ocrx_word' id='word_1_233' title='bbox 845 1929 1129 1983; x_wconf 61' lang='lat' dir='ltr'><strong>regressus</strong></span> <span class='ocrx_word' id='word_1_234' title='bbox 1167 1916 1222 1970; x_wconf 75' lang='grc' dir='ltr'><strong>Ῐη</strong></span> <span class='ocrx_word' id='word_1_235' title='bbox 1262 1915 1627 1985; x_wconf 57' lang='lat' dir='ltr'><strong>Amanum”,</strong></span> <span class='ocrx_word' id='word_1_236' title='bbox 1657 1918 1948 1974; x_wconf 73' lang='grc' dir='ltr'><strong>Τιιεοάοΐο</strong></span> <span class='ocrx_word' id='word_1_237' title='bbox 1978 1929 2029 1990; x_wconf 89' lang='grc' dir='ltr'><strong>Β</strong></span> <span class='ocrx_word' id='word_1_238' title='bbox 2056 1931 2290 1986; x_wconf 84' lang='lat' dir='ltr'><strong>nationis</strong></span> <span class='ocrx_word' id='word_1_239' title='bbox 2339 1911 2541 1992; x_wconf 84' lang='lat' dir='ltr'><strong>metum</strong></span> <span class='ocrx_word' id='word_1_240' title='bbox 2583 1943 2862 1999; x_wconf 88' lang='lat' dir='ltr'><strong>movebat.</strong></span> <span class='ocrx_word' id='word_1_241' title='bbox 2896 1945 3055 2002; x_wconf 81' lang='lat' dir='ltr'><strong>Redit</strong></span> <span class='ocrx_word' id='word_1_242' title='bbox 3433 1911 3643 2013; x_wconf 44' lang='lat' dir='ltr'><strong>suavi-tia</strong></span> 
     </span>
    </p>
   </div>
   <div class='ocr_carea' id='block_1_36' title="bbox 348 2004 1947 2079">
    <p class='ocr_par' dir='ltr' id='par_1_36' title="bbox 348 2004 1947 2079">
     <span class='ocr_line' id='line_1_36' title="bbox 348 2004 1947 2079; baseline 0.004 -19"><span class='ocrx_word' id='word_1_243' title='bbox 348 2005 514 2060; x_wconf 88' lang='lat' dir='ltr'><strong>tantis</strong></span> <span class='ocrx_word' id='word_1_244' title='bbox 545 2004 664 2076; x_wconf 85' lang='lat' dir='ltr'><strong>ejus</strong></span> <span class='ocrx_word' id='word_1_245' title='bbox 690 2007 1036 2063; x_wconf 87' lang='lat' dir='ltr'><strong>successibus</strong></span> <span class='ocrx_word' id='word_1_246' title='bbox 1059 2009 1366 2079; x_wconf 87' lang='lat' dir='ltr'><strong>stupefacto</strong></span> <span class='ocrx_word' id='word_1_247' title='bbox 1386 2052 1402 2077; x_wconf 91' lang='lat'><strong>,</strong></span> <span class='ocrx_word' id='word_1_248' title='bbox 1432 2025 1662 2066; x_wconf 87' lang='lat' dir='ltr'><strong>vacuum</strong></span> <span class='ocrx_word' id='word_1_249' title='bbox 1695 2010 1947 2066; x_wconf 85' lang='lat' dir='ltr'><strong>defenso-</strong></span> 
     </span>
    </p>
   </div>
   <div class='ocr_carea' id='block_1_37' title="bbox 347 2099 1942 2174">
    <p class='ocr_par' dir='ltr' id='par_1_37' title="bbox 347 2099 1942 2174">
     <span class='ocr_line' id='line_1_37' title="bbox 347 2099 1942 2174; baseline 0.001 -18"><span class='ocrx_word' id='word_1_250' title='bbox 347 2099 504 2156; x_wconf 83' lang='lat' dir='ltr'><strong>ribus</strong></span> <span class='ocrx_word' id='word_1_251' title='bbox 541 2100 825 2156; x_wconf 90' lang='lat' dir='ltr'><strong>castellum</strong></span> <span class='ocrx_word' id='word_1_252' title='bbox 865 2101 1147 2158; x_wconf 85' lang='lat' dir='ltr'><strong>invcniens</strong></span> <span class='ocrx_word' id='word_1_253' title='bbox 1171 2144 1188 2170; x_wconf 89' lang='lat'><strong>,</strong></span> <span class='ocrx_word' id='word_1_254' title='bbox 1236 2103 1355 2158; x_wconf 89' lang='lat' dir='ltr'><strong>sine</strong></span> <span class='ocrx_word' id='word_1_255' title='bbox 1393 2119 1545 2158; x_wconf 87' lang='lat' dir='ltr'><strong>mora</strong></span> <span class='ocrx_word' id='word_1_256' title='bbox 1593 2103 1942 2174; x_wconf 82' lang='lat' dir='ltr'><strong>expugnavit.</strong></span> 
     </span>
    </p>
   </div>
   <div class='ocr_carea' id='block_1_38' title="bbox 347 2189 1948 2262">
    <p class='ocr_par' dir='ltr' id='par_1_38' title="bbox 347 2189 1948 2262">
     <span class='ocr_line' id='line_1_38' title="bbox 347 2189 1948 2262; baseline 0.004 -17"><span class='ocrx_word' id='word_1_257' title='bbox 347 2189 468 2246; x_wconf 84' lang='lat' dir='ltr'><strong>Non</strong></span> <span class='ocrx_word' id='word_1_258' title='bbox 511 2206 900 2262; x_wconf 89' lang='lat' dir='ltr'><strong>usquequaque</strong></span> <span class='ocrx_word' id='word_1_259' title='bbox 947 2203 1127 2248; x_wconf 90' lang='lat' dir='ltr'><strong>tamen</strong></span> <span class='ocrx_word' id='word_1_260' title='bbox 1152 2195 1359 2250; x_wconf 88' lang='lat' dir='ltr'><strong>otiosus</strong></span> <span class='ocrx_word' id='word_1_261' title='bbox 1405 2193 1643 2251; x_wconf 88' lang='lat' dir='ltr'><strong>Obedias</strong></span> <span class='ocrx_word' id='word_1_262' title='bbox 1686 2211 1784 2252; x_wconf 90' lang='lat' dir='ltr'><strong>rex</strong></span> <span class='ocrx_word' id='word_1_263' title='bbox 1811 2195 1948 2252; x_wconf 89' lang='lat' dir='ltr'><strong>Ara-</strong></span> 
     </span>
    </p>
   </div>
   <div class='ocr_carea' id='block_1_39' title="bbox 350 2283 1944 2360">
    <p class='ocr_par' dir='ltr' id='par_1_39' title="bbox 350 2283 1944 2360">
     <span class='ocr_line' id='line_1_39' title="bbox 350 2283 1944 2360; baseline 0.005 -22"><span class='ocrx_word' id='word_1_264' title='bbox 350 2284 480 2339; x_wconf 91' lang='lat' dir='ltr'><strong>bum</strong></span> <span class='ocrx_word' id='word_1_265' title='bbox 509 2283 630 2348; x_wconf 86' lang='lat' dir='ltr'><strong>fuit,</strong></span> <span class='ocrx_word' id='word_1_266' title='bbox 656 2299 756 2340; x_wconf 92' lang='lat' dir='ltr'><strong>nec</strong></span> <span class='ocrx_word' id='word_1_267' title='bbox 785 2285 954 2340; x_wconf 91' lang='lat' dir='ltr'><strong>inulta</strong></span> <span class='ocrx_word' id='word_1_268' title='bbox 1002 2286 1095 2341; x_wconf 92' lang='lat' dir='ltr'><strong>diu</strong></span> <span class='ocrx_word' id='word_1_269' title='bbox 1127 2289 1273 2358; x_wconf 86' lang='lat' dir='ltr'><strong>regni</strong></span> <span class='ocrx_word' id='word_1_270' title='bbox 1303 2289 1385 2343; x_wconf 90' lang='lat' dir='ltr'><strong>sui</strong></span> <span class='ocrx_word' id='word_1_271' title='bbox 1418 2303 1615 2359; x_wconf 91' lang='lat' dir='ltr'><strong>passus</strong></span> <span class='ocrx_word' id='word_1_272' title='bbox 1639 2289 1944 2360; x_wconf 90' lang='lat' dir='ltr'><strong>dispendia.</strong></span> 
     </span>
    </p>
   </div>
   <div class='ocr_carea' id='block_1_40' title="bbox 349 2374 1946 2449">
    <p class='ocr_par' dir='ltr' id='par_1_40' title="bbox 349 2374 1946 2449">
     <span class='ocr_line' id='line_1_40' title="bbox 349 2374 1946 2449; baseline 0.006 -18"><span class='ocrx_word' id='word_1_273' title='bbox 349 2374 485 2431; x_wconf 84' lang='lat' dir='ltr'><strong>Nam</strong></span> <span class='ocrx_word' id='word_1_274' title='bbox 513 2375 726 2433; x_wconf 79' lang='lat' dir='ltr'><strong>insidiis</strong></span> <span class='ocrx_word' id='word_1_275' title='bbox 775 2392 1081 2449; x_wconf 88' lang='lat' dir='ltr'><strong>opportune</strong></span> <span class='ocrx_word' id='word_1_276' title='bbox 1121 2381 1312 2438; x_wconf 90' lang='lat' dir='ltr'><strong>locatis</strong></span> <span class='ocrx_word' id='word_1_277' title='bbox 1358 2398 1576 2439; x_wconf 89' lang='lat' dir='ltr'><strong>omnem</strong></span> <span class='ocrx_word' id='word_1_278' title='bbox 1614 2387 1946 2440; x_wconf 86' lang='lat' dir='ltr'><strong>excercitum</strong></span> 
     </span>
    </p>
   </div>
   <div class='ocr_carea' id='block_1_41' title="bbox 351 2468 1951 2545">
    <p class='ocr_par' dir='ltr' id='par_1_41' title="bbox 351 2468 1951 2545">
     <span class='ocr_line' id='line_1_41' title="bbox 351 2468 1951 2545; baseline 0.006 -23"><span class='ocrx_word' id='word_1_279' title='bbox 351 2468 473 2538; x_wconf 87' lang='lat' dir='ltr'><strong>ejus</strong></span> <span class='ocrx_word' id='word_1_280' title='bbox 495 2469 718 2537; x_wconf 89' lang='lat' dir='ltr'><strong>delevit,</strong></span> <span class='ocrx_word' id='word_1_281' title='bbox 738 2472 1054 2528; x_wconf 87' lang='lat' dir='ltr'><strong>conclusum</strong></span> <span class='ocrx_word' id='word_1_282' title='bbox 1086 2475 1262 2540; x_wconf 88' lang='lat' dir='ltr'><strong>vallis,</strong></span> <span class='ocrx_word' id='word_1_283' title='bbox 1293 2476 1560 2545; x_wconf 84' lang='lat' dir='ltr'><strong>profundo</strong></span> <span class='ocrx_word' id='word_1_284' title='bbox 1586 2486 1640 2532; x_wconf 91' lang='lat' dir='ltr'><strong>et</strong></span> <span class='ocrx_word' id='word_1_285' title='bbox 1667 2478 1835 2532; x_wconf 87' lang='lat' dir='ltr'><strong>multo</strong></span> <span class='ocrx_word' id='word_1_286' title='bbox 1860 2493 1951 2533; x_wconf 86' lang='lat' dir='ltr'><strong>ca-</strong></span> 
     </span>
    </p>
   </div>
   <div class='ocr_carea' id='block_1_42' title="bbox 351 2561 1947 2637">
    <p class='ocr_par' dir='ltr' id='par_1_42' title="bbox 351 2561 1947 2637">
     <span class='ocr_line' id='line_1_42' title="bbox 351 2561 1947 2637; baseline 0.006 -21"><span class='ocrx_word' id='word_1_287' title='bbox 351 2561 618 2617; x_wconf 85' lang='lat' dir='ltr'><strong>tnelorum</strong></span> <span class='ocrx_word' id='word_1_288' title='bbox 666 2564 880 2635; x_wconf 79' lang='lat' dir='ltr'><strong>agmine</strong></span> <span class='ocrx_word' id='word_1_289' title='bbox 905 2567 1170 2621; x_wconf 88' lang='lat' dir='ltr'><strong>attritum.</strong></span> <span class='ocrx_word' id='word_1_290' title='bbox 1189 2567 1374 2623; x_wconf 90' lang='lat' dir='ltr'><strong>Evasit</strong></span> <span class='ocrx_word' id='word_1_291' title='bbox 1404 2577 1582 2626; x_wconf 89' lang='lat' dir='ltr'><strong>tamen</strong></span> <span class='ocrx_word' id='word_1_292' title='bbox 1614 2571 1947 2637; x_wconf 81' lang='lat' dir='ltr'><strong>Alexander,</strong></span> 
     </span>
    </p>
   </div>
   <div class='ocr_carea' id='block_1_43' title="bbox 351 2653 1952 2733">
    <p class='ocr_par' dir='ltr' id='par_1_43' title="bbox 351 2653 1952 2733">
     <span class='ocr_line' id='line_1_43' title="bbox 351 2653 1952 2733; baseline 0.006 -25"><span class='ocrx_word' id='word_1_293' title='bbox 351 2661 409 2708; x_wconf 89' lang='lat' dir='ltr'><strong>et</strong></span> <span class='ocrx_word' id='word_1_294' title='bbox 432 2653 644 2724; x_wconf 79' lang='lat' dir='ltr'><strong>fugiens</strong></span> <span class='ocrx_word' id='word_1_295' title='bbox 665 2654 735 2710; x_wconf 91' lang='lat' dir='ltr'><strong>de</strong></span> <span class='ocrx_word' id='word_1_296' title='bbox 759 2657 968 2725; x_wconf 70' lang='lat' dir='ltr'><strong>prtelio,</strong></span> <span class='ocrx_word' id='word_1_297' title='bbox 994 2658 1501 2731; x_wconf 73' lang='lat' dir='ltr'><strong>Hierosolytnitanzc</strong></span> <span class='ocrx_word' id='word_1_298' title='bbox 1526 2661 1673 2716; x_wconf 89' lang='lat' dir='ltr'><strong>urbis</strong></span> <span class='ocrx_word' id='word_1_299' title='bbox 1703 2670 1952 2733; x_wconf 86' lang='lat' dir='ltr'><strong>recepta-</strong></span> 
     </span>
    </p>
   </div>
   <div class='ocr_carea' id='block_1_44' title="bbox 352 2746 1950 2822">
    <p class='ocr_par' dir='ltr' id='par_1_44' title="bbox 352 2746 1950 2822">
     <span class='ocr_line' id='line_1_44' title="bbox 352 2746 1950 2822; baseline 0.006 -21"><span class='ocrx_word' id='word_1_300' title='bbox 352 2747 476 2801; x_wconf 89' lang='lat' dir='ltr'><strong>cula</strong></span> <span class='ocrx_word' id='word_1_301' title='bbox 507 2746 674 2817; x_wconf 87' lang='lat' dir='ltr'><strong>petit,</strong></span> <span class='ocrx_word' id='word_1_302' title='bbox 705 2747 912 2804; x_wconf 76' lang='lat' dir='ltr'><strong>invisus</strong></span> <span class='ocrx_word' id='word_1_303' title='bbox 940 2750 1054 2805; x_wconf 92' lang='lat' dir='ltr'><strong>suis</strong></span> <span class='ocrx_word' id='word_1_304' title='bbox 1100 2753 1355 2822; x_wconf 89' lang='lat' dir='ltr'><strong>quoniam</strong></span> <span class='ocrx_word' id='word_1_305' title='bbox 1409 2754 1800 2810; x_wconf 87' lang='lat' dir='ltr'><strong>recruduerant</strong></span> <span class='ocrx_word' id='word_1_306' title='bbox 1827 2755 1950 2810; x_wconf 90' lang='lat' dir='ltr'><strong>odia</strong></span> 
     </span>
    </p>
   </div>
   <div class='ocr_carea' id='block_1_45' title="bbox 354 2839 1951 2916">
    <p class='ocr_par' dir='ltr' id='par_1_45' title="bbox 354 2839 1951 2916">
     <span class='ocr_line' id='line_1_45' title="bbox 354 2839 1951 2916; baseline 0.004 -21"><span class='ocrx_word' id='word_1_307' title='bbox 354 2856 610 2895; x_wconf 62' lang='lat' dir='ltr'><strong>aerumna:</strong></span> <span class='ocrx_word' id='word_1_308' title='bbox 636 2839 753 2911; x_wconf 91' lang='lat' dir='ltr'><strong>ejus</strong></span> <span class='ocrx_word' id='word_1_309' title='bbox 797 2843 1110 2908; x_wconf 89' lang='lat' dir='ltr'><strong>occasione,</strong></span> <span class='ocrx_word' id='word_1_310' title='bbox 1134 2846 1261 2913; x_wconf 86' lang='lat' dir='ltr'><strong>quia</strong></span> <span class='ocrx_word' id='word_1_311' title='bbox 1294 2852 1458 2900; x_wconf 86' lang='lat' dir='ltr'><strong>tantae</strong></span> <span class='ocrx_word' id='word_1_312' title='bbox 1509 2847 1770 2916; x_wconf 66' lang='lat' dir='ltr'><strong>potentiae</strong></span> <span class='ocrx_word' id='word_1_313' title='bbox 1805 2856 1951 2903; x_wconf 91' lang='lat' dir='ltr'><strong>metu</strong></span> 
     </span>
    </p>
   </div>
   <div class='ocr_carea' id='block_1_46' title="bbox 355 2935 1952 3010">
    <p class='ocr_par' dir='ltr' id='par_1_46' title="bbox 355 2935 1952 3010">
     <span class='ocr_line' id='line_1_46' title="bbox 355 2935 1952 3010; baseline 0.005 -22"><span class='ocrx_word' id='word_1_314' title='bbox 355 2935 765 3005; x_wconf 89' lang='lat' dir='ltr'><strong>premebantur.</strong></span> <span class='ocrx_word' id='word_1_315' title='bbox 794 2935 906 2992; x_wconf 88' lang='lat' dir='ltr'><strong>Nec</strong></span> <span class='ocrx_word' id='word_1_316' title='bbox 943 2937 1162 2992; x_wconf 88' lang='lat' dir='ltr'><strong>silentio</strong></span> <span class='ocrx_word' id='word_1_317' title='bbox 1197 2939 1476 3010; x_wconf 84' lang='lat' dir='ltr'><strong>tegebatur</strong></span> <span class='ocrx_word' id='word_1_318' title='bbox 1508 2940 1815 2996; x_wconf 89' lang='lat' dir='ltr'><strong>animorum</strong></span> <span class='ocrx_word' id='word_1_319' title='bbox 1836 2941 1952 2996; x_wconf 87' lang='lat' dir='ltr'><strong>dis-</strong></span> 
     </span>
    </p>
   </div>
   <div class='ocr_carea' id='block_1_47' title="bbox 354 3027 1954 3104">
    <p class='ocr_par' dir='ltr' id='par_1_47' title="bbox 354 3027 1954 3104">
     <span class='ocr_line' id='line_1_47' title="bbox 354 3027 1954 3104; baseline 0.004 -22"><span class='ocrx_word' id='word_1_320' title='bbox 354 3027 564 3091; x_wconf 87' lang='lat' dir='ltr'><strong>cordia,</strong></span> <span class='ocrx_word' id='word_1_321' title='bbox 601 3036 626 3065; x_wconf 81' lang='grc' dir='ltr'><strong>ει</strong></span> <span class='ocrx_word' id='word_1_322' title='bbox 651 3035 746 3082; x_wconf 90' lang='lat' dir='ltr'><strong>aut</strong></span> <span class='ocrx_word' id='word_1_323' title='bbox 767 3028 946 3084; x_wconf 88' lang='lat' dir='ltr'><strong>verbis</strong></span> <span class='ocrx_word' id='word_1_324' title='bbox 971 3031 1342 3085; x_wconf 90' lang='lat' dir='ltr'><strong>tantummodo</strong></span> <span class='ocrx_word' id='word_1_325' title='bbox 1358 3033 1739 3100; x_wconf 86' lang='lat' dir='ltr'><strong>exercebatur,</strong></span> <span class='ocrx_word' id='word_1_326' title='bbox 1765 3034 1954 3104; x_wconf 77' lang='lat' dir='ltr'><strong>przelio</strong></span> 
     </span>
    </p>
   </div>
   <div class='ocr_carea' id='block_1_48' title="bbox 355 3120 1954 3194">
    <p class='ocr_par' dir='ltr' id='par_1_48' title="bbox 355 3120 1954 3194">
     <span class='ocr_line' id='line_1_48' title="bbox 355 3120 1954 3194; baseline 0.003 -17"><span class='ocrx_word' id='word_1_327' title='bbox 355 3138 466 3177; x_wconf 88' lang='lat' dir='ltr'><strong>non</strong></span> <span class='ocrx_word' id='word_1_328' title='bbox 495 3137 632 3190; x_wconf 92' lang='lat' dir='ltr'><strong>uno,</strong></span> <span class='ocrx_word' id='word_1_329' title='bbox 664 3120 761 3178; x_wconf 90' lang='lat' dir='ltr'><strong>sed</strong></span> <span class='ocrx_word' id='word_1_330' title='bbox 803 3123 1048 3192; x_wconf 90' lang='lat' dir='ltr'><strong>plurimis</strong></span> <span class='ocrx_word' id='word_1_331' title='bbox 1069 3124 1426 3180; x_wconf 87' lang='lat' dir='ltr'><strong>decertatum.</strong></span> <span class='ocrx_word' id='word_1_332' title='bbox 1451 3127 1659 3194; x_wconf 85' lang='lat' dir='ltr'><strong>Quibus</strong></span> <span class='ocrx_word' id='word_1_333' title='bbox 1687 3126 1954 3182; x_wconf 90' lang='lat' dir='ltr'><strong>exstincta</strong></span> 
     </span>
    </p>
   </div>
   <div class='ocr_carea' id='block_1_49' title="bbox 358 3214 1956 3289">
    <p class='ocr_par' dir='ltr' id='par_1_49' title="bbox 358 3214 1956 3289">
     <span class='ocr_line' id='line_1_49' title="bbox 358 3214 1956 3289; baseline 0.001 -19"><span class='ocrx_word' id='word_1_334' title='bbox 358 3215 475 3270; x_wconf 89' lang='lat' dir='ltr'><strong>fere</strong></span> <span class='ocrx_word' id='word_1_335' title='bbox 501 3215 885 3286; x_wconf 85' lang='lat' dir='ltr'><strong>quinquaginta</strong></span> <span class='ocrx_word' id='word_1_336' title='bbox 918 3214 1236 3271; x_wconf 76' lang='lat' dir='ltr'><strong>Judzeorum</strong></span> <span class='ocrx_word' id='word_1_337' title='bbox 1280 3217 1452 3272; x_wconf 89' lang='lat' dir='ltr'><strong>millia</strong></span> <span class='ocrx_word' id='word_1_338' title='bbox 1481 3233 1620 3289; x_wconf 90' lang='lat' dir='ltr'><strong>quos</strong></span> <span class='ocrx_word' id='word_1_339' title='bbox 1647 3217 1956 3274; x_wconf 80' lang='lat' dir='ltr'><strong>Alexander</strong></span> 
     </span>
    </p>
   </div>
   <div class='ocr_carea' id='block_1_50' title="bbox 359 3305 2026 3381">
    <p class='ocr_par' dir='ltr' id='par_1_50' title="bbox 359 3305 2026 3381">
     <span class='ocr_line' id='line_1_50' title="bbox 359 3305 2026 3381; baseline 0.004 -18"><span class='ocrx_word' id='word_1_340' title='bbox 359 3308 966 3379; x_wconf 83' lang='lat' dir='ltr'><strong>interemit,suis,quam</strong></span> <span class='ocrx_word' id='word_1_341' title='bbox 992 3309 1243 3364; x_wconf 87' lang='lat' dir='ltr'><strong>hostibus</strong></span> <span class='ocrx_word' id='word_1_342' title='bbox 1272 3311 1654 3380; x_wconf 86' lang='lat' dir='ltr'><strong>perniciosior,</strong></span> <span class='ocrx_word' id='word_1_343' title='bbox 1675 3321 1731 3366; x_wconf 93' lang='lat' dir='ltr'><strong>et</strong></span> <span class='ocrx_word' id='word_1_344' title='bbox 1749 3311 1952 3381; x_wconf 86' lang='lat' dir='ltr'><strong>majore</strong></span> <span class='ocrx_word' id='word_1_345' title='bbox 1978 3305 2026 3369; x_wconf 89' lang='lat' dir='ltr'><strong>C</strong></span> 
     </span>
    </p>
   </div>
   <div class='ocr_carea' id='block_1_51' title="bbox 359 3401 1955 3473">
    <p class='ocr_par' dir='ltr' id='par_1_51' title="bbox 359 3401 1955 3473">
     <span class='ocr_line' id='line_1_51' title="bbox 359 3401 1955 3473; baseline 0.002 -18"><span class='ocrx_word' id='word_1_346' title='bbox 359 3403 532 3457; x_wconf 90' lang='lat' dir='ltr'><strong>victor</strong></span> <span class='ocrx_word' id='word_1_347' title='bbox 545 3401 894 3468; x_wconf 87' lang='lat' dir='ltr'><strong>detrimento,</strong></span> <span class='ocrx_word' id='word_1_348' title='bbox 918 3402 1174 3471; x_wconf 81' lang='lat' dir='ltr'><strong>quoniam</strong></span> <span class='ocrx_word' id='word_1_349' title='bbox 1219 3403 1372 3473; x_wconf 85' lang='lat' dir='ltr'><strong>regni</strong></span> <span class='ocrx_word' id='word_1_350' title='bbox 1399 3402 1482 3457; x_wconf 90' lang='lat' dir='ltr'><strong>sui</strong></span> <span class='ocrx_word' id='word_1_351' title='bbox 1510 3402 1656 3458; x_wconf 91' lang='lat' dir='ltr'><strong>vires</strong></span> <span class='ocrx_word' id='word_1_352' title='bbox 1684 3402 1955 3458; x_wconf 90' lang='lat' dir='ltr'><strong>vincendo</strong></span> 
     </span>
    </p>
   </div>
   <div class='ocr_carea' id='block_1_52' title="bbox 359 3495 1956 3567">
    <p class='ocr_par' dir='ltr' id='par_1_52' title="bbox 359 3495 1956 3567">
     <span class='ocr_line' id='line_1_52' title="bbox 359 3495 1956 3567; baseline 0 -16"><span class='ocrx_word' id='word_1_353' title='bbox 359 3496 660 3551; x_wconf 86' lang='lat' dir='ltr'><strong>attriverat.</strong></span> <span class='ocrx_word' id='word_1_354' title='bbox 693 3495 848 3552; x_wconf 91' lang='lat' dir='ltr'><strong>Unde</strong></span> <span class='ocrx_word' id='word_1_355' title='bbox 875 3511 943 3551; x_wconf 90' lang='lat' dir='ltr'><strong>ne</strong></span> <span class='ocrx_word' id='word_1_356' title='bbox 1000 3497 1116 3567; x_wconf 85' lang='lat' dir='ltr'><strong>ipse</strong></span> <span class='ocrx_word' id='word_1_357' title='bbox 1169 3497 1386 3566; x_wconf 89' lang='lat' dir='ltr'><strong>quidem</strong></span> <span class='ocrx_word' id='word_1_358' title='bbox 1406 3497 1519 3567; x_wconf 89' lang='lat' dir='ltr'><strong>jam</strong></span> <span class='ocrx_word' id='word_1_359' title='bbox 1552 3498 1666 3551; x_wconf 89' lang='lat' dir='ltr'><strong>suis</strong></span> <span class='ocrx_word' id='word_1_360' title='bbox 1713 3496 1956 3551; x_wconf 89' lang='lat' dir='ltr'><strong>victoriis</strong></span> 
     </span>
    </p>
   </div>
   <div class='ocr_carea' id='block_1_53' title="bbox 362 3588 1955 3660">
    <p class='ocr_par' dir='ltr' id='par_1_53' title="bbox 362 3588 1955 3660">
     <span class='ocr_line' id='line_1_53' title="bbox 362 3588 1955 3660; baseline -0.001 -16"><span class='ocrx_word' id='word_1_361' title='bbox 362 3588 752 3655; x_wconf 88' lang='lat' dir='ltr'><strong>delectabatur,</strong></span> <span class='ocrx_word' id='word_1_362' title='bbox 782 3603 1114 3660; x_wconf 88' lang='lat' dir='ltr'><strong>aversusque</strong></span> <span class='ocrx_word' id='word_1_363' title='bbox 1135 3605 1164 3643; x_wconf 91' lang='lat' dir='ltr'><strong>a</strong></span> <span class='ocrx_word' id='word_1_364' title='bbox 1193 3589 1398 3658; x_wconf 75' lang='lat' dir='ltr'><strong>przelio,</strong></span> <span class='ocrx_word' id='word_1_365' title='bbox 1419 3597 1533 3645; x_wconf 86' lang='lat' dir='ltr'><strong>arte</strong></span> <span class='ocrx_word' id='word_1_366' title='bbox 1559 3589 1824 3645; x_wconf 85' lang='lat' dir='ltr'><strong>tractabat</strong></span> <span class='ocrx_word' id='word_1_367' title='bbox 1854 3589 1955 3643; x_wconf 89' lang='lat' dir='ltr'><strong>sibi</strong></span> 
     </span>
    </p>
   </div>
   <div class='ocr_carea' id='block_1_54' title="bbox 361 3679 1958 3752">
    <p class='ocr_par' dir='ltr' id='par_1_54' title="bbox 361 3679 1958 3752">
     <span class='ocr_line' id='line_1_54' title="bbox 361 3679 1958 3752; baseline 0.001 -17"><span class='ocrx_word' id='word_1_368' title='bbox 361 3679 629 3748; x_wconf 88' lang='lat' dir='ltr'><strong>subditos,</strong></span> <span class='ocrx_word' id='word_1_369' title='bbox 663 3689 722 3735; x_wconf 93' lang='lat' dir='ltr'><strong>ut</strong></span> <span class='ocrx_word' id='word_1_370' title='bbox 763 3679 874 3750; x_wconf 90' lang='lat' dir='ltr'><strong>jam</strong></span> <span class='ocrx_word' id='word_1_371' title='bbox 929 3696 1035 3736; x_wconf 92' lang='lat' dir='ltr'><strong>non</strong></span> <span class='ocrx_word' id='word_1_372' title='bbox 1085 3682 1251 3735; x_wconf 90' lang='lat' dir='ltr'><strong>armis</strong></span> <span class='ocrx_word' id='word_1_373' title='bbox 1294 3690 1601 3752; x_wconf 88' lang='lat' dir='ltr'><strong>premeret,</strong></span> <span class='ocrx_word' id='word_1_374' title='bbox 1653 3681 1748 3736; x_wconf 90' lang='lat' dir='ltr'><strong>sed</strong></span> <span class='ocrx_word' id='word_1_375' title='bbox 1775 3681 1958 3737; x_wconf 88' lang='lat' dir='ltr'><strong>verbis</strong></span> 
     </span>
    </p>
   </div>
   <div class='ocr_carea' id='block_1_55' title="bbox 366 3773 1959 3844">
    <p class='ocr_par' dir='ltr' id='par_1_55' title="bbox 366 3773 1959 3844">
     <span class='ocr_line' id='line_1_55' title="bbox 366 3773 1959 3844; baseline 0.001 -17"><span class='ocrx_word' id='word_1_376' title='bbox 366 3783 608 3843; x_wconf 88' lang='lat' dir='ltr'><strong>urgeret,</strong></span> <span class='ocrx_word' id='word_1_377' title='bbox 664 3787 728 3829; x_wconf 88' lang='lat' dir='ltr'><strong>ac</strong></span> <span class='ocrx_word' id='word_1_378' title='bbox 779 3773 910 3829; x_wconf 90' lang='lat' dir='ltr'><strong>solis</strong></span> <span class='ocrx_word' id='word_1_379' title='bbox 964 3773 1308 3830; x_wconf 90' lang='lat' dir='ltr'><strong>sermonibus</strong></span> <span class='ocrx_word' id='word_1_380' title='bbox 1347 3773 1708 3828; x_wconf 78' lang='lat' dir='ltr'><strong>offensionum</strong></span> <span class='ocrx_word' id='word_1_381' title='bbox 1761 3788 1959 3844; x_wconf 86' lang='lat' dir='ltr'><strong>genera</strong></span> 
     </span>
    </p>
   </div>
   <div class='ocr_carea' id='block_1_56' title="bbox 364 3866 1961 3939">
    <p class='ocr_par' dir='ltr' id='par_1_56' title="bbox 364 3866 1961 3939">
     <span class='ocr_line' id='line_1_56' title="bbox 364 3866 1961 3939; baseline 0.001 -17"><span class='ocrx_word' id='word_1_382' title='bbox 364 3867 709 3923; x_wconf 87' lang='lat' dir='ltr'><strong>dissolveret.</strong></span> <span class='ocrx_word' id='word_1_383' title='bbox 749 3866 898 3922; x_wconf 82' lang='lat' dir='ltr'><strong>Nihil</strong></span> <span class='ocrx_word' id='word_1_384' title='bbox 945 3867 1265 3939; x_wconf 84' lang='lat' dir='ltr'><strong>proﬁciebat</strong></span> <span class='ocrx_word' id='word_1_385' title='bbox 1324 3868 1392 3922; x_wconf 87' lang='lat' dir='ltr'><strong>ad</strong></span> <span class='ocrx_word' id='word_1_386' title='bbox 1444 3866 1807 3938; x_wconf 86' lang='lat' dir='ltr'><strong>colligendam</strong></span> <span class='ocrx_word' id='word_1_387' title='bbox 1857 3868 1961 3923; x_wconf 88' lang='lat' dir='ltr'><strong>sibi</strong></span> 
     </span>
    </p>
   </div>
   <div class='ocr_carea' id='block_1_57' title="bbox 366 3959 1959 4034">
    <p class='ocr_par' dir='ltr' id='par_1_57' title="bbox 366 3959 1959 4034">
     <span class='ocr_line' id='line_1_57' title="bbox 366 3959 1959 4034; baseline -0.003 -16"><span class='ocrx_word' id='word_1_388' title='bbox 366 3963 624 4034; x_wconf 77' lang='lat' dir='ltr'><strong>gratiam,</strong></span> <span class='ocrx_word' id='word_1_389' title='bbox 671 3963 926 4034; x_wconf 90' lang='lat' dir='ltr'><strong>quoniam</strong></span> <span class='ocrx_word' id='word_1_390' title='bbox 980 3963 1121 4017; x_wconf 86' lang='lat' dir='ltr'><strong>fictis</strong></span> <span class='ocrx_word' id='word_1_391' title='bbox 1163 3961 1406 4018; x_wconf 87' lang='lat' dir='ltr'><strong>facinora</strong></span> <span class='ocrx_word' id='word_1_392' title='bbox 1448 3959 1959 4032; x_wconf 83' lang='lat' dir='ltr'><strong>praeponderabant,</strong></span> 
     </span>
    </p>
   </div>
   <div class='ocr_carea' id='block_1_58' title="bbox 368 4055 1964 4129">
    <p class='ocr_par' dir='ltr' id='par_1_58' title="bbox 368 4055 1964 4129">
     <span class='ocr_line' id='line_1_58' title="bbox 368 4055 1964 4129; baseline -0.001 -17"><span class='ocrx_word' id='word_1_393' title='bbox 368 4068 528 4129; x_wconf 89' lang='lat' dir='ltr'><strong>atque</strong></span> <span class='ocrx_word' id='word_1_394' title='bbox 551 4059 670 4128; x_wconf 89' lang='lat' dir='ltr'><strong>ipsa</strong></span> <span class='ocrx_word' id='word_1_395' title='bbox 699 4056 986 4128; x_wconf 90' lang='lat' dir='ltr'><strong>repentina</strong></span> <span class='ocrx_word' id='word_1_396' title='bbox 1015 4057 1308 4112; x_wconf 90' lang='lat' dir='ltr'><strong>conversio</strong></span> <span class='ocrx_word' id='word_1_397' title='bbox 1338 4056 1406 4111; x_wconf 90' lang='lat' dir='ltr'><strong>ad</strong></span> <span class='ocrx_word' id='word_1_398' title='bbox 1437 4055 1813 4126; x_wconf 81' lang='lat' dir='ltr'><strong>paenitentiam</strong></span> <span class='ocrx_word' id='word_1_399' title='bbox 1846 4069 1964 4110; x_wconf 83' lang='lat' dir='ltr'><strong>mo-</strong></span> 
     </span>
    </p>
   </div>
   <div class='ocr_carea' id='block_1_59' title="bbox 371 4147 1959 4224">
    <p class='ocr_par' dir='ltr' id='par_1_59' title="bbox 371 4147 1959 4224">
     <span class='ocr_line' id='line_1_59' title="bbox 371 4147 1959 4224; baseline -0.006 -14"><span class='ocrx_word' id='word_1_400' title='bbox 371 4151 947 4224; x_wconf 67' lang='lat' dir='ltr'><strong>rumqueianualitas</strong></span> <span class='ocrx_word' id='word_1_401' title='bbox 969 4167 1110 4207; x_wconf 82' lang='lat' dir='ltr'><strong>saeva</strong></span> <span class='ocrx_word' id='word_1_402' title='bbox 1142 4153 1342 4221; x_wconf 88' lang='lat' dir='ltr'><strong>passim</strong></span> <span class='ocrx_word' id='word_1_403' title='bbox 1361 4159 1613 4220; x_wconf 91' lang='lat' dir='ltr'><strong>suspecta</strong></span> <span class='ocrx_word' id='word_1_404' title='bbox 1641 4147 1959 4204; x_wconf 87' lang='lat' dir='ltr'><strong>habebatur.</strong></span> 
     </span>
    </p>
   </div>
   <div class='ocr_carea' id='block_1_60' title="bbox 995 4253 1402 4322">
    <p class='ocr_par' dir='ltr' id='par_1_60' title="bbox 995 4253 1402 4322">
     <span class='ocr_line' id='line_1_60' title="bbox 995 4253 1402 4322; baseline -0.005 -1"><span class='ocrx_word' id='word_1_405' title='bbox 995 4265 1226 4322; x_wconf 89' lang='lat' dir='ltr'><strong>CAPUT</strong></span> <span class='ocrx_word' id='word_1_406' title='bbox 1284 4253 1353 4320; x_wconf 77' lang='grc' dir='ltr'><strong>Χ.</strong></span> <span class='ocrx_word' id='word_1_407' title='bbox 1387 4292 1402 4303; x_wconf 59' lang='grc' dir='ltr'><em>μ</em></span> 
     </span>
    </p>
   </div>
   <div class='ocr_carea' id='block_1_61' title="bbox 443 4356 1966 4433">
    <p class='ocr_par' dir='ltr' id='par_1_61' title="bbox 443 4356 1966 4433">
     <span class='ocr_line' id='line_1_61' title="bbox 443 4356 1966 4433; baseline -0.006 -15"><span class='ocrx_word' id='word_1_408' title='bbox 443 4361 684 4433; x_wconf 89' lang='lat' dir='ltr'><strong>Denique</strong></span> <span class='ocrx_word' id='word_1_409' title='bbox 710 4375 832 4416; x_wconf 91' lang='lat' dir='ltr'><strong>cum</strong></span> <span class='ocrx_word' id='word_1_410' title='bbox 859 4359 1107 4416; x_wconf 90' lang='lat' dir='ltr'><strong>simulata</strong></span> <span class='ocrx_word' id='word_1_411' title='bbox 1139 4357 1256 4427; x_wconf 90' lang='lat' dir='ltr'><strong>ejus</strong></span> <span class='ocrx_word' id='word_1_412' title='bbox 1291 4356 1606 4428; x_wconf 88' lang='lat' dir='ltr'><strong>placiditate</strong></span> <span class='ocrx_word' id='word_1_413' title='bbox 1640 4370 1701 4412; x_wconf 90' lang='lat' dir='ltr'><strong>se</strong></span> <span class='ocrx_word' id='word_1_414' title='bbox 1734 4356 1966 4411; x_wconf 88' lang='lat' dir='ltr'><strong>circum-</strong></span> 
     </span>
    </p>
   </div>
   <div class='ocr_carea' id='block_1_62' title="bbox 373 4448 1967 4521">
    <p class='ocr_par' dir='ltr' id='par_1_62' title="bbox 373 4448 1967 4521">
     <span class='ocr_line' id='line_1_62' title="bbox 373 4448 1967 4521; baseline -0.006 -10"><span class='ocrx_word' id='word_1_415' title='bbox 373 4457 544 4512; x_wconf 85' lang='lat' dir='ltr'><strong>veniri</strong></span> <span class='ocrx_word' id='word_1_416' title='bbox 575 4455 992 4518; x_wconf 89' lang='lat' dir='ltr'><strong>arbitrarentur,</strong></span> <span class='ocrx_word' id='word_1_417' title='bbox 1029 4450 1367 4507; x_wconf 90' lang='lat' dir='ltr'><strong>Demetrium</strong></span> <span class='ocrx_word' id='word_1_418' title='bbox 1402 4465 1586 4521; x_wconf 81' lang='lat' dir='ltr'><strong>regem</strong></span> <span class='ocrx_word' id='word_1_419' title='bbox 1623 4449 1725 4505; x_wconf 89' lang='lat' dir='ltr'><strong>sibi</strong></span> <span class='ocrx_word' id='word_1_420' title='bbox 1763 4448 1967 4504; x_wconf 89' lang='lat' dir='ltr'><strong>auxilio</strong></span> 
     </span>
    </p>
   </div>
   <div class='ocr_carea' id='block_1_63' title="bbox 377 4537 1970 4624">
    <p class='ocr_par' dir='ltr' id='par_1_63' title="bbox 377 4537 1970 4624">
     <span class='ocr_line' id='line_1_63' title="bbox 377 4537 1970 4624; baseline -0.005 -18"><span class='ocrx_word' id='word_1_421' title='bbox 377 4551 611 4606; x_wconf 90' lang='lat' dir='ltr'><strong>futurum</strong></span> <span class='ocrx_word' id='word_1_422' title='bbox 657 4537 918 4624; x_wconf 70' lang='lat' dir='ltr'><strong>adversus</strong></span> <span class='ocrx_word' id='word_1_423' title='bbox 954 4545 1322 4603; x_wconf 81' lang='lat' dir='ltr'><strong>Alexandrum</strong></span> <span class='ocrx_word' id='word_1_424' title='bbox 1366 4545 1419 4599; x_wconf 91' lang='lat' dir='ltr'><strong>in</strong></span> <span class='ocrx_word' id='word_1_425' title='bbox 1467 4544 1666 4600; x_wconf 89' lang='lat' dir='ltr'><strong>bellum</strong></span> <span class='ocrx_word' id='word_1_426' title='bbox 1699 4545 1970 4598; x_wconf 88' lang='lat' dir='ltr'><strong>excitave-</strong></span> 
     </span>
    </p>
   </div>
   <div class='ocr_carea' id='block_1_64' title="bbox 373 4637 1978 4714">
    <p class='ocr_par' dir='ltr' id='par_1_64' title="bbox 373 4637 1978 4714">
     <span class='ocr_line' id='line_1_64' title="bbox 373 4637 1978 4714; baseline -0.008 -13"><span class='ocrx_word' id='word_1_427' title='bbox 373 4654 520 4702; x_wconf 86' lang='lat' dir='ltr'><strong>runt.</strong></span> <span class='ocrx_word' id='word_1_428' title='bbox 545 4645 730 4714; x_wconf 84' lang='lat' dir='ltr'><strong>Pugna</strong></span> <span class='ocrx_word' id='word_1_429' title='bbox 758 4644 810 4696; x_wconf 91' lang='lat' dir='ltr'><strong>iu</strong></span> <span class='ocrx_word' id='word_1_430' title='bbox 845 4640 1116 4714; x_wconf 86' lang='lat' dir='ltr'><strong>manibus,</strong></span> <span class='ocrx_word' id='word_1_431' title='bbox 1143 4653 1243 4693; x_wconf 91' lang='lat' dir='ltr'><strong>nec</strong></span> <span class='ocrx_word' id='word_1_432' title='bbox 1268 4637 1978 4707; x_wconf 56' lang='lat' dir='ltr'><strong>comperendinata,quam-,</strong></span> 
     </span>
    </p>
   </div>
   <div class='ocr_carea' id='block_1_65' title="bbox 334 4725 1970 4791">
    <p class='ocr_par' dir='ltr' id='par_1_65' title="bbox 334 4725 1970 4791">
     <span class='ocr_line' id='line_1_65' title="bbox 334 4725 1970 4791; baseline -0.006 0"><span class='ocrx_word' id='word_1_433' title='bbox 334 4755 342 4760; x_wconf 92' lang='grc'>·</span> <span class='ocrx_word' id='word_1_434' title='bbox 374 4737 458 4791; x_wconf 85' lang='lat' dir='ltr'><strong>vis</strong></span> <span class='ocrx_word' id='word_1_435' title='bbox 487 4735 578 4790; x_wconf 91' lang='lat' dir='ltr'><strong>uni</strong></span> <span class='ocrx_word' id='word_1_436' title='bbox 619 4733 906 4788; x_wconf 83' lang='lat' dir='ltr'><strong>adversum</strong></span> <span class='ocrx_word' id='word_1_437' title='bbox 945 4730 1083 4786; x_wconf 93' lang='lat' dir='ltr'><strong>duos</strong></span> <span class='ocrx_word' id='word_1_438' title='bbox 1133 4729 1406 4784; x_wconf 88' lang='lat' dir='ltr'><strong>exercitus</strong></span> <span class='ocrx_word' id='word_1_439' title='bbox 1444 4742 1674 4783; x_wconf 91' lang='lat' dir='ltr'><strong>numero</strong></span> <span class='ocrx_word' id='word_1_440' title='bbox 1714 4725 1970 4782; x_wconf 87' lang='lat' dir='ltr'><strong>inferiore</strong></span> 
     </span>
    </p>
   </div>
   <div class='ocr_carea' id='block_1_66' title="bbox 377 4819 1963 4904">
    <p class='ocr_par' dir='ltr' id='par_1_66' title="bbox 377 4819 1963 4904">
     <span class='ocr_line' id='line_1_66' title="bbox 377 4819 1963 4904; baseline -0.007 -21"><span class='ocrx_word' id='word_1_441' title='bbox 377 4827 691 4884; x_wconf 89' lang='lat' dir='ltr'><strong>certandum</strong></span> <span class='ocrx_word' id='word_1_442' title='bbox 739 4825 897 4880; x_wconf 92' lang='lat' dir='ltr'><strong>foret.</strong></span> <span class='ocrx_word' id='word_1_443' title='bbox 953 4822 1098 4878; x_wconf 84' lang='lat' dir='ltr'><strong>Mille</strong></span> <span class='ocrx_word' id='word_1_444' title='bbox 1137 4822 1284 4876; x_wconf 91' lang='lat' dir='ltr'><strong>enim</strong></span> <span class='ocrx_word' id='word_1_445' title='bbox 1341 4821 1630 4876; x_wconf 89' lang='lat' dir='ltr'><strong>comitatus</strong></span> <span class='ocrx_word' id='word_1_446' title='bbox 1657 4819 1963 4904; x_wconf 78' lang='lat' dir='ltr'><strong>equitibus,</strong></span> 
     </span>
    </p>
   </div>
   <div class='ocr_carea' id='block_1_67' title="bbox 379 4905 1970 4986">
    <p class='ocr_par' dir='ltr' id='par_1_67' title="bbox 379 4905 1970 4986">
     <span class='ocr_line' id='line_1_67' title="bbox 379 4905 1970 4986; baseline -0.008 -11"><span class='ocrx_word' id='word_1_447' title='bbox 379 4932 435 4976; x_wconf 88' lang='lat' dir='ltr'><strong>et</strong></span> <span class='ocrx_word' id='word_1_448' title='bbox 477 4934 572 4975; x_wconf 87' lang='lat' dir='ltr'><strong>sex</strong></span> <span class='ocrx_word' id='word_1_449' title='bbox 622 4917 861 4973; x_wconf 91' lang='lat' dir='ltr'><strong>millibus</strong></span> <span class='ocrx_word' id='word_1_450' title='bbox 909 4914 1182 4986; x_wconf 90' lang='lat' dir='ltr'><strong>peditum,</strong></span> <span class='ocrx_word' id='word_1_451' title='bbox 1212 4927 1350 4984; x_wconf 87' lang='lat' dir='ltr'><strong>quos</strong></span> <span class='ocrx_word' id='word_1_452' title='bbox 1385 4911 1636 4968; x_wconf 88' lang='lat' dir='ltr'><strong>mercede</strong></span> <span class='ocrx_word' id='word_1_453' title='bbox 1681 4905 1785 4966; x_wconf 89' lang='lat' dir='ltr'><strong>sibi</strong></span> <span class='ocrx_word' id='word_1_454' title='bbox 1815 4924 1970 4965; x_wconf 89' lang='lat' dir='ltr'><strong>asso-</strong></span> 
     </span>
    </p>
   </div>
   <div class='ocr_carea' id='block_1_68' title="bbox 377 5004 1973 5079">
    <p class='ocr_par' dir='ltr' id='par_1_68' title="bbox 377 5004 1973 5079">
     <span class='ocr_line' id='line_1_68' title="bbox 377 5004 1973 5079; baseline -0.006 -10"><span class='ocrx_word' id='word_1_455' title='bbox 377 5015 617 5070; x_wconf 88' lang='lat' dir='ltr'><strong>ciaverat</strong></span> <span class='ocrx_word' id='word_1_456' title='bbox 643 5054 658 5079; x_wconf 92' lang='lat'><strong>,</strong></span> <span class='ocrx_word' id='word_1_457' title='bbox 689 5011 874 5066; x_wconf 85' lang='lat' dir='ltr'><strong>decem</strong></span> <span class='ocrx_word' id='word_1_458' title='bbox 904 5008 1074 5065; x_wconf 90' lang='lat' dir='ltr'><strong>millia</strong></span> <span class='ocrx_word' id='word_1_459' title='bbox 1103 5021 1318 5077; x_wconf 89' lang='lat' dir='ltr'><strong>quoque</strong></span> <span class='ocrx_word' id='word_1_460' title='bbox 1343 5005 1661 5062; x_wconf 66' lang='lat' dir='ltr'><strong>Judaaorum</strong></span> <span class='ocrx_word' id='word_1_461' title='bbox 1683 5004 1784 5059; x_wconf 90' lang='lat' dir='ltr'><strong>sibi</strong></span> <span class='ocrx_word' id='word_1_462' title='bbox 1813 5019 1973 5060; x_wconf 90' lang='lat' dir='ltr'><strong>cons-</strong></span> 
     </span>
    </p>
   </div>
   <div class='ocr_carea' id='block_1_69' title="bbox 380 5093 1976 5180">
    <p class='ocr_par' dir='ltr' id='par_1_69' title="bbox 380 5093 1976 5180">
     <span class='ocr_line' id='line_1_69' title="bbox 380 5093 1976 5180; baseline -0.008 -19"><span class='ocrx_word' id='word_1_463' title='bbox 380 5107 674 5180; x_wconf 84' lang='lat' dir='ltr'><strong>pirantium</strong></span> <span class='ocrx_word' id='word_1_464' title='bbox 706 5106 760 5159; x_wconf 92' lang='lat' dir='ltr'><strong>in</strong></span> <span class='ocrx_word' id='word_1_465' title='bbox 790 5103 994 5159; x_wconf 91' lang='lat' dir='ltr'><strong>bellum</strong></span> <span class='ocrx_word' id='word_1_466' title='bbox 1049 5113 1337 5156; x_wconf 84' lang='lat' dir='ltr'><strong>accersens</strong></span> <span class='ocrx_word' id='word_1_467' title='bbox 1375 5098 1528 5170; x_wconf 84' lang='lat' dir='ltr'><strong>juxta</strong></span> <span class='ocrx_word' id='word_1_468' title='bbox 1559 5097 1747 5152; x_wconf 91' lang='lat' dir='ltr'><strong>urbem</strong></span> <span class='ocrx_word' id='word_1_469' title='bbox 1797 5093 1976 5152; x_wconf 89' lang='lat' dir='ltr'><strong>Sicbi-</strong></span> 
     </span>
    </p>
   </div>
   <div class='ocr_carea' id='block_1_70' title="bbox 379 5187 1974 5262">
    <p class='ocr_par' dir='ltr' id='par_1_70' title="bbox 379 5187 1974 5262">
     <span class='ocr_line' id='line_1_70' title="bbox 379 5187 1974 5262; baseline -0.008 -8"><span class='ocrx_word' id='word_1_470' title='bbox 379 5215 525 5254; x_wconf 88' lang='lat' dir='ltr'><strong>mam</strong></span> <span class='ocrx_word' id='word_1_471' title='bbox 557 5195 795 5254; x_wconf 87' lang='lat' dir='ltr'><strong>occurrit</strong></span> <span class='ocrx_word' id='word_1_472' title='bbox 832 5192 1101 5259; x_wconf 87' lang='lat' dir='ltr'><strong>hostibus,</strong></span> <span class='ocrx_word' id='word_1_473' title='bbox 1138 5191 1334 5262; x_wconf 89' lang='lat' dir='ltr'><strong>quibus</strong></span> <span class='ocrx_word' id='word_1_474' title='bbox 1386 5191 1488 5244; x_wconf 89' lang='lat' dir='ltr'><strong>tria</strong></span> <span class='ocrx_word' id='word_1_475' title='bbox 1535 5189 1702 5243; x_wconf 83' lang='lat' dir='ltr'><strong>millia</strong></span> <span class='ocrx_word' id='word_1_476' title='bbox 1730 5187 1974 5257; x_wconf 89' lang='lat' dir='ltr'><strong>equitum</strong></span> 
     </span>
    </p>
   </div>
   <div class='ocr_carea' id='block_1_71' title="bbox 382 5282 1977 5360">
    <p class='ocr_par' dir='ltr' id='par_1_71' title="bbox 382 5282 1977 5360">
     <span class='ocr_line' id='line_1_71' title="bbox 382 5282 1977 5360; baseline -0.008 -10"><span class='ocrx_word' id='word_1_477' title='bbox 382 5303 572 5359; x_wconf 90' lang='lat' dir='ltr'><strong>erant,</strong></span> <span class='ocrx_word' id='word_1_478' title='bbox 617 5300 674 5346; x_wconf 89' lang='lat' dir='ltr'><strong>et</strong></span> <span class='ocrx_word' id='word_1_479' title='bbox 720 5287 960 5360; x_wconf 88' lang='lat' dir='ltr'><strong>peditum</strong></span> <span class='ocrx_word' id='word_1_480' title='bbox 1014 5285 1370 5357; x_wconf 81' lang='lat' dir='ltr'><strong>quadraginta</strong></span> <span class='ocrx_word' id='word_1_481' title='bbox 1402 5283 1592 5339; x_wconf 88' lang='lat' dir='ltr'><strong>millia.</strong></span> <span class='ocrx_word' id='word_1_482' title='bbox 1641 5282 1977 5353; x_wconf 87' lang='lat' dir='ltr'><strong>Tentatoque</strong></span> 
     </span>
    </p>
   </div>
   <div class='ocr_carea' id='block_1_72' title="bbox 385 5374 1978 5456">
    <p class='ocr_par' dir='ltr' id='par_1_72' title="bbox 385 5374 1978 5456">
     <span class='ocr_line' id='line_1_72' title="bbox 385 5374 1978 5456; baseline -0.008 -13"><span class='ocrx_word' id='word_1_483' title='bbox 385 5389 684 5456; x_wconf 14' lang='lat' dir='ltr'><strong>utrimque,</strong></span> <span class='ocrx_word' id='word_1_484' title='bbox 715 5381 966 5453; x_wconf 78' lang='lat' dir='ltr'><strong>agmine,</strong></span> <span class='ocrx_word' id='word_1_485' title='bbox 1023 5378 1114 5433; x_wconf 90' lang='lat' dir='ltr'><strong>ubi</strong></span> <span class='ocrx_word' id='word_1_486' title='bbox 1163 5392 1341 5449; x_wconf 89' lang='lat' dir='ltr'><strong>neque</strong></span> <span class='ocrx_word' id='word_1_487' title='bbox 1390 5375 1696 5433; x_wconf 89' lang='lat' dir='ltr'><strong>Demetrius</strong></span> <span class='ocrx_word' id='word_1_488' title='bbox 1749 5374 1978 5446; x_wconf 90' lang='lat' dir='ltr'><strong>pecunia</strong></span> 
     </span>
    </p>
   </div>
   <div class='ocr_carea' id='block_1_73' title="bbox 390 5472 1982 5544">
    <p class='ocr_par' dir='ltr' id='par_1_73' title="bbox 390 5472 1982 5544">
     <span class='ocr_line' id='line_1_73' title="bbox 390 5472 1982 5544; baseline -0.006 -6"><span class='ocrx_word' id='word_1_489' title='bbox 390 5481 689 5539; x_wconf 89' lang='lat' dir='ltr'><strong>conductos</strong></span> <span class='ocrx_word' id='word_1_490' title='bbox 739 5477 1047 5532; x_wconf 89' lang='lat' dir='ltr'><strong>desciscere</strong></span> <span class='ocrx_word' id='word_1_491' title='bbox 1072 5491 1102 5530; x_wconf 90' lang='lat' dir='ltr'><strong>a</strong></span> <span class='ocrx_word' id='word_1_492' title='bbox 1128 5475 1234 5531; x_wconf 90' lang='lat' dir='ltr'><strong>fide</strong></span> <span class='ocrx_word' id='word_1_493' title='bbox 1277 5473 1439 5540; x_wconf 86' lang='lat' dir='ltr'><strong>vidit,</strong></span> <span class='ocrx_word' id='word_1_494' title='bbox 1470 5488 1646 5544; x_wconf 88' lang='lat' dir='ltr'><strong>neque</strong></span> <span class='ocrx_word' id='word_1_495' title='bbox 1674 5472 1982 5529; x_wconf 85' lang='lat' dir='ltr'><strong>Alexander</strong></span> 
     </span>
    </p>
   </div>
   <div class='ocr_carea' id='block_1_74' title="bbox 393 5564 1980 5640">
    <p class='ocr_par' dir='ltr' id='par_1_74' title="bbox 393 5564 1980 5640">
     <span class='ocr_line' id='line_1_74' title="bbox 393 5564 1980 5640; baseline -0.008 -8"><span class='ocrx_word' id='word_1_496' title='bbox 393 5574 462 5632; x_wconf 92' lang='lat' dir='ltr'><strong>de</strong></span> <span class='ocrx_word' id='word_1_497' title='bbox 504 5573 705 5630; x_wconf 74' lang='lat' dir='ltr'><strong>Judzeis</strong></span> <span class='ocrx_word' id='word_1_498' title='bbox 731 5569 943 5640; x_wconf 89' lang='lat' dir='ltr'><strong>aliquos</strong></span> <span class='ocrx_word' id='word_1_499' title='bbox 964 5567 1161 5638; x_wconf 90' lang='lat' dir='ltr'><strong>quibus</strong></span> <span class='ocrx_word' id='word_1_500' title='bbox 1186 5582 1245 5622; x_wconf 90' lang='lat' dir='ltr'><strong>se</strong></span> <span class='ocrx_word' id='word_1_501' title='bbox 1273 5567 1582 5623; x_wconf 92' lang='lat' dir='ltr'><strong>Demetrius</strong></span> <span class='ocrx_word' id='word_1_502' title='bbox 1629 5564 1980 5635; x_wconf 83' lang='lat' dir='ltr'><strong>adjunxerat,</strong></span> 
     </span>
    </p>
   </div>
   <div class='ocr_carea' id='block_1_75' title="bbox 396 5659 1986 5741">
    <p class='ocr_par' dir='ltr' id='par_1_75' title="bbox 396 5659 1986 5741">
     <span class='ocr_line' id='line_1_75' title="bbox 396 5659 1986 5741; baseline -0.006 -18"><span class='ocrx_word' id='word_1_503' title='bbox 396 5668 712 5741; x_wconf 88' lang='lat' dir='ltr'><strong>deposuisse</strong></span> <span class='ocrx_word' id='word_1_504' title='bbox 759 5679 884 5734; x_wconf 87' lang='lat' dir='ltr'><strong>erga</strong></span> <span class='ocrx_word' id='word_1_505' title='bbox 917 5677 977 5717; x_wconf 92' lang='lat' dir='ltr'><strong>se</strong></span> <span class='ocrx_word' id='word_1_506' title='bbox 1005 5662 1130 5716; x_wconf 90' lang='lat' dir='ltr'><strong>odia</strong></span> <span class='ocrx_word' id='word_1_507' title='bbox 1165 5662 1446 5733; x_wconf 84' lang='lat' dir='ltr'><strong>cognovit,</strong></span> <span class='ocrx_word' id='word_1_508' title='bbox 1474 5659 1642 5716; x_wconf 89' lang='lat' dir='ltr'><strong>armis</strong></span> <span class='ocrx_word' id='word_1_509' title='bbox 1687 5659 1986 5716; x_wconf 88' lang='lat' dir='ltr'><strong>decernen-</strong></span> 
     </span>
    </p>
   </div>
   <div class='ocr_carea' id='block_1_76' title="bbox 472 5771 1218 5836">
    <p class='ocr_par' dir='ltr' id='par_1_76' title="bbox 472 5771 1218 5836">
     <span class='ocr_line' id='line_1_76' title="bbox 472 5771 1218 5836; baseline -0.012 1"><span class='ocrx_word' id='word_1_510' title='bbox 472 5791 495 5818; x_wconf 76' lang='grc' dir='ltr'><strong>ει</strong></span> <span class='ocrx_word' id='word_1_511' title='bbox 548 5778 630 5836; x_wconf 79' lang='lat' dir='ltr'><strong>Al.</strong></span> <span class='ocrx_word' id='word_1_512' title='bbox 680 5783 798 5829; x_wconf 85' lang='lat' dir='ltr'><strong>ante</strong></span> <span class='ocrx_word' id='word_1_513' title='bbox 845 5771 1008 5828; x_wconf 84' lang='lat' dir='ltr'><strong>haud.</strong></span> <span class='ocrx_word' id='word_1_514' title='bbox 1048 5772 1218 5828; x_wconf 63' lang='grc' dir='ltr'><strong>ΒΑΜ.</strong></span> 
     </span>
    </p>
   </div>
   <div class='ocr_carea' id='block_1_77' title="bbox 409 5842 1050 5906">
    <p class='ocr_par' dir='ltr' id='par_1_77' title="bbox 409 5842 1050 5906">
     <span class='ocr_line' id='line_1_77' title="bbox 409 5842 1050 5906; baseline -0.025 4"><span class='ocrx_word' id='word_1_515' title='bbox 409 5858 419 5864; x_wconf 86' lang='grc'><strong>”</strong></span> <span class='ocrx_word' id='word_1_516' title='bbox 466 5849 493 5890; x_wconf 70' lang='grc' dir='ltr'><strong>ι’</strong></span> <span class='ocrx_word' id='word_1_517' title='bbox 539 5844 940 5906; x_wconf 72' lang='lat' dir='ltr'><strong>Dominationit.</strong></span> <span class='ocrx_word' id='word_1_518' title='bbox 963 5842 1050 5894; x_wconf 64' lang='lat' dir='ltr'><strong>1b.</strong></span> 
     </span>
    </p>
   </div>
   <div class='ocr_carea' id='block_1_78' title="bbox 1989 4685 2048 4750">
    <p class='ocr_par' dir='ltr' id='par_1_78' title="bbox 1989 4685 2048 4750">
     <span class='ocr_line' id='line_1_78' title="bbox 1989 4685 2048 4750; baseline 0 -2"><span class='ocrx_word' id='word_1_519' title='bbox 1989 4685 2048 4750; x_wconf 84' lang='grc'><strong>1)</strong></span> 
     </span>
    </p>
   </div>
   <div class='ocr_carea' id='block_1_79' title="bbox 2046 2030 3646 2110">
    <p class='ocr_par' dir='ltr' id='par_1_79' title="bbox 2046 2030 3646 2110">
     <span class='ocr_line' id='line_1_79' title="bbox 2046 2030 3646 2110; baseline 0.019 -33"><span class='ocrx_word' id='word_1_520' title='bbox 2046 2036 2169 2078; x_wconf 92' lang='lat' dir='ltr'><strong>cum</strong></span> <span class='ocrx_word' id='word_1_521' title='bbox 2204 2030 2878 2108; x_wconf 85' lang='lat' dir='ltr'><strong>sccuritate,regnumque</strong></span> <span class='ocrx_word' id='word_1_522' title='bbox 2901 2041 2952 2095; x_wconf 92' lang='lat' dir='ltr'><strong>in</strong></span> <span class='ocrx_word' id='word_1_523' title='bbox 2985 2058 3146 2110; x_wconf 90' lang='lat' dir='ltr'><strong>suos,</strong></span> <span class='ocrx_word' id='word_1_524' title='bbox 3178 2054 3232 2100; x_wconf 91' lang='lat' dir='ltr'><strong>et</strong></span> <span class='ocrx_word' id='word_1_525' title='bbox 3248 2062 3378 2103; x_wconf 89' lang='lat' dir='ltr'><strong>usus</strong></span> <span class='ocrx_word' id='word_1_526' title='bbox 3403 2048 3528 2105; x_wconf 91' lang='lat' dir='ltr'><strong>belli</strong></span> <span class='ocrx_word' id='word_1_527' title='bbox 3556 2064 3646 2108; x_wconf 87' lang='lat' dir='ltr'><strong>re-</strong></span> 
     </span>
    </p>
   </div>
   <div class='ocr_carea' id='block_1_80' title="bbox 2046 2117 3647 2209">
    <p class='ocr_par' dir='ltr' id='par_1_80' title="bbox 2046 2117 3647 2209">
     <span class='ocr_line' id='line_1_80' title="bbox 2046 2117 3647 2209; baseline 0.018 -37"><span class='ocrx_word' id='word_1_528' title='bbox 2046 2117 2327 2178; x_wconf 84' lang='lat' dir='ltr'><strong>formatur.</strong></span> <span class='ocrx_word' id='word_1_529' title='bbox 2359 2125 2630 2191; x_wconf 67' lang='lat' dir='ltr'><strong>Quaarenti</strong></span> <span class='ocrx_word' id='word_1_530' title='bbox 2659 2132 2728 2185; x_wconf 91' lang='lat' dir='ltr'><strong>ab</strong></span> <span class='ocrx_word' id='word_1_531' title='bbox 2750 2132 2832 2187; x_wconf 88' lang='lat' dir='ltr'><strong>bis</strong></span> <span class='ocrx_word' id='word_1_532' title='bbox 2873 2136 3128 2204; x_wconf 87' lang='lat' dir='ltr'><strong>quidnam</strong></span> <span class='ocrx_word' id='word_1_533' title='bbox 3174 2141 3400 2209; x_wconf 88' lang='lat' dir='ltr'><strong>faciens,</strong></span> <span class='ocrx_word' id='word_1_534' title='bbox 3432 2145 3647 2201; x_wconf 81' lang='lat' dir='ltr'><strong>animos</strong></span> 
     </span>
    </p>
   </div>
   <div class='ocr_carea' id='block_1_81' title="bbox 2047 2209 3644 2298">
    <p class='ocr_par' dir='ltr' id='par_1_81' title="bbox 2047 2209 3644 2298">
     <span class='ocr_line' id='line_1_81' title="bbox 2047 2209 3644 2298; baseline 0.018 -29"><span class='ocrx_word' id='word_1_535' title='bbox 2047 2215 2149 2270; x_wconf 88' lang='lat' dir='ltr'><strong>sibi</strong></span> <span class='ocrx_word' id='word_1_536' title='bbox 2179 2218 2350 2284; x_wconf 89' lang='lat' dir='ltr'><strong>plebis</strong></span> <span class='ocrx_word' id='word_1_537' title='bbox 2373 2222 2709 2292; x_wconf 87' lang='lat' dir='ltr'><strong>conciliaret,</strong></span> <span class='ocrx_word' id='word_1_538' title='bbox 2737 2209 3066 2297; x_wconf 80' lang='lat' dir='ltr'><strong>responsum</strong></span> <span class='ocrx_word' id='word_1_539' title='bbox 3090 2242 3175 2288; x_wconf 89' lang='lat' dir='ltr'><strong>est</strong></span> <span class='ocrx_word' id='word_1_540' title='bbox 3206 2251 3219 2288; x_wconf 92' lang='lat'><strong>:</strong></span> <span class='ocrx_word' id='word_1_541' title='bbox 3243 2237 3287 2288; x_wconf 91' lang='lat' dir='ltr'><strong>si</strong></span> <span class='ocrx_word' id='word_1_542' title='bbox 3314 2246 3644 2298; x_wconf 89' lang='lat' dir='ltr'><strong>moreretur.</strong></span> 
     </span>
    </p>
   </div>
   <div class='ocr_carea' id='block_1_82' title="bbox 2054 2307 3646 2399">
    <p class='ocr_par' dir='ltr' id='par_1_82' title="bbox 2054 2307 3646 2399">
     <span class='ocr_line' id='line_1_82' title="bbox 2054 2307 3646 2399; baseline 0.015 -38"><span class='ocrx_word' id='word_1_543' title='bbox 2054 2307 2149 2363; x_wconf 76' lang='lat' dir='ltr'><strong>Vix</strong></span> <span class='ocrx_word' id='word_1_544' title='bbox 2179 2310 2322 2365; x_wconf 90' lang='lat' dir='ltr'><strong>enim</strong></span> <span class='ocrx_word' id='word_1_545' title='bbox 2370 2313 2486 2369; x_wconf 89' lang='lat' dir='ltr'><strong>fore</strong></span> <span class='ocrx_word' id='word_1_546' title='bbox 2529 2331 2652 2372; x_wconf 87' lang='lat' dir='ltr'><strong>cum</strong></span> <span class='ocrx_word' id='word_1_547' title='bbox 2701 2329 3108 2388; x_wconf 68' lang='lat' dir='ltr'><strong>mortuo,«tam</strong></span> <span class='ocrx_word' id='word_1_548' title='bbox 3147 2327 3332 2395; x_wconf 87' lang='lat' dir='ltr'><strong>gravia</strong></span> <span class='ocrx_word' id='word_1_549' title='bbox 3377 2330 3646 2399; x_wconf 91' lang='lat' dir='ltr'><strong>perpessi,</strong></span> 
     </span>
    </p>
   </div>
   <div class='ocr_carea' id='block_1_83' title="bbox 2049 2403 3645 2480">
    <p class='ocr_par' dir='ltr' id='par_1_83' title="bbox 2049 2403 3645 2480">
     <span class='ocr_line' id='line_1_83' title="bbox 2049 2403 3645 2480; baseline 0.012 -23"><span class='ocrx_word' id='word_1_550' title='bbox 2049 2411 2109 2457; x_wconf 88' lang='lat' dir='ltr'><strong>ut</strong></span> <span class='ocrx_word' id='word_1_551' title='bbox 2139 2403 2192 2458; x_wconf 93' lang='lat' dir='ltr'><strong>in</strong></span> <span class='ocrx_word' id='word_1_552' title='bbox 2233 2407 2462 2474; x_wconf 90' lang='lat' dir='ltr'><strong>gratiam</strong></span> <span class='ocrx_word' id='word_1_553' title='bbox 2507 2421 2946 2480; x_wconf 86' lang='lat' dir='ltr'><strong>reverterentur,</strong></span> <span class='ocrx_word' id='word_1_554' title='bbox 2994 2425 3051 2470; x_wconf 94' lang='lat' dir='ltr'><strong>ut</strong></span> <span class='ocrx_word' id='word_1_555' title='bbox 3077 2417 3198 2471; x_wconf 87' lang='lat' dir='ltr'><strong>odia</strong></span> <span class='ocrx_word' id='word_1_556' title='bbox 3243 2419 3512 2475; x_wconf 89' lang='lat' dir='ltr'><strong>adversus</strong></span> <span class='ocrx_word' id='word_1_557' title='bbox 3547 2421 3645 2476; x_wconf 86' lang='lat' dir='ltr'><strong>de-</strong></span> 
     </span>
    </p>
   </div>
   <div class='ocr_carea' id='block_1_84' title="bbox 2051 2493 3641 2583">
    <p class='ocr_par' dir='ltr' id='par_1_84' title="bbox 2051 2493 3641 2583">
     <span class='ocr_line' id='line_1_84' title="bbox 2051 2493 3641 2583; baseline 0.013 -36"><span class='ocrx_word' id='word_1_558' title='bbox 2051 2493 2291 2550; x_wconf 90' lang='lat' dir='ltr'><strong>functum</strong></span> <span class='ocrx_word' id='word_1_559' title='bbox 2322 2499 2677 2567; x_wconf 91' lang='lat' dir='ltr'><strong>deponerent.</strong></span> <span class='ocrx_word' id='word_1_560' title='bbox 2695 2505 2901 2572; x_wconf 83' lang='lat' dir='ltr'><strong>Quibus</strong></span> <span class='ocrx_word' id='word_1_561' title='bbox 2921 2509 3209 2577; x_wconf 88' lang='lat' dir='ltr'><strong>excitatus,</strong></span> <span class='ocrx_word' id='word_1_562' title='bbox 3234 2511 3641 2583; x_wconf 87' lang='lat' dir='ltr'><strong>rebellandique</strong></span> 
     </span>
    </p>
   </div>
   <div class='ocr_carea' id='block_1_85' title="bbox 2051 2589 3643 2674">
    <p class='ocr_par' dir='ltr' id='par_1_85' title="bbox 2051 2589 3643 2674">
     <span class='ocr_line' id='line_1_85' title="bbox 2051 2589 3643 2674; baseline 0.013 -34"><span class='ocrx_word' id='word_1_563' title='bbox 2051 2589 2401 2645; x_wconf 89' lang='lat' dir='ltr'><strong>assuetudine</strong></span> <span class='ocrx_word' id='word_1_564' title='bbox 2427 2635 2440 2654; x_wconf 91' lang='lat'><strong>,</strong></span> <span class='ocrx_word' id='word_1_565' title='bbox 2484 2595 2670 2650; x_wconf 91' lang='lat' dir='ltr'><strong>multis</strong></span> <span class='ocrx_word' id='word_1_566' title='bbox 2713 2601 2919 2654; x_wconf 89' lang='lat' dir='ltr'><strong>necatis</strong></span> <span class='ocrx_word' id='word_1_567' title='bbox 2951 2601 3195 2670; x_wconf 87' lang='lat' dir='ltr'><strong>reliquos</strong></span> <span class='ocrx_word' id='word_1_568' title='bbox 3237 2607 3416 2674; x_wconf 87' lang='lat' dir='ltr'><strong>coegit</strong></span> <span class='ocrx_word' id='word_1_569' title='bbox 3453 2606 3505 2659; x_wconf 94' lang='lat' dir='ltr'><strong>in</strong></span> <span class='ocrx_word' id='word_1_570' title='bbox 3553 2621 3643 2661; x_wconf 84' lang='lat' dir='ltr'><strong>ur-</strong></span> 
     </span>
    </p>
   </div>
   <div class='ocr_carea' id='block_1_86' title="bbox 2052 2679 3690 2767">
    <p class='ocr_par' dir='ltr' id='par_1_86' title="bbox 2052 2679 3690 2767">
     <span class='ocr_line' id='line_1_86' title="bbox 2052 2679 3690 2767; baseline 0.013 -33"><span class='ocrx_word' id='word_1_571' title='bbox 2052 2679 2199 2748; x_wconf 92' lang='lat' dir='ltr'><strong>bem,</strong></span> <span class='ocrx_word' id='word_1_572' title='bbox 2226 2684 2310 2738; x_wconf 94' lang='lat' dir='ltr'><strong>cui</strong></span> <span class='ocrx_word' id='word_1_573' title='bbox 2331 2700 2530 2742; x_wconf 89' lang='lat' dir='ltr'><strong>nomen</strong></span> <span class='ocrx_word' id='word_1_574' title='bbox 2581 2689 2904 2748; x_wconf 89' lang='lat' dir='ltr'><strong>Besemelel.</strong></span> <span class='ocrx_word' id='word_1_575' title='bbox 2934 2694 3102 2764; x_wconf 87' lang='lat' dir='ltr'><strong>Cujus</strong></span> <span class='ocrx_word' id='word_1_576' title='bbox 3135 2700 3464 2767; x_wconf 78' lang='lat' dir='ltr'><strong>expugnatio</strong></span> <span class='ocrx_word' id='word_1_577' title='bbox 3486 2714 3641 2755; x_wconf 90' lang='lat' dir='ltr'><strong>aeer-</strong></span> <span class='ocrx_word' id='word_1_578' title='bbox 3687 2691 3690 2694; x_wconf 62' lang='grc'><strong>’</strong></span> 
     </span>
    </p>
   </div>
   <div class='ocr_carea' id='block_1_87' title="bbox 2054 2778 3650 2856">
    <p class='ocr_par' dir='ltr' id='par_1_87' title="bbox 2054 2778 3650 2856">
     <span class='ocr_line' id='line_1_87' title="bbox 2054 2778 3650 2856; baseline 0.01 -24"><span class='ocrx_word' id='word_1_579' title='bbox 2054 2778 2260 2834; x_wconf 88' lang='lat' dir='ltr'><strong>hiorem</strong></span> <span class='ocrx_word' id='word_1_580' title='bbox 2309 2783 2471 2837; x_wconf 90' lang='lat' dir='ltr'><strong>solito</strong></span> <span class='ocrx_word' id='word_1_581' title='bbox 2512 2796 2719 2854; x_wconf 89' lang='lat' dir='ltr'><strong>pestem</strong></span> <span class='ocrx_word' id='word_1_582' title='bbox 2766 2789 3004 2856; x_wconf 85' lang='lat' dir='ltr'><strong>invexit,</strong></span> <span class='ocrx_word' id='word_1_583' title='bbox 3066 2799 3173 2846; x_wconf 91' lang='lat' dir='ltr'><strong>tam</strong></span> <span class='ocrx_word' id='word_1_584' title='bbox 3226 2808 3372 2848; x_wconf 71' lang='lat' dir='ltr'><strong>smvo</strong></span> <span class='ocrx_word' id='word_1_585' title='bbox 3410 2793 3650 2848; x_wconf 87' lang='lat' dir='ltr'><strong>crudeli-</strong></span> 
     </span>
    </p>
   </div>
   <div class='ocr_carea' id='block_1_88' title="bbox 2057 2869 3653 2948">
    <p class='ocr_par' dir='ltr' id='par_1_88' title="bbox 2057 2869 3653 2948">
     <span class='ocr_line' id='line_1_88' title="bbox 2057 2869 3653 2948; baseline 0.012 -26"><span class='ocrx_word' id='word_1_586' title='bbox 2057 2869 2184 2924; x_wconf 89' lang='lat' dir='ltr'><strong>tatis</strong></span> <span class='ocrx_word' id='word_1_587' title='bbox 2224 2887 2522 2940; x_wconf 90' lang='lat' dir='ltr'><strong>processu,</strong></span> <span class='ocrx_word' id='word_1_588' title='bbox 2578 2885 2636 2930; x_wconf 93' lang='lat' dir='ltr'><strong>ut</strong></span> <span class='ocrx_word' id='word_1_589' title='bbox 2675 2893 2741 2932; x_wconf 86' lang='lat' dir='ltr'><strong>ex</strong></span> <span class='ocrx_word' id='word_1_590' title='bbox 2794 2895 2860 2934; x_wconf 89' lang='lat' dir='ltr'><strong>eo</strong></span> <span class='ocrx_word' id='word_1_591' title='bbox 2923 2897 3151 2938; x_wconf 92' lang='lat' dir='ltr'><strong>numero</strong></span> <span class='ocrx_word' id='word_1_592' title='bbox 3202 2885 3544 2948; x_wconf 77' lang='lat' dir='ltr'><strong>octingentos</strong></span> <span class='ocrx_word' id='word_1_593' title='bbox 3596 2884 3653 2941; x_wconf 91' lang='lat' dir='ltr'><strong>in</strong></span> 
     </span>
    </p>
   </div>
   <div class='ocr_carea' id='block_1_89' title="bbox 2057 2961 3656 3047">
    <p class='ocr_par' dir='ltr' id='par_1_89' title="bbox 2057 2961 3656 3047">
     <span class='ocr_line' id='line_1_89' title="bbox 2057 2961 3656 3047; baseline 0.011 -33"><span class='ocrx_word' id='word_1_594' title='bbox 2057 2961 2232 3015; x_wconf 89' lang='lat' dir='ltr'><strong>media</strong></span> <span class='ocrx_word' id='word_1_595' title='bbox 2287 2965 2505 3020; x_wconf 85' lang='lat' dir='ltr'><strong>civitate</strong></span> <span class='ocrx_word' id='word_1_596' title='bbox 2551 2969 2913 3039; x_wconf 84' lang='lat' dir='ltr'><strong>crucifigeret.</strong></span> <span class='ocrx_word' id='word_1_597' title='bbox 2967 2973 3206 3040; x_wconf 89' lang='lat' dir='ltr'><strong>Quorum</strong></span> <span class='ocrx_word' id='word_1_598' title='bbox 3265 2976 3316 3029; x_wconf 92' lang='lat' dir='ltr'><strong>in</strong></span> <span class='ocrx_word' id='word_1_599' title='bbox 3355 2985 3656 3047; x_wconf 87' lang='lat' dir='ltr'><strong>conspectu</strong></span> 
     </span>
    </p>
   </div>
   <div class='ocr_carea' id='block_1_90' title="bbox 2057 3053 3396 3140">
    <p class='ocr_par' dir='ltr' id='par_1_90' title="bbox 2057 3053 3396 3140">
     <span class='ocr_line' id='line_1_90' title="bbox 2057 3053 3396 3140; baseline 0.01 -30"><span class='ocrx_word' id='word_1_600' title='bbox 2057 3053 2316 3124; x_wconf 87' lang='lat' dir='ltr'><strong>conjuges</strong></span> <span class='ocrx_word' id='word_1_601' title='bbox 2339 3071 2526 3112; x_wconf 91' lang='lat' dir='ltr'><strong>eorum</strong></span> <span class='ocrx_word' id='word_1_602' title='bbox 2573 3059 2822 3132; x_wconf 81' lang='lat' dir='ltr'><strong>filiosque</strong></span> <span class='ocrx_word' id='word_1_603' title='bbox 2849 3064 3085 3134; x_wconf 90' lang='lat' dir='ltr'><strong>jugulari</strong></span> <span class='ocrx_word' id='word_1_604' title='bbox 3118 3069 3396 3140; x_wconf 59' lang='lat' dir='ltr'><strong>praecepit.</strong></span> 
     </span>
    </p>
   </div>
   <div class='ocr_carea' id='block_1_91' title="bbox 2670 3153 3044 3213">
    <p class='ocr_par' dir='ltr' id='par_1_91' title="bbox 2670 3153 3044 3213">
     <span class='ocr_line' id='line_1_91' title="bbox 2670 3153 3044 3213; baseline 0.013 -5"><span class='ocrx_word' id='word_1_605' title='bbox 2670 3153 2899 3211; x_wconf 86' lang='lat' dir='ltr'><strong>CAPUT</strong></span> <span class='ocrx_word' id='word_1_606' title='bbox 2954 3157 3044 3213; x_wconf 81' lang='lat' dir='ltr'><strong>XI.</strong></span> 
     </span>
    </p>
   </div>
   <div class='ocr_carea' id='block_1_92' title="bbox 2134 3239 3658 3312">
    <p class='ocr_par' dir='ltr' id='par_1_92' title="bbox 2134 3239 3658 3312">
     <span class='ocr_line' id='line_1_92' title="bbox 2134 3239 3658 3312; baseline 0.01 -17"><span class='ocrx_word' id='word_1_607' title='bbox 2134 3239 2262 3296; x_wconf 68' lang='lat' dir='ltr'><strong>Hme</strong></span> <span class='ocrx_word' id='word_1_608' title='bbox 2311 3244 2593 3312; x_wconf 89' lang='lat' dir='ltr'><strong>spectabat</strong></span> <span class='ocrx_word' id='word_1_609' title='bbox 2622 3249 2953 3305; x_wconf 87' lang='lat' dir='ltr'><strong>accumbens</strong></span> <span class='ocrx_word' id='word_1_610' title='bbox 3000 3251 3054 3306; x_wconf 93' lang='lat' dir='ltr'><strong>in</strong></span> <span class='ocrx_word' id='word_1_611' title='bbox 3087 3253 3267 3308; x_wconf 90' lang='lat' dir='ltr'><strong>medio</strong></span> <span class='ocrx_word' id='word_1_612' title='bbox 3317 3255 3658 3312; x_wconf 89' lang='lat' dir='ltr'><strong>concubina-</strong></span> 
     </span>
    </p>
   </div>
   <div class='ocr_carea' id='block_1_93' title="bbox 2060 3333 3662 3419">
    <p class='ocr_par' dir='ltr' id='par_1_93' title="bbox 2060 3333 3662 3419">
     <span class='ocr_line' id='line_1_93' title="bbox 2060 3333 3662 3419; baseline 0.011 -33"><span class='ocrx_word' id='word_1_613' title='bbox 2060 3347 2177 3387; x_wconf 89' lang='lat' dir='ltr'><strong>rum</strong></span> <span class='ocrx_word' id='word_1_614' title='bbox 2236 3333 2392 3390; x_wconf 63' lang='lat' dir='ltr'><strong>laetus</strong></span> <span class='ocrx_word' id='word_1_615' title='bbox 2436 3336 2581 3393; x_wconf 92' lang='lat' dir='ltr'><strong>inter</strong></span> <span class='ocrx_word' id='word_1_616' title='bbox 2625 3354 2778 3396; x_wconf 81' lang='lat' dir='ltr'><strong>escas</strong></span> <span class='ocrx_word' id='word_1_617' title='bbox 2809 3350 2863 3396; x_wconf 91' lang='lat' dir='ltr'><strong>et</strong></span> <span class='ocrx_word' id='word_1_618' title='bbox 2903 3345 3131 3412; x_wconf 88' lang='lat' dir='ltr'><strong>poeula,</strong></span> <span class='ocrx_word' id='word_1_619' title='bbox 3167 3346 3262 3401; x_wconf 91' lang='lat' dir='ltr'><strong>sed</strong></span> <span class='ocrx_word' id='word_1_620' title='bbox 3310 3348 3484 3419; x_wconf 86' lang='lat' dir='ltr'><strong>magis</strong></span> <span class='ocrx_word' id='word_1_621' title='bbox 3531 3362 3662 3403; x_wconf 84' lang='lat' dir='ltr'><strong>san-</strong></span> 
     </span>
    </p>
   </div>
   <div class='ocr_carea' id='block_1_94' title="bbox 2060 3427 3662 3509">
    <p class='ocr_par' dir='ltr' id='par_1_94' title="bbox 2060 3427 3662 3509">
     <span class='ocr_line' id='line_1_94' title="bbox 2060 3427 3662 3509; baseline 0.012 -32"><span class='ocrx_word' id='word_1_622' title='bbox 2060 3427 2220 3493; x_wconf 88' lang='lat' dir='ltr'><strong>guine</strong></span> <span class='ocrx_word' id='word_1_623' title='bbox 2251 3441 2410 3496; x_wconf 89' lang='lat' dir='ltr'><strong>quam</strong></span> <span class='ocrx_word' id='word_1_624' title='bbox 2435 3430 2559 3483; x_wconf 93' lang='lat' dir='ltr'><strong>vino</strong></span> <span class='ocrx_word' id='word_1_625' title='bbox 2580 3429 2877 3488; x_wconf 90' lang='lat' dir='ltr'><strong>inebriatus</strong></span> <span class='ocrx_word' id='word_1_626' title='bbox 2910 3452 2923 3488; x_wconf 92' lang='lat'><strong>:</strong></span> <span class='ocrx_word' id='word_1_627' title='bbox 2952 3434 3054 3490; x_wconf 93' lang='lat' dir='ltr'><strong>hoc</strong></span> <span class='ocrx_word' id='word_1_628' title='bbox 3092 3440 3211 3493; x_wconf 88' lang='lat' dir='ltr'><strong>solo</strong></span> <span class='ocrx_word' id='word_1_629' title='bbox 3254 3437 3400 3494; x_wconf 87' lang='lat' dir='ltr'><strong>facto</strong></span> <span class='ocrx_word' id='word_1_630' title='bbox 3429 3441 3662 3509; x_wconf 88' lang='lat' dir='ltr'><strong>amplius</strong></span> 
     </span>
    </p>
   </div>
   <div class='ocr_carea' id='block_1_95' title="bbox 2060 3518 3653 3600">
    <p class='ocr_par' dir='ltr' id='par_1_95' title="bbox 2060 3518 3653 3600">
     <span class='ocr_line' id='line_1_95' title="bbox 2060 3518 3653 3600; baseline 0.012 -31"><span class='ocrx_word' id='word_1_631' title='bbox 2060 3518 2317 3587; x_wconf 89' lang='lat' dir='ltr'><strong>p0pulum</strong></span> <span class='ocrx_word' id='word_1_632' title='bbox 2373 3527 2532 3589; x_wconf 77' lang='lat' dir='ltr'><strong>quam</strong></span> <span class='ocrx_word' id='word_1_633' title='bbox 2587 3521 2732 3578; x_wconf 91' lang='lat' dir='ltr'><strong>bello</strong></span> <span class='ocrx_word' id='word_1_634' title='bbox 2799 3525 3110 3582; x_wconf 90' lang='lat' dir='ltr'><strong>deterruit:</strong></span> <span class='ocrx_word' id='word_1_635' title='bbox 3155 3530 3226 3584; x_wconf 91' lang='lat' dir='ltr'><strong>ita</strong></span> <span class='ocrx_word' id='word_1_636' title='bbox 3299 3539 3359 3585; x_wconf 88' lang='lat' dir='ltr'><strong>ut</strong></span> <span class='ocrx_word' id='word_1_637' title='bbox 3405 3534 3653 3600; x_wconf 86' lang='lat' dir='ltr'><strong>proxima</strong></span> 
     </span>
    </p>
   </div>
   <div class='ocr_carea' id='block_1_96' title="bbox 2061 3612 3666 3690">
    <p class='ocr_par' dir='ltr' id='par_1_96' title="bbox 2061 3612 3666 3690">
     <span class='ocr_line' id='line_1_96' title="bbox 2061 3612 3666 3690; baseline 0.01 -24"><span class='ocrx_word' id='word_1_638' title='bbox 2061 3621 2225 3668; x_wconf 87' lang='lat' dir='ltr'><strong>noete</strong></span> <span class='ocrx_word' id='word_1_639' title='bbox 2248 3612 2557 3690; x_wconf 72' lang='lat' dir='ltr'><strong>Judteorum</strong></span> <span class='ocrx_word' id='word_1_640' title='bbox 2589 3625 2715 3673; x_wconf 91' lang='lat' dir='ltr'><strong>octo</strong></span> <span class='ocrx_word' id='word_1_641' title='bbox 2767 3620 2936 3675; x_wconf 90' lang='lat' dir='ltr'><strong>millia</strong></span> <span class='ocrx_word' id='word_1_642' title='bbox 2988 3622 3132 3676; x_wconf 92' lang='lat' dir='ltr'><strong>ultra</strong></span> <span class='ocrx_word' id='word_1_643' title='bbox 3185 3623 3428 3679; x_wconf 68' lang='lat' dir='ltr'><strong>Iudaeam</strong></span> <span class='ocrx_word' id='word_1_644' title='bbox 3483 3625 3666 3682; x_wconf 90' lang='lat' dir='ltr'><strong>disce-</strong></span> 
     </span>
    </p>
   </div>
   <div class='ocr_carea' id='block_1_97' title="bbox 2063 3693 3661 3780">
    <p class='ocr_par' dir='ltr' id='par_1_97' title="bbox 2063 3693 3661 3780">
     <span class='ocr_line' id='line_1_97' title="bbox 2063 3693 3661 3780; baseline 0.009 -22"><span class='ocrx_word' id='word_1_645' title='bbox 2063 3703 2288 3772; x_wconf 91' lang='lat' dir='ltr'><strong>derent,</strong></span> <span class='ocrx_word' id='word_1_646' title='bbox 2337 3706 2533 3776; x_wconf 91' lang='lat' dir='ltr'><strong>quibus</strong></span> <span class='ocrx_word' id='word_1_647' title='bbox 2584 3708 2722 3780; x_wconf 83' lang='lat' dir='ltr'><strong>fugae</strong></span> <span class='ocrx_word' id='word_1_648' title='bbox 2769 3711 2893 3766; x_wconf 86' lang='lat' dir='ltr'><strong>finis</strong></span> <span class='ocrx_word' id='word_1_649' title='bbox 2942 3727 3092 3768; x_wconf 90' lang='lat' dir='ltr'><strong>mors</strong></span> <span class='ocrx_word' id='word_1_650' title='bbox 3138 3693 3433 3770; x_wconf 75' lang='lat' dir='ltr'><strong>Alexandri</strong></span> <span class='ocrx_word' id='word_1_651' title='bbox 3473 3717 3661 3773; x_wconf 88' lang='lat' dir='ltr'><strong>foret:</strong></span> 
     </span>
    </p>
   </div>
   <div class='ocr_carea' id='block_1_98' title="bbox 2064 3797 3672 3876">
    <p class='ocr_par' dir='ltr' id='par_1_98' title="bbox 2064 3797 3672 3876">
     <span class='ocr_line' id='line_1_98' title="bbox 2064 3797 3672 3876; baseline 0.008 -26"><span class='ocrx_word' id='word_1_652' title='bbox 2064 3797 2306 3866; x_wconf 88' lang='lat' dir='ltr'><strong>tantique</strong></span> <span class='ocrx_word' id='word_1_653' title='bbox 2349 3797 2542 3854; x_wconf 90' lang='lat' dir='ltr'><strong>horror</strong></span> <span class='ocrx_word' id='word_1_654' title='bbox 2593 3802 2718 3856; x_wconf 87' lang='lat' dir='ltr'><strong>tnali</strong></span> <span class='ocrx_word' id='word_1_655' title='bbox 2772 3804 3011 3872; x_wconf 87' lang='lat' dir='ltr'><strong>quietem</strong></span> <span class='ocrx_word' id='word_1_656' title='bbox 3070 3820 3240 3876; x_wconf 87' lang='lat' dir='ltr'><strong>regno</strong></span> <span class='ocrx_word' id='word_1_657' title='bbox 3304 3808 3502 3862; x_wconf 87' lang='lat' dir='ltr'><strong>attulit.</strong></span> <span class='ocrx_word' id='word_1_658' title='bbox 3561 3808 3672 3864; x_wconf 89' lang='lat' dir='ltr'><strong>Sed</strong></span> 
     </span>
    </p>
   </div>
   <div class='ocr_carea' id='block_1_99' title="bbox 2066 3889 3670 3967">
    <p class='ocr_par' dir='ltr' id='par_1_99' title="bbox 2066 3889 3670 3967">
     <span class='ocr_line' id='line_1_99' title="bbox 2066 3889 3670 3967; baseline 0.008 -24"><span class='ocrx_word' id='word_1_659' title='bbox 2066 3889 2157 3944; x_wconf 92' lang='lat' dir='ltr'><strong>ubi</strong></span> <span class='ocrx_word' id='word_1_660' title='bbox 2209 3905 2238 3945; x_wconf 90' lang='lat' dir='ltr'><strong>a</strong></span> <span class='ocrx_word' id='word_1_661' title='bbox 2293 3891 2606 3948; x_wconf 90' lang='lat' dir='ltr'><strong>domesticis</strong></span> <span class='ocrx_word' id='word_1_662' title='bbox 2661 3894 2913 3951; x_wconf 89' lang='lat' dir='ltr'><strong>feriatum</strong></span> <span class='ocrx_word' id='word_1_663' title='bbox 2970 3899 3178 3967; x_wconf 72' lang='lat' dir='ltr'><strong>prteliis</strong></span> <span class='ocrx_word' id='word_1_664' title='bbox 3233 3909 3422 3954; x_wconf 87' lang='lat' dir='ltr'><strong>exorta</strong></span> <span class='ocrx_word' id='word_1_665' title='bbox 3481 3908 3566 3955; x_wconf 91' lang='lat' dir='ltr'><strong>est</strong></span> <span class='ocrx_word' id='word_1_666' title='bbox 3616 3901 3670 3956; x_wconf 86' lang='lat' dir='ltr'><strong>ei</strong></span> 
     </span>
    </p>
   </div>
   <div class='ocr_carea' id='block_1_100' title="bbox 2064 3984 3667 4055">
    <p class='ocr_par' dir='ltr' id='par_1_100' title="bbox 2064 3984 3667 4055">
     <span class='ocr_line' id='line_1_100' title="bbox 2064 3984 3667 4055; baseline 0.006 -17"><span class='ocrx_word' id='word_1_667' title='bbox 2064 3997 2231 4038; x_wconf 88' lang='lat' dir='ltr'><strong>causa</strong></span> <span class='ocrx_word' id='word_1_668' title='bbox 2298 3984 2718 4055; x_wconf 84' lang='lat' dir='ltr'><strong>inquietudinis,</strong></span> <span class='ocrx_word' id='word_1_669' title='bbox 2783 3989 3038 4044; x_wconf 80' lang='lat' dir='ltr'><strong>Antiochi</strong></span> <span class='ocrx_word' id='word_1_670' title='bbox 3119 3990 3402 4046; x_wconf 87' lang='lat' dir='ltr'><strong>adversum</strong></span> <span class='ocrx_word' id='word_1_671' title='bbox 3456 3991 3667 4048; x_wconf 83' lang='lat' dir='ltr'><strong>Arabes</strong></span> 
     </span>
    </p>
   </div>
   <div class='ocr_carea' id='block_1_101' title="bbox 2065 4076 3666 4154">
    <p class='ocr_par' dir='ltr' id='par_1_101' title="bbox 2065 4076 3666 4154">
     <span class='ocr_line' id='line_1_101' title="bbox 2065 4076 3666 4154; baseline 0.004 -21"><span class='ocrx_word' id='word_1_672' title='bbox 2065 4076 2374 4146; x_wconf 87' lang='lat' dir='ltr'><strong>expeditio,</strong></span> <span class='ocrx_word' id='word_1_673' title='bbox 2430 4093 2590 4146; x_wconf 89' lang='lat' dir='ltr'><strong>quam</strong></span> <span class='ocrx_word' id='word_1_674' title='bbox 2648 4080 2751 4136; x_wconf 90' lang='lat' dir='ltr'><strong>sibi</strong></span> <span class='ocrx_word' id='word_1_675' title='bbox 2799 4083 3097 4138; x_wconf 87' lang='lat' dir='ltr'><strong>terribilem</strong></span> <span class='ocrx_word' id='word_1_676' title='bbox 3137 4093 3192 4139; x_wconf 90' lang='lat' dir='ltr'><strong>et</strong></span> <span class='ocrx_word' id='word_1_677' title='bbox 3227 4085 3473 4154; x_wconf 89' lang='lat' dir='ltr'><strong>periculo</strong></span> <span class='ocrx_word' id='word_1_678' title='bbox 3513 4086 3666 4140; x_wconf 88' lang='lat' dir='ltr'><strong>futu-</strong></span> 
     </span>
    </p>
   </div>
   <div class='ocr_carea' id='block_1_102' title="bbox 2070 4171 3664 4248">
    <p class='ocr_par' dir='ltr' id='par_1_102' title="bbox 2070 4171 3664 4248">
     <span class='ocr_line' id='line_1_102' title="bbox 2070 4171 3664 4248; baseline 0.007 -24"><span class='ocrx_word' id='word_1_679' title='bbox 2070 4183 2187 4224; x_wconf 89' lang='lat' dir='ltr'><strong>ram</strong></span> <span class='ocrx_word' id='word_1_680' title='bbox 2239 4171 2624 4227; x_wconf 87' lang='lat' dir='ltr'><strong>arbitrabatur.</strong></span> <span class='ocrx_word' id='word_1_681' title='bbox 2691 4173 2789 4230; x_wconf 86' lang='lat' dir='ltr'><strong>llic</strong></span> <span class='ocrx_word' id='word_1_682' title='bbox 2841 4185 2928 4230; x_wconf 91' lang='lat' dir='ltr'><strong>est</strong></span> <span class='ocrx_word' id='word_1_683' title='bbox 2982 4176 3308 4246; x_wconf 88' lang='lat' dir='ltr'><strong>Antiochus,</strong></span> <span class='ocrx_word' id='word_1_684' title='bbox 3358 4179 3452 4248; x_wconf 91' lang='lat' dir='ltr'><strong>qui</strong></span> <span class='ocrx_word' id='word_1_685' title='bbox 3496 4181 3664 4235; x_wconf 89' lang='lat' dir='ltr'><strong>etiam</strong></span> 
     </span>
    </p>
   </div>
   <div class='ocr_carea' id='block_1_103' title="bbox 2068 4260 3708 4333">
    <p class='ocr_par' dir='ltr' id='par_1_103' title="bbox 2068 4260 3708 4333">
     <span class='ocr_line' id='line_1_103' title="bbox 2068 4260 3708 4333; baseline 0.008 -19"><span class='ocrx_word' id='word_1_686' title='bbox 2068 4260 2362 4333; x_wconf 90' lang='lat' dir='ltr'><strong>Dionysius</strong></span> <span class='ocrx_word' id='word_1_687' title='bbox 2410 4264 2741 4333; x_wconf 88' lang='lat' dir='ltr'><strong>appellatur,</strong></span> <span class='ocrx_word' id='word_1_688' title='bbox 2798 4265 3058 4322; x_wconf 89' lang='lat' dir='ltr'><strong>Demetrii</strong></span> <span class='ocrx_word' id='word_1_689' title='bbox 3107 4267 3277 4323; x_wconf 87' lang='lat' dir='ltr'><strong>frater</strong></span> <span class='ocrx_word' id='word_1_690' title='bbox 3343 4284 3374 4324; x_wconf 90' lang='lat' dir='ltr'><strong>a</strong></span> <span class='ocrx_word' id='word_1_691' title='bbox 3431 4269 3708 4327; x_wconf 83' lang='lat' dir='ltr'><strong>Seleuco,</strong></span> 
     </span>
    </p>
   </div>
   <div class='ocr_carea' id='block_1_104' title="bbox 2069 4352 3663 4430">
    <p class='ocr_par' dir='ltr' id='par_1_104' title="bbox 2069 4352 3663 4430">
     <span class='ocr_line' id='line_1_104' title="bbox 2069 4352 3663 4430; baseline 0.007 -23"><span class='ocrx_word' id='word_1_692' title='bbox 2069 4352 2425 4419; x_wconf 91' lang='lat' dir='ltr'><strong>nltimus,cui</strong></span> <span class='ocrx_word' id='word_1_693' title='bbox 2477 4358 2762 4411; x_wconf 87' lang='lat' dir='ltr'><strong>transitum</strong></span> <span class='ocrx_word' id='word_1_694' title='bbox 2800 4371 3002 4428; x_wconf 85' lang='lat' dir='ltr'><strong>negare</strong></span> <span class='ocrx_word' id='word_1_695' title='bbox 3055 4361 3281 4430; x_wconf 90' lang='lat' dir='ltr'><strong>cupiens</strong></span> <span class='ocrx_word' id='word_1_696' title='bbox 3331 4360 3663 4427; x_wconf 88' lang='lat' dir='ltr'><strong>Alexander,</strong></span> 
     </span>
    </p>
   </div>
   <div class='ocr_carea' id='block_1_105' title="bbox 2071 4445 3662 4521">
    <p class='ocr_par' dir='ltr' id='par_1_105' title="bbox 2071 4445 3662 4521">
     <span class='ocr_line' id='line_1_105' title="bbox 2071 4445 3662 4521; baseline 0.006 -21"><span class='ocrx_word' id='word_1_697' title='bbox 2071 4445 2213 4500; x_wconf 91' lang='lat' dir='ltr'><strong>inter</strong></span> <span class='ocrx_word' id='word_1_698' title='bbox 2253 4445 2444 4502; x_wconf 90' lang='lat' dir='ltr'><strong>urbem</strong></span> <span class='ocrx_word' id='word_1_699' title='bbox 2480 4445 2885 4519; x_wconf 87' lang='lat' dir='ltr'><strong>Antipatridcm</strong></span> <span class='ocrx_word' id='word_1_700' title='bbox 2935 4459 2991 4505; x_wconf 91' lang='lat' dir='ltr'><strong>et</strong></span> <span class='ocrx_word' id='word_1_701' title='bbox 3029 4450 3232 4521; x_wconf 82' lang='lat' dir='ltr'><strong>JOppes</strong></span> <span class='ocrx_word' id='word_1_702' title='bbox 3279 4452 3459 4507; x_wconf 92' lang='lat' dir='ltr'><strong>littora</strong></span> <span class='ocrx_word' id='word_1_703' title='bbox 3490 4451 3662 4510; x_wconf 87' lang='lat' dir='ltr'><strong>foveis</strong></span> 
     </span>
    </p>
   </div>
   <div class='ocr_carea' id='block_1_106' title="bbox 2072 4539 3667 4612">
    <p class='ocr_par' dir='ltr' id='par_1_106' title="bbox 2072 4539 3667 4612">
     <span class='ocr_line' id='line_1_106' title="bbox 2072 4539 3667 4612; baseline 0.004 -18"><span class='ocrx_word' id='word_1_704' title='bbox 2072 4539 2386 4608; x_wconf 85' lang='lat' dir='ltr'><strong>ingentibus</strong></span> <span class='ocrx_word' id='word_1_705' title='bbox 2437 4540 2656 4608; x_wconf 90' lang='lat' dir='ltr'><strong>ductis,</strong></span> <span class='ocrx_word' id='word_1_706' title='bbox 2715 4557 2978 4612; x_wconf 91' lang='lat' dir='ltr'><strong>muroque</strong></span> <span class='ocrx_word' id='word_1_707' title='bbox 3040 4543 3345 4611; x_wconf 89' lang='lat' dir='ltr'><strong>altissimo,</strong></span> <span class='ocrx_word' id='word_1_708' title='bbox 3426 4539 3667 4600; x_wconf 82' lang='lat' dir='ltr'><strong>turribus</strong></span> 
     </span>
    </p>
   </div>
   <div class='ocr_carea' id='block_1_107' title="bbox 2074 4633 3668 4707">
    <p class='ocr_par' dir='ltr' id='par_1_107' title="bbox 2074 4633 3668 4707">
     <span class='ocr_line' id='line_1_107' title="bbox 2074 4633 3668 4707; baseline 0.004 -19"><span class='ocrx_word' id='word_1_709' title='bbox 2074 4648 2288 4703; x_wconf 90' lang='lat' dir='ltr'><strong>quoque</strong></span> <span class='ocrx_word' id='word_1_710' title='bbox 2312 4648 2343 4689; x_wconf 90' lang='lat' dir='ltr'><strong>e</strong></span> <span class='ocrx_word' id='word_1_711' title='bbox 2366 4634 2512 4704; x_wconf 83' lang='lat' dir='ltr'><strong>ligno</strong></span> <span class='ocrx_word' id='word_1_712' title='bbox 2547 4633 2838 4703; x_wconf 87' lang='lat' dir='ltr'><strong>impositis,</strong></span> <span class='ocrx_word' id='word_1_713' title='bbox 2872 4636 3036 4691; x_wconf 89' lang='lat' dir='ltr'><strong>elusit</strong></span> <span class='ocrx_word' id='word_1_714' title='bbox 3060 4651 3284 4706; x_wconf 85' lang='lat' dir='ltr'><strong>operam</strong></span> <span class='ocrx_word' id='word_1_715' title='bbox 3311 4651 3510 4707; x_wconf 86' lang='lat' dir='ltr'><strong>magno</strong></span> <span class='ocrx_word' id='word_1_716' title='bbox 3535 4652 3668 4694; x_wconf 88' lang='lat' dir='ltr'><strong>suo-</strong></span> 
     </span>
    </p>
   </div>
   <div class='ocr_carea' id='block_1_108' title="bbox 2076 4725 3670 4801">
    <p class='ocr_par' dir='ltr' id='par_1_108' title="bbox 2076 4725 3670 4801">
     <span class='ocr_line' id='line_1_108' title="bbox 2076 4725 3670 4801; baseline 0.003 -20"><span class='ocrx_word' id='word_1_717' title='bbox 2076 4741 2194 4781; x_wconf 90' lang='lat' dir='ltr'><strong>rum</strong></span> <span class='ocrx_word' id='word_1_718' title='bbox 2227 4725 2451 4791; x_wconf 92' lang='lat' dir='ltr'><strong>labore,</strong></span> <span class='ocrx_word' id='word_1_719' title='bbox 2489 4727 2639 4782; x_wconf 90' lang='lat' dir='ltr'><strong>nullo</strong></span> <span class='ocrx_word' id='word_1_720' title='bbox 2696 4726 2870 4783; x_wconf 83' lang='lat' dir='ltr'><strong>hostis</strong></span> <span class='ocrx_word' id='word_1_721' title='bbox 2929 4728 3335 4798; x_wconf 91' lang='lat' dir='ltr'><strong>impedimento.</strong></span> <span class='ocrx_word' id='word_1_722' title='bbox 3389 4728 3670 4801; x_wconf 90' lang='lat' dir='ltr'><strong>Siquidem</strong></span> 
     </span>
    </p>
   </div>
   <div class='ocr_carea' id='block_1_109' title="bbox 2075 4817 3671 4891">
    <p class='ocr_par' dir='ltr' id='par_1_109' title="bbox 2075 4817 3671 4891">
     <span class='ocr_line' id='line_1_109' title="bbox 2075 4817 3671 4891; baseline 0.002 -17"><span class='ocrx_word' id='word_1_723' title='bbox 2075 4819 2301 4889; x_wconf 88' lang='lat' dir='ltr'><strong>negotio</strong></span> <span class='ocrx_word' id='word_1_724' title='bbox 2371 4817 2515 4872; x_wconf 87' lang='lat' dir='ltr'><strong>facili</strong></span> <span class='ocrx_word' id='word_1_725' title='bbox 2570 4818 2792 4887; x_wconf 66' lang='lat' dir='ltr'><strong>repletae</strong></span> <span class='ocrx_word' id='word_1_726' title='bbox 2843 4818 3054 4887; x_wconf 68' lang='lat' dir='ltr'><strong>fovete,</strong></span> <span class='ocrx_word' id='word_1_727' title='bbox 3098 4829 3386 4891; x_wconf 90' lang='lat' dir='ltr'><strong>turresque</strong></span> <span class='ocrx_word' id='word_1_728' title='bbox 3441 4831 3671 4889; x_wconf 67' lang='lat' dir='ltr'><strong>exustre,</strong></span> 
     </span>
    </p>
   </div>
   <div class='ocr_carea' id='block_1_110' title="bbox 2080 4909 3680 4982">
    <p class='ocr_par' dir='ltr' id='par_1_110' title="bbox 2080 4909 3680 4982">
     <span class='ocr_line' id='line_1_110' title="bbox 2080 4909 3680 4982; baseline 0.003 -17"><span class='ocrx_word' id='word_1_729' title='bbox 2080 4909 2196 4982; x_wconf 91' lang='lat' dir='ltr'><strong>ipse</strong></span> <span class='ocrx_word' id='word_1_730' title='bbox 2240 4923 2457 4980; x_wconf 90' lang='lat' dir='ltr'><strong>quoque</strong></span> <span class='ocrx_word' id='word_1_731' title='bbox 2503 4909 2820 4966; x_wconf 87' lang='lat' dir='ltr'><strong>Alexander</strong></span> <span class='ocrx_word' id='word_1_732' title='bbox 2863 4910 2988 4981; x_wconf 89' lang='lat' dir='ltr'><strong>fuga</strong></span> <span class='ocrx_word' id='word_1_733' title='bbox 3032 4911 3136 4967; x_wconf 91' lang='lat' dir='ltr'><strong>sibi</strong></span> <span class='ocrx_word' id='word_1_734' title='bbox 3167 4913 3462 4980; x_wconf 90' lang='lat' dir='ltr'><strong>consuluit,</strong></span> <span class='ocrx_word' id='word_1_735' title='bbox 3497 4929 3564 4969; x_wconf 94' lang='lat' dir='ltr'><strong>eo</strong></span> <span class='ocrx_word' id='word_1_736' title='bbox 3595 4923 3680 4970; x_wconf 91' lang='lat' dir='ltr'><strong>tu-</strong></span> 
     </span>
    </p>
   </div>
   <div class='ocr_carea' id='block_1_111' title="bbox 2080 4985 3678 5072">
    <p class='ocr_par' dir='ltr' id='par_1_111' title="bbox 2080 4985 3678 5072">
     <span class='ocr_line' id='line_1_111' title="bbox 2080 4985 3678 5072; baseline 0.004 -18"><span class='ocrx_word' id='word_1_737' title='bbox 2080 4985 2206 5069; x_wconf 85' lang='lat' dir='ltr'><strong>tior,</strong></span> <span class='ocrx_word' id='word_1_738' title='bbox 2267 5002 2390 5070; x_wconf 89' lang='lat' dir='ltr'><strong>quia</strong></span> <span class='ocrx_word' id='word_1_739' title='bbox 2447 5017 2783 5072; x_wconf 88' lang='lat' dir='ltr'><strong>nequaquam</strong></span> <span class='ocrx_word' id='word_1_740' title='bbox 2832 5003 2974 5057; x_wconf 88' lang='lat' dir='ltr'><strong>tanti</strong></span> <span class='ocrx_word' id='word_1_741' title='bbox 3008 5013 3031 5041; x_wconf 80' lang='grc' dir='ltr'><strong>ο</strong></span> <span class='ocrx_word' id='word_1_742' title='bbox 3078 5003 3439 5071; x_wconf 88' lang='lat' dir='ltr'><strong>existimatus,</strong></span> <span class='ocrx_word' id='word_1_743' title='bbox 3470 5013 3527 5059; x_wconf 92' lang='lat' dir='ltr'><strong>ut</strong></span> <span class='ocrx_word' id='word_1_744' title='bbox 3551 5019 3678 5061; x_wconf 77' lang='lat' dir='ltr'><strong>eum</strong></span> 
     </span>
    </p>
   </div>
   <div class='ocr_carea' id='block_1_112' title="bbox 2079 5095 3683 5167">
    <p class='ocr_par' dir='ltr' id='par_1_112' title="bbox 2079 5095 3683 5167">
     <span class='ocr_line' id='line_1_112' title="bbox 2079 5095 3683 5167; baseline 0.002 -18"><span class='ocrx_word' id='word_1_745' title='bbox 2079 5095 2255 5150; x_wconf 84' lang='lat' dir='ltr'><strong>victor</strong></span> <span class='ocrx_word' id='word_1_746' title='bbox 2281 5095 2543 5166; x_wconf 91' lang='lat' dir='ltr'><strong>principis</strong></span> <span class='ocrx_word' id='word_1_747' title='bbox 2573 5095 2698 5150; x_wconf 91' lang='lat' dir='ltr'><strong>loco</strong></span> <span class='ocrx_word' id='word_1_748' title='bbox 2734 5096 2987 5167; x_wconf 89' lang='lat' dir='ltr'><strong>persequi</strong></span> <span class='ocrx_word' id='word_1_749' title='bbox 3037 5095 3282 5152; x_wconf 87' lang='lat' dir='ltr'><strong>deberet.</strong></span> <span class='ocrx_word' id='word_1_750' title='bbox 3312 5096 3446 5152; x_wconf 89' lang='lat' dir='ltr'><strong>Nam</strong></span> <span class='ocrx_word' id='word_1_751' title='bbox 3486 5112 3683 5154; x_wconf 88' lang='lat' dir='ltr'><strong>secun-</strong></span> 
     </span>
    </p>
   </div>
   <div class='ocr_carea' id='block_1_113' title="bbox 2085 5189 3684 5261">
    <p class='ocr_par' dir='ltr' id='par_1_113' title="bbox 2085 5189 3684 5261">
     <span class='ocr_line' id='line_1_113' title="bbox 2085 5189 3684 5261; baseline 0.001 -16"><span class='ocrx_word' id='word_1_752' title='bbox 2085 5189 2172 5246; x_wconf 91' lang='lat' dir='ltr'><strong>dis</strong></span> <span class='ocrx_word' id='word_1_753' title='bbox 2221 5190 2466 5259; x_wconf 90' lang='lat' dir='ltr'><strong>partibus</strong></span> <span class='ocrx_word' id='word_1_754' title='bbox 2513 5199 2848 5245; x_wconf 89' lang='lat' dir='ltr'><strong>reservatum</strong></span> <span class='ocrx_word' id='word_1_755' title='bbox 2875 5229 2890 5255; x_wconf 94' lang='lat'><strong>,</strong></span> <span class='ocrx_word' id='word_1_756' title='bbox 2925 5199 2984 5245; x_wconf 92' lang='lat' dir='ltr'><strong>ut</strong></span> <span class='ocrx_word' id='word_1_757' title='bbox 3012 5190 3226 5246; x_wconf 90' lang='lat' dir='ltr'><strong>itineris</strong></span> <span class='ocrx_word' id='word_1_758' title='bbox 3253 5190 3516 5247; x_wconf 90' lang='lat' dir='ltr'><strong>obstructi</strong></span> <span class='ocrx_word' id='word_1_759' title='bbox 3542 5191 3684 5261; x_wconf 84' lang='lat' dir='ltr'><strong>inju-</strong></span> 
     </span>
    </p>
   </div>
   <div class='ocr_carea' id='block_1_114' title="bbox 2085 5282 3686 5354">
    <p class='ocr_par' dir='ltr' id='par_1_114' title="bbox 2085 5282 3686 5354">
     <span class='ocr_line' id='line_1_114' title="bbox 2085 5282 3686 5354; baseline 0.001 -16"><span class='ocrx_word' id='word_1_760' title='bbox 2085 5284 2221 5339; x_wconf 77' lang='lat' dir='ltr'><strong>riam</strong></span> <span class='ocrx_word' id='word_1_761' title='bbox 2249 5294 2528 5354; x_wconf 86' lang='lat' dir='ltr'><strong>acceptam</strong></span> <span class='ocrx_word' id='word_1_762' title='bbox 2553 5284 2929 5339; x_wconf 89' lang='lat' dir='ltr'><strong>ulcisceretur.</strong></span> <span class='ocrx_word' id='word_1_763' title='bbox 2983 5282 3212 5340; x_wconf 85' lang='lat' dir='ltr'><strong>Rectum</strong></span> <span class='ocrx_word' id='word_1_764' title='bbox 3253 5293 3435 5339; x_wconf 88' lang='lat' dir='ltr'><strong>autem</strong></span> <span class='ocrx_word' id='word_1_765' title='bbox 3466 5283 3522 5338; x_wconf 91' lang='lat' dir='ltr'><strong>in</strong></span> <span class='ocrx_word' id='word_1_766' title='bbox 3543 5284 3686 5339; x_wconf 82' lang='lat' dir='ltr'><strong>Ara-</strong></span> 
     </span>
    </p>
   </div>
   <div class='ocr_carea' id='block_1_115' title="bbox 2089 5376 3688 5448">
    <p class='ocr_par' dir='ltr' id='par_1_115' title="bbox 2089 5376 3688 5448">
     <span class='ocr_line' id='line_1_115' title="bbox 2089 5376 3688 5448; baseline -0.001 -14"><span class='ocrx_word' id='word_1_767' title='bbox 2089 5378 2187 5434; x_wconf 89' lang='lat' dir='ltr'><strong>bas</strong></span> <span class='ocrx_word' id='word_1_768' title='bbox 2209 5379 2313 5434; x_wconf 91' lang='lat' dir='ltr'><strong>iter</strong></span> <span class='ocrx_word' id='word_1_769' title='bbox 2332 5378 2549 5445; x_wconf 84' lang='lat' dir='ltr'><strong>direxit,</strong></span> <span class='ocrx_word' id='word_1_770' title='bbox 2573 5392 2802 5448; x_wconf 88' lang='lat' dir='ltr'><strong>quorum</strong></span> <span class='ocrx_word' id='word_1_771' title='bbox 2834 5392 2936 5434; x_wconf 86' lang='lat' dir='ltr'><strong>rex</strong></span> <span class='ocrx_word' id='word_1_772' title='bbox 2961 5376 3014 5432; x_wconf 90' lang='lat' dir='ltr'><strong>in</strong></span> <span class='ocrx_word' id='word_1_773' title='bbox 3031 5378 3150 5433; x_wconf 87' lang='lat' dir='ltr'><strong>loca</strong></span> <span class='ocrx_word' id='word_1_774' title='bbox 3173 5377 3365 5447; x_wconf 75' lang='lat' dir='ltr'><strong>praslio</strong></span> <span class='ocrx_word' id='word_1_775' title='bbox 3381 5386 3688 5446; x_wconf 79' lang='lat' dir='ltr'><strong>opportuna</strong></span> 
     </span>
    </p>
   </div>
   <div class='ocr_carea' id='block_1_116' title="bbox 2089 5468 3684 5538">
    <p class='ocr_par' dir='ltr' id='par_1_116' title="bbox 2089 5468 3684 5538">
     <span class='ocr_line' id='line_1_116' title="bbox 2089 5468 3684 5538; baseline -0.003 -12"><span class='ocrx_word' id='word_1_776' title='bbox 2089 5483 2212 5526; x_wconf 87' lang='lat' dir='ltr'><strong>sese</strong></span> <span class='ocrx_word' id='word_1_777' title='bbox 2269 5471 2595 5524; x_wconf 90' lang='lat' dir='ltr'><strong>contulerat.</strong></span> <span class='ocrx_word' id='word_1_778' title='bbox 2642 5468 2849 5524; x_wconf 90' lang='lat' dir='ltr'><strong>Deinde</strong></span> <span class='ocrx_word' id='word_1_779' title='bbox 2878 5469 3058 5525; x_wconf 89' lang='lat' dir='ltr'><strong>subito</strong></span> <span class='ocrx_word' id='word_1_780' title='bbox 3087 5481 3355 5525; x_wconf 89' lang='lat' dir='ltr'><strong>converso</strong></span> <span class='ocrx_word' id='word_1_781' title='bbox 3394 5468 3638 5538; x_wconf 88' lang='lat' dir='ltr'><strong>equitatu</strong></span> <span class='ocrx_word' id='word_1_782' title='bbox 3664 5509 3684 5536; x_wconf 93' lang='lat'><strong>,</strong></span> 
     </span>
    </p>
   </div>
   <div class='ocr_carea' id='block_1_117' title="bbox 2091 5557 3694 5628">
    <p class='ocr_par' dir='ltr' id='par_1_117' title="bbox 2091 5557 3694 5628">
     <span class='ocr_line' id='line_1_117' title="bbox 2091 5557 3694 5628; baseline -0.001 -12"><span class='ocrx_word' id='word_1_783' title='bbox 2091 5561 2328 5617; x_wconf 88' lang='lat' dir='ltr'><strong>maxima</strong></span> <span class='ocrx_word' id='word_1_784' title='bbox 2371 5562 2423 5616; x_wconf 90' lang='lat' dir='ltr'><strong>vi</strong></span> <span class='ocrx_word' id='word_1_785' title='bbox 2455 5575 2520 5616; x_wconf 90' lang='lat' dir='ltr'><strong>ac</strong></span> <span class='ocrx_word' id='word_1_786' title='bbox 2549 5560 2890 5616; x_wconf 89' lang='lat' dir='ltr'><strong>multitudine</strong></span> <span class='ocrx_word' id='word_1_787' title='bbox 2939 5559 3176 5628; x_wconf 81' lang='lat' dir='ltr'><strong>en‘usas,</strong></span> <span class='ocrx_word' id='word_1_788' title='bbox 3229 5573 3292 5612; x_wconf 90' lang='lat' dir='ltr'><strong>ac</strong></span> <span class='ocrx_word' id='word_1_789' title='bbox 3321 5557 3443 5613; x_wconf 84' lang='lat' dir='ltr'><strong>sine</strong></span> <span class='ocrx_word' id='word_1_790' title='bbox 3498 5557 3694 5614; x_wconf 79' lang='lat' dir='ltr'><strong>ordine</strong></span> 
     </span>
    </p>
   </div>
   <div class='ocr_carea' id='block_1_118' title="bbox 2096 5649 3695 5713">
    <p class='ocr_par' dir='ltr' id='par_1_118' title="bbox 2096 5649 3695 5713">
     <span class='ocr_line' id='line_1_118' title="bbox 2096 5649 3695 5713; baseline -0.004 -1"><span class='ocrx_word' id='word_1_791' title='bbox 2096 5663 2328 5713; x_wconf 90' lang='lat' dir='ltr'><strong>ruentes</strong></span> <span class='ocrx_word' id='word_1_792' title='bbox 2373 5653 2611 5710; x_wconf 91' lang='lat' dir='ltr'><strong>hostium</strong></span> <span class='ocrx_word' id='word_1_793' title='bbox 2657 5662 2866 5709; x_wconf 89' lang='lat' dir='ltr'><strong>turmas</strong></span> <span class='ocrx_word' id='word_1_794' title='bbox 2913 5653 3182 5708; x_wconf 87' lang='lat' dir='ltr'><strong>invasere.</strong></span> <span class='ocrx_word' id='word_1_795' title='bbox 3225 5649 3507 5708; x_wconf 89' lang='lat' dir='ltr'><strong>Certatum</strong></span> <span class='ocrx_word' id='word_1_796' title='bbox 3552 5649 3695 5708; x_wconf 52' lang='lat' dir='ltr'><strong>acri¢</strong></span> 
     </span>
    </p>
   </div>
   <div class='ocr_carea' id='block_1_119' title="bbox 2161 5757 3544 5837">
    <p class='ocr_par' dir='ltr' id='par_1_119' title="bbox 2161 5757 3544 5837">
     <span class='ocr_line' id='line_1_119' title="bbox 2161 5757 3544 5837; baseline -0.004 -13"><span class='ocrx_word' id='word_1_797' title='bbox 2161 5779 2182 5806; x_wconf 79' lang='grc' dir='ltr'><strong>ο</strong></span> <span class='ocrx_word' id='word_1_798' title='bbox 2233 5766 2665 5823; x_wconf 71' lang='grc' dir='ltr'><strong>Α1.¹’ωοεῑηιαιιιε.</strong></span> <span class='ocrx_word' id='word_1_799' title='bbox 2717 5763 2786 5822; x_wconf 82' lang='lat' dir='ltr'><strong>Et</strong></span> <span class='ocrx_word' id='word_1_800' title='bbox 2817 5765 2996 5837; x_wconf 61' lang='lat' dir='ltr'><strong>mox],</strong></span> <span class='ocrx_word' id='word_1_801' title='bbox 3029 5762 3265 5835; x_wconf 78' lang='lat' dir='ltr'><strong>principe</strong></span> <span class='ocrx_word' id='word_1_802' title='bbox 3295 5757 3428 5820; x_wconf 60' lang='lat' dir='ltr'><strong>loco.</strong></span> <span class='ocrx_word' id='word_1_803' title='bbox 3464 5757 3544 5819; x_wconf 70' lang='lat' dir='ltr'><strong>In.</strong></span> 
     </span>
    </p>
   </div>
  </div>
