4148 6362
464 302 604 382 tau

1753 302 2008 362 SAM-NI
2046 303 2372 361 AMBROSII

3629 307 3773 364 1972

463 427 575 482 ter,
610 418 794 494 quoad
849 417 1150 494 Antiochus
1209 417 1407 474 restitit
1459 421 1478 492 (
1508 417 1848 474 renitebatur
1879 418 2064 489 enim)
2091 419 2141 479 Α
2170 419 2294 473 dum
2327 419 2610 475 scientiam
2651 420 2791 502 iuris
2821 419 2988 475 divini
3013 421 3326 476 extollendo
3355 437 3509 478 suam
3552 424 3768 494 iecere,

463 509 712 580 quamvis
740 511 1012 574 exercitus
1035 511 1154 580 ejus
1185 512 1342 580 quasi
1372 524 1526 566 more
1557 525 1814 579 pecorum
1839 511 2066 566 obtrun-

465 614 704 672 caretur.
759 604 862 672 Ubi
909 621 1036 660 vero
1063 614 1117 664 et
1144 607 1258 674 ipse
1295 605 1499 664 cecidit
1524 609 1682 678 (nam
1715 621 1828 676 prae
1853 609 2068 662 czeteris

464 710 588 751 sese
616 695 817 763 oii'erre
851 697 1063 754 solebat
1102 698 1406 769 periculis),
1433 697 1656 755 adversi
1686 715 1898 765 omnes,
1932 716 2065 770 qum

467 805 588 842 rum
646 792 883 858 maxima
937 806 1060 859 pars
1108 790 1316 846 incerto
1373 792 1509 859 fugae
1561 792 1808 861 dispersa
1853 794 2064 847 exstin-

463 882 680 950 gnitur,
747 881 973 954 reliquis
1023 885 1076 938 in
1136 885 1316 940 vicum
1378 885 1465 939 cui
1536 887 1767 941 Annona
1817 901 2064 953 nomen,

466 975 670 1040 coactis
697 1014 710 1038 ,
760 985 925 1046 atque
956 976 1341 1046 alimentorum
1372 979 1558 1054 inOpia
1584 981 1948 1051 cctisumptis,
1978 982 2066 1036 vix

467 1068 782 1137 paucissimi
811 1085 874 1130 ex
910 1071 994 1128 his
1027 1081 1191 1143 tanta
1227 1063 1371 1136 cladi
1400 1075 1742 1144 superfuere.

1067 1187 1296 1244 CAPUT
1343 1188 1458 1244 XII.

545 1275 661 1348 iioc
712 1292 974 1344 successu
1014 1280 1210 1338 Aretas
1236 1282 1402 1336 etiam
1446 1297 1477 1337 a
1511 1281 1864 1339 Damascenis
1891 1283 1955 1337 ad
1984 1297 2069 1339 re-

467 1372 744 1448 gnandum
776 1375 1072 1442 expetitus,
1125 1387 1187 1431 ut
1226 1376 1403 1432 Cales
1447 1417 1462 1442 ,
1511 1376 1792 1448 Syriaeque
1841 1378 2066 1448 imperi-

471 1466 688 1532 ritaret,
721 1481 830 1537 quo
852 1466 1208 1524 Ptolemaeum
1233 1468 1607 1532 excluderent,
1639 1483 1800 1539 quem
1831 1471 2070 1527 maxime

473 1559 684 1630 infestis
726 1559 867 1616 odiis
917 1563 1407 1632 persequebantur,
1447 1576 1546 1617 uec
1574 1561 1816 1617 Iudaeam
1867 1565 2068 1619 immu-

466 1669 589 1725 nem
615 1652 837 1732 reliquit
854 1655 1210 1722 incursionis,
1234 1656 1302 1711 de
1318 1673 1421 1727 qua
1445 1658 1640 1724 victor,
1663 1658 1790 1714 licet
1811 1668 2071 1728 superato

473 1746 808 1814 Alexandra,
843 1749 1144 1804 secundum
1187 1749 1468 1821 utriusque
1520 1761 1700 1806 tamen
1745 1753 1916 1823 partis
1941 1769 2074 1808 con-

475 1848 696 1904 ventum
737 1840 1018 1907 discessit,
1054 1857 1118 1898 ac
1146 1845 1434 1898 revertitur
1493 1845 1548 1898 in
1597 1859 1712 1900 sua.
1759 1847 2072 1903 Alexander
2100 1851 2152 1938 ﬁ

474 1938 659 2000 autem
707 1929 914 1994 Pellam
944 1935 1180 2001 evertit,
1226 1944 1282 1989 et
1333 1933 1624 1991 Gerassem
1669 1939 1824 2008 petiit
1877 1940 2074 1994 iterum

478 2025 554 2084 de
579 2024 850 2086 Theodori
889 2028 1330 2097 possessionibus
1376 2029 1586 2099 aliquas
1639 2029 1741 2086 sibi
1778 2032 2076 2104 adiungere

477 2131 703 2187 parans,
762 2133 993 2188 eamque
1030 2119 1133 2176 sibi
1182 2120 1325 2176 bello
1369 2121 1682 2177 vindicavit.
1718 2124 1847 2179 Inde
1889 2125 1940 2178 in
1971 2125 2076 2196 Sy-

451 2209 618 2276 .riam
677 2225 1022 2281 progressus,
1075 2212 1374 2268 Gaulauem
1419 2225 1475 2270 et
1525 2205 1829 2270 Seleuciam
1863 2224 1919 2272 et
1971 2216 2077 2271 Ga-

477 2303 676 2372 malam
713 2306 908 2366 evertit
957 2305 1105 2368 ultus
1151 2306 1452 2376 superioris
1481 2307 1612 2363 belli
1648 2307 2031 2363 contumeliam
2059 2350 2074 2375 ,

481 2395 624 2465 ipsas
670 2411 888 2466 quoque
941 2397 1193 2453 Antiochi
1243 2399 1573 2454 munitiones
1629 2399 1816 2454 diruit.
1867 2399 2078 2466 Quibus

479 2503 546 2552 ex
573 2488 706 2554 locis
746 2490 848 2552 iter
874 2489 927 2544 in
970 2489 1214 2548 Iudaeam
1263 2493 1560 2557 convortit,
1607 2506 1670 2546 ac
1700 2500 1894 2560 praeter
1925 2505 2075 2560 spem

483 2597 609 2648 cum
659 2583 858 2653 gaudio
912 2586 1078 2641 totius
1125 2587 1308 2656 gentis
1357 2587 1649 2658 suscipitur
1707 2603 1804 2656 pro
1846 2587 2080 2643 mirabili

486 2692 740 2742 sues-essu
768 2694 950 2742 rerum
977 2688 1251 2749 gestarum
1288 2699 1300 2733 :
1337 2680 1424 2735 ubi
1476 2689 1629 2750 parta
1657 2680 1894 2738 bellandi
1924 2684 2081 2752 quies

485 2769 770 2836 exordium
817 2772 1003 2830 tribuit
1052 2771 1422 2841 aegritudinis,
1481 2781 1643 2843 atque
1685 2772 2080 2844 aliquantulum

486 2863 766 2934 quartanis
813 2864 1042 2920 febrium
1073 2864 1282 2919 vicibus
1309 2864 1567 2930 allectus,
1593 2865 1771 2921 levato
1807 2867 2086 2936 paulisper

485 2957 868 3024 incommodo,
900 2958 1030 3012 dum
1061 2959 1274 3028 negotia
1304 2959 1499 3029 repetit
1535 2960 1808 3024 militaria,
1843 2976 1944 3016 nec
1968 2980 2086 3016 mo-

490 3049 616 3103 dum
657 3059 866 3113 servat,
895 3051 1080 3112 animo
1119 3051 1348 3105 validior
1371 3067 1532 3121 quam
1562 3067 1790 3122 corpore
1812 3094 1826 3118 ,
1858 3057 2087 3108 commi-

490 3145 606 3198 nuit
646 3159 862 3198 omnem
911 3159 1023 3198 sua:
1072 3144 1310 3214 vigorem
1338 3143 1528 3198 salutis
1558 3145 1805 3214 viresque
1831 3147 2087 3215 absump-

484 3236 574 3301 sit,
601 3245 766 3305 atque
793 3236 862 3290 ita
897 3245 1141 3292 mortuus
1166 3248 1267 3292 est.
1297 3229 1492 3306 Viginti
1529 3239 1708 3308 itaque
1729 3249 1782 3294 et
1804 3255 1899 3294 sex
1929 3241 2088 3296 annis

490 3328 644 3390 νθῑίο
672 3345 850 3390 1³81⁸41111
895 3340 1094 3386 eventu
1121 3329 1410 3386 adversum
1456 3331 1775 3388 innumeros
1822 3335 2086 3388 bellorum

493 3421 757 3480 tumultus
785 3436 1009 3491 regnum
1039 3423 1244 3488 tenuit,
1299 3431 1354 3476 et
1375 3422 1586 3478 duobus
1615 3409 1800 3480 liberis
1827 3429 2090 3496 supersti-

494 3511 639 3576 tibus
661 3551 676 3576 ,
708 3509 985 3579 decessit,
1018 3527 1155 3582 quos
1183 3513 1421 3583 impares
1449 3515 1601 3585 regni
1625 3516 1948 3573 existimans
1992 3535 2089 3589 gu-

493 3601 790 3666 bernaculo
817 3643 834 3669 ,
870 3617 1139 3660 summam
1172 3619 1288 3661 rem
1331 3608 1519 3662 uxoris
1559 3607 1790 3676 prepria:
1821 3608 2092 3682 delegavit

494 3694 877 3761 sollicitudini,
905 3697 1163 3766 quoniam
1193 3713 1313 3753 eam
1343 3700 1702 3769 acceptiorcm
1731 3703 1935 3772 populo
1965 3719 2092 3775 cog-

495 3787 684 3852 novit;
716 3796 878 3858 atque
919 3790 991 3846 ob
1029 3789 1133 3845 hoc
1161 3791 1301 3860 apud
1331 3793 1612 3848 universos
1651 3794 1928 3851 invenisse
1970 3813 2092 3868 gra-

494 3882 665 3948 tiam,
711 3882 857 3952 quod
887 3884 1049 3943 etiam
1079 3883 1194 3953 ipsa
1239 3889 1308 3938 ab
1348 3882 1685 3942 immanitate
1729 3889 1834 3942 viri
1876 3903 2094 3959 semper

495 3975 726 4038 alienam
766 3993 827 4034 se
857 3978 1157 4034 faciendam
1194 3981 1630 4049 existimaverit,
1661 3991 1721 4037 ut
1765 4001 1870 4038 non
1916 3987 2092 4040 solum

499 4069 772 4141 refugeret
797 4072 1122 4140 ﬂagitiorum
1153 4075 1452 4137 consortia,
1483 4075 1577 4129 sed
1600 4077 1764 4131 etiam
1787 4077 2095 4132 resistendo

495 4166 615 4236 eius
640 4167 1011 4236 iniquitatibus
1037 4207 1054 4233 ,
1080 4167 1246 4220 totius
1279 4166 1332 4221 in
1372 4182 1432 4223 se
1459 4166 1633 4236 plebis
1661 4169 2093 4224 benevolentiam

497 4267 864 4318 converteret.
897 4257 1009 4313 Nec
1039 4257 1341 4329 improvida
1375 4260 1476 4314 viri
1504 4262 1770 4315 sententia
1803 4262 1938 4315 fuit:
1970 4278 2096 4317 nam

500 4351 762 4418 regnandi
784 4351 875 4422 ius
905 4353 1099 4407 mulier
1129 4351 1398 4408 inoffense
1428 4354 1694 4418 exercuit,
1723 4355 1841 4409 sine
1880 4355 1990 4408 ullo
2020 4355 2099 4410 fe-

499 4443 667 4501 minei
724 4458 889 4500 sexus
937 4443 1368 4514 impedimento,
1429 4445 1714 4516 acquisivit
1779 4446 2098 4504 moderandi

499 4537 727 4606 gratiam
755 4552 923 4592 sacra:
952 4539 1085 4607 legis
1111 4537 1513 4594 observatione.
1540 4538 1670 4592 Nam
1695 4539 1821 4594 dum
1841 4541 2100 4597 attentior

2171 524 2229 566 ut
2263 515 2518 584 pleraque
2549 515 2710 568 etiam
2741 517 2888 583 regni
2925 516 3142 582 negotia
3189 516 3319 587 ipsis
3360 519 3769 584 committeret;

2171 607 2498 661 adhiberent
2524 623 2660 677 quos
2689 607 2891 662 vellent
2930 626 2942 661 :
2976 625 3110 678 (pios
3149 609 3351 664 vellent
3377 611 3774 682 excluderent,

2173 708 2335 771 atque
2361 701 2540 755 aulico
2570 711 2831 756 exuerent
2856 702 3181 758 ministerio.
3215 702 3353 772 Quid
3382 705 3531 773 plura
3557 705 3580 757 ?
3613 705 3683 759 ita
3713 722 3777 762 se

2173 796 2541 858 insinuavere,
2605 803 2664 848 ut
2725 795 3134 863 commodorum
3190 796 3678 853 omnium‘fructus
3704 797 3776 860 ad

2174 900 2272 940 eos
2299 886 2646 956 pervenirent
2672 904 2684 939 :
2714 899 2962 958 sumptus
2992 898 3045 942 et
3071 889 3335 944 molestia:
3365 891 3642 946 mulierem
3687 907 3779 950 so-

2174 979 2280 1033 lam
2313 977 2640 1033 afficiebant.
2685 977 2794 1033 Nec
2824 980 3116 1035 mediocris
3146 981 3363 1037 mulieri
3410 981 3630 1053 spiritus
3652 1025 3667 1050 ,
3720 992 3782 1037 ut

2181 1065 2670 1154 maximaoquaéque'
2693 1073 2940 1140 auderet,
2971 1084 3134 1148 atque
3154 1090 3316 1146 supra
3352 1075 3573 1130 feminei
3605 1091 3770 1131 sexus

2177 1164 2547 1220 conditionem
2573 1164 2755 1234 praelia
2785 1164 3116 1234 diSpoueret.
3141 1165 3418 1235 Siquidem
3438 1175 3494 1221 et
3515 1176 3780 1236 praestan-

2173 1256 2442 1311 tissimam
2470 1256 2538 1310 de
2569 1256 2682 1309 suis
2710 1271 2928 1309 manum
2958 1258 3168 1325 paravit
3193 1299 3206 1321 ,
3236 1267 3290 1312 et
3319 1258 3588 1328 peregrini
3622 1273 3782 1314 exer-

2173 1350 2316 1404 citus
2341 1349 2531 1418 copias
2557 1351 2734 1420 coegit
2759 1351 3030 1419 ingentes,
3062 1360 3244 1404 utnon
3279 1352 3453 1405 solum
3483 1351 3630 1406 domi
3663 1359 3778 1407 tuta

2173 1443 2240 1497 ad
2271 1442 2770 1511 omneeregnandi
2800 1435 3155 1498 securitafem
3182 1442 3323 1498 foret
3348 1485 3364 1508 ,
3396 1460 3582 1499 verum
3612 1446 3779 1500 etiam

2174 1535 2382 1590 exteris
2414 1535 2721 1604 potentibus
2751 1543 2897 1588 esset
2930 1533 3307 1590 formidabilis.
3342 1536 3413 1590 Ea
3443 1544 3620 1592 tamen
3652 1537 3782 1591 reli-

2175 1627 2294 1698 quis
2322 1626 2616 1696 praestabat
2637 1627 2909 1692 omnibus,
2945 1627 3039 1682 sed
3065 1627 3354 1682 Pharisaais
3375 1631 3528 1699 quasi
3554 1630 3783 1686 inferior

2176 1719 2605 1788 obtemperabat.
2653 1719 2783 1774 Erat
2818 1718 3084 1790 Diogenes
3115 1719 3167 1774 in
3201 1737 3371 1792 regno
3399 1722 3517 1793 ejus
3539 1765 3553 1789 ,
3591 1725 3681 1794 qui
3714 1723 3784 1780 de

2179 1811 2569 1882 potentissimis
2595 1811 2890 1868 Alexandri
2919 1811 3108 1868 amicis
3135 1811 3487 1869 familiaritati
3542 1816 3662 1886 ejus
3697 1814 3782 1871 in-'

2183 1904 2414 1958 haeserat
2434 1920 2453 1956 :
2477 1919 2604 1959 eum
2630 1904 2811 1959 adorsi
2841 1906 3238 1961 obtruncavere
3261 1948 3276 1970 ,
3308 1919 3675 1964 memorantes
3705 1909 3786 1977 ip-

2183 1999 2294 2050 sius
2325 1996 2556 2050 consilio
2587 1997 2931 2066 octingentos
2960 1998 3087 2052 illos
3109 1998 3163 2052 in
3189 1999 3367 2053 medio
3391 1999 3540 2055 urbis
3563 2000 3631 2055 ab
3661 2000 3788 2056 Ale-

2182 2088 2392 2143 xandro
2431 2089 2582 2144 cruci
2609 2089 2878 2154 sufﬁxos;
2929 2091 2980 2144 in
3011 2099 3243 2146 caeteros
3273 2107 3491 2162 quoque
3529 2092 3788 2149 facinoris

2182 2190 2433 2235 auctores
2465 2179 2493 2219 δ
2533 2196 2780 2252 quosque
2803 2222 2818 2248 ,
2868 2191 2925 2237 ut
2951 2192 3204 2253 pergeret
3231 2185 3366 2239 ultio
3395 2227 3409 2247 ,
3453 2186 3789 2245 mandatum.

2181 2273 2528 2329 Necabantur
2551 2275 2756 2344 itaque,
2787 2290 2924 2344 quos
2954 2275 3215 2330 Pharisaei
3245 2277 3651 2346 praecipiebant,
3679 2293 3787 2332 non

2183 2383 2322 2438 quos
2351 2368 2582 2422 societas
2611 2368 2833 2423 sceleris
2851 2370 3168 2424 involverat.
3195 2369 3315 2438 Quo
3342 2379 3492 2425 metu
3514 2371 3790 2440 perterriti

2184 2461 2432 2532 plerique
2459 2461 2652 2531 quibus
2685 2462 2996 2531 huiusmodi
3049 2464 3284 2533 pericula
3330 2464 3788 2526 intendebantur.

2185 2563 2241 2610 et
2269 2555 2503 2609 maxime
2532 2556 2937 2626 prtestantiores
2966 2557 3157 2627 opibus
3184 2566 3277 2610 aut
3302 2557 3660 2627 dignitatibus
3679 2599 3692 2622 ,
3721 2557 3792 2612 ab

2185 2648 2502 2704 Aristobulo
2529 2649 2979 2702 intercessionem
3013 2647 3380 2716 imploravere
3409 2690 3423 2714 ,
3460 2659 3517 2704 ut
3560 2658 3792 2705 matrem

2187 2745 2257 2797 ab
2291 2743 2645 2798 exsecutione
2676 2741 2934 2813 praecepti
2976 2743 3266 2798 severioris
3291 2786 3305 2810 ,
3343 2744 3410 2799 ad
3453 2743 3679 2800 meliora
3711 2745 3796 2798 in-

2188 2838 2450 2892 ilccteret.
2501 2837 2596 2893 Ille
2623 2839 2726 2893 sibi
2769 2838 2998 2907 gratiam
3032 2853 3226 2908 parare
3255 2839 3482 2916 cupiens
3504 2881 3518 2904 ,
3546 2853 3652 2892 non
3697 2837 3797 2893 de-

2193 2931 2460 2984 trectavit.
2494 2930 2704 2996 Mulier,
2736 2946 2881 3000 a-gre
2906 2931 3058 2996 licet,
3086 2933 3262 2985 oranti
3308 2939 3489 2985 tamen
3522 2931 3634 2985 filio
3661 2944 3795 2984 con-

2190 3026 2355 3080 cessit
2383 3069 2396 3091 ,
2427 3038 2481 3080 ut
2509 3028 2756 3081 contuitu
2787 3027 3052 3081 honorum
3084 3041 3220 3096 quos
3257 3035 3580 3097 gesserant,
3613 3026 3703 3096 qui
3737 3026 3792 3080 in

2193 3118 2500 3188 huiusmodi
2533 3119 2790 3175 invidiam
2839 3119 3260 3190 arcessebantur
3281 3161 3296 3184 ,
3346 3133 3612 3189 supremae
3643 3118 3796 3172 necis

2196 3214 2458 3267 sententia
2491 3212 2833 3283 mitigaretur
2857 3253 2871 3278 ,
2916 3224 3081 3282 atque
3110 3228 3203 3267 eos
3229 3221 3435 3266 tantum
3461 3227 3595 3279 quos
3624 3212 3798 3264 obuo-

2192 3310 2310 3362 xios
2337 3316 2691 3376 suspectarel,
2717 3318 2769 3361 et
2794 3318 2816 3345 ο
2848 3306 3092 3376 patrandi
3113 3305 3300 3374 flagitii
3330 3305 3641 3359 iucentores
3658 3303 3792 3358 fuis-

2194 3417 2254 3457 se
2283 3400 2414 3455 urbe
2443 3401 2626 3468 egrcdi
2653 3400 2888 3470 iuberet.
2939 3401 3039 3466 Qui
3078 3407 3296 3469 accepta
3346 3400 3465 3453 vita:
3504 3397 3796 3453 securitate

2196 3509 2293 3566 per
2318 3509 2476 3565 agros
2501 3493 2692 3564 dilapsi
2726 3503 2873 3547 sunt.

2784 3607 3018 3663 CAPUT
3059 3606 3198 3664 XIII.

2268 3700 2472 3756 Eodem
2495 3709 2738 3772 tempore
2755 3715 2918 3754 causa
2945 3699 3161 3764 accidit,
3185 3709 3245 3754 ut
3270 3699 3585 3768 Damascum
3605 3696 3797 3768 inven-

2199 3805 2284 3849 tus
2324 3794 2688 3865 dirigcrelur,
2741 3795 2994 3868 quoniam
3049 3793 3372 3849 Ptolemarus
3424 3793 3798 3868 frequentibus

2198 3887 2601 3942 incursionibus
2631 3885 2836 3942 incolas
2866 3895 3180 3942 memoratae
3210 3884 3359 3940 urbis
3389 3886 3624 3939 terrebat
3653 3901 3668 3950 ;
3703 3901 3796 3939 cu-

2195 3983 2285 4057 ius
2314 3979 2514 4050 negotii
2547 3979 2840 4035 necessitas
2874 3981 3160 4050 occupavit
3193 3979 3260 4033 de
3289 3979 3530 4032 exercitu
3560 3977 3795 4033 Alexan-

2199 4074 2334 4128 drim
2364 4074 2590 4128 validam
2625 4089 2863 4127 manum.
2917 4073 3259 4143 CleOpatram
3291 4086 3504 4143 qunque
3532 4071 3795 4142 Tigranes

2201 4168 2290 4238 qui
2322 4165 2593 4222 Armeniis
2625 4167 2973 4237 imperitabat
2999 4209 3012 4227 ,
3055 4163 3106 4219 in
3143 4165 3275 4219 urbe
3320 4167 3403 4220 cui
3442 4179 3639 4219 nomen
3673 4165 3796 4218 Pto-

2203 4259 2418 4325 lemais,
2457 4258 2744 4313 obsidione
2785 4258 3077 4320 clauserat,
3102 4273 3262 4327 quem
3304 4259 3621 4312 muneribus
3670 4257 3796 4313 Ale-

2201 4353 2405 4408 xandra
2431 4352 2720 4416 mulcebat,
2754 4359 2813 4404 ut
2841 4366 2870 4404 a
2901 4364 2960 4406 se
2997 4360 3353 4406 averteretur.
3399 4350 3570 4418 Quem
3599 4350 3796 4405 Lucul-

2203 4446 2287 4501 lus
2328 4447 2462 4500 facta
2504 4444 2801 4516 irruptione
2839 4444 2893 4498 in
2936 4451 3112 4498 terras
3157 4444 3532 4498 Armeniorum
3582 4441 3793 4499 infectis

2205 4540 2368 4594 rebus
2395 4537 2578 4592 redire
2599 4539 2794 4608 coegit,
2838 4537 3135 4592 consultius
3155 4537 3439 4592 ducentem
3468 4553 3562 4592 sua
3595 4540 3751 4593 tutari
3774 4583 3788 4606 ,

497 4629 641 4684 circa
673 4630 935 4701 templum
965 4646 1091 4688 cura
1116 4641 1490 4698 exerceretur,
1525 4640 1580 4686 et
1600 4631 1822 4687 dimissa
1855 4634 2099 4690 niiniste-
2121 4627 2179 4722 ξ)
2204 4647 2361 4703 quam
2392 4631 2566 4685 aliena
2596 4630 2912 4702 adiungere.
2961 4630 3156 4686 Tantis
3206 4632 3386 4702 itaque
3436 4631 3669 4701 negotiis
3710 4632 3794 4685 in-

495 4723 576 4778 ria
605 4721 810 4778 fraudis
833 4727 1102 4781 succrevit
1127 4723 1339 4795 imperii
1361 4725 1534 4796 vigor,
1563 4739 1662 4778 nec
1690 4735 1868 4780 tamen
1892 4726 2092 4783 aii’ectu

499 4814 728 4871 infracta
762 4828 1006 4872 mater-no
1035 4820 1187 4890 regni
1215 4819 1430 4888 cupido.
1477 4817 1754 4888 Siquidem
1784 4834 1853 4876 ex
1882 4821 2095 4877 duobus

503 4909 694 4966 liberis
721 4910 926 4966 electus
954 4926 1094 4966 unus
1137 4911 1205 4984 ad
1247 4919 1273 4948 ⁸
1303 4925 1456 4980 spem
1490 4911 1754 4982 regnandi
1797 4928 1902 4967 non
1943 4923 2094 4982 pote-

500 5015 698 5062 statem
725 5051 740 5080 ,
782 5007 1060 5079 Hyrcanus
1112 5006 1376 5061 vocabulo
1419 5015 1548 5059 natu
1595 5005 1780 5060 senior
1809 5046 1824 5072 ,
1878 5005 2093 5076 ingenio

500 5099 803 5165 remissior,
837 5099 1206 5155 Aristobulum
1241 5113 1369 5152 vero
1395 5098 1660 5152 acriorem
1695 5097 1876 5150 animo
1902 5110 2094 5165 exper-

497 5205 606 5250 tem
640 5195 942 5264 potestatis,
972 5192 1285 5248 emolliebat
1316 5191 1505 5260 privati
1532 5189 1858 5244 humilitate.
1891 5189 2094 5244 Assue—

494 5296 623 5340 ruut
648 5300 707 5339 se
740 5284 996 5339 Phariszei
1021 5283 1258 5348 mulieri,
1288 5297 1462 5354 genus
1488 5282 1769 5336 hominum
1796 5281 2090 5336 secundum

498 5379 634 5448 legis
662 5379 964 5434 doctrinam
995 5380 1391 5443 exercitatum,
1441 5377 1738 5432 secundum
1777 5375 2089 5446 qualitatem

495 5471 723 5527 affectus
745 5471 997 5526 callidum
1023 5511 1037 5535 ,
1072 5471 1287 5525 avidum
1314 5470 1652 5540 negotiorum
1681 5511 1695 5535 ,
1726 5469 1970 5538 pecunia:
1998 5483 2092 5537 ap-

496 5572 686 5632 pi-tnns
710 5603 725 5627 ,
774 5563 864 5632 qui
890 5571 1168 5631 captantes
1199 5563 1395 5616 elatam
1429 5561 1802 5616 mulierculam
1831 5600 1846 5626 ,
1901 5574 2093 5613 secun-

579 5716 602 5743 ι
647 5705 906 5776 Speciem,
940 5714 996 5759 ut
1028 5705 1162 5760 infra
1191 5719 1310 5774 cap.
1342 5703 1434 5776 η.
1467 5701 1634 5756 ΒΑιιιι.

585 5777 612 5813 ι
641 5773 806 5830 vacat
835 5777 950 5830 hate
977 5776 1142 5829 dictio
1175 5778 1224 5827 in
1254 5773 1354 5827 me.
1390 5773 1466 5828 In.

2205 4737 2352 4783 tenta
2381 4725 2687 4782 Alexandra
2713 4767 2727 4791 ,
2763 4725 2815 4778 in
2867 4725 3115 4779 morbum
3164 4724 3372 4779 incidit.
3422 4724 3593 4792 Quam
3635 4739 3792 4779 occa-

2201 4822 2410 4876 sionem
2443 4804 2624 4890 rapuit
2656 4818 2996 4873 Aristobulus
3027 4817 3093 4872 ad
3123 4833 3247 4872 suas
3282 4827 3462 4883 artes;
3493 4826 3794 4886 eteougre-

2199 4921 2319 4982 gata
2346 4927 2508 4966 manu
2537 4954 2552 4978 ,
2583 4909 3028 4982 conspirantibus
3057 4924 3242 4964 secum
3271 4924 3403 4976 quos
3436 4908 3615 4962 fervor
3641 4917 3794 4962 natu-

2198 5020 2274 5060 rzc
2306 5013 2579 5084 praerupta
2606 5019 2831 5075 quteque
2858 5002 3164 5058 audendum
3189 5001 3421 5072 cupienti
3445 4999 3792 5069 adiunxerat,

2202 5091 2490 5152 thesauros
2518 5106 2769 5168 occupat,
2803 5111 3102 5165 eorumque
3129 5096 3299 5165 c0piis
3330 5092 3666 5147 invitavitad
3697 5095 3796 5148 mi-

2202 5190 2368 5244 litiam
2401 5190 2736 5244 voluntarios
2765 5203 2829 5242 ac
2870 5190 3044 5258 pretio
3073 5186 3344 5258 componit
3373 5229 3387 5250 ,
3417 5196 3476 5239 ut
3521 5186 3574 5240 in
3611 5186 3794 5240 omuia

2199 5298 2318 5363 quas
2350 5283 2514 5338 vellet
2544 5283 2700 5336 iidem
2737 5290 3080 5352 praestarent,
3124 5291 3284 5351 atque
3312 5277 3506 5334 infulas
3537 5279 3684 5350 regis
3716 5281 3796 5332 iu-

2197 5372 2335 5428 duit.
2386 5372 2654 5429 Turbatus
2681 5373 2864 5427 animo
2901 5372 3182 5444 Hyrcanus
3209 5414 3223 5438 ,
3260 5380 3489 5426 matrem
3541 5371 3794 5443 Iacrymis

2197 5467 2574 5521 conveniebat.
2609 5467 2675 5518 At
2705 5465 2793 5518 illa
2827 5467 3036 5534 spirans
3061 5463 3282 5532 ferocia,
3315 5464 3460 5518 filios
3485 5473 3536 5518 et
3567 5479 3792 5519 uxorem

2200 5557 2497 5614 Aristobuli
2529 5558 2579 5611 in
2607 5567 2844 5612 castrum
2879 5557 3120 5621 reclusit,
3149 5555 3235 5611 cui
3263 5571 3462 5612 nomen
3492 5555 3670 5628 primo
3695 5557 3794 5612 Ba-

2285 5709 2308 5739 ο
2339 5697 2563 5754 Patratt'.
2590 5697 2666 5754 In.
2711 5781 2716 5787 .
