4148 6362
298 342 435 397 1973

1146 334 1417 392 HISTOB.
1465 333 1552 388 DE
1595 330 1874 388 EXCIDIO
1909 325 2178 389 HIEROS.
2223 329 2426 388 URBIS
2464 330 2589 386 LIB.
2634 330 2675 386 1.

3442 326 3581 381 1974

288 460 385 524 ris,
420 465 603 527 postea
627 457 860 511 Antonia
887 431 1237 526 appellatum,
1262 451 1330 508 de
1356 466 1464 522 quo
1486 465 1650 520 supra
1675 463 1883 504 memo-
1907 449 1960 509 Α
1987 445 2200 517 Syriam
2226 446 2469 500 infestari
2502 460 2596 515 per
2635 445 2902 502 Scaurum
2929 453 3296 514 praeceperat,
3326 458 3446 498 cum
3469 445 3586 514 ipse

284 550 544 604 ravimus.
598 547 786 617 Coepta
820 547 1143 603 Alexandra)
1170 545 1340 600 celeri
1383 544 1500 612 ejus
1531 541 1681 597 obitu
1717 541 1887 596 desti-

287 651 530 696 tttuntur.
566 640 626 696 ln
651 640 1018 695 hmreditatem
1043 653 1260 693 omnem
1292 637 1574 707 Ilyrcauus
1595 633 1884 700 successit,

285 734 378 805 qui
411 734 630 789 vivente
661 733 838 787 adhuc
868 740 1040 786 matre
1070 730 1388 800 dignitatem
1420 727 1670 782 induerat
1701 739 1886 779 sacer-

284 827 440 884 dotii.
477 827 818 882 Aristobulus
845 829 1044 881 virtute
1067 835 1123 881 et
1148 824 1412 895 sapientia
1444 821 1733 892 praestabat
1760 836 1773 873 :
1800 833 1887 873 res

286 939 459 995 usque
485 925 552 979 ad
582 926 988 980 contentionem
1017 933 1182 995 atque
1209 926 1649 993 congressionem
1686 919 1888 974 deduc-

288 1026 336 1072 ta
364 1034 377 1070 :
419 1017 510 1071 ubi
542 1024 876 1081 consertum,
908 1015 1150 1085 plerique
1182 1015 1370 1068 relicto
1406 1012 1653 1084 Hyrcano
1677 1051 1694 1077 ,
1728 1010 1880 1063 illum

287 1109 520 1164 alterum
553 1109 697 1168 bello
726 1109 1008 1164 meliorem
1034 1107 1224 1178 secuti.
1271 1106 1553 1178 Hyrcanus
1580 1101 1892 1158 comitanti-

281 1201 388 1256 bus
417 1215 602 1256 secum
632 1185 721 1270 qui
748 1201 891 1255 bello
917 1200 1109 1270 reliqui
1139 1199 1350 1252 fuerant
1377 1240 1391 1263 ,
1432 1194 1674 1265 confugit
1701 1196 1753 1248 in
1783 1199 1892 1248 An-

265 1295 514 1360 .toniam,
550 1293 891 1366 repertisque
914 1294 1036 1348 filiis
1057 1301 1111 1348 et
1139 1307 1308 1346 uxore
1328 1290 1650 1356 Aristobuli,
1678 1304 1774 1358 per
1795 1287 1893 1342 ob-

285 1390 433 1445 sides
459 1390 689 1443 salutem
721 1376 944 1451 invenit,
979 1387 1103 1457 quia
1138 1402 1205 1442 ne
1235 1385 1363 1455 quid
1394 1399 1652 1455 asperum
1681 1381 1734 1436 in
1762 1395 1892 1435 suos

287 1484 462 1548 fiet-et,
484 1481 828 1537 Aristobulus
859 1491 1017 1551 pacto
1040 1480 1335 1534 consuluit.
1368 1487 1392 1515 ³
1423 1477 1759 1532 Conventum
1787 1474 1894 1528 fra-

288 1585 428 1629 trum
473 1573 783 1643 hujusmodi
827 1572 927 1626 fuit
972 1581 1032 1627 ut
1075 1588 1244 1642 regno
1292 1571 1578 1641 Hyrcanus
1628 1568 1891 1633 cederet,

287 1675 449 1734 atque
479 1663 544 1718 ad
572 1661 878 1720 Aristobuli
901 1662 991 1733 jus
1019 1679 1182 1717 omne
1214 1663 1425 1732 imperii
1455 1661 1751 1724 transiret,
1794 1673 1897 1714 nec

290 1766 468 1812 tamen
499 1756 812 1828 Hyrcanum
844 1754 1170 1809 inhonorum
1199 1754 1568 1823 relinqueret,
1615 1751 1710 1806 sed
1742 1751 1893 1822 regni

1993 540 2280 608 Tigranem
2324 549 2487 608 atque
2532 539 2844 592 Armeniam
2886 548 3123 608 urgeret.
3163 537 3369 593 Scauro
3410 538 3590 604 itaque

1992 631 2300 685 advenienti
2336 629 2657 683 Damascum
2688 644 2849 698 quam
2879 628 3124 683 Metellus
3156 638 3209 682 et
3235 627 3440 682 Lollius
3471 629 3590 680 fun-

1993 723 2136 777 ditus
2167 730 2513 787 everterant,
2544 736 2832 775 occurrere
2855 721 3075 774 fratrum
3098 720 3255 790 legati
3281 760 3298 787 ,
3330 719 3433 774 sibi
3472 720 3589 788 qui-

1993 832 2098 885 que
2130 816 2392 870 Romanae
2423 817 2541 884 opis
2568 814 2831 868 auxilium
2875 814 3267 885 implorantes;
3316 822 3370 867 et
3396 828 3590 882 quam-

1994 909 2076 962 vis
2120 907 2472 962 inferioribus
2498 918 2646 962 esset
2673 906 3256 978 viribus_Aristobulus
3282 948 3295 971 ,
3346 922 3592 976 praepon-

1995 1001 2201 1055 deravit
2245 1010 2425 1053 tamen
2455 999 2699 1069 pecuniae
2729 999 3022 1052 oblatione.
3076 998 3341 1054 Venditur
3381 1015 3591 1055 summa

1998 1094 2252 1165 praelialis
2277 1093 2590 1147 certaminis
2615 1092 2830 1146 talentis
2861 1093 3120 1146 trecentis
3143 1133 3156 1158 ,
3188 1102 3244 1146 et
3269 1092 3472 1161 justitia
3501 1109 3595 1164 po-

1996 1186 2180 1241 stulati
2211 1186 2382 1254 pretio
2406 1193 2684 1253 pensatur.
2717 1182 2830 1251 Qua
2873 1185 3096 1252 pecunia
3141 1183 3240 1237 sibi
3269 1200 3594 1239 annumera-

1999 1288 2072 1344 ta,
2102 1277 2388 1332 denuntiat
2411 1277 2646 1331 Scaurus
2678 1276 2927 1347 Hyrcano
2966 1277 3187 1346 regique
3225 1275 3442 1330 Arabiae
3483 1276 3594 1330 dis-

1997 1370 2191 1425 cedere
2222 1369 2290 1423 ab
2319 1369 2626 1433 obsidione,
2655 1378 2747 1421 aut
2770 1368 2813 1421 si
2838 1380 3241 1437 permanerent,
3265 1370 3468 1423 scirent
3489 1369 3594 1422 sibi

1998 1463 2284 1518 adversum
2319 1462 2633 1530 Pompeium
2683 1471 2733 1514 et
2765 1459 3042 1515 Romanos
3069 1462 3214 1517 bello
3250 1463 3591 1516 certandum.

2000 1557 2076 1610 Eo
2105 1563 2320 1610 terrore
2345 1553 2560 1608 obsidio
2588 1553 2797 1607 soluta:
2821 1550 3015 1607 Aretas
3043 1553 3470 1622 Philadelphiam
3502 1571 3592 1623 pc-

2002 1653 2062 1705 tit
2092 1693 2106 1718 ,
2146 1651 2384 1707 Scaurus
2414 1649 2732 1702 Damascum
2764 1646 3076 1702 revertitur.
3130 1646 3474 1700 Aristobulns
3502 1664 3596 1699 an-

1999 1751 2108 1797 tem
2141 1742 2362 1796 vixdum
2411 1740 2636 1794 idoneus
2677 1739 3043 1809 propulsanda
3094 1738 3335 1808 periculo
3374 1754 3592 1794 manum

288 1860 560 1906 exsortem
589 1851 799 1906 honore
826 1850 934 1905 alio
961 1848 1112 1920 fungi
1148 1849 1387 1912 sineret,
1422 1864 1584 1917 quem
1635 1849 1750 1916 ipse
1797 1847 1895 1900 im-
1924 1862 1971 1921 Β
2001 1833 2230 1904 εοηίείίν
2260 1833 2472 1887 hostem
2507 1832 2806 1901 insequitur
2833 1873 2847 1890 .
2871 1840 2927 1885 et
2955 1829 3022 1883 ad
3058 1840 3080 1870 ο
3107 1829 3462 1900 Paparionem
3493 1831 3510 1897 (
3540 1830 3593 1885 id

289 1943 619 2013 pertivisset.
654 1941 998 1997 -Transactio
1052 1939 1361 2010 hujusmodi
1413 1941 1576 1994 etiam
1622 1939 1892 2009 religione

290 2039 478 2107 templi
504 2045 714 2092 sacrata
735 2078 751 2103 ,
784 2037 1157 2092 assensionem
1188 2037 1468 2105 utriusque
1497 2033 1667 2088 tenuit
1698 2033 1892 2087 volun-

295 2130 488 2185 tariam
517 2147 530 2182 :
564 2128 691 2184 iride
735 2143 857 2182 cum
899 2127 1071 2198 gratia
1099 2127 1401 2182 discessum
1431 2135 1553 2192 est,
1607 2139 1670 2179 ac
1697 2139 1756 2179 se
1808 2124 1893 2179 in-

289 2227 464 2280 vicem
499 2226 822 2290 salutantes,
848 2223 1192 2279 Aristobulus
1224 2223 1274 2277 in
1304 2224 1484 2278 aulam
1515 2222 1718 2293 regiam
1769 2236 1893 2277 sese

288 2322 518 2388 recepit,
553 2317 831 2390 Hyrcanus
859 2315 1236 2388 :equanimiter
1265 2317 1318 2371 in
1340 2316 1559 2372 domum
1589 2313 1889 2371 Aristobuli

289 2411 584 2466 concessit.
1052 2479 1056 2484 _

887 2505 1120 2562 CAPUT
1159 2505 1299 2561 XIV.

309 2675 311 2677 ι
363 2599 471 2656 Sed
498 2599 683 2666 fuere,
714 2614 852 2669 quos
878 2610 1054 2656 metus
1081 2615 1144 2655 ac
1187 2613 1366 2654 rerum
1395 2597 1623 2652 mutatio
1652 2596 1892 2650 incesse-

289 2701 397 2758 rat,
427 2693 598 2762 quise
630 2691 904 2746 studuisse
925 2692 1192 2747 adversus
1217 2688 1590 2745 Aristobulum
1623 2685 1887 2742 recorda-

288 2795 481 2841 rentur
505 2829 520 2852 ,
550 2796 604 2842 et
635 2801 744 2856 pra:
769 2787 982 2840 cwleris
1010 2787 1296 2855 Antipater
1329 2803 1342 2838 :
1386 2786 1431 2839 is
1476 2792 1594 2838 erat
1621 2781 1891 2836 Idumzeus

286 2894 513 2949 genere,
546 2877 575 2916 δ
607 2877 849 2932 moribus
879 2877 1021 2947 apud
1049 2893 1178 2932 suos
1209 2878 1422 2942 clarus,
1455 2891 1563 2930 non
1592 2874 1768 2929 tenuis
1799 2887 1894 2942 pe-

285 2974 489 3040 cunire,
519 2983 573 3028 et
602 2973 722 3028 ideo
750 2973 1056 3043 praevalida:
1084 2972 1362 3041 potentize,
1395 2978 1510 3024 arte
1546 2969 1680 3023 mira
1717 2967 1891 3022 factus

286 3069 359 3123 ad
388 3067 839 3123 contemnendam
890 3067 1172 3136 pecuniam
1225 3073 1447 3135 propter
1493 3060 1889 3119 conciliandam

288 3159 539 3230 gratiam.
587 3158 687 3226 Qui
718 3158 1026 3230 Hyrcanum
1055 3156 1302 3212 consiliis
1336 3156 1451 3209 suis
1493 3155 1844 3224 perterritum
1871 3193 1887 3219 ,

283 3253 433 3325 quod
461 3252 664 3307 nullam
696 3253 887 3307 salutis
931 3266 1043 3306 sua:
1083 3265 1233 3320 spent
1285 3258 1454 3302 tutam
1501 3245 1766 3311 haberet,
1799 3243 1889 3314 qui
1915 3248 1959 3310 C

285 3345 525 3412 imperio
553 3343 881 3398 decessisset
912 3342 1012 3395 nisi
1049 3340 1350 3410 transfugio
1394 3338 1496 3392 sibi
1537 3338 1885 3400 consuleret,

284 3437 383 3492 ubi
413 3435 478 3490 ad
506 3452 632 3490 suas
661 3444 804 3491 artes
833 3433 1133 3501 inclinavit,
1168 3433 1407 3487 insinuat
1435 3435 1617 3486 Aretae
1644 3430 1776 3500 regi,
1810 3428 1890 3483 fo-

282 3529 526 3584 vendum
557 3528 759 3581 auxilio
787 3527 961 3581 virum
992 3528 1082 3596 qui
1112 3525 1514 3580 circumventus
1543 3523 1684 3579 foret
1719 3531 1778 3576 ut
1803 3537 1889 3576 re-

281 3636 397 3693 gno
427 3620 680 3685 cederet;
709 3620 964 3674 decorum
998 3617 1100 3673 hoc
1126 3617 1244 3672 fore
1272 3616 1408 3686 regi,
1438 3617 1482 3671 si
1506 3615 1708 3670 arbiter
1733 3614 1888 3668 lieret

281 3712 502 3782 imperii
531 3711 847 3766 restituendi
878 3727 891 3775 ;
919 3710 1195 3779 multoque
1225 3708 1500 3777 pulchrius
1521 3748 1535 3770 ,
1570 3707 1616 3761 si
1645 3706 1885 3760 circum-

281 3807 518 3874 scripto,
551 3804 637 3858 cui
668 3803 938 3872 primitiva
964 3802 1115 3870 regni
1146 3809 1519 3869 competerent
1543 3840 1559 3865 ,
1604 3797 1734 3852 dolo
1759 3796 1888 3851 sub-

281 3897 392 3952 lata
420 3895 702 3950 reformari
731 3893 984 3963 juberet:
1015 3892 1164 3946 illum
1190 3899 1469 3946 versutum
1505 3899 1559 3944 et
1587 3888 1841 3943 callidum
1867 3929 1882 3954 ,

283 4000 343 4043 et
371 3987 495 4042 ideo
536 3995 844 4056 suspectum
875 3986 1068 4040 vicinis
1092 4000 1116 4038 :'
1138 3984 1281 4038 hunc
1310 3982 1497 4048 mitem
1525 3990 1580 4036 et
1609 3983 1882 4051 quietum,

281 4082 378 4153 qui
408 4097 506 4152 pro
535 4095 747 4135 summo
779 4079 1044 4134 benelicio
1068 4076 1360 4146 acciperet,
1390 4073 1657 4146 quidquid
1693 4073 1794 4127 sibi
1818 4072 1886 4128 ab

282 4185 516 4232 externo
549 4173 877 4228 tribueretur
902 4213 916 4236 ,
964 4169 1050 4226 cui
1093 4170 1261 4224 frater
1306 4171 1469 4223 etiam
1510 4163 1768 4236 regnandi
1795 4164 1886 4234 jus

282 4268 602 4323 ademisset.
656 4265 1017 4334 Praeparatam
1051 4264 1232 4332 itaque
1269 4262 1449 4317 Areta:
1489 4262 1629 4328 regis
1656 4258 1885 4327 gratiam

287 4362 538 4431 Hyrcano
569 4357 920 4422 annuntians,
952 4355 1188 4426 fugiendi
1216 4369 1370 4424 Spem
1397 4353 1592 4408 detulit
1619 4393 1634 4414 ,
1661 4361 1718 4408 et
1741 4351 1882 4404 viam

284 4454 725 4520 demonstravit,
776 4464 834 4506 ιιι
879 4466 1061 4507 secum
1111 4460 1320 4521 peteret
1353 4449 1566 4504 Petram
1595 4447 1647 4501 in
1683 4446 1886 4502 ﬁnibus

283 4547 501 4603 Arabiae
529 4547 687 4601 sitam
713 4585 727 4608 ,
761 4560 869 4616 quo
895 4545 947 4598 in
981 4544 1099 4598 loco
1125 4557 1307 4614 regem
1353 4541 1566 4596 adirent
1591 4557 1605 4594 :
1647 4539 1737 4608 qui
1765 4553 1886 4608 pre-

2003 1927 2320 1982 vot-ahulum
2361 1925 2644 1996 loco)sex
2684 1922 2860 1978 millia
2887 1923 3156 1988 hostium,
3201 1921 3365 1976 simul
3405 1930 3460 1977 et
3486 1921 3596 1976 tra-

1998 2032 2136 2077 trem
2159 2019 2429 2090 Antipatri
2455 2019 2727 2074 fallionem
2759 2016 2945 2087 praelia
2970 2016 3142 2081 fudit;
3177 2015 3411 2086 Hyrcani
3431 2025 3593 2085 atque

1995 2115 2265 2184 Antipatri
2291 2127 2418 2182 spes
2440 2112 2589 2182 lapsa
2611 2119 2717 2176 est,
2743 2110 2937 2180 quibus
2960 2108 3156 2164 ﬁducia
3177 2109 3355 2164 omnis
3384 2107 3436 2162 in
3459 2109 3593 2162 Ara-

1997 2208 2102 2264 biae
2140 2206 2344 2262 viribus
2366 2215 2502 2260 erat.

2599 2293 2832 2352 CAPUT
2871 2293 2989 2348 XV.

2066 2394 2174 2451 Sed
2200 2393 2288 2450 ubi
2316 2406 2546 2463 magnus
2573 2390 2867 2460 Pompeius
2904 2389 3057 2443 adire
3081 2388 3294 2460 Syriam
3321 2387 3504 2456 erepit,
3542 2396 3595 2440 et

2002 2491 2318 2543 Damascum
2349 2486 2605 2552 advenit,
2651 2501 2681 2538 a
2715 2484 2970 2538 Romanis
2993 2498 3220 2552 quorum
3249 2480 3470 2536 auxiliis
3514 2480 3594 2532 in-

1997 2581 2150 2635 fracti
2178 2621 2192 2644 ,
2224 2579 2294 2634 de
2323 2577 2571 2632 manibus
2591 2575 2871 2630 victoriam
2909 2576 3142 2629 amisere
3165 2613 3181 2640 ,
3220 2587 3378 2642 opem
3411 2581 3594 2642 postn-

1997 2674 2130 2738 lant,
2157 2671 2579 2740 Pompeiumque
2598 2668 2819 2732 adeunt,
2853 2676 3125 2735 tamquam
3145 2663 3279 2732 justi
3303 2663 3589 2728 arbitrum,

1996 2775 2059 2822 et‘
2098 2765 2322 2820 minime
2357 2778 2578 2817 avarum
2625 2761 2888 2832 pecunia).
2941 2757 3371 2828 Allegatiouibus
3409 2758 3592 2828 itaque

1997 2846 2104 2912 iton
2133 2855 2444 2911 muneribus
2472 2853 2574 2925 (ut
2600 2861 2725 2908 ante
2748 2853 2767 2923 )
2792 2852 2888 2906 ttiti
2919 2865 3175 2920 coepere:
3223 2850 3480 2918 quoniam
3513 2849 3594 2903 in-

1997 2962 2145 3022 teger
2169 2951 2381 3004 animus
2420 2948 2680 3001 adversus
2708 2943 3072 3013 corruptelam
3096 2942 3362 3011 pecunim,
3387 2940 3594 3009 laqueis

1996 3042 2238 3097 avaritiae
2269 3057 2374 3096 non
2402 3040 2721 3109 capiebatur
2745 3079 2759 3104 ,
2805 3047 2861 3092 et
2905 3035 3140 3105 gratuito
3166 3034 3352 3088 odisse
3381 3041 3593 3102 poterat

1996 3137 2238 3191 fraterno
2269 3133 2579 3188 insidiatum
2604 3129 2835 3184 honori:
2876 3138 2932 3182 et
2962 3127 3085 3182 ideo
3125 3124 3210 3180 bis
3252 3139 3377 3179 eum
3405 3123 3590 3177 adorsi

1995 3226 2234 3298 querelis
2260 3264 2275 3290 ,
2319 3224 2512 3293 quibus
2539 3233 2592 3276 et
2617 3219 2934 3274 Aristobulo
2965 3220 3118 3272 lieret
3157 3215 3358 3270 invidia
3387 3254 3401 3279 ,
3445 3213 3592 3282 quod

1995 3319 2246 3388 indignus
2273 3317 2450 3370 aliena
2479 3315 2743 3369 invaserit
2765 3352 2781 3379 ,
2815 3320 2870 3366 et
2897 3313 3145 3382 Hyrcano
3169 3305 3549 3360 conciliaretur
3570 3343 3588 3369 ,

1991 3414 2078 3468 cui
2109 3411 2194 3466 vel
2223 3409 2415 3464 merito
2440 3408 2585 3474 vitae,
2615 3408 2699 3460 vel
2725 3405 2901 3459 aetatis
2931 3401 3188 3471 suﬂ‘ragio
3214 3397 3476 3468 regnandi
3501 3397 3591 3466 jus

1991 3511 2347 3574 competeret,
2401 3502 2733 3571 astipulante
2779 3496 3080 3569 praesertim
3123 3491 3310 3548 matris
3351 3492 3591 3552 auctori-

1992 3610 2249 3669 tate,qute
2276 3610 2330 3653 et
2349 3597 2611 3668 judicium
2643 3591 2876 3663 eligendi
2905 3589 3090 3644 [tabuit
3119 3585 3272 3654 etjus
3299 3582 3584 3660 conferen-

1990 3697 2067 3751 di.
2089 3694 2200 3748 Nec
2231 3690 2577 3748 Aristobulus
2598 3690 2690 3743 diu
2710 3687 2902 3754 abfuit,
2932 3681 3181 3754 quamvis
3206 3678 3340 3734 nihil
3369 3677 3422 3731 in
3442 3689 3590 3745 mag-

1991 3802 2062 3842 no
2089 3785 2481 3856 pectore,quod
2514 3783 2626 3837 suis
2650 3780 2860 3834 artibus
2881 3778 3231 3840 conduceret,
3259 3771 3582 3826 intueretur:

1993 3877 2354 3950 praesumebat
2385 3887 2563 3930 tamen
2596 3873 2664 3927 de
2689 3871 2877 3927 Scauri
2906 3868 3279 3936 redemptione
3300 3903 3317 3928 ,
3359 3874 3590 3929 seseque

1990 3976 2109 4044 ejus
2151 3973 2394 4042 jactabat
2437 3969 2722 4026 societate.
2779 3964 2938 4019 Venit
2978 3965 3163 4033 itaque
3198 3959 3350 4029 regio
3392 3963 3591 4011 ornatu

1992 4066 2254 4138 praeditus
2284 4109 2298 4131 ,
2353 4073 2408 4118 et
2455 4076 2626 4133 prope
2663 4059 2872 4128 majore
2902 4070 3062 4123 quam
3100 4053 3310 4108 solebat
3357 4050 3588 4116 stipatus

1988 4160 2194 4214 ambitu
2221 4199 2236 4223 ,
2288 4166 2346 4211 ut
2372 4145 2466 4226 qui.
2509 4155 2578 4208 de
2605 4151 2819 4222 justitia
2852 4147 3171 4212 dissideret,
3201 4140 3584 4212 acquiescendi

1991 4248 2369 4322 praeiudicium
2401 4245 2759 4308 excluderet,
2812 4256 2967 4310 spem
3004 4235 3294 4292 obediendi
3325 4240 3588 4303 negaret:

1991 4342 2087 4398 sed
2135 4340 2339 4395 diutius
2387 4338 2624 4392 tolerare
2656 4332 2885 4390 Romani
2927 4328 3172 4385 consulis
3203 4326 3590 4384 sublimitatem

1992 4432 2276 4504 nequivit,
2304 4429 2392 4485 cui
2421 4443 2541 4484 mos
2571 4437 2692 4482 erat
2720 4425 2871 4494 regni
2906 4422 3085 4478 exorti
3117 4419 3336 4489 regibus
3373 4413 3593 4485 imperi-

1992 4533 2128 4582 tare.
2160 4523 2347 4594 Itaque
2390 4523 2480 4577 ubi
2511 4521 2582 4575 ad
2615 4519 2806 4574 urbem
2848 4527 3072 4572 ventum
3101 4524 3220 4579 est,
3264 4512 3350 4566 cui
3387 4524 3588 4576 nomen

283 4641 440 4695 cibus
467 4637 736 4706 Antipatri
765 4636 1030 4707 donisque
1062 4627 1314 4700 inﬂexus,
1345 4636 1632 4705 plurimam
1654 4634 1888 4690 bellato—

1995 4617 2239 4687 Diopolis
2264 4657 2278 4680 ,
2307 4615 2415 4668 alio
2445 4610 2752 4674 concessit,
2805 4608 3066 4664 Romanae
3091 4604 3370 4675 dignitatis
3400 4614 3588 4671 super-

285 4748 404 4788 rum
434 4735 650 4786 man‘um
685 4731 933 4802 Hyrcano
962 4729 1226 4799 adjuuxit,
1262 4735 1322 4783 ut
1353 4743 1522 4798 regno
1567 4727 1886 4782 restituere-

289 4835 398 4880 tur.
455 4825 628 4879 Erant
675 4824 790 4879 fere
836 4824 1074 4894 peditum
1114 4823 1470 4893 equitumque
1499 4820 1887 4892 quinquaginta

291 4918 456 4973 millia
482 4957 498 4982 ,
531 4933 562 4971 a
591 4918 786 4987 quibus
816 4918 986 4986 prima
1019 4916 1205 4985 pulsus
1229 4915 1646 4985 congressione,
1681 4913 1891 4968 Aristo-

292 5012 453 5066 bulus
480 5009 908 5082 Hierosolymam
933 5007 1215 5077 confugit,
1245 5008 1426 5078 ibique
1463 5007 1666 5061 intutus
1697 5005 1890 5059 adver-

292 5120 386 5160 sus
415 5112 617 5158 tantam
639 5103 876 5158 hostium
901 5101 1296 5157 multitudinem
1320 5117 1337 5167 ;
1369 5116 1489 5170 quae
1514 5100 1759 5154 clausum
1791 5114 1886 5153 ex-

295 5199 646 5269 pugnavisset
668 5239 683 5262 ,
723 5198 824 5260 nisi
852 5198 1089 5252 Scaurus
1117 5195 1308 5250 ductor
1337 5193 1566 5252 Romani
1615 5193 1887 5247 exercitus

293 5293 516 5347 alterius
536 5291 666 5347 belli
690 5291 977 5346 occasione
1004 5291 1149 5359 quod
1177 5289 1436 5344 adversus
1465 5287 1753 5357 Tigranem
1793 5300 1885 5355 ge-

295 5384 546 5448 rebatur,
587 5385 840 5440 solvisset
864 5383 1208 5438 obsidionem
1235 5423 1250 5445 ,
1295 5382 1493 5438 missus
1528 5397 1556 5436 a
1588 5379 1884 5450 Pompeio,

301 5477 384 5531 cui
400 5478 604 5547 recepti
636 5475 966 5530 Mithridatis
993 5475 1125 5529 ultio
1147 5476 1357 5546 gravis,
1401 5473 1634 5542 bellique
1655 5473 1708 5526 in
1739 5485 1892 5528 soce-

295 5586 417 5640 rum
460 5569 821 5626 transferendi
869 5564 1205 5640 propositum
1257 5569 1458 5626 exarsit
1499 5584 1516 5635 ;
1572 5584 1678 5639 qua
1729 5580 1889 5623 causa

373 5767 396 5795 “
437 5757 600 5813 Vetus
627 5753 820 5817 codex,
849 5761 1146 5807 conventus.
1174 5751 1339 5806 BARR.

370 5828 398 5871 δ
431 5826 739 5903 Majort'bus.
771 5824 842 5882 ID.

1993 4711 2177 4766 cilium
2211 4705 2529 4776 dedignatus
2553 4704 2705 4774 regni
2739 4712 2973 4756 tumore.
3000 4699 3116 4765 Qua
3135 4697 3450 4751 secessione
3474 4692 3597 4748 Ari-

1994 4802 2194 4858 stobuli
2222 4842 2235 4865 ,
2292 4808 2379 4854 est
2418 4813 2528 4856 non
2559 4795 2854 4851 mediocris
2880 4793 3040 4848 datus
3069 4788 3361 4846 offensioni
3401 4789 3550 4843 locus
3575 4826 3590 4851 ,

1995 4909 2163 4965 usque
2193 4892 2330 4947 adeo
2359 4899 2636 4946 commoto
2668 4886 2897 4941 consule
2922 4925 2937 4950 ,
2989 4894 3045 4938 ut
3085 4884 3266 4938 statim
3297 4894 3449 4936 arma
3488 4879 3594 4934 lto-

1992 5001 2278 5043 manorum
2308 4985 2360 5037 in
2381 4981 2626 5036 Judaeum
2658 4987 3148 5040 converterentur;
3173 4973 3479 5043 conjunctis
3495 4971 3597 5042 Sy-

1993 5081 2089 5134 ria:
2117 5079 2278 5134 etiam
2323 5075 2596 5144 plerisque
2621 5069 2982 5127 auxiliaribus
3018 5087 3030 5124 :
3063 5083 3225 5138 quem
3254 5067 3343 5121 ubi
3370 5079 3593 5134 compe-

1995 5173 2066 5230 rit
2097 5171 2446 5228 Aristobulus
2496 5166 2563 5221 ad
2619 5165 2809 5222 urbem
2841 5163 3212 5234 Scythopolim
3261 5169 3425 5230 atque
3472 5158 3600 5221 inde

1997 5268 2201 5322 Coreas
2234 5263 2674 5335 appropinquare
2699 5303 2714 5328 ,
2748 5258 2890 5313 unde
2930 5267 3048 5311 erat
3077 5255 3282 5310 Judazae
3308 5250 3599 5308 exordium

2000 5359 2362 5433 possessionis
2392 5400 2405 5423 ,
2438 5355 2687 5426 confugit
2723 5358 2774 5411 in
2805 5353 3190 5414 Alexandrium
3219 5358 3452 5405 castrum
3484 5359 3604 5400 mu-

2001 5458 2172 5510 nitum
2220 5453 2550 5519 admodum,
2605 5461 2657 5508 et
2734 5451 2786 5504 in
2851 5454 3041 5504 monte
3102 5445 3368 5501 altissimo
3416 5440 3601 5492 situm.

1998 5550 2116 5626 Quo
2143 5546 2359 5618 cognito
2382 5588 2411 5613 ,.
2441 5545 2594 5616 jubet
2644 5560 2767 5601 eum
2812 5543 3101 5614 Pompeius
3129 5535 3499 5594 descendere:
3546 5543 3605 5589 at

1991 5809 2022 5864 J
2067 5749 2100 5862 ἓ
2139 5737 2488 5862 ll’apyrenem,
2539 5733 2762 5804 Joseph.
2805 5747 2922 5802 cap.
2983 5730 3037 5793 5,
3100 5726 3193 5780 lib.
3249 5740 3301 5784 1.
3358 5724 3421 5776 ἀι
3468 5720 3602 5777 ΒΘΗ.

2031 5827 2064 5864 u
2110 5855 2122 5864 .
2181 5825 2244 5862 n.-

2031 5825 2122 5864 ua.
2159 5825 2244 5862 ID.-
