4148 6362
635 277 772 334 1975

1957 277 2202 334 SANCTI
2244 278 2566 337 AMBROSII

3746 291 3858 350 1976

631 393 727 449 ille
769 402 1045 464 tamquam
1093 393 1248 450 herili
1294 402 1566 465 praecepto
1625 393 1851 449 obedire
1909 393 2227 449 indecorum
2255 398 2308 456 A
2334 396 2502 465 poris,
2530 411 2652 452 eum
2678 397 2859 454 subito
2883 401 3023 455 intra
3043 400 3233 456 urbem
3256 409 3374 456 orta
3401 400 3587 458 seditio
3606 404 3867 466 volentibus

631 486 974 553 existimans,
997 487 1294 557 periculum
1325 487 1508 557 potius
1527 486 1868 542 subeundum
1895 528 1910 552 ,
1939 501 2101 558 quam
2134 486 2230 542 ob-

632 580 1050 649 temperandum
1099 580 1332 650 imperio
1362 580 1529 635 animi
1574 581 1894 636 immodicus
1923 579 2226 635 arbitraba-

629 681 740 728 tur.
764 672 873 728 Sed
905 673 1101 728 referta
1120 673 1333 742 populis
1349 672 1592 728 Romana
1615 682 1790 729 castra
1814 672 2047 742 desuper
2071 686 2228 742 spec-

630 774 776 831 tans,
806 765 966 819 simul
995 780 1026 818 a
1058 764 1173 820 suis
1201 766 1462 832 monitus,
1510 780 1615 820 non
1669 766 2016 821 lacessendos
2043 785 2058 831 ,-
2091 781 2227 836 quo-

623 871 748 912 rum
779 856 833 911 in
863 870 1057 911 nomen
1087 872 1152 912 ac
1181 866 1503 926 potestatem
1536 866 1680 912 totus
1709 871 1878 928 prope
1923 856 2072 912 orbis
2121 866 2228 912 ter-

623 963 810 1005 rarum
843 959 1210 1015 concesserat,
1241 949 1544 1016 descendit,
1575 950 1927 1020 pluribusque
1957 966 2085 1006 usus
2107 949 2227 1021 qui-

631 1041 731 1097 bus
758 1058 980 1113 regnum
1013 1043 1116 1097 sibi
1138 1044 1260 1112 jure
1286 1043 1526 1098 delatum
1550 1052 1796 1098 astruere
1824 1043 2221 1108 contenderat,

627 1136 714 1190 vel
745 1136 960 1205 generis
982 1135 1224 1190 debitum
1252 1137 1654 1192 necessitudine
1680 1177 1694 1200 ,
1728 1135 1810 1190 vel
1837 1136 2107 1191 exercitus
2133 1135 2222 1206 ju-

627 1227 772 1284 dicio
797 1271 813 1298 ,
863 1230 954 1300 qui
985 1241 1206 1286 secutus
1234 1215 1304 1285 sit
1332 1231 1651 1286 validiorem
1681 1272 1696 1292 ,
1734 1230 2039 1286 deseruerit
2069 1231 2220 1301 igna-

623 1337 788 1377 vum:
843 1323 928 1378 vel
970 1335 1170 1380 eventu
1214 1323 1422 1395 prtelii,
1469 1324 1555 1379 vel
1599 1323 1736 1393 pacti
1761 1323 2124 1379 conventione
2153 1322 2220 1376 ad

624 1415 983 1472 munitionem
1018 1418 1327 1472 revertitur.
1379 1417 1590 1472 Rursus
1615 1432 1736 1472 cum
1768 1417 2053 1488 Hyrcanus
2084 1432 2218 1473 con-

624 1510 798 1564 sulem
831 1509 1082 1576 adiisset,
1103 1523 1332 1567 vocatus
1359 1512 1426 1566 ad
1439 1511 1711 1582 judicium
1744 1513 2089 1568 Aristobulus
2112 1554 2127 1577 ,
2161 1528 2220 1569 se

625 1618 686 1660 se
717 1608 1150 1676 repraesentavit.
1201 1606 1306 1663 Sed
1352 1622 1475 1662 eum
1524 1607 1700 1662 adhuc
1743 1607 2216 1677 comperendinari

626 1697 992 1767 cognitionem
1026 1699 1254 1766 videret,
1284 1701 1335 1753 in
1361 1700 1644 1779 castellum
1673 1715 1952 1770 regressus
1975 1711 2076 1756 est.
2111 1700 2219 1755 Me-

2333 487 2566 559 Hyreani
2589 490 2753 545 sociis
2777 491 2914 547 urbe
2942 491 3188 562 recipere
3206 492 3538 562 Pompeium,
3560 497 3869 556 renitentibus

2331 582 2627 640 Aristobuli
2654 588 3172 657 propugnatoribus;
3203 588 3284 642 illi
3299 599 3479 658 portas
3493 592 3687 661 aperire
3697 593 3869 664 Magno,

2330 675 2416 730 isti
2443 676 2721 744 obserare,
2753 679 3065 751 bellumque
3084 681 3308 746 inferre,
3335 698 3402 738 ne
3423 700 3595 756 regem
3615 687 3870 757 eriperent.

2330 767 2437 823 Sed
2482 769 2729 839 pluribus
2771 787 2908 842 quos
2954 782 3131 829 terror
3171 777 3425 845 potentia:
3469 777 3710 834 Romanae
3736 796 3873 838 auxe-

2329 872 2652 930 rat,cessere
2669 863 2751 920 inf
2751 864 3149 944 eriores,atque
3165 868 3218 923 in
3237 869 3494 941 templum
3507 885 3620 927 sese
3632 887 3875 944 recepere,

2325 957 2509 1011 soluto
2546 966 2712 1026 ponte
2739 959 2836 1028 qui
2878 943 3108 1015 transitu
3140 962 3326 1031 pervio
3354 966 3535 1018 urbem
3563 978 3622 1017 ac
3657 943 3876 1035 templum

2327 1049 2541 1104 medius
2581 1051 2964 1120 conjunxerat.
3007 1053 3280 1125 Receptus
3319 1056 3498 1126 itaque
3537 1056 3587 1110 in
3617 1056 3786 1112 urbem
3812 1069 3879 1115 est

2327 1143 2603 1210 exercitus
2625 1143 2922 1213 Romanus,
2956 1154 3012 1202 et
3036 1149 3151 1202 suis
3175 1149 3424 1204 manibus
3459 1139 3623 1205 Judaei
3648 1165 3878 1222 aperuere

2327 1244 2533 1304 portas,
2568 1251 2674 1290 non
2704 1237 2876 1293 multo
2905 1248 3027 1308 post
3051 1239 3200 1296 urbis
3229 1256 3293 1296 ac
3317 1242 3501 1312 templi
3536 1247 3877 1315 expugnatori-

2327 1329 2427 1384 bus
2484 1328 2700 1386 futttris.
2729 1329 3188 1404 Completumque
3237 1343 3324 1390 est
3371 1335 3503 1390 illud
3560 1335 3876 1392 Davidicum:

2324 1421 2468 1478 Deus
2521 1435 2767 1479 venerunt
2805 1437 2978 1500 gentes
3035 1427 3090 1481 in
3145 1428 3495 1483 Itwreditatem
3525 1439 3685 1495 tuam,
3713 1430 3880 1499 polluc-

2323 1527 2444 1571 runt
2467 1520 2717 1588 templum
2747 1529 2981 1574 sanctum
3007 1530 3154 1576 tuum
3177 1521 3350 1594 (Psal.
3377 1539 3579 1588 Lxxvtt,
3612 1524 3682 1594 l).
3704 1524 3880 1593 Sponte

2323 1609 2506 1679 itaque
2548 1611 2822 1667 tradidere
2854 1613 3057 1684 regalia
3088 1629 3206 1680 sua,
3241 1629 3461 1671 cessere
3489 1615 3686 1671 aulicis.
3726 1615 3879 1671 Pisoni

2322 1702 2472 1757 claro
2503 1704 2645 1758 inter
2666 1719 2796 1760 suos
2826 1706 2944 1760 viro
2975 1717 3030 1761 et
3057 1707 3263 1762 militiae
3295 1709 3580 1778 stipendiis
3598 1709 3878 1778 exercitato,

625 1788 747 1844 dius
775 1791 919 1844 enim
950 1790 1093 1845 inter
1119 1806 1268 1860 Spem
1299 1801 1354 1846 et
1388 1793 1636 1847 timorem
1667 1793 1905 1862 putabat,
1940 1793 2082 1863 quod
2112 1795 2213 1847 im-
2246 1791 2294 1851 B
2323 1797 2374 1851 id
2400 1798 2600 1867 negotii
2629 1800 2982 1857 commissum
3012 1811 3114 1868 est,
3145 1811 3203 1856 ut
3235 1818 3395 1858 manu
3422 1804 3595 1858 valida
3624 1804 3784 1858 aulam
3807 1819 3910 1876 reg

626 1880 794 1948 periis
823 1881 940 1951 ejus
985 1881 1290 1938 obediendo
1317 1883 1383 1938 ad
1413 1885 1494 1939 sui
1523 1885 1749 1967 gratiam
1779 1886 2094 1956 Pompeium
2138 1887 2220 1940 in-

625 1969 887 2027 ï¬‚eCteret.
915 1971 1024 2027 Sed
1052 1988 1120 2028 ne
1152 1975 1201 2027 vi
1233 1974 1540 2044 adigeretur
1581 1975 1776 2031 iterum
1805 1977 2033 2046 imperio
2060 1977 2238 2033 cede-.

627 2080 723 2133 re,
767 2067 818 2120 in
849 2065 1232 2123 Alexandriam
1271 2083 1392 2125 sese
1439 2070 1755 2140 recipiebat.
1806 2071 1916 2125 Nec
1950 2074 2221 2142 praeteriit

625 2158 877 2228 Magnum
903 2158 1046 2228 regis
1076 2161 1313 2214 versutia
1343 2177 1357 2221 :
1381 2161 1536 2230 jubet
1563 2177 1686 2216 eum
1730 2162 2014 2220 discedere
2045 2165 2217 2219 muni-

625 2250 899 2304 tionibus:
935 2250 1096 2321 idque
1128 2251 1420 2320 facturum,
1446 2253 1586 2308 datis
1616 2255 1670 2308 in
1701 2255 1944 2326 singulos
1964 2257 2219 2313 custodes

626 2344 990 2400 munitionum
1019 2346 1235 2408 litteris,
1269 2361 1390 2402 sese
1420 2349 1767 2420 astringeret.
1801 2348 1977 2405 Jussis
1998 2351 2219 2421 quidem

623 2435 826 2503 paruit,
861 2450 980 2506 qua:
1009 2451 1116 2490 non
1145 2436 1375 2492 audebat
1404 2439 1700 2497 refellere:
1751 2443 2000 2510 protinus
2039 2453 2217 2500 tamen

625 2524 1134 2597 llierosolymitanis
1161 2528 1432 2584 moenibus
1474 2546 1597 2586 sese
1623 2532 1870 2600 abdidit,
1913 2543 1969 2589 et
2016 2536 2218 2591 bellum

624 2617 910 2673 adversum
946 2619 1221 2676 Romanos
1252 2637 1444 2691 parare
1473 2626 1660 2695 cmpit.
1692 2628 1978 2697 Pompeius
2005 2645 2220 2701 quoque

625 2710 917 2781 fugientem
945 2713 1181 2785 insequi,
1214 2732 1418 2787 urgere
1444 2719 1688 2774 clausum
1715 2762 1730 2786 ,
1761 2738 1938 2793 neque
1966 2725 2220 2793 parandis

627 2805 753 2861 belli
780 2808 963 2864 usibus
994 2818 1206 2880 tempus
1236 2811 1404 2866 ullum
1433 2813 1586 2869 dare.
1616 2815 1822 2871 Direxit
1848 2817 2020 2887 Magni
2050 2819 2222 2874 inten-

625 2900 830 2956 tionem
862 2901 929 2957 de
965 2904 1276 2961 Mithridate
1308 2909 1528 2963 nuntius
1554 2949 1568 2973 ,
1617 2909 1760 2977 quod
1811 2923 1986 2967 morte
2015 2913 2219 2968 bellum

627 2992 875 3052 tiniisset.
928 2995 1070 3052 Urbs
1117 2998 1331 3056 Hierico
1376 3003 1427 3056 in
1479 3003 1724 3059 finitimis
1761 3006 1875 3060 suis
1907 3007 2219 3078 Pompeium

627 3086 867 3152 tenebat,
897 3103 1022 3142 cum
1054 3090 1132 3144 rei
1162 3102 1480 3148 memoratae
1508 3095 1706 3151 indicia
1735 3099 1985 3154 venirent
2023 3118 2037 3154 :
2073 3101 2222 3156 locus

629 3193 800 3248 prope
818 3181 1026 3247 urbem,
1056 3183 1107 3236 in
1127 3199 1234 3254 quo
1260 3184 1556 3241 balsamum
1580 3188 1837 3258 gignitur,
1862 3192 2221 3264 virgultisque
2247 3171 2294 3234 ÎŸ

632 3269 935 3330 innascitur
958 3315 972 3339 ,
1020 3289 1141 3344 quae
1187 3276 1457 3346 lapidibus
1503 3281 1750 3335 incidunt
1780 3285 1933 3352 pueri
1964 3284 2226 3354 agricola-

633 3377 773 3430 rum,
808 3379 1009 3435 perque
1039 3381 1132 3421 eas
1160 3368 1455 3425 incisiones
1484 3371 1713 3427 distillat
1742 3373 1938 3430 humor
1969 3377 2227 3449 lacrymis

631 3454 857 3523 pulchre
886 3459 1217 3514 rorantibus.
1266 3461 1394 3516 Inde
1421 3465 1502 3518 vir
1530 3465 1740 3521 militiae
1769 3479 1924 3522 vetus
1951 3473 2225 3540 composi-

632 3548 702 3600 tis
731 3547 1015 3604 ordinibus
1040 3591 1057 3618 ,
1089 3551 1156 3606 ad
1186 3568 1473 3625 vesperum
1503 3567 1677 3611 castra
1707 3560 1874 3613 movit
1899 3602 1915 3628 ,
1959 3571 2009 3616 et
2053 3563 2227 3632 primo

628 3637 872 3695 diluculo
899 3640 1404 3715 Hierosolymitanis
1434 3649 1704 3704 mtenibus
1726 3651 1915 3719 astitit,
1939 3660 2100 3724 atque
2128 3656 2228 3710 im-

632 3733 884 3800 provisus
913 3743 1149 3791 armatas
1175 3739 1321 3793 acies
1354 3739 1606 3796 infundit.

1205 3829 1449 3898 _CAPU'Iâ€˜
1492 3831 1632 3888 xvr.

702 3919 1125 3990 Obstupefactus
1169 3924 1513 3980 Aristobulus
1567 3927 1942 3998 dispositionis
1991 3937 2174 4004 specie
2205 3978 2220 4004 ,

628 4012 868 4068 virorum
899 4015 1119 4080 robore,
1154 4006 1383 4072 militum
1410 4020 1712 4088 alacritate,
1744 4037 1936 4095 sponte
1967 4030 2222 4098 occurrit,

625 4107 840 4161 veniam
869 4119 1140 4178 precatur,
1171 4112 1481 4181 pecuniam,
1513 4115 1698 4171 urbem
1718 4158 1732 4183 ,
1766 4134 1934 4189 seque
1965 4122 2221 4182 effarens.

627 4200 930 4271 Verbisque
961 4203 1015 4257 in
1045 4205 1303 4261 mollibus
1333 4209 1656 4278 suppliciter
1683 4212 1898 4269 inflexis
1943 4217 2225 4288 mitigave-

625 4307 709 4351 rat
737 4297 1160 4366 indignationem
1193 4301 1445 4358 Consulis
1473 4323 1502 4372 Îµ,
1539 4306 1634 4360 sed
1685 4305 1837 4363 irrita
1871 4312 2183 4378 precatione
2207 4357 2220 4379 ,

619 4388 747 4455 quia
775 4385 1001 4442 effectus
1027 4387 1214 4443 deerat
1240 4393 1638 4460 promissionis,
1669 4411 1774 4450 non
1803 4398 1980 4453 solum
2015 4403 2224 4470 negatis

622 4479 873 4548 pecuniis
897 4519 913 4546 ,
947 4481 1040 4536 sed
1065 4485 1228 4536 etiam
1263 4483 1397 4539 urbe
1424 4487 1649 4540 excluso
1674 4487 1908 4544 Gabinio
1951 4493 2043 4562 qui
2071 4493 2222 4548 obla-

624 4581 734 4627 tam
764 4574 989 4642 petitum
1017 4585 1261 4642 venerat,
1295 4577 1494 4633 bellum
1515 4580 1779 4635 incubuit.
1809 4582 2054 4655 Namque
2075 4587 2218 4659 Mag-

623 4679 728 4720 nus
767 4667 1026 4722 adhibitis
1068 4670 1386 4726 custodibus
1421 4672 1736 4729 Aristobulo
1761 4717 1776 4741 ,
1829 4677 1977 4732 urbis
2019 4682 2218 4737 moenia

617 4757 891 4827 speculari
917 4760 1103 4830 cmpit,
1137 4770 1303 4832 atque
1331 4767 1614 4834 explorare
1639 4766 1950 4839 diligentius
1975 4812 1988 4837 ,
2021 4774 2219 4844 quibus

621 4850 677 4904 in
727 4851 860 4906 locis
906 4861 1139 4908 tentaret
1178 4854 1560 4925 irruptionem.
1615 4857 1722 4914 Sed
1771 4876 1893 4917 cum
1939 4875 1994 4919 et
2035 4867 2215 4923 valida

618 4957 900 4999 murorum
929 4945 1452 5017 circumspectaret,
1501 4951 1645 5020 quod
1695 4955 1996 5026 expugnari
2025 4961 2216 5029 nequi-

615 5044 738 5088 rent
763 5076 777 5101 ,
811 5045 866 5090 et
894 5038 1150 5107 templum
1177 5040 1228 5093 in
1259 5041 1390 5096 urbe
1422 5041 1566 5097 haud
1598 5040 1948 5103 inferioribus
1975 5051 2211 5107 circum-

612 5125 798 5181 datum
831 5131 1251 5198 munitionibus,
1283 5142 1339 5188 et
1369 5142 1428 5188 ut
1451 5136 1728 5206 geminum
1760 5149 1908 5196 esset
1937 5144 2214 5214 ingressus

612 5219 914 5290 periculum
956 5231 1012 5276 et
1047 5236 1078 5276 a
1107 5222 1486 5281 defensoribus
1516 5229 1738 5298 templi,
1789 5243 1846 5287 et
1888 5233 1957 5289 ab
1998 5235 2082 5290 his
2121 5239 2213 5308 qui

613 5328 890 5369 murorum
937 5317 1342 5386 propugnacula
1394 5330 1715 5388 tuerentur,
1766 5333 1791 5361 Ï„Î¹
1823 5325 1985 5382 haesit
2027 5331 2214 5387 animo

616 5404 835 5473 dubius,
852 5407 1245 5478 sententiaeque
1270 5410 1508 5466 incertus
1529 5427 1626 5483 per
1651 5415 2044 5487 aliquantulum
2075 5432 2211 5478 tem-

681 5550 708 5578 Î±
737 5542 1040 5615 Gronovius
1068 5541 1277 5597 Monob.
1305 5560 1427 5615 pag.
1460 5545 1550 5614 67,
1581 5551 1853 5607 restituit:
1888 5553 2056 5612 [farsit
2085 5576 2155 5614 an
2182 5590 2209 5603 -

609 5613 681 5740 á¼•Î¾
721 5614 877 5667 dubio
901 5655 918 5681 ,
948 5613 1319 5685 sententiisque,
1348 5613 1544 5674 incerto
1581 5622 1906 5691 aliquantum
1930 5613 2191 5700 temporis.

659 5700 886 5740 ALLAND.

659 5700 886 5740 Î‘Î¹Î¹Î‘Îá¿).

677 5755 705 5794 b
728 5754 754 5807 Î™
765 5757 1212 5812 nter-currentibus.
1230 5755 1398 5815 Bentt.

678 5836 700 5864 Î¿
727 5823 960 5882 Habebat
991 5866 1004 5883 .
1041 5865 1054 5880 .
1092 5865 1105 5880 .
1140 5867 1152 5881 .
1188 5838 1326 5885 turre
1345 5847 1627 5890 murorum.
1658 5835 1732 5895 ltt.
1783 5873 1788 5880 -

2321 1889 2463 1958 giatn
2491 1899 2795 1960 cmteraque
2839 1893 2989 1949 urbis
3032 1894 3225 1949 tuenda
3257 1896 3626 1952 existimaret:
3664 1898 3790 1966 quod
3826 1897 3881 1952 ab

2322 1997 2389 2036 eo
2418 1983 2652 2040 sollicite
2676 1994 2946 2052 curatum,
2980 1987 3131 2056 quasi
3161 1987 3227 2042 ad
3259 2003 3321 2043 ea
3352 1987 3683 2044 defendenda
3709 1990 3876 2058 potius,

2322 2089 2482 2143 quam
2522 2077 2837 2147 occupanda
2868 2077 3237 2134 Romanorum
3268 2082 3564 2137 exercitum
3593 2081 3876 2137 ductaverit.

2322 2171 2406 2227 Ad
2435 2171 2625 2241 templi
2654 2180 2836 2227 autem
2876 2173 3256 2242 irruptionem,
3289 2177 3544 2244 quoniam
3576 2174 3881 2245 pertinaciter

2322 2257 2701 2331 resistebatur,
2725 2265 2946 2320 Judzeos
2978 2265 3198 2336 Magnus
3227 2270 3438 2339 paravit
3466 2270 3641 2324 socios
3667 2267 3882 2322 videlicet
3925 2256 3927 2258 â€™

2323 2355 2581 2427 Hyrcani,
2620 2367 2679 2412 ut
2714 2358 2757 2412 si
2789 2359 2901 2413 fieri
2942 2367 3148 2429 posset,
3192 2362 3364 2416 aliena
3408 2362 3631 2416 Romani
3662 2358 3880 2431 mysteria

2324 2465 2432 2504 non
2455 2451 2809 2521 profanarent
2831 2472 2843 2508 :
2869 2455 3028 2509 simul
3056 2464 3113 2509 ut
3134 2456 3246 2509 suis
3272 2455 3525 2510 manibus
3545 2453 3708 2509 Judtei
3734 2452 3880 2506 fossas

2323 2548 2621 2616 replerent,
2648 2548 2816 2619 impio
2845 2549 3148 2603 ministerio
3176 2556 3231 2602 et
3261 2552 3402 2618 turpi
3432 2547 3683 2617 obsequio
3707 2543 3877 2598 servie-

2322 2657 2452 2700 runt
2481 2659 2672 2700 manus
2700 2660 2890 2700 eorum
2925 2645 2975 2698 in
3005 2643 3264 2714 cuphiuo,
3295 2655 3509 2699 mentes
3536 2647 3586 2698 in
3624 2637 3874 2709 sacrilegio

2323 2735 2497 2807 (Psal.
2523 2754 2692 2804 Lxxx,
2726 2737 2811 2811 7):
2837 2738 2934 2794 sed
2956 2738 3087 2793 nihil
3122 2738 3438 2808 proficiebat
3466 2738 3749 2808 congestio,
3775 2746 3875 2788 cum

2325 2835 2693 2893 reniterentur
2718 2849 2749 2889 e
2788 2832 2956 2887 muris
2985 2833 3286 2887 Aristobuli
3327 2831 3656 2897 faulores,et
3677 2827 3877 2896 desuper

2325 2927 2584 2983 afferrent
2627 2927 3070 2996 impedimentum
3105 2945 3117 2980 :
3165 2927 3431 2997 irritaque
3486 2924 3732 2996 Pompeio
3773 2918 3880 2973 fuisv

2327 3030 2449 3076 sent
2487 3021 2730 3085 exordia,
2779 3022 2878 3075 nisi
2921 3019 2946 3058 Î¹)
2989 3020 3390 3075 incurrentibus
3431 3021 3600 3075 sacris
3639 3010 3880 3085 religionis

2325 3112 2540 3181 diebus,
2573 3113 2770 3182 quibus
2806 3112 2874 3166 ab
2901 3112 3048 3166 omni
3084 3126 3278 3166 vacare
3313 3126 3483 3182 opere
3518 3109 3722 3166 Juda'os
3754 3113 3881 3160 vetus

2326 3205 2634 3261 observatio
2680 3205 2848 3270 foret,
2892 3203 3178 3258 imminere
3219 3218 3348 3259 suos
3388 3201 3704 3275 aggerendis
3738 3207 3882 3253 terra-

2328 3313 2448 3352 rum
2500 3298 2720 3352 tumulis
2758 3297 3176 3365 imperavisset:
3224 3298 3340 3352 sola
3382 3298 3528 3352 enim
3569 3287 3882 3350 conserendae

2328 3407 2520 3447 manus
2560 3392 2908 3461 usurpatione
2953 3391 3006 3446 in
3045 3391 3497 3446 consuetudinem
3533 3403 3718 3455 versa,
3746 3383 3882 3440 etiam

2327 3485 2585 3551 sabbato,
2628 3487 2671 3538 si
2716 3493 2894 3540 tamen
2925 3483 3186 3539 inferatur
3212 3484 3494 3554 prmlium,
3540 3492 3593 3540 et
3630 3481 3787 3556 salute
3804 3490 3882 3531 ex-

2327 3588 2561 3634 tremum
2604 3586 2815 3649 petatur
2851 3579 3178 3650 perieulum,
3207 3578 3612 3635 decernendum
3641 3574 3738 3630 sibi
3763 3569 3884 3626 ferro

2327 3672 2498 3728 Judtei
2543 3672 2860 3728 existimant
2896 3689 2909 3726 :
2958 3672 3164 3744 reliqua
3205 3673 3503 3728 certamina
3544 3664 3774 3737 religioni
3806 3661 3886 3715 du-

2328 3775 2478 3822 cunt.
2503 3765 2623 3821 Jam
2647 3765 2846 3821 vallum
2873 3775 3214 3832 excreverat,
3240 3765 3350 3835 jam
3377 3764 3641 3821 machina:
3663 3760 3882 3819 admone,

2327 3861 2704 3930 repugnabant
2738 3860 2874 3931 regii
2928 3875 3210 3915 murorum
3250 3859 3540 3914 altitudine
3603 3855 3883 3913 ferociores,

2329 3967 2430 4008 nec
2459 3953 2756 4007 intermixti
2786 3953 2991 4024 praeliis
3024 3953 3281 4023 propiore
3308 3952 3488 4023 Magni
3515 3964 3729 4008 accessu
3757 3941 3888 4001 incli-

2329 4046 2616 4102 nabantur.
2674 4046 2938 4118 Stupebat
2985 4047 3278 4117 Pompeius
3317 4063 3479 4103 acres
3521 4047 3748 4102 virorum
3788 4037 3886 4092 ani-

2327 4154 2468 4204 mos,
2521 4140 2660 4194 muri
2705 4139 2958 4195 decorem
3001 4155 3066 4196 ac
3097 4141 3546 4211 magnitudinem,
3579 4148 3632 4195 et
3659 4146 3885 4206 nusquam

2327 4233 2556 4289 remissa
2599 4231 2776 4288 officia
2817 4231 3158 4288 sacerdotum
3205 4234 3260 4287 in
3299 4233 3483 4288 medio
3525 4231 3651 4289 belli
3686 4229 3883 4284 furore:

2327 4332 2602 4396 tamquam
2636 4325 2901 4396 profunda
2932 4341 3034 4396 pax
3063 4337 3211 4381 esset
3242 4325 3374 4380 nihil
3406 4326 3596 4382 deerat
3629 4319 3888 4379 sacrificio-

2327 4434 2449 4472 rum
2480 4419 2814 4474 solemnitati
2841 4459 2856 4484 ,
2884 4418 3285 4474 imbellatorum
3317 4419 3462 4474 inter
3487 4417 3663 4490 jaeula
3690 4422 3888 4471 mortes-

2244 4556 2298 4616 Î’
2326 4526 2432 4582 que
2452 4526 2716 4566 caesorum
2743 4510 3070 4567 fundebatur
3099 4513 3319 4584 sanguis
3343 4513 3666 4568 hostiarum.
3690 4507 3888 4563 Victima

2323 4605 2586 4662 altaribus
2617 4607 3018 4678 imponebatur,
3049 4617 3179 4664 ante
3200 4622 3350 4663 aram
3382 4609 3544 4679 positi
3568 4605 3886 4662 feriebantur.

2324 4700 2540 4756 Tertius
2579 4702 2691 4772 jam
2730 4703 2934 4757 mensis
2963 4717 3162 4770 anceps
3191 4701 3367 4757 adhuc
3402 4710 3681 4758 certamen
3714 4708 3735 4736 Î¿
3761 4705 3889 4751 tene-

2322 4793 2433 4848 bat.
2453 4793 2668 4848 Primus
2685 4794 2818 4850 Silla
2837 4803 2987 4850 ortus
3006 4793 3528 4859 Cornelio,Faustus
3548 4803 3602 4849 et
3618 4793 3889 4846 duocenttt-

2320 4887 2522 4955 riones,
2554 4904 2783 4959 quorum
2807 4889 2897 4944 uni
2921 4904 3117 4945 nomen
3146 4888 3334 4956 Furio,
3369 4890 3528 4946 alteri
3556 4897 3670 4946 erat
3692 4881 3885 4943 Fabius,

2319 4980 2530 5051 deiecta
2563 4991 2706 5037 terra
2737 4997 3034 5047 murorum,
3077 4982 3338 5052 templum
3380 4982 3649 5052 irrupere,
3690 4970 3889 5044 singulis

2315 5075 2674 5145 sequentibus
2703 5091 2824 5131 sese
2851 5076 3117 5142 catervis,
3149 5086 3205 5131 et
3246 5076 3648 5132 circumdantes
3680 5068 3887 5137 undique

2319 5167 2504 5237 templi
2558 5168 2850 5236 interiora,
2905 5184 3274 5240 quoscumque
3327 5179 3674 5239 repererant,
3719 5159 3888 5236 gladiis

2314 5262 2830 5318 transverberabant
2851 5303 2867 5330 ,
2893 5263 3243 5319 caedebantur
3269 5263 3536 5334 fugientes
3552 5305 3569 5332 ,
3609 5267 3888 5333 repugnau-

2315 5365 2398 5411 tes
2440 5355 2532 5411 alii
2586 5353 3074 5410 obtruncabantur.
3137 5356 3323 5412 Nullus
3377 5356 3636 5429 parcendi
3684 5351 3884 5413 modus,

2307 5464 2409 5505 nec
2441 5459 2619 5505 tamen
2653 5463 2717 5504 ea
2747 5448 2956 5504 saevitia
2986 5450 3310 5506 bellantium
3332 5493 3347 5519 ,
3379 5451 3640 5522 obsequia
3669 5449 3694 5485 (á½·
3725 5453 3885 5500 vatum

2415 5564 2441 5600 á½±
2460 5563 2662 5634 Vatum,
2689 5561 2741 5617 id
2765 5562 3230 5634 estZsacerdotum,
3265 5573 3324 5619 ut
3348 5581 3411 5620 ex
3441 5573 3694 5620 contextu
3716 5562 3881 5630 liquet.

2309 5633 2481 5702 Quem
2511 5633 2730 5700 quidem
2762 5633 2935 5689 locum
2978 5635 3223 5703 pluribus
3253 5637 3486 5691 illuSIrat
3519 5634 3881 5703 Mazochiusv.

2399 5706 2451 5762 in
2484 5695 2776 5779 columem:
2815 5704 2884 5756 ad
2909 5695 3094 5774 ntdrm.
3129 5706 3304 5779 Neap.
3337 5707 3468 5762 eccl.
3497 5706 3760 5764 kalendar.
3789 5695 3881 5756 vel:

2298 5771 2392 5844 Ill,
2424 5792 2544 5848 pag.
2580 5776 2705 5833 Î¤Î—.
2739 5771 3012 5832 CamnÂ».
