4112 6350
290 408 551 483 impedita.
608 404 839 462 Nudatis
891 403 1091 476 gladiis
1140 402 1460 460 imminebat
1505 402 1680 459 hostis
1731 420 1746 458 :

295 511 464 558 tamen
517 500 637 556 sine
696 498 807 554 ulla
859 495 1272 568 perturbatione
1325 494 1470 550 soliti
1523 495 1699 551 vicem
1754 508 1874 548 mu-

269 595 430 665 ,neris
456 592 909 662 exsequebantur.
942 588 1160 644 Nullum
1190 587 1564 643 intermissum
1594 594 1680 642 est
1707 585 1871 640 ofﬁcii

288 701 471 757 genus.
530 682 797 754 Quidquid
861 682 926 736 ad
985 679 1378 752 puriﬁcatiouis
1435 678 1870 743 solemnitatem,

289 777 542 850 quidquid
569 775 637 830 ad
664 775 846 831 cultus
870 774 1012 830 sacri
1042 771 1444 828 observantiam
1484 779 1735 841 spectare
1775 784 1875 841 po-

292 880 458 940 terat,
498 868 775 938 impletum
823 874 928 922 est.
976 865 1150 921 Tanta
1200 873 1320 921 erat
1366 879 1496 920 cura
1551 863 1875 920 ministerii:

288 971 442 1033 atque
484 960 691 1016 utinam
735 974 835 1031 pro
866 957 1095 1015 veritate
1139 956 1450 1014 devotionis
1491 966 1547 1013 et
1575 956 1701 1013 ﬁdei
1747 957 1879 1014 fuis-

284 1054 392 1111 set!
425 1052 625 1123 Maiora
647 1066 861 1122 quoque
881 1064 913 1105 a
940 1050 1057 1106 suis
1085 1059 1204 1105 orta
1238 1049 1502 1119 pericula,
1532 1057 1559 1086 ⁸
1584 1063 1745 1119 quam
1776 1048 1880 1105 sibi

285 1147 349 1204 ab
375 1146 637 1202 [hebraeis
660 1144 890 1201 invicem
916 1142 1315 1210 inferebantur,
1346 1151 1510 1213 atque
1532 1142 1681 1197 intus
1701 1156 1879 1213 pugna

284 1237 678 1301 vehementior,
710 1244 767 1292 et
796 1251 827 1291 a
855 1235 1132 1292 seditiosis
1161 1236 1386 1306 prapius
1413 1244 1468 1290 et
1497 1248 1702 1305 anceps
1738 1235 1884 1304 peri-

284 1331 456 1388 culum
481 1350 495 1387 :
520 1347 549 1386 a
580 1330 758 1386 fronte
778 1338 1039 1387 externus
1061 1328 1257 1396 hostis,
1281 1344 1311 1384 a
1335 1338 1487 1399 tergo
1513 1328 1881 1401 lateribusque

286 1423 634 1481 domesticus.

858 1536 1091 1595 CAPUT
1130 1536 1296 1593 XVII.

347 1654 535 1725 itaque
562 1652 803 1710 conclusi
835 1651 1096 1724 undique,
1124 1652 1214 1708 alii
1238 1666 1297 1708 se
1318 1649 1763 1723 praecipitabant,
1790 1650 1881 1706 alii

284 1749 468 1820 patria:
502 1748 775 1804 incendiis
803 1748 1192 1804 exurebantur.
1233 1745 1559 1803 Sacerdotes
1586 1752 1766 1800 tamen
1795 1759 1886 1800 us-

287 1862 386 1918 que
412 1845 478 1902 ad
526 1845 774 1901 ultimum
798 1846 851 1900 in
892 1860 992 1900 suo
1017 1858 1244 1900 munere
1277 1841 1723 1913 perseverabant,
1759 1840 1886 1895 bor-

288 1947 457 1996 tantes
486 1954 552 1995 se
572 1940 825 2006 invicem,
851 1954 917 1994 ne
944 1938 997 1993 in
1037 1936 1430 2007 posterioribus
1456 1940 1725 2005 ponerent
1766 1931 1887 1987 ofﬁ-

1126 288 1398 347 HISTOR.
1438 288 1529 346 DE
1567 286 1849 346 EXCIDIO
1886 287 2165 348 HIEROS.
2211 289 2413 348 URBIS
2453 291 2586 348 LIB.
2625 292 2669 347 ι.

3434 248 3576 353 tare

1795 401 1873 459 illi
1899 412 1956 473 Α
1976 404 2125 462 bello
2167 404 2457 478 Pompeius
2486 406 2738 479 egregius
2777 406 3073 480 imperator
3100 406 3220 464 fuit.
3252 406 3584 466 Praeclarum

1980 499 2082 556 hoc
2108 499 2344 566 addidit,
2377 508 2437 557 ut
2463 501 2522 573 in,
2547 501 2774 559 victoria
2817 501 3037 557 modum
3067 509 3280 559 teneret
3307 521 3321 558 :
3353 502 3590 575 denique

1976 593 2309 665 benignitate
2332 595 2437 651 sibi
2466 596 2637 667 magis
2660 612 2821 666 quam
2850 605 3082 662 terrore,
3110 611 3249 667 quos
3268 598 3476 653 vicerat
3495 612 3587 654 as-

1976 672 2227 755 sociavit,
2250 699 2502 745 auctores
2522 690 2899 747 tantummodo
2922 690 3049 747 belli
3081 692 3261 747 securi
3291 691 3580 763 percussit.

1978 780 2264 838 Tributum
2292 796 2507 854 quoque
2535 780 2694 839 victis
2720 783 2999 855 imposuit,
3024 784 3213 840 statuit
3241 783 3460 849 ducem,
3488 783 3585 841 Ju-

1978 873 2111 931 dteae
2160 876 2297 931 ﬁnes
2324 875 2727 933 determinavit.
2760 876 2889 935 Suis
2937 892 3069 949 ergo
3116 860 3318 934 ﬁnibus
3347 878 3585 934 circum-

1979 972 2179 1043 scripta
2206 968 2393 1026 Judma
2422 978 2539 1026 est:
2580 969 2900 1028 reformavit
2925 971 3087 1026 etiam
3122 969 3391 1027 Gadaram
3420 984 3583 1042 quam

1979 1063 2150 1122 Judaei
2176 1072 2507 1133 everterant,
2530 1074 2754 1137 rogatus
2780 1080 2811 1119 a
2838 1064 3117 1121 Demetrio
3136 1064 3239 1135 qui
3259 1064 3449 1134 patriae
3469 1077 3587 1119 sua:

1981 1158 2299 1231 huiusmodi
2327 1160 2554 1231 gratiam
2577 1173 2608 1213 a
2638 1166 2869 1230 patrono
2904 1166 3229 1229 poposcerat
3258 1173 3271 1210 :
3314 1164 3371 1213 et
3399 1156 3452 1211 in
3482 1155 3585 1210 hac

1980 1269 2144 1311 causa
2181 1264 2237 1310 et
2272 1255 2328 1310 in
2368 1253 2613 1325 plurimis
2633 1251 2776 1322 apud
2801 1251 3050 1324 Magnum
3073 1265 3235 1323 supra
3260 1249 3583 1306 libertorum

1982 1351 2201 1407 modum
2234 1365 2404 1421 usque
2450 1348 2518 1404 ad
2558 1345 2815 1404 invidiam
2861 1344 3138 1402 excellens
3164 1362 3181 1412 ;
3207 1342 3582 1400 Aristobulum

1983 1455 2163 1501 autem
2191 1436 2315 1499 cuin
2360 1441 2486 1496 ﬁliis
2534 1449 2588 1498 et
2613 1453 2806 1496 socero
2835 1439 2954 1509 ejus
2980 1436 3226 1507 captivos
3255 1434 3447 1492 statuit
3491 1449 3584 1491 se—

1983 1553 2107 1595 cum
2140 1537 2367 1593 Romam
2399 1534 2670 1592 deducere
2698 1551 2711 1589 :
2744 1531 2842 1589 sed
2871 1544 3008 1587 unus
3034 1545 3101 1587 ex
3132 1529 3319 1586 sobole
3357 1528 3505 1601 regia
3534 1529 3589 1584 in

1984 1632 2180 1688 itinere
2200 1631 2415 1702 elapsus
2440 1627 2780 1694 custodibus,
2814 1625 3034 1682 domum
3064 1623 3384 1680 revertitur:
3412 1622 3462 1679 ei
3489 1636 3591 1679 no-

1985 1742 2110 1784 men
2157 1724 2492 1789 Alexander,
2526 1731 2657 1779 aetas
2701 1721 2869 1777 fratre
2914 1717 3226 1792 provectior
3270 1726 3327 1773 et
3370 1729 3592 1773 sorores

1987 1822 2127 1879 duae.
2154 1820 2456 1889 Antigonus
2477 1825 2657 1872 autem
2680 1828 2798 1870 ωνο
2816 1812 3001 1884 junior
3024 1825 3148 1866 cum
3180 1807 3401 1865 feminei
3426 1822 3592 1864 sexus

1987 1916 2346 1989 germanitate
2374 1912 2441 1968 ad
2474 1911 2660 1966 urbem
2694 1908 3013 1975 deducitur,
3044 1903 3439 1976 Pompeiusque
3464 1899 3595 1969 Cili-

285 2032 420 2088 cium
441 2032 727 2103 religionis
746 2046 906 2102 quam
931 2030 1120 2086 salutis
1143 2002 1494 2100 praesidium:
1520 2034 1671 2081 recte
1697 2038 1880 2080 secum
1912 2024 1962 2086 B
1987 2014 2150 2079 ciam,
2177 2009 2376 2066 deinde
2402 2007 2628 2062 Romam
2657 2002 2836 2075 petiit.

285 2128 382 2198 agi,
413 2128 458 2183 si
484 2125 678 2197 pietati
708 2123 1108 2195 impenderent,
1156 2120 1299 2193 quod
1328 2118 1622 2175 deberetur
1652 2116 1890 2179 necessi-

288 2223 401 2287 tati,
421 2218 987 2290 pulcherrimumque,
1011 2216 1056 2272 si
1088 2216 1141 2270 in
1163 2214 1351 2285 patria:
1369 2213 1492 2269 sinu
1519 2208 1739 2282 sepeliri
1764 2209 1893 2264 lice-

290 2325 385 2372 ret.
408 2315 556 2384 Quid
593 2322 774 2370 autem
802 2314 1019 2384 juvaret
1044 2308 1305 2373 evadere,
1345 2316 1400 2361 et
1433 2304 1782 2376 superstitem
1812 2303 1895 2357 vi—

288 2425 411 2466 vere
439 2408 734 2479 religioni?
765 2405 1087 2477 praeclarum
1119 2402 1301 2474 potius
1332 2413 1471 2470 opus
1503 2397 1713 2453 muneri
1746 2410 1896 2450 com-

294 2504 421 2559 mori
452 2502 571 2573 pio.
606 2500 761 2570 Quod
782 2499 829 2555 si
858 2501 979 2570 quis
1008 2495 1236 2568 periculi
1260 2503 1429 2558 metu,
1460 2490 1701 2567 deserat,
1730 2474 1898 2543 sacri-

294 2596 487 2667 legium
520 2604 605 2650 est
632 2611 645 2648 :
676 2595 721 2648 si
747 2592 868 2663 quis
904 2590 1149 2661 impleat,
1191 2585 1518 2641 sacriﬁcium
1545 2590 1599 2638 et
1630 2582 1731 2652 piae
1768 2593 1895 2649 pas-

293 2687 455 2744 sionis
489 2687 742 2742 victoria.
782 2683 995 2740 Infulati
1029 2683 1208 2752 itaque
1244 2676 1557 2733 sacerdotes
1585 2674 1730 2730 inter
1772 2685 1899 2728 suas

298 2779 499 2835 hostias
545 2776 987 2842 immolabantur,
1021 2782 1076 2828 et
1108 2770 1290 2826 amicti
1321 2766 1765 2824 sacerdotalibus
1782 2772 1899 2820 sto-

300 2873 362 2927 lis
384 2875 530 2927 inter
558 2870 820 2927 cadavera
849 2880 1117 2923 caesorum
1145 2863 1293 2918 humi
1321 2860 1591 2933 iacebant.
1620 2857 1761 2914 Fusa
1792 2856 1903 2912 illic

299 2964 610 3022 Judteorum
644 2962 939 3035 duodecim
973 2958 1137 3014 millia
1158 2999 1172 3022 ,
1206 2940 1573 3011 Romanorum
1613 2951 1769 3023 pauci
1809 2964 1905 3006 ex-

301 3059 497 3127 stincti,
534 3060 721 3128 plures
742 3052 1009 3109 vulnerati
1034 3060 1180 3106 sunt.
1216 3048 1359 3104 Nihil
1384 3058 1565 3102 tamen
1599 3045 1816 3116 gravius
1848 3043 1905 3099 in

302 3150 386 3205 illa
418 3150 642 3206 miseria
669 3148 1051 3218 ingemuerunt
1073 3143 1267 3211 Judtci,
1298 3157 1458 3214 quam
1489 3139 1632 3211 quod
1663 3138 1756 3194 illa
1783 3137 1906 3193 abs-

301 3245 513 3299 condita
552 3250 679 3297 ante
706 3239 1196 3297 sanctiﬁcationum
1224 3235 1507 3308 mysteria,
1536 3239 1742 3288 retecta
1773 3245 1905 3301 gen-

303 3337 439 3393 tibus
458 3351 527 3392 ac
544 3334 885 3390 manifestata
906 3341 1051 3388 sunt.
1077 3306 1321 3400 Denique
1338 3326 1632 3395 Pompeius
1653 3306 1907 3379 curarum

2568 2096 2799 2155 CAPUT
2836 2094 3027 2153 XVIII.

2067 2202 2135 2256 At
2158 2199 2211 2254 in
2239 2196 2394 2270 Syria
2412 2195 2647 2252 Scaurus
2668 2193 2758 2265 qui
2782 2190 2934 2247 ducis
2951 2188 3132 2245 officio
3155 2193 3388 2260 prmerat
3407 2199 3597 2257 recep-

1997 2294 2064 2349 tis
2092 2292 2339 2357 urbibus,
2372 2304 2509 2361 quas
2532 2286 2705 2344 Judaei
2734 2286 3046 2342 invaserant
3075 2284 3127 2338 in
3160 2279 3594 2347 mediterraneis,

1995 2385 2333 2460 Scythopoli,
2359 2384 2583 2455 lppnne,
2608 2382 2778 2449 Pella,
2805 2379 3054 2436 Samaria
3072 2419 3088 2443 ,
3131 2375 3366 2441 Jamnia,
3394 2375 3598 2441 Mirisa,

1999 2481 2193 2545 Azoto,
2239 2477 2551 2534 Arethusa:
2594 2473 2881 2530 maritimis
2909 2486 3147 2543 quoque,
3193 2469 3370 2536 Gaza,
3402 2466 3598 2538 Joppe,

2000 2576 2140 2632 Dora
2172 2583 2227 2630 et
2248 2587 2309 2627 ea
2333 2587 2454 2642 qua:
2476 2567 2746 2625 Stratonis
2770 2565 2936 2621 turris
2958 2564 3090 2619 olim
3111 2563 3427 2629 vocabatur,
3447 2568 3597 2631 post-

2000 2685 2063 2727 ea
2104 2676 2286 2723 autem
2332 2664 2580 2722 Cmsarea
2616 2669 2923 2730 nuncupata
2954 2661 3055 2715 sub
3084 2656 3313 2729 imperio
3346 2654 3603 2723 Herodis,

2001 2763 2094 2834 qtti
2126 2772 2180 2818 et
2200 2767 2449 2827 ornatum
2482 2756 2688 2811 addidit
2714 2764 2771 2810 et
2812 2768 3007 2808 nomen
3040 2749 3287 2815 mutavit,
3315 2748 3601 2804 adversum

2004 2859 2215 2917 Arabas
2235 2857 2436 2914 bellum
2466 2854 2808 2918 moliebatur,
2837 2849 3080 2907 Judazam
3107 2848 3249 2903 inter
3267 2846 3603 2917 Euphratem

2004 2965 2061 3013 et
2088 2955 2382 3027 Egyptum
2406 2969 2421 3007 :
2449 2951 2661 3022 Syriam
2691 2962 2907 3021 quoque
2937 2946 3052 3002 suis
3094 2945 3439 3001 reformatam
3482 2940 3607 2996 ﬁni-

2006 3049 2128 3117 bus,
2160 3047 2367 3119 judicio
2396 3057 2657 3100 coercens
2700 3039 3089 3113 prmdandiqnc
3132 3036 3419 3109 cupidine;
3461 3033 3608 3106 quod

2010 3144 2191 3216 potius
2237 3156 2387 3209 reor,
2417 3153 2580 3211 quam
2617 3135 2929 3209 proferendi
2972 3132 3187 3203 imperii
3216 3130 3427 3203 gratia:
3460 3143 3609 3184 sum-

2008 3254 2153 3295 mam
2182 3234 2337 3308 regni
2362 3231 2575 3291 Arabiae
2603 3231 2819 3289 Petram
2864 3227 3120 3283 invadere
3144 3224 3356 3290 volens,
3380 3220 3613 3277 difﬁcul-

2011 3341 2123 3388 tate
2150 3329 2367 3401 quidem
2398 3329 2640 3383 locorum
2671 3322 2984 3405 impeditus,
3017 3319 3319 3388 irrumpere
3345 3311 3610 3382 nequivit;

302 3429 613 3487 istiusmodi
640 3428 924 3484 declinans
955 3424 1226 3494 superflua
1257 3423 1384 3477 dum
1413 3419 1691 3490 triumpho
1727 3415 1907 3487 potius
1931 3410 1979 3473 C
2010 3427 2164 3499 plura
2198 3434 2380 3478 tamen
2410 3420 2495 3476 vel
2521 3417 2824 3490 propinqua
2854 3413 2973 3470 urbi
3009 3411 3099 3467 vel
3123 3411 3279 3480 longe
3306 3407 3478 3479 posita
3516 3405 3608 3461 de-

304 3523 550 3579 ambusta
576 3521 827 3586 ambiret,
859 3517 1212 3589 sequentibus
1254 3527 1377 3570 sese
1407 3526 1627 3567 suorum
1656 3509 1908 3583 plurimis

2008 3496 2264 3582 vastavit,
2312 3512 2504 3585 quibus
2544 3512 2598 3565 in
2631 3508 2767 3564 locis
2808 3504 3105 3563 exercitum
3155 3500 3272 3573 ejus
3307 3507 3609 3555 morantem
3672 3496 3677 3499 ’

303 3616 435 3675 vidit
456 3615 896 3680 tabernaculum,
924 3613 1225 3668 secundum
1247 3607 1392 3679 quod
1415 3607 1518 3663 soli
1556 3604 1789 3676 principi
1821 3616 1910 3658 sa-

2011 3611 2186 3668 fames
2216 3611 2541 3671 incesserat;
2570 3618 2635 3660 ac
2664 3615 2802 3672 pene
2843 3597 3128 3655 incidisset
3157 3594 3364 3650 facinus
3390 3591 3616 3647 misera-

302 3709 587 3766 cerdotum
639 3704 869 3763 solemni
899 3718 1123 3759 accessu
1152 3701 1394 3773 patebat,
1425 3707 1591 3768 atque
1624 3697 1769 3751 intus
1798 3695 1913 3750 ins-

2013 3706 2143 3771 bile,
2168 3703 2271 3760 nisi
2297 3716 2396 3772 per
2421 3697 2767 3767 Antipatrum
2795 3689 3165 3747 laborantibus
3193 3683 3454 3741 Romanis
3476 3682 3614 3754 Hyr-

246 3802 251 3805 ’
301 3802 448 3872 perit
481 3800 783 3862 lucernam,
812 3802 869 3851 et
900 3807 1167 3859 mensam,
1199 3800 1255 3845 et
1277 3787 1306 3828 ι)
1336 3787 1713 3860 thymiamata,
1743 3793 1799 3839 et
1833 3792 1913 3837 ta-

304 3894 454 3951 bulas‘
488 3889 853 3957 Testamenti,
884 3899 1158 3958 superque
1184 3897 1279 3940 eas
1298 3879 1617 3941 Cherubim,
1648 3886 1705 3933 et
1732 3874 1916 3932 multi-

2016 3813 2185 3857 canus
2220 3794 2534 3853 alimoniam
2564 3788 2960 3852 ministrasset;
2994 3779 3256 3852 idemque’;
3277 3778 3347 3834 de
3387 3776 3617 3833 consilio

2016 3890 2209 3948 Scauri
2249 3890 2472 3944 Aretam
2517 3882 2821 3939 monuisset
2865 3877 3078 3933 solvere
3123 3872 3321 3929 bellum
3366 3869 3616 3940 pecunia.

305 3989 552 4045 tudinem
583 3993 886 4041 aromatum
915 3981 1245 4051 dispersam,
1279 3984 1335 4031 et
1364 3987 1534 4028 sacrae
1560 3970 1804 4040 pecuniae
1835 3978 1918 4024 ta-

2020 3986 2264 4055 Denique
2279 3983 2539 4037 trecentis
2563 3975 2779 4032 talentis
2801 3971 2976 4029 Arabs
3002 3969 3162 4026 hoste
3187 3981 3246 4023 se
3261 3964 3432 4031 exuit,
3453 3963 3619 4021 Scau-

303 4083 449 4139 lenta
504 4079 614 4134 duo
661 4076 829 4132 millia
876 4092 891 4130 :

306 4187 479 4244 esset,
514 4176 727 4245 integer
766 4183 951 4227 tamen
979 4170 1050 4225 ab
1083 4165 1232 4223 omni
1274 4162 1574 4234 cupiditate
1597 4200 1613 4226 ,
1647 4160 1736 4215 vel
1774 4159 1917 4229 ipsa,

942 4075 997 4130 ίη
1046 4070 1244 4144 quibus
1287 4083 1413 4124 cum
1455 4065 1746 4136 Plurimum
1797 4062 1918 4119 διπί
2020 4093 2142 4135 rum
2164 4073 2549 4131 redemit:hoc
2568 4066 2932 4141 regressionis
2953 4064 3073 4134 ejus
3100 4061 3332 4133 pretium
3349 4056 3621 4128 fuitzqua:

2020 4188 2111 4230 res
2134 4170 2384 4243 Hyrcano
2408 4166 2570 4223 ﬁdem
2591 4178 2716 4221 cum
2739 4161 3003 4218 Romanis
3027 4155 3282 4220 firmavit,
3302 4153 3622 4210 societatem
3691 4172 3696 4178 ί

307 4272 392 4328 vel
436 4270 489 4326 si
533 4283 640 4341 qua
665 4280 946 4322 sacrorum
988 4274 1243 4318 vasorum
1276 4259 1502 4313 inventa
1541 4263 1690 4319 sunt,
1720 4254 1919 4308 intacta

2005 4264 2079 4323 'et
2117 4260 2379 4336 profunda
2412 4273 2546 4331 pace
2574 4255 2919 4313 securitatem
2946 4249 3190 4314 fovebat;
3221 4247 3367 4319 quod
3398 4245 3451 4301 in
3492 4242 3627 4298 locis

307 4362 522 4421 servari
551 4338 827 4432 praecepit
872 4375 887 4412 :
938 4365 994 4411 et
1045 4350 1297 4424 sequenti
1348 4356 1477 4421 post
1518 4342 1787 4402 eieidium
1831 4344 1922 4399 die

2026 4357 2313 4416 hostilibus
2342 4354 2606 4412 exercitui
2636 4352 2906 4416 Romano,
2945 4361 3109 4419 opera
3137 4344 3255 4415 ejus
3284 4357 3352 4397 ex
3379 4338 3626 4409 indigen-

311 4466 336 4495 ε
361 4457 681 4511 'l‘lieocorus
704 4449 867 4524 jussit
887 4446 1138 4504 mundari
1165 4443 1352 4514 templi
1379 4440 1664 4506 interiora,
1692 4453 1757 4494 ac
1780 4438 1923 4494 cele-

2026 4452 2104 4507 tia
2127 4450 2300 4523 gravi,
2330 4444 2591 4503 frumenti
2622 4446 2846 4501 satietas
2877 4439 3017 4496 facta
3041 4477 3057 4507 ,
3089 4434 3458 4504 auxiliumque
3487 4445 3628 4502 pra:-

311 4547 455 4604 brari
488 4552 706 4600 assueta
725 4540 1014 4598 sacriﬁcia.
1042 4538 1296 4610 Hyrcano
1321 4547 1540 4605 quoque
1563 4530 1923 4601 principatum

312 4638 611 4697 sacerdotii
633 4635 781 4693 dedit
803 4641 1056 4706 prompta
1077 4632 1198 4701 ejus
1210 4642 1377 4700 opera
1403 4641 1535 4682 usus
1553 4627 1606 4681 in
1624 4622 1926 4680 obsidionis

315 4734 644 4791 necessitate
678 4751 693 4788 :
725 4745 849 4786 nam
880 4729 983 4785 etsi
1026 4725 1227 4782 inﬁdus
1268 4724 1403 4789 suis,
1436 4721 1700 4776 Romanis
1742 4727 1926 4775 tamen
2000 4776 2005 4781 ,

2028 4552 2115 4600 sto
2143 4542 2262 4598 fuit.

2623 4605 2854 4667 CAPUT
2891 4605 3037 4664 XIX.

2103 4706 2212 4764 Sed
2256 4704 2351 4762 tibi
2374 4703 2683 4762 Alexander
2708 4718 2741 4759 e
2782 4701 3014 4758 vinculis
3038 4694 3231 4771 ,Magni
3255 4696 3496 4768 elapsus,
3525 4691 3637 4765 pri-

317 4829 521 4894 lidelis,
549 4835 609 4882 ttt
640 4839 735 4881 sua
769 4824 942 4895 patria
984 4786 1411 4891 expugnaretur.
1446 4815 1554 4872 Sed
1595 4823 1725 4885 puto
1756 4813 1929 4870 nemi-
1950 4807 2008 4869 ἶ)
2032 4816 2179 4859 mum
2206 4800 2441 4867 occulte,
2469 4807 2526 4855 ct
2554 4811 2649 4869 per
2670 4797 3005 4867 aliquantum
3032 4801 3252 4865 tempus
3277 4803 3499 4847 manum
3528 4786 3635 4843 sibi

318 4937 443 4978 nem
474 4920 581 4976 dici
609 4918 825 4974 ﬁdelem
854 4929 1044 4987 posse,
1075 4913 1168 4984 qui
1198 4912 1315 4967 suis
1344 4907 1506 4965 fuerit
1542 4908 1778 4963 invidus.
1810 4905 1930 4963 Non

320 5011 693 5087 perfunctorie
717 5010 902 5080 itaque
931 5011 985 5063 in
1026 5008 1146 5076 ipso
1172 5002 1363 5074 praelio
1397 5001 1539 5071 juvit
1580 4998 1768 5055 hostes
1797 5012 1928 5052 suo-

326 5126 472 5177 rum,
502 5107 590 5164 vel
620 5104 765 5177 quod
794 5099 1165 5161 extramurani
1195 5096 1381 5171 populi
1403 5093 1806 5150 multitudinem
1838 5106 1933 5147 an-

238 5254 247 5265 ,
327 5202 591 5259 nitentem
629 5194 946 5254 Aristobulo
984 5191 1214 5251 retraxit
1254 5190 1325 5246 ab
1371 5187 1489 5258 eius
1517 5186 1819 5242 societate:
1866 5185 1934 5240 ad
2014 5250 2015 5253 η

328 5294 509 5350 omnia
539 5303 717 5348 tamen
746 5290 944 5360 quibus
970 5282 1455 5360 veljprteveniendi
1484 5279 1805 5357 Aristobuli,
1835 5278 1936 5336 du-

327 5386 602 5467 cendique
629 5384 748 5454 ejus
789 5380 1137 5444 auctoritate,
1165 5375 1253 5433 vel
1296 5373 1638 5433 conﬁciendo
1681 5371 1936 5429 celeriter

407 5541 436 5590 τί
468 5551 555 5606 Al.
588 5562 702 5620 qua
730 5545 849 5602 sibi.
880 5544 1055 5620 Rana.

404 5621 436 5661 δ
467 5604 999 5691 ᾹῘΙΙίῃηιὶαηιᾳιενὶατ
1016 5612 1224 5670 Auctor
1245 5609 1500 5691 infra_lib.
1528 5624 1582 5691 v_,
1605 5621 1727 5678 cap.
1752 5606 1787 5664 9
1812 5624 1856 5691 :A
1849 5604 1878 5660 1
1887 5622 1945 5661 n-

343 5703 425 5749 tus
453 5677 945 5764 thymiumnterium,
981 5687 1121 5741 intus
1148 5699 1347 5746 mensa,
1380 5684 1520 5736 intus
1551 5677 1781 5734 lucerna.
1815 5677 1948 5741 Quae

343 5758 898 5843 auidcltl.'e°!i°._h!t°
923 5770 1141 5843 ηιεοςιιμε
1177 5747 1950 5843 [σξῐοςθ,ιξάξ-,ῖ.ίξὲείυει..ιῖίέἐε

348 5818 493 5891 enim
530 5835 619 5893 hic
671 5829 799 5890 facit
827 5818 1109 5900 thymiama
1134 5863 1149 5896 ,
1177 5824 1284 5883 lio’c
1324 5833 1409 5882 est
1445 5822 1681 5892 sufﬁtttsi
1711 5818 1800 5877 ubi
1829 5824 1953 5892 post

341 5703 425 5749 tus
453 5681 945 5764 thymiumuterium,
981 5687 1121 5741 intus
1148 5699 1347 5746 mensa,
1380 5684 1520 5764 in_tus
1551 5681 1781 5764 lucerna.

2038 4894 2291 4951 idoneam
2315 4904 2676 4962 congregans,
2699 4886 2897 4945 deinde
2923 4887 3102 4959 palam
3128 4897 3450 4957 percursare
3474 4882 3640 4951 cmpit

2038 4987 2280 5046 Iudaeam
2310 5005 2326 5043 :
2357 4985 2618 5057 exagitari
2667 4984 2972 5056 Hyrcanus,
3003 4990 3058 5037 et
3098 4979 3262 5036 rebus
3290 4978 3407 5035 suis
3435 4974 3643 5032 diffide-

2039 5099 2139 5140 re:
2166 5082 2445 5138 Romanos
2469 5092 2597 5135 cura
2625 5090 2843 5149 urgere,
2869 5089 2937 5132 ne
2964 5073 3166 5153 bellum
3194 5071 3452 5144 glisceret
3476 5086 3490 5123 :
3513 5066 3643 5139 quin

2040 5178 2205 5234 etiam
2254 5190 2470 5232 murum
2510 5185 2820 5244 prazparare
2850 5167 3243 5239 Hierosolymis
3283 5162 3643 5220 constituerat

2041 5288 2203 5346 quem
2226 5270 2451 5342 Magnus
2472 5266 2848 5329 destrinxerat;
2872 5276 2937 5318 ac
2963 5274 3131 5333 prope
3155 5270 3445 5330 aggressus
3470 5253 3647 5309 fuerat

2042 5345 2201 5440 opus,
2251 5363 2357 5421 nisi
2400 5359 2665 5419 Gabinius
2713 5357 2805 5430 qui
2851 5355 3058 5413 Scauro
3098 5352 3384 5419 successit,
3439 5345 3644 5405 curatis

2050 5529 2328 5587 lucernam
2358 5530 2414 5581 et
2450 5534 2718 5585 mensam.
2745 5519 2920 5574 altare
2946 5530 3168 5573 aureum
3197 5511 3655 5587 sufﬁmentqunt,

2051 5579 2656 5669 séi'ti'céiaopmspm,
2702 5579 3113 5669 memorandum
3157 5591 3458 5669 supererat.
3486 5579 3660 5663 Caete-

2054 5650 2585 5741 ru-mvtvliymiateriiu'm
2616 5650 2794 5741 potius
2820 5676 2983 5741 quam
3018 5650 3485 5741 tliymiailtuteriuttt
3514 5650 3654 5721 scri-

2056 5724 2437 5801 bi‘oebtiisset.
2468 5734 2590 5791 Vid.
2616 5724 2875 5790 'Mazocti.
2913 5732 2952 5787 ι.
2982 5745 3033 5787 c.
3065 5724 3185 5802 pag.
3220 5725 3346 5785 794.
3370 5724 3648 5781 GALLAND.

2136 5822 2157 5853 ο
2187 5810 2351 5868 Forte
2379 5805 2676 5864 Neocorus.
2708 5805 2782 5861 lu.
