4148 6362
495 263 634 332 ιῦῖθ

1781 263 2025 336 sanari
2065 263 2384 356 suasum.

3667 273 3802 329 1980

490 393 712 458 sirenae
741 382 957 444 caeteris
986 382 1182 458 quibus
1215 396 1480 454 terrorem
1507 385 1589 439 sui
1615 385 1852 451 nominis,
1880 399 2095 454 sparse-
2121 386 2176 461 Α
2199 393 2289 440 cto
2305 401 2522 457 quoque
2544 385 2814 456 Pitholao,
2838 389 2930 458 qui
2957 388 3295 444 voluntarius
3323 404 3388 446 ex
3409 388 3802 461 Hierosolymis

491 486 596 554 rat,
622 477 1016 544 occurrendum
1059 478 1356 546 Alexandri
1402 477 1746 548 tentaoientis
1770 479 2092 538 metirnavis—

494 578 596 644 set.
630 569 738 633 Nec
766 571 1074 642 Alerander
1101 569 1474 642 refugiendum
1518 571 1832 638 arbitratus,
1878 570 1976 628 sed
2002 569 2096 626 de-

495 678 724 738 cernere
756 664 947 736 praelio
989 678 1155 732 ausus
1180 679 1301 720 cum
1341 663 1530 720 decem
1566 663 1803 720 millibus
1836 663 2096 736 peditum,

500 755 648 828 mille
676 765 728 810 et
759 755 1067 828 quingentis
1097 755 1372 826 equitibus
1412 756 1576 812 etiam
1607 755 1824 824 castella
1873 770 2095 826 repara-

496 850 598 916 vit,
631 849 1049 924 Alexandrium,
1081 850 1433 922 Hyrcanium,
1467 849 1870 920 Macheruntam
1911 863 2100 919 recep-

498 944 678 1003 taculo
703 945 807 1007 sibi
835 947 905 1018 (si
933 961 1023 1014 res
1054 945 1417 1016 poposcisset)
1467 945 1646 1015 futura
1672 985 1687 1011 ,
1720 943 1803 1000 vel
1851 943 2100 1012 hostibus

499 1037 908 1109 impedimento,
935 1039 1190 1109 quoniam
1221 1049 1276 1093 et
1307 1037 1506 1096 Arabia
1545 1052 1652 1094 non
1694 1037 1826 1108 satis
1861 1036 1962 1092 ﬁda
1993 1035 2101 1094 Ro.-

501 1133 674 1188 manis
703 1133 948 1210 proxima
972 1142 1109 1188 erat.
1133 1130 1417 1195 Gabinius,
1450 1146 1556 1200 quo
1582 1129 1742 1186 citius
1764 1137 2095 1194 occurreret,

500 1225 567 1282 Μ.
599 1225 892 1286 Antoninum
919 1238 1040 1280 cum
1072 1231 1228 1296 parte
1273 1223 1546 1289 exercitus
1592 1221 1875 1298 praemisit,
1914 1231 1971 1284 ut
2001 1221 2102 1288 iter

497 1318 734 1392 hostium
777 1317 1154 1399 impediretur,
1199 1317 1373 1380 donec
1419 1316 1537 1386 ipse
1565 1330 1686 1372 cum
1731 1323 1842 1384 toto
1887 1314 2102 1390 agmine

497 1414 836 1478 adventaret.
874 1416 1161 1488 Antipater
1188 1429 1311 1480 cum
1342 1413 1528 1486 electis
1555 1411 1874 1482 adveniens,
1904 1418 1958 1464 et
1985 1409 2100 1474 Ma-

498 1508 674 1574 lichus
694 1517 748 1566 et
781 1495 1060 1580 Pitholaus
1087 1507 1318 1578 diversis
1340 1505 1652 1572 Judaeorum
1675 1502 1895 1578 subnixi
1926 1508 2104 1556 cater-

500 1601 600 1670 vis,
647 1616 772 1677 cum
808 1602 1044 1675 Antonio
1076 1599 1222 1675 vires
1247 1601 1496 1671 junxere.
1531 1613 1666 1667 quos
1701 1594 1793 1654 ubi
1827 1592 2103 1656 confertos

499 1693 806 1758 Alexander
849 1691 982 1758 vidit
1009 1695 1162 1764 (nam
1198 1689 1307 1760 jam
1342 1698 1398 1746 et
1420 1689 1682 1746 Gabinius
1713 1687 1923 1756 aderat)
1953 1684 2102 1742 ﬂexit

496 1787 805 1856 consilium,
859 1799 912 1846 ut
943 1796 1243 1861 retrorsum
1269 1786 1511 1842 cederet.
1541 1783 1647 1841 Sed
1679 1799 1804 1839 cum
1843 1782 1954 1853 jam
1997 1796 2102 1841 non
2135 1777 2184 1836 B
2211 1799 2270 1837 se
2314 1801 2327 1838 :

499 1881 660 1954 longe
712 1889 897 1940 essent
959 1881 1029 1946 ab
1085 1879 1482 1951 Hierosolymis
1514 1919 1530 1945 ,
1585 1885 1808 1934 coactus
1869 1888 2093 1932 manum

497 1989 808 2041 conserere,
840 1975 1013 2029 victus
1043 1973 1268 2042 aufugit,
1297 1973 1503 2030 necatis
1530 1971 1702 2036 ferme
1731 1969 1910 2026 tribus
1940 1968 2100 2021 milli-

499 2067 600 2122 bus
629 2083 871 2135 suorum,
902 2068 1120 2126 czeteris
1139 2067 1313 2146 captis
1341 2075 1433 2132 aut
1457 2065 1683 2134 dilapsis
1707 2081 1721 2130 ;
1750 2064 1841 2118 vix
1865 2063 2100 2121 Alexan-

499 2161 598 2220 dro
627 2163 805 2238 pauci
855 2161 1198 2232 superfuere,
1247 2161 1422 2240 potius
1474 2159 1540 2215 ad
1574 2159 1713 2229 fugae
1754 2158 2097 2222 societatem,

500 2269 662 2324 quam
691 2254 758 2310 ad
787 2253 1085 2322 rebellandi
1115 2252 1417 2322 audaciam.
1445 2252 1690 2323 Denique
1718 2265 1903 2320 pacem
1937 2265 1968 2326 ει
1995 2248 2102 2304 Ga-

503 2348 653 2407 binio
699 2357 911 2417 petens,
940 2347 1102 2402 etiam
1136 2346 1381 2410 castella,
1410 2360 1477 2402 ne
1507 2345 1635 2416 quid
1667 2353 1977 2412 suspectum
2010 2342 2104 2410 ba-

503 2439 724 2505 berent,
758 2437 1016 2502 Romanis
1055 2436 1296 2494 tradidit.
1340 2438 1417 2494 Eo
1456 2436 1598 2492 bello
1623 2435 1838 2508 egregie
1882 2433 2103 2497 Antonii

502 2533 674 2589 virtus
701 2534 946 2602 emicuit,
969 2532 1214 2602 quamvis
1239 2531 1556 2601 praeclarum
1583 2530 1781 2600 ubique
1809 2527 2106 2582 documen-

503 2638 615 2702 tum
662 2641 774 2688 sua:
823 2626 1036 2682 dederit
1078 2625 1436 2681 fortitudinis.
1460 2623 1724 2679 Gabinius
1769 2623 1820 2675 in
1863 2621 2105 2692 quinque

503 2731 805 2776 conventus
828 2718 1067 2786 Iudaeam
1100 2717 1306 2782 divisit,
1337 2727 1394 2770 ut
1438 2723 1760 2786 potestatem
1808 2713 2101 2783 minueret,

508 2832 571 2871 ex
605 2831 706 2886 qua
756 2815 1035 2870 oriebatur
1081 2813 1258 2884 potior
1285 2827 1468 2866 rerum
1507 2810 1821 2865 insolentia.
1855 2808 2105 2892 Hyrcano

505 2927 602 2982 pro
662 2909 1078 2974 mansuetudine
1130 2907 1334 2980 ingenii
1391 2908 1508 2976 ejus
1570 2905 1860 2984 sacerdotii
1932 2904 2106 2960 honor

506 3004 746 3074 mansit:
799 3004 966 3072 totius
1007 3013 1190 3060 autem
1236 3003 1474 3074 regionis
1517 3001 1637 3084 ejus
1666 3009 1968 3070 conventus
1997 3015 2104 3076 non

505 3097 625 3162 uni,
673 3096 770 3151 sed
818 3096 870 3150 in
913 3110 1204 3152 commune
1251 3093 1760 3165 Hii-.rosolymitanis
1800 3107 1831 3147 a
1876 3091 2105 3148 Gabinio

2196 492 2316 532 cum
2333 477 2462 532 viris
2491 480 2638 534 mille
2660 480 2954 551 advenerat
2980 499 2994 534 :
3021 481 3218 540 deinde
3240 493 3362 538 orto
3395 484 3583 552 prrelio
3601 482 3802 555 (immi-

2197 569 2402 626 nebant
2436 571 2667 625 Romani
2693 572 2810 642 ejus
2839 573 3189 644 cervicibus).
3222 575 3551 645 aliquamdiu
3583 575 3800 643 quidem

2199 675 2420 722 strenue
2447 676 2763 737 pugnatum,
2801 677 2983 723 tamen
3016 668 3298 738 prmvaluit
3324 670 3496 724 virtus
3537 668 3804 734 Romana,

2198 774 2338 814 caesa
2386 759 2698 815 Judaaorum
2748 760 2986 830 quinque
3036 759 3226 814 millia.
3285 760 3630 816 Aristobnlns
3677 775 3803 814 cum

2200 849 2351 906 mille
2380 850 2510 905 viris
2537 849 2738 918 irrupit
2781 852 2975 916 aciem,
3015 861 3070 906 et
3111 852 3163 906 in
3203 852 3412 907 castelli
3442 851 3808 906 Macberuntis

2203 941 2534 1000 munimenta
2579 959 2702 999 sese
2747 946 2956 1014 recepit
2999 946 3157 1000 :duo
3206 946 3371 1000 millia
3415 945 3524 1000 alio
3569 945 3806 1013 dilapsa,

2199 1035 2384 1091 adorsi
2418 1047 2598 1092 tamen
2643 1039 2922 1094 castellani
2951 1038 3204 1102 Romani,
3249 1055 3344 1107 per
3373 1039 3593 1094 biduum
3636 1038 3812 1093 ferme

2202 1128 2354 1184 dilati
2385 1145 2400 1182 :
2432 1131 2688 1199 quoniam
2717 1129 2787 1186 de
2815 1132 3006 1185 ultimo
3036 1132 3279 1200 periculo
3305 1130 3650 1186 Aristobulus
3680 1130 3816 1184 totis

2203 1224 2410 1280 viribus
2431 1224 2781 1280 decernebat.
2809 1225 2916 1281 Sed
2946 1241 3285 1296 nequaquam
3313 1225 3511 1280 diutius
3538 1225 3814 1280 sustinere

2204 1318 2415 1388 potuit:
2448 1329 2640 1388 captus
2668 1335 2789 1374 cum
2819 1319 2928 1374 ﬁlio
2969 1322 3256 1391 Antigono,
3302 1336 3460 1389 quem
3487 1321 3688 1390 pariter
3721 1320 3812 1373 fu-

2203 1414 2359 1482 giens
2406 1413 2475 1467 de
2519 1413 2748 1468 vinculis
2794 1429 2980 1468 secum
3028 1415 3358 1480 abduxerat,
3409 1415 3476 1468 ad
3518 1414 3812 1470 Gabinium

2205 1506 2382 1572 missi,
2411 1515 2466 1560 et
2493 1506 2562 1561 ab
2587 1521 2652 1560 eo
2683 1506 2906 1562 Romam
2937 1505 3128 1564 directi
3161 1518 3304 1562 sunt.
3339 1507 3570 1563 Senatus
3601 1509 3815 1561 Aristo-

2205 1599 2332 1656 bulo
2378 1598 2429 1652 in
2463 1599 2761 1654 custodiam
2793 1599 3017 1660 detruso
3037 1641 3050 1662 ,
3086 1600 3225 1664 ﬁlios
3254 1600 3372 1670 ejus
3401 1599 3469 1654 ad
3500 1599 3814 1670 Bithyniam

2207 1691 2452 1758 dimisit,
2502 1691 2645 1760 quod
2689 1691 2975 1746 Gabinium
3020 1693 3198 1748 ferunt
3245 1693 3491 1762 epistolis
3537 1693 3818 1764 insinuas-

2386 1783 2436 1837 id
2497 1784 2793 1850 Aristobuli
2851 1786 3067 1855 conjugi
3124 1784 3497 1856 promissum,
3555 1801 3816 1844 remune-

2203 1877 2387 1940 randze
2421 1877 2727 1933 sedulitatis
2759 1877 2877 1948 ejus
2923 1881 3118 1951 gratia,
3153 1879 3221 1934 ob
3247 1879 3470 1934 traditas
3500 1879 3604 1947 sibi
3635 1879 3815 1943 muni-

2203 1973 2398 2027 tiones.

2786 2067 3017 2132 CAPUT
3057 2069 3206 2128 XXI.

2275 2162 2370 2226 His
2392 2163 2466 2232 ita
2490 2162 2541 2228 in
2564 2162 2753 2219 Judrea
2781 2165 2972 2236 gestis,
2997 2163 3259 2232 Gabinius
3282 2160 3588 2226 audendum
3611 2161 3816 2240 aliquid

2206 2263 2377 2321 ratus,
2405 2257 2457 2312 in
2481 2255 2708 2310 Parthos
2735 2255 3140 2327 expeditionem
3165 2255 3374 2324 paravit
3401 2272 3414 2308 :
3442 2253 3538 2322 sed
3559 2263 3813 2322 suspecta

2207 2349 2436 2418 partium
2491 2347 2770 2405 Ptolemaei
2828 2351 2974 2419 regis
3030 2355 3431 2412 revocaverunt
3484 2347 3810 2417 profectum.

2204 2440 2337 2503 Nam
2360 2441 2428 2496 ab
2456 2440 2732 2511 Enpbrate
2761 2443 2813 2496 in
2842 2440 3138 2513 Egyptum
3161 2440 3423 2496 Gabinius
3452 2441 3554 2495 iter
3585 2457 3814 2495 conver-

2206 2535 2298 2600 tit,
2332 2549 2460 2590 usus
2499 2535 2824 2592 necessariis
2861 2536 2925 2589 ad
2958 2521 3139 2598 omnia
3189 2533 3507 2598 ministeriis
3537 2535 3811 2605 Antipatri

2205 2637 2260 2684 et
2288 2629 2516 2700 Hyrcani
2553 2627 2671 2701 (sed
2703 2629 2932 2701 Hyrcani
2962 2645 3055 2698 per
3102 2629 3490 2700 Antipatrum),
3524 2630 3612 2699 qui
3647 2645 3812 2698 pecu-

2207 2721 2319 2788 nia,
2369 2720 2662 2799 frunteiito,
2699 2723 2887 2784 armis.
2922 2721 3136 2776 auxiliis
3157 2738 3373 2793 quoque
3398 2726 3704 2788 exercitum
3727 2722 3814 2791 ju-

2206 2827 2379 2882 varet,
2410 2831 2472 2876 ac
2500 2817 2733 2872 maxime
2759 2817 3178 2887 congressiones
3204 2817 3346 2872 circa
3374 2816 3677 2884 Pelusium,
3709 2817 3813 2872 nisi

2205 2909 2388 2980 gnaris
2426 2893 2668 2968 locorum
2712 2919 2767 2965 et
2796 2911 2963 2966 totius
2997 2909 3124 2965 belli
3153 2911 3368 2982 generis
3396 2907 3601 2972 Judteis
3630 2909 3813 2986 omnia

2204 3002 2940 3083 procurantibusﬁabinium
2956 3002 3114 3070 facile
3140 3001 3670 3064 deterruissenl.St-d
3694 3019 3812 3056 rur-

2209 3111 2301 3152 sus
2345 3106 2588 3152 morante
2613 3095 2876 3163 exercitu,
2912 3094 3220 3154 Alexander
3261 3094 3556 3163 Aristobuli
3588 3094 3727 3148 ﬁlius
3760 3096 3812 3150 in

501 3205 631 3254 cura
658 3191 926 3259 impertita
954 3209 966 3243 :
999 3193 1236 3261 itemque
1261 3189 1443 3246 caeteri
1476 3197 1776 3252 conventus
1800 3187 1960 3256 simili
1989 3202 2102 3240 mo-
2128 3157 2174 3220 Ο
2209 3187 2421 3259 Syriam
2462 3202 2582 3243 sese
2622 3188 2872 3254 alteram,
2921 3188 3065 3248 velut
3109 3186 3161 3254 in
3210 3201 3437 3246 vacuam
3480 3187 3814 3256 provinciam

503 3282 574 3338 do
594 3283 857 3352 attributi,
890 3299 987 3356 per
1007 3283 1274 3348 Gadaram
1298 3291 1354 3338 et
1382 3283 1765 3349 Amathuutem
1789 3292 1841 3338 et
1866 3279 2100 3342 Hierico,

507 3377 971 3452 Sefi‘oritanosque
992 3419 1007 3445 ,
1036 3378 1194 3439 urbes
1223 3379 1431 3436 scilicet
1459 3377 1697 3448 potiores
1723 3375 1881 3442 divisi
1914 3391 2020 3446 quo
2051 3383 2104 3428 et

504 3471 837 3540 singulorum
884 3469 1139 3544 potentia).
1171 3469 1304 3542 nihil
1348 3469 1768 3538 relinqueretur,
1803 3475 1858 3521 et
1897 3453 2102 3536 iunctio

509 3561 788 3633 regionum
823 3580 928 3618 non
959 3564 1260 3630 vacillaret,
1292 3579 1410 3632 qua:
1454 3563 1720 3631 publicam
1763 3568 2102 3634 exspectaret

505 3655 948 3716 sollicitudinem.
989 3654 1142 3724 Quod
1180 3666 1233 3710 et
1267 3673 1294 3708 a
1331 3656 1585 3710 llomanis
1637 3654 1703 3720 ad
1755 3653 2101 3730 revelandum

507 3749 818 3817 rebellionis
889 3758 1090 3820 metum
1129 3789 1144 3813 ,
1228 3756 1284 3804 et
1339 3747 1539 3803 Judaeis
1601 3747 1668 3803 ad
1726 3747 2102 3820 deponendam

505 3839 760 3902 invidiam
821 3855 945 3916 cum
1011 3843 1184 3912 gratia
1253 3853 1565 3913 susceptum
1617 3859 1630 3894 :
1680 3843 1935 3912 quoniam
1994 3857 2102 3900 non

505 3933 606 4008 sub
649 3949 798 4006 rege,
848 3935 944 3990 sed
977 3935 1078 4010 sub
1112 3935 1461 4006 optimatibus
1499 3934 1719 4010 degeret
1751 3935 2102 3992 Hebraeorum

503 4042 693 4100 genus,
724 4027 788 4084 ad
811 4027 1124 4103 reipublica:
1148 4027 1405 4083 Romanae
1437 4027 1883 4095 similitudinem;
1918 4028 1969 4082 in
1999 4043 2102 4104 qua

508 4135 613 4172 non
648 4135 785 4190 unus
819 4121 1174 4191 imperitaret,
1225 4121 1320 4175 sed
1356 4135 1450 4192 per
1478 4119 1628 4174 vices
1674 4119 1860 4190 optimi
1907 4121 2104 4190 quique

504 4211 698 4280 quibus
728 4211 920 4266 sortito
952 4213 1295 4282 magistratus
1320 4222 1586 4278 cesserat,
1615 4211 2101 4266 administrabant:

503 4302 657 4374 regni
711 4303 930 4372 quidem
977 4315 1262 4373 exsortes,
1314 4304 1409 4359 sed
1456 4319 1642 4380 regum
1693 4302 1917 4367 arbitri,
1973 4317 2105 4355 cou-

501 4399 702 4451 sultum
729 4398 951 4468 provide
972 4398 1259 4454 adversum
1293 4398 1722 4472 inquietudinem
1750 4398 1928 4484 gentis
1955 4396 2101 4452 testi-

504 4491 772 4547 mabatur.
1771 4489 1775 4492 ’

1106 4586 1333 4661 CAPUT
1373 4586 1492 4660 XX-

572 4679 680 4736 Sed
711 4680 1011 4754 Aristobuli
1044 4679 1165 4752 fuga
1207 4680 1522 4752 reditusque
1552 4680 1604 4750 in
1633 4680 1874 4755 Iudaeam
1910 4680 2102 4752 pleris-

501 4788 606 4846 que
637 4773 930 4845 plurimum
955 4773 1232 4845 turbarum
1256 4773 1608 4846 excitaverat,
1644 4772 2002 4848 retinentibus
2032 4773 2098 4848 ad

497 4883 621 4934 eum
662 4883 802 4938 quos
851 4869 1050 4924 veteris
1088 4869 1344 4938 amicitiae
1372 4869 1545 4940 gratia
1579 4868 1965 4939 sollicitaverat
2010 4877 2102 4936 aut

500 4977 587 5018 res
617 4961 842 5026 ultimae,
871 4961 1068 5033 quibus
1114 4963 1416 5018 remedium
1464 4977 1528 5017 ex
1570 4961 1840 5032 discordia
1888 4961 2101 5032 publica

495 5055 877 5126 quaarebatur:
922 5058 1027 5112 ima
1051 5058 1275 5114 summis
1304 5059 1530 5122 miscere
1551 5056 1913 5126 cupientibus,
1940 5065 2100 5123 atque

498 5150 618 5203 alia:
641 5164 767 5219 spes
791 5150 957 5220 lapsas
986 5151 1186 5214 forent.
1231 5151 1531 5222 Regressus
1562 5151 1724 5222 igitur
1752 5148 2099 5216 Aristobnlns

501 5242 829 5298 munitiones
857 5243 1150 5312 aedificare,
1185 5243 1573 5300 Alexandriam
1613 5256 1871 5312 reparare
1918 5254 2100 5316 ccepe-

499 5347 585 5392 rat
618 5353 632 5391 :
677 5351 786 5406 quo
829 5345 1128 5408 comperto,
1163 5335 1424 5392 Gabinius
1465 5335 1702 5407 Sisinnio
1746 5342 1800 5406 et
1839 5333 2096 5406 Antonio,

499 5429 834 5502 Servilioque
877 5445 998 5485 cum
1050 5442 1204 5497 parte
1249 5429 1522 5485 exercitus
1565 5428 1820 5496 directis,
1858 5441 2096 5499 coeptum

497 5535 632 5592 opus
673 5522 990 5592 impedivit:
1021 5521 1254 5578 desertis
1286 5523 1430 5577 enim
1458 5522 1847 5578 munitionibus
1889 5523 2099 5578 Aristo-

497 5615 656 5671 huius
687 5632 746 5671 se
779 5616 920 5672 bello
950 5617 1182 5687 paravit,
1208 5625 1263 5671 et
1292 5616 1419 5686 quia
1449 5616 1653 5686 majore
1680 5631 1906 5672 numero
1934 5632 2094 5688 quam

495 5722 599 5782 usu
636 5725 827 5784 agmen
859 5712 1132 5791 trahebat,
1160 5712 1478 5770 deoneravit
1507 5713 1674 5768 armis
1697 5712 1878 5782 pepuli
1911 5711 2091 5789 multi-

493 5800 760 5870 tudinem,
795 5805 1107 5867 etsolaocto
1137 5805 1302 5862 millia
1324 5815 1654 5863 armatorum
1670 5808 1868 5880 coegit,
1899 5803 2094 5876 adjun-

2209 3282 2534 3356 immergere
2567 3279 2908 3348 moliebatur,
2939 3280 3041 3340 nisi
3070 3280 3376 3336 rumoribus
3405 3279 3617 3334 excitus
3643 3278 3810 3335 Gabi-

2211 3374 2333 3450 nius
2370 3372 2600 3438 reditum
2634 3373 3034 3437 maturavisset,
3071 3373 3459 3444 praemiSSoque
3498 3375 3811 3441 Antipatro,

2209 3473 2521 3528 revocasset
2547 3465 2808 3536 plurimos
2834 3465 3142 3522 Judaeorum
3167 3465 3234 3531 ab
3260 3464 3556 3520 Alexandri
3581 3466 3816 3520 societa-

2209 3568 2260 3620 te
2293 3575 2305 3611 :
2340 3574 2566 3627 quorum
2596 3557 2945 3626 multitudine
2976 3558 3165 3624 frctus,
3199 3559 3424 3628 parabat
3449 3572 3640 3620 omnes
3675 3573 3813 3626 quos

2210 3653 2262 3720 in
2309 3652 2528 3722 regione
2560 3651 2879 3718 offenderat,
2913 3652 3190 3708 Romanos
3214 3652 3404 3706 exsilio
3447 3651 3576 3706 dare
3608 3669 3620 3704 :
3654 3649 3811 3719 deui-

2208 3760 2314 3817 que
2357 3745 2579 3816 dilapsis
2613 3746 2740 3822 licet
2764 3746 3078 3812 Judaeorum
3110 3746 3381 3816 plerisque
3412 3760 3510 3822 per
3539 3744 3810 3816 Antipatri

2207 3839 2660 3907 conventionem,
2729 3839 3007 3910 audaciam
3068 3848 3246 3894 tamen
3298 3855 3405 3904 non
3455 3839 3807 3912 deposuerat,

2211 3933 2568 4012 praeliumque
2604 3934 2835 3998 adorsus
2879 3938 2932 3998 in
2973 3933 3232 4012 tringinta
3271 3932 3509 3998 millibus
3541 3933 3808 3998 virorum,

2209 4039 2394 4102 rerum
2424 4025 2566 4086 circa
2595 4025 2872 4092 ltabirium
2898 4025 3304 4098 montem,fusis
3331 4025 3516 4104 decem
3548 4025 3808 4096 millibus,

2207 4120 2444 4194 aufugit;
2487 4119 2819 4196 reliquorum
2864 4120 3204 4194 dispersione
3240 4121 3438 4178 bellum
3469 4120 3804 4176 confectum.

2209 4209 2469 4280 Gabinius
2510 4213 2828 4282 compositis
2860 4212 2927 4268 ad
2974 4211 3260 4268 arbitrium
3310 4212 3581 4284 Antipatri
3628 4213 3809 4282 reipuo

2209 4301 2362 4368 blicac
2396 4287 2907 4375 llierosolymitanze
2938 4305 3191 4375 negotiis,
3225 4304 3348 4362 inde
3374 4303 3673 4380 profectus,
3705 4306 3809 4360 Na-

2208 4395 2452 4460 bathaeos
2475 4397 2658 4468 praelio
2685 4397 2928 4468 subegit:
2954 4381 3423 4468 Mithridatemque
3443 4407 3498 4452 et
3517 4396 3805 4468 Tigranem

2210 4489 2473 4560 fugientes
2513 4490 2581 4546 de
2611 4489 2830 4545 Perside
2873 4490 3084 4546 occnlte
3107 4489 3348 4560 dimisit:
3403 4490 3574 4568 palam
3625 4499 3804 4546 tamen

2125 4557 2181 4618 Β
2208 4557 2468 4640 militibus
2514 4583 2800 4648 inlimavil,
2849 4584 2970 4656 fuga
3006 4585 3206 4654 lapsos.
3254 4557 3528 4654 Successit
3572 4583 3806 4650 Gabinio

2205 4674 2454 4744 Crassus,
2482 4687 2536 4734 et
2565 4678 2902 4747 profecturus
2931 4677 2999 4732 ad
3039 4676 3346 4736 Parthicum
3376 4677 3602 4743 bellum,
3644 4694 3806 4736 omne

2207 4768 2349 4839 quod
2381 4776 2500 4834 erat
2541 4768 2928 4840 Hierosolymis
2957 4784 3145 4840 aurum
3177 4768 3230 4822 in
3276 4769 3498 4844 templo,
3540 4767 3802 4824 abstulit:

2208 4869 2262 4914 et
2310 4869 2569 4930 praeterea
2614 4859 2720 4936 duo
2770 4859 2932 4920 millia
2969 4860 3166 4932 iaienta
3198 4857 3410 4930 detrahi
3449 4859 3631 4928 jussit,
3685 4874 3805 4929 quae

2209 4951 2498 5024 Pompeius
2532 4953 2731 5008 intacta
2779 4953 3110 5028 reliquerat:
3142 4967 3242 5007 nec
3286 4951 3504 5036 longum
3548 4951 3800 5006 laetatus:

2203 5046 2295 5100 ubi
2330 5047 2625 5126 transmisit
2653 5046 3004 5116 Euphratem,
3035 5045 3335 5122 exercitum
3365 5045 3568 5114 amisit,
3602 5055 3656 5098 et
3688 5044 3804 5115 ipse

2207 5123 2511 5209 exstinctus
2542 5150 2644 5196 est.
2674 5123 2750 5206 Eo
2769 5155 3019 5204 successu
3045 5139 3228 5212 Parthi
3246 5138 3501 5206 laetiores,
3519 5147 3804 5191 transeun-

2205 5233 2331 5296 dum
2361 5236 2411 5300 in
2445 5233 2661 5312 Syriam
2691 5232 3204 5312 crediderurit,qqos
3233 5241 3456 5296 strenue
3478 5229 3690 5286 insidiis
3715 5246 3806 5298 ex-

2203 5330 2348 5404 cepit
2374 5309 2616 5393 Cassius,
2642 5337 2696 5384 et
2723 5327 3026 5400 commissa:
3054 5309 3154 5387 sibi
3181 5326 3469 5398 provinciae
3499 5323 3697 5391 ﬁnibus
3719 5340 3804 5380 re-

2206 5422 2360 5490 pulit,
2389 5437 2494 5475 non
2526 5419 2644 5474 sine
2673 5421 2822 5490 gravi
2848 5419 3175 5474 detrimento
3208 5420 3442 5474 hostium
3471 5435 3483 5470 :
3516 5433 3640 5472 cum
3671 5416 3804 5472 cliu-

2204 5530 2265 5571 se
2294 5515 2592 5576 venientes,
2627 5513 2772 5583 quod
2805 5513 3078 5572 neminem
3117 5512 3220 5574 sibi
3245 5512 3510 5574 obsistere
3537 5527 3800 5566 ausurum

2203 5609 2617 5675 arbitrarentur,
2652 5607 2784 5662 locis
2807 5615 3114 5677 praeventus
3144 5604 3545 5675 angustioribus
3569 5620 3803 5675 occupa-

2202 5706 2390 5763 visset.
2421 5706 2687 5780 Denique,
2714 5705 2846 5768 fusis
2872 5719 3092 5760 suorum
3117 5702 3381 5784 pluribus,
3420 5699 3618 5756 bellum
3643 5700 3804 5756 dese~

2201 5819 2382 5862 ruere.
2441 5801 2664 5862 Cassius
2745 5801 2966 5874 repulso
3023 5799 3184 5858 hoste
3236 5811 3464 5862 securus
3512 5794 3805 5872 provinciae
