4112 6350
573 267 602 324 1
612 265 720 325 985

1878 262 2126 320 SANCTI
2165 261 2497 321 AMBROSII

3730 265 3852 323 1934

576 383 762 454 tique;
790 380 887 439 sed
919 365 1107 450 etiam,
1132 393 1256 438 cum
1284 379 1582 436 introrsum
1605 377 1878 434 exercitus
1904 385 2174 449 pergeret,
2205 379 2255 441 Î‘
2284 377 2595 434 levolcntize
2627 392 2766 435 meae
2812 380 2867 435 in
2899 378 3178 436 Caesarem
3213 353 3524 435 testimonia
3545 395 3560 438 :
3585 379 3855 436 defendant

578 482 638 535 et
679 476 826 530 circa
881 490 1000 530 eam
1040 489 1160 543 quae
1201 471 1508 543 appellatur
1559 469 1714 526 Onize
1767 471 1938 541 regio,
1981 469 2184 525 Judaei-

584 569 828 642 }Egyptii
885 569 1089 624 vellent
1129 569 1390 623 resistere
1436 582 1543 638 quo
1589 565 2018 621 intercluderent
2059 565 2180 629 iter,

584 677 776 718 rursus
802 662 1115 730 Antipater,
1155 675 1262 716 non
1293 660 1470 714 solum
1507 659 1741 715 removit
1772 659 2040 728 praelium,
2089 655 2185 711 sed

580 754 744 810 etiam
771 752 837 808 ad
862 753 1158 808 exercitum
1176 752 1498 822 juvandum,
1530 767 1650 821 quze
1674 751 1982 806 necessaria
2009 750 2188 803 forent

581 846 706 901 usui
746 844 1122 912 humanitatis,
1169 845 1237 898 ab
1267 845 1399 913 ipsis
1453 844 1547 913 qui
1585 857 1734 897 arma
1789 848 1978 896 contra
2031 855 2187 911 para-

583 948 798 1003 verant,
851 937 1144 992 ministrari
1184 937 1384 993 efl'ecit.
1443 935 1593 993 Unde
1631 934 1941 1006 Memphitre
1972 948 2188 1004 quoque

582 1031 794 1086 animos
848 1046 877 1084 a
917 1033 1107 1103 prielio
1159 1041 1580 1099 revocaverunt,
1639 1041 1698 1086 et
1735 1045 1794 1085 se
1851 1029 2186 1084 Mithridatis

581 1123 833 1179 societati
854 1124 1103 1178 volentes
1131 1123 1414 1179 dedidere.
1449 1123 1551 1190 Qui
1593 1132 2022 1193 praetergressus
2065 1135 2189 1175 sus-

584 1216 849 1286 pectiora,
878 1231 1001 1270 cum
1033 1216 1261 1287 reliquis
1286 1215 1558 1288 IEgyptiis
1587 1213 1988 1271 conserendum
2018 1221 2188 1279 ratus,

580 1308 929 1364 liberioribus
955 1309 1173 1379 quidem
1208 1310 1368 1375 locis,
1399 1309 1494 1364 sed
1527 1309 1884 1362 validioribus
1911 1307 2066 1373 viris,
2092 1321 2188 1361 re-

583 1403 766 1473 gionis
817 1402 990 1472 ipsius
1028 1402 1186 1473 cujus
1225 1403 1500 1458 incolatus
1553 1392 1866 1457 Judaeorum
1920 1399 2192 1455 eXercitus

586 1495 992 1566 appellabatur,
1023 1505 1244 1552 strenue
1270 1489 1608 1561 decertavit;
1651 1499 1789 1551 adeo
1819 1503 1878 1548 ut
1918 1501 2194 1564 prmrupto

587 1601 712 1643 sese
753 1587 995 1658 periculo
1039 1587 1217 1657 daret,
1257 1603 1320 1644 ac
1361 1603 1502 1660 pene
1524 1588 1827 1644 exstinctus
1877 1586 2040 1651 foret,
2087 1586 2191 1640 nisi

587 1680 877 1750 Antipater
903 1681 1091 1736 videns
1117 1690 1290 1736 totum
1314 1682 1368 1736 in
1395 1696 1505 1752 quo
1527 1680 1866 1736 Mithridates
1891 1687 2033 1748 erat,
2062 1678 2197 1734 dex-

2287 486 2463 536 reum,
2497 488 2617 542 quin
2647 479 2923 542 tamquam
2961 473 3134 528 animi
3162 474 3366 528 lumina
3390 475 3618 529 micant.
3644 474 3745 529 llas
3768 489 3855 544 ego

2286 563 2570 618 cicatrices
2623 565 2742 632 tibi,
2773 563 2980 632 Caesar,
3024 566 3320 621 voluntatis
3371 567 3604 622 internae
3660 567 3858 622 obsides

2287 655 2488 710 trihuo.
2522 656 2649 712 Haec
2680 673 2781 728 ego
2814 659 2938 714 fidei
2986 675 3120 714 meae
3165 661 3380 729 depono
3428 662 3679 731 pignora,
3707 671 3758 716 et
3791 660 3861 716 in-

2288 749 2520 820 scriptos
2551 751 2698 805 cordi
2726 752 2907 820 apices
2936 768 3087 822 gero.
3118 752 3174 808 Si
3203 753 3416 807 civibus
3475 768 3584 807 non
3617 752 3858 817 creditur,

2289 839 2474 896 hostes
2523 843 2950 914 interrogentur,
3006 861 3102 913 pro
3158 862 3267 917 quo
3299 847 3521 900 vulnera
3557 848 3646 902 illa
3699 863 3863 903 susce-

2291 933 2485 1002 perim.
2528 935 2666 1002 Quid
2699 937 2750 991 in
2799 954 2884 992 me
2915 938 3084 1005 aliud,
3111 939 3217 994 nisi
3249 939 3404 994 fidem
3438 956 3600 1009 quam
3644 940 3736 994 tibi
3783 940 3864 996 de-

2292 1025 2517 1093 ferrem,
2554 1031 3048 1099 persequebantur?
3074 1033 3144 1087 At
3189 1032 3422 1103 ohjectat
3479 1032 3612 1086 mihi
3640 1032 3865 1104 Pompeii

2292 1121 2520 1192 gratiam
2554 1138 2566 1174 :
2606 1121 2800 1188 fateor,
2824 1122 3030 1190 Caesar,
3063 1139 3149 1180 me
3177 1141 3283 1178 non
3320 1124 3626 1190 hominum,
3654 1125 3743 1179 sed
3785 1141 3869 1180 no-

2293 1213 2426 1266 mini
2450 1212 2696 1269 Romano
2727 1216 2959 1270 amicum
3002 1215 3193 1281 fuisse,
3228 1217 3388 1286 idque
3417 1217 3694 1272 studuisse
3734 1231 3868 1288 egre-

2293 1307 2401 1377 gie,
2428 1317 2483 1361 ut
2512 1317 2705 1363 vestrae
2734 1309 3045 1379 reipublica:
3071 1325 3189 1365 mea
3214 1309 3390 1364 officia
3423 1310 3865 1381 impenderentur.

2295 1400 2519 1454 Militavi
2573 1401 2757 1472 itaque
2803 1417 2908 1456 non
2943 1405 3058 1468 uni,
3086 1402 3182 1457 sed
3225 1402 3483 1456 omnibus
3516 1419 3529 1454 :
3560 1401 3713 1480 fuerit
3754 1401 3867 1455 mihi

2296 1492 2495 1546 charus
2540 1493 2849 1564 Pompeius,
2876 1493 2969 1549 sed
2998 1503 3125 1550 ante
3176 1494 3307 1548 mihi
3353 1494 3443 1549 ille
3484 1495 3649 1564 cmpit
3685 1493 3868 1548 amicus

2296 1601 2436 1652 esse,
2466 1603 2624 1658 quam
2658 1588 2856 1643 Caisari
2901 1597 3046 1643 esset
3091 1588 3362 1642 inimicus.
3409 1585 3560 1642 Tuus
3591 1586 3679 1641 ille
3701 1601 3851 1656 gener

2298 1689 2437 1747 erat,
2461 1690 2515 1735 et
2538 1690 2591 1734 tu
2619 1694 2776 1735 socer
2797 1680 2966 1735 illius.
2992 1677 3126 1734 Cum
3151 1687 3298 1734 esset
3322 1681 3375 1732 in
3400 1678 3642 1749 partibus
3662 1677 3865 1746 iudicia,

593 1779 734 1826 trum
775 1787 945 1827 cornu
976 1788 1007 1827 a
1036 1774 1264 1829 cohorte
1302 1774 1506 1844 urgeri,
1549 1790 1618 1830 ex
1645 1775 1754 1829 alia
1794 1787 2011 1844 quoque
2041 1778 2197 1842 parte
2228 1775 2276 1836 B
2297 1773 2437 1845 juvi,
2461 1783 2522 1828 ut
2548 1774 2932 1844 imperatorem
2964 1774 3311 1839 Romanum;
3343 1789 3451 1828 non
3489 1782 3669 1828 tamen
3700 1788 3759 1829 ca
3786 1787 3870 1843 pro

601 1861 804 1918 includi
836 1863 1082 1930 flumine,
1125 1879 1227 1920 nec
1267 1865 1434 1919 ullum
1476 1863 1731 1936 effugium
1763 1864 1919 1931 viris,
1949 1863 2200 1918 irruisset

595 1970 626 2010 a
681 1970 851 2011 cornu
902 1957 1129 2013 sinistro
1186 1973 1357 2028 super
1405 1972 1503 2014 eos
1550 1958 1643 2029 qui
1683 1957 2048 2015 Mithridatem
2094 1972 2200 2014 ce-

597 2046 818 2102 dentem
859 2049 1368 2118 persequebantur;
1410 2063 1550 2121 quos
1592 2064 1662 2106 eo
1691 2065 1864 2122 usque
1902 2051 2203 2110 insectatus

592 2151 700 2207 est,
732 2142 910 2198 donec
956 2145 1140 2198 omnis
1180 2143 1422 2200 hostium
1449 2144 1684 2216 populus
1735 2146 2199 2217 exstinguerctur.

601 2233 681 2288 Eo
733 2234 922 2304 przelio
972 2235 1250 2306 octoginta
1288 2236 1454 2292 solos
1479 2237 1774 2306 Antipater
1811 2239 1958 2294 viros
1985 2239 2055 2295 de
2092 2241 2208 2297 suis

599 2325 804 2393 amisit,
858 2340 1028 2396 super
1065 2328 1413 2398 octingentos
1451 2327 1811 2396 Mithridates,
1859 2330 1931 2385 ita
1982 2341 2041 2386 ut
2093 2332 2209 2402 ipse

603 2427 802 2488 praeter
829 2433 984 2490 spem
1013 2421 1250 2475 evaserit
1276 2436 1289 2473 :
1319 2427 1484 2491 atque
1513 2420 1632 2477 haec
1656 2437 1766 2477 uno
1795 2433 2074 2479 momento
2101 2425 2212 2480 cla-

600 2510 699 2566 des
728 2519 937 2566 secuta.
966 2511 1254 2582 Antipater
1281 2512 1467 2568 multis
1497 2514 1820 2571 vulneribus
1846 2530 2078 2586 corpore
2117 2533 2214 2573 ex-

598 2603 798 2672 ceptis,
861 2603 1141 2674 egregium
1191 2605 1406 2660 virtutis
1471 2619 1585 2665 sua:
1637 2607 2017 2663 testimonium
2071 2609 2213 2679 apud

599 2689 869 2749 Czesarem
902 2694 1112 2750 invenit
1144 2712 1158 2750 :
1187 2695 1499 2753 Mithridate
1551 2701 1859 2768 przcsertim
1900 2716 2010 2756 non
2040 2703 2212 2758 solum

605 2801 719 2841 suae
746 2786 1110 2842 absolutionis
1157 2789 1481 2858 interprete,
1529 2791 1624 2846 sed
1664 2793 1829 2846 etiam
1883 2793 2217 2850 fortitudinis

606 2878 1010 2952 prmdicatore;
1057 2881 1256 2952 quibus
1308 2883 1472 2938 rebus
1524 2886 1740 2955 egregie
1798 2887 1982 2941 Caesar
2038 2887 2219 2944 delec-

603 2983 777 3042 tatus,
821 2976 874 3030 in
918 2975 1186 3034 honorem
1219 2980 1590 3050 Antipatrum,
1627 2990 1685 3035 ut
1715 2983 2027 3051 oportebat,
2075 2984 2219 3040 inter

2303 1866 2395 1920 illo
2417 1883 2538 1936 quae
2567 1881 2667 1938 pro
2691 1876 2762 1935 te,
2801 1867 2992 1938 excepi
3022 1867 3268 1922 vulnera.
3299 1867 3420 1922 Tibi
3449 1866 3685 1936 impendi
3727 1865 3872 1920 vades

2304 1960 2518 2027 mortis,
2567 1969 2624 2016 et
2675 1961 2816 2016 ictus
2861 1961 3096 2017 telorum
3154 1961 3346 2030 excepi
3415 1961 3710 2016 hostilium.
3750 1958 3870 2027 Quid

2304 2056 2504 2111 mirum
2536 2063 2740 2121 autem,
2794 2055 2840 2110 si
2881 2056 3136 2127 captivus
3174 2056 3461 2111 vulnerum
3513 2055 3676 2111 decus
3702 2051 3872 2109 nescit?

2307 2158 2362 2206 et
2385 2150 2639 2226 fugitivus
2665 2149 2794 2220 quid
2827 2151 2897 2205 sit
2927 2150 3085 2217 fides,
3121 2151 3359 2221 ignorat?
3399 2149 3542 2218 Quid
3573 2159 3743 2204 autem
3770 2161 3874 2216 pers

2310 2251 2502 2312 petuus
2526 2242 2698 2298 hostis
2726 2243 3121 2314 objiciatmihi,
3153 2243 3258 2298 nisi
3297 2252 3542 2299 vestram
3585 2237 3874 2297 amicitiam?

2309 2334 2503 2390 Mirum
2549 2349 2679 2390 sane
2743 2336 2978 2400 videtur,
3031 2337 3176 2409 quod
3220 2348 3534 2394 accusatum
3580 2347 3872 2408 quemquam

2311 2430 2590 2486 Romanos
2616 2431 2772 2486 adeat
2804 2431 3130 2502 Antigonus,
3165 2447 3302 2501 quos
3331 2433 3483 2488 bello
3513 2431 3682 2487 soleat
3725 2430 3874 2484 inces-

2313 2537 2457 2587 sere,
2491 2533 2652 2594 atque
2689 2523 2830 2594 apud
2861 2539 2956 2580 eos
3010 2528 3231 2580 exutum
3263 2541 3326 2580 se
3358 2523 3590 2592 imperio
3627 2528 3871 2592 queratur,

2315 2618 2473 2687 cujus
2503 2633 2660 2673 usum
2690 2633 2755 2674 ac
2781 2619 3082 2688 negotium,
3111 2634 3219 2674 non
3252 2618 3317 2673 ad
3350 2619 3439 2674 sui
3464 2617 3767 2690 potentiam,
3794 2629 3875 2669 nec

2316 2711 2384 2767 ad
2409 2713 2620 2783 insigne
2660 2712 3046 2778 domesticum,
3069 2712 3164 2767 sed
3189 2711 3252 2766 ad
3287 2710 3605 2767 lacesseuda
3632 2724 3768 2765 arma
3789 2707 3876 2760 Ro-

2319 2818 2500 2870 mana,
2523 2812 2578 2858 et
2615 2804 2930 2860 ulciscenda
2959 2804 3130 2875 patris
3162 2803 3520 2875 germanique
3564 2802 3719 2858 exitia
3757 2798 3876 2855 desi-

2319 2897 2887 2969 deraverit.lngratns
2936 2900 3125 2955 salutis
3176 2899 3415 2953 tribunal
3469 2898 3760 2952 Romanum
3787 2905 3876 2948 non

2323 2994 2531 3060 timeat,
2559 2993 2654 3049 sed
2682 2993 2847 3049 etiam
2873 2993 3069 3049 audeat
3099 2993 3242 3049 ultro
3283 2994 3586 3059 incessere,
3627 3006 3740 3047 cum
3767 2989 3878 3044 sciat

605 3069 811 3125 amicos
848 3071 1076 3142 recepit.
1108 3072 1338 3137 Deinde,
1381 3074 1470 3128 ubi
1501 3088 1564 3130 ea
1605 3089 1724 3145 quac
1755 3075 1993 3147 Egypto
2038 3076 2222 3134 forent
2320 3087 2444 3143 istic
2485 3087 2800 3144 rebellionis
2849 3101 2961 3142 sure
2985 3097 3296 3142 consortem
3346 3101 3541 3155 poenas
3589 3085 3760 3139 luisse.
3797 3077 3878 3135 Ubi

573 3163 993 3219 constituenda
1021 3165 1313 3235 disposuit,
1347 3170 1598 3238 atquein
1649 3168 1862 3239 Syriam
1920 3171 2214 3239 processit,
2247 3156 2294 3220 C
2324 3181 2609 3251 Î‘Î·Î¹á½·ÏÎ±Î¹ÏÎ¹Î¹
2656 3180 2817 3235 ï¬nem
2876 3179 3092 3235 dicendi
3150 3180 3302 3246 fecit,
3365 3179 3554 3235 (33.5,...
3606 3173 3878 3247 pronuntiat

615 3254 877 3311 Romana:
892 3273 1014 3312 eum
1043 3256 1358 3329 reipublica:
1387 3259 1688 3317 honoribus
1709 3260 1928 3332 affecit";
1953 3263 2215 3320 talentum

614 3362 832 3418 quoque
885 3350 1143 3416 contulit,
1204 3362 1514 3422 caeteraque
1565 3362 1619 3408 ut
1676 3353 1908 3424 probato
1969 3355 2071 3412 sibi
2101 3358 2220 3412 viro

615 3442 806 3511 gratia:
834 3457 948 3497 suae
979 3445 1209 3514 pignora
1241 3447 1564 3518 impertivit.
1595 3448 1852 3521 Hyrcano
1877 3450 2040 3506 etiam
2069 3467 2220 3508 sum-

618 3550 766 3591 mum
815 3538 1184 3595 sacerdotium
1235 3541 1304 3598 de
1354 3545 1626 3600 sententia
1693 3544 1969 3616 Antipatri
2028 3547 2221 3604 volens

627 3629 886 3687 firmavit.

1197 3726 1427 3785 CAPUT
1475 3728 1646 3784 XXV.

695 3819 1002 3891 Antigonus
1049 3835 1264 3892 quoque
1321 3823 1372 3878 in
1402 3822 1561 3895 Syria
1609 3823 1819 3883 Caesari
1876 3829 2140 3896 occurrit,
2169 3839 2225 3887 et

620 3928 784 3984 quem
817 3914 905 3969 vel
932 3914 1104 3984 patris
1133 3914 1342 3972 deflere
1369 3931 1673 3974 aerumnam
1723 3931 2080 3989 convenerat,
2133 3937 2228 3979 ve-

624 4020 768 4062 neno
795 4021 893 4076 per
915 4006 1120 4063 amicos
1148 4009 1394 4079 Pompeii
1424 4010 1722 4080 interfecti,
1769 4014 1854 4069 vel
1895 4013 2225 4085 supplicium

624 4099 873 4170 germani
900 4115 1064 4170 quem
1094 4100 1282 4172 Scipio
1313 4117 1527 4159 summa
1566 4103 1914 4176 crudelitate,
1967 4116 2226 4178 tanquam

626 4206 780 4247 reum
810 4194 992 4249 securi
1044 4203 1412 4265 percusserat,
1462 4196 1681 4253 invidia:
1716 4199 1889 4270 magis
1939 4214 2104 4269 quam
2131 4201 2230 4256 do-

629 4283 763 4339 loris
791 4293 978 4355 partes
1005 4287 1432 4358 exsequebatur,
1461 4296 1522 4344 ut
1550 4288 1864 4361 Hyrcanum
1897 4299 1953 4346 et
1999 4290 2232 4363 Antipa-

621 4366 766 4435 tr'um
824 4380 1085 4437 incubare
1137 4382 1357 4450 alienis,
1393 4397 1519 4454 quae
1566 4383 1672 4440 sibi
1715 4391 1771 4440 et
1809 4383 2074 4441 fratribus
2115 4387 2232 4442 suis

621 4491 724 4546 per
749 4477 931 4533 scelus
968 4485 1158 4548 erepta
1183 4476 1386 4542 forent,
1417 4485 1614 4550 questu
1645 4477 1972 4549 gravissimo
2001 4493 2229 4536 coacer-

2323 3273 2548 3342 dignum
2599 3273 2772 3344 magis
2822 3272 3128 3327 sacerdotio
3175 3272 3491 3343 Hyrcanum
3515 3269 3680 3325 videri
3711 3287 3722 3320 :
3751 3263 3879 3321 Anti-

2323 3355 2483 3436 patro
2513 3374 2693 3420 autem
2723 3365 2918 3420 detulit
2949 3359 3236 3435 potestatis
3262 3363 3615 3420 electionem.
3659 3360 3782 3416 Tum
3808 3355 3879 3411 ille

2323 3457 2575 3513 eumdem
2596 3456 2860 3510 arbitrum
2893 3457 3114 3512 honoris
3135 3465 3192 3511 et
3208 3455 3612 3511 moderatorem
3636 3459 3877 3521 expetens.

2325 3560 2489 3621 atque
2519 3551 2571 3606 in
2600 3565 2668 3607 eo
2697 3551 2788 3622 qui
2829 3551 3095 3607 honorem
3125 3550 3303 3618 daret,
3349 3563 3563 3620 ponens
3611 3555 3878 3603 mensuram

2327 3643 2572 3708 honoris,
2606 3651 2783 3698 astute
2805 3644 2940 3698 satis
2967 3654 3023 3700 et
3043 3641 3353 3699 verecunde
3381 3640 3556 3698 decus
3596 3638 3708 3694 tulit
3733 3643 3780 3691 et
3817 3633 3882 3687 inv

2325 3744 2667 3792 cremeutnm
2689 3735 2973 3805 potentize.
3002 3733 3192 3789 Totius
3213 3733 3358 3789 enim
3379 3731 3584 3788 Iudaea;
3607 3732 3884 3802 procurator

2326 3827 2504 3885 factus
2534 3836 2619 3884 est
2643 3826 2931 3896 Antipater
2964 3843 2977 3879 :
3006 3840 3139 3880 sane
3176 3823 3460 3895 poposcit,
3509 3833 3568 3879 ut
3606 3832 3775 3877 muros
3809 3814 3883 3869 Ju-

2328 3919 2462 3976 daeie
2495 3921 2588 3987 qui
2611 3918 2756 3974 bello
2777 3917 2940 3973 diruti
2972 3915 3206 3981 fuerant,
3241 3915 3559 3972 aedificaret.
3588 3913 3883 3977 Tantumque

2331 4013 2606 4084 negotium
2639 4011 2779 4067 datae
2829 4010 2954 4066 fidei
3004 4023 3251 4076 securus,
3281 4021 3335 4064 et
3362 4005 3652 4080 postulavit
3675 4012 3724 4058 et
3748 4002 3883 4068 impe-

2263 4158 2275 4165 ,
2333 4108 2518 4164 travit.
2546 4107 2749 4176 anue,
2767 4115 2826 4160 ut
2850 4104 3022 4159 moris
3049 4110 3167 4159 erat
3192 4101 3458 4158 Romanis
3489 4092 3883 4170 imperatoribus,

2332 4199 2564 4256 arbitrio
2590 4199 2820 4254 Caesaris
2869 4199 2925 4252 in
2971 4195 3242 4266 Capitolio
3281 4195 3487 4266 scripta
3533 4199 3674 4257 sunt,
3700 4183 3884 4280 qua:

2333 4293 2508 4364 signia
2548 4292 2776 4347 honoris
2829 4290 3118 4360 Antipatro
3165 4286 3503 4344 conferenda
3548 4282 3719 4340 Caesar
3764 4273 3882 4332 dasti-

2334 4387 2613 4451 mavisset,
2643 4392 2706 4439 ut
2733 4397 2845 4439 sua:
2869 4381 3121 4451 justitiic,
3154 4389 3210 4436 et
3230 4379 3550 4434 meritorum
3577 4374 3690 4439 viri,
3737 4374 3884 4440 poste-

2334 4477 2512 4534 ritatis
2563 4489 2783 4548 quoque
2823 4471 3119 4545 cognitioni
3167 4470 3368 4527 indicia
3413 4475 3702 4526 exstarent.
3724 4462 3886 4548 Prose-

621 4568 784 4625 baret
826 4546 1100 4627 extorrem
1149 4585 1210 4628 se
1257 4546 1462 4627 factum
1519 4546 1873 4629 habitationis
1919 4582 2161 4644 paterna
2208 4546 2309 4632 Ï„Î¹)
2337 4579 2497 4627 cutus
2581 4546 2765 4624 autem
2826 4565 3103 4622 Caesarem
3160 4564 3452 4633 Antipater
3499 4575 3568 4616 ex
3625 4553 3798 4627 Syria,
3826 4547 3886 4644 in

627 4675 834 4721 terram
863 4667 917 4721 in
949 4681 1053 4737 qua
1100 4668 1172 4722 sit
1217 4677 1399 4734 natus,
1442 4669 1626 4740 negari
1673 4668 1777 4725 sibi
1819 4677 2051 4726 :tamen
2102 4685 2230 4727 suas

627 4759 858 4830 injurias
888 4760 1295 4818 tolerabiliores
1325 4761 1538 4829 videri;
1567 4762 1740 4820 multo
1767 4764 2085 4820 acerbiores
2110 4764 2232 4820 illas

628 4853 829 4925 quibus
861 4861 975 4909 tota
1017 4867 1150 4924 gens
1196 4855 1383 4926 populi
1429 4854 1742 4911 Iudaeorum
1773 4855 1843 4910 ab
1885 4855 2136 4928 Hyrcano
2176 4862 2234 4912 et

628 4945 917 5014 Antipatro
937 4944 1270 5002 afficeretur.
1298 4947 1513 5017 Easque
1533 4946 1602 5002 de
1629 4947 1770 5002 bene
1790 4947 1960 5018 gestis
1985 4947 2036 5001 in
2061 4945 2234 5018 Egyâ€”

627 5047 722 5109 pto
763 5039 927 5096 rebus
965 5040 1247 5096 vindicare
1276 5040 1533 5111 gratiam,
1562 5053 1687 5095 cum
1736 5038 2236 5109 illudgMithridatis

628 5132 851 5204 juvandi
876 5149 1092 5203 munus,
1124 5149 1230 5190 non
1253 5149 1322 5190 ex
1344 5134 1506 5189 insita
1531 5133 1584 5188 in
1606 5133 1879 5188 CieSarem
1906 5131 2240 5189 benevolen-

631 5227 732 5291 tia,
763 5228 1029 5283 sedulitas
1060 5227 1168 5282 ulla
1199 5228 1484 5295 detulerit,
1509 5227 1605 5284 sed
1633 5243 1698 5283 ex
1731 5226 2078 5299 Pompeianae
2105 5241 2240 5283 con-

631 5319 864 5375 scientia
894 5319 1179 5376 societatis
1224 5319 1463 5377 formido
1511 5320 1831 5388 extorserit,
1874 5329 1934 5376 ut
1983 5330 2134 5378 esset
2164 5321 2247 5375 of-

633 5410 905 5469 fensionis
969 5412 1249 5468 obtentus.
1307 5413 1588 5470 Adversus
1642 5429 1705 5470 ea
1764 5413 2072 5484 Antipater,
2130 5427 2238 5469 non

631 5490 929 5561 verborum
970 5503 1220 5561 referens
1249 5507 1448 5572 vicem,
1483 5505 1578 5562 sed
1610 5521 1796 5562 rerum
1845 5507 2239 5572 assertionem,

632 5597 796 5653 scidit
824 5607 1034 5654 vestem
1067 5614 1081 5653 :
1110 5606 1167 5655 et
1195 5596 1372 5654 nudus
1403 5585 1883 5667 vestimentorum,
1908 5598 2104 5668 plenus
2131 5597 2246 5653 vul-

637 5704 854 5758 nerum,
907 5690 1198 5748 diloricato
1241 5690 1470 5759 amictu,
1511 5688 1746 5747 offerens
1779 5690 1956 5747 oculis
2003 5691 2248 5747 circnma

634 5784 896 5842 ttantium
926 5775 1186 5857 speetatae
1233 5778 1428 5842 iudicia
1458 5783 1672 5843 virtutis
1705 5802 1717 5841 :
1748 5780 1851 5852 En,
1892 5781 2087 5856 inquit,
2120 5779 2240 5840 mai

2337 4663 2582 4721 Judicam
2625 4659 2782 4717 flexit
2812 4661 2940 4715 iter.
2973 4658 3046 4714 Et
3074 4656 3272 4728 primo,
3301 4669 3461 4726 quem
3507 4648 3774 4721 Pompeius
3811 4640 3887 4696 de-

2339 4763 2616 4813 struxerat
2666 4767 2904 4819 murum,
2951 4753 3007 4806 in
3056 4759 3301 4806 veterem
3349 4755 3550 4802 statum
3595 4732 3883 4799 reformavit.

2343 4846 2551 4904 Deinde
2588 4844 2852 4900 tumultus
2901 4841 3180 4912 repressit,
3205 4840 3532 4896 conveniens
3571 4829 3790 4904 singulos
3826 4820 3887 4876 af-

2344 4942 2487 4999 fectu
2535 4940 2796 5012 parentis,
2824 4952 2968 4994 nunc
2997 4934 3343 4992 mollioribus
3371 4931 3613 4997 monitis,
3641 4937 3770 4983 nunc
3809 4917 3888 4973 mi.

2338 5039 2460 5102 nis;
2488 5045 2548 5092 ut
2591 5050 2714 5106 quae
2763 5033 2911 5104 pacis
2955 5040 3140 5088 essent
3211 5030 3394 5102 potius
3445 5042 3603 5099 quam
3646 5020 3779 5084 belli,
3821 5025 3888 5067 ÎµÎ¸Î¿

2340 5129 2558 5202 quenda
2606 5129 3027 5191 arbitrarentur,
3075 5139 3214 5180 neve
3261 5126 3647 5194 cxasperarent
3688 5112 3888 5168 animum

2342 5225 2506 5294 regis.
2534 5222 2638 5289 Qui
2668 5221 2714 5276 si
2737 5219 3040 5276 inoffensus
3068 5226 3338 5280 maneret.
3389 5216 3560 5272 civem
3612 5205 3887 5299 priestarett

2343 5316 2390 5372 si
2410 5291 2881 5379 commoveretur,
2914 5322 3204 5382 tyrannum
3247 5309 3559 5372 exhiberet;
3609 5311 3660 5358 et
3708 5297 3746 5352 si
3771 5291 3889 5348 mitis

2347 5419 2497 5467 esset
2517 5416 2710 5464 natura
2738 5406 3042 5478 Hyrcanus,
3069 5413 3331 5460 caverent
3359 5412 3537 5458 tamen
3564 5411 3628 5452 ne
3651 5403 3763 5482 eum
3783 5395 3886 5440 con-

2351 5503 2572 5561 tumelia
2624 5499 3013 5556 exacerbarent
3049 5514 3062 5550 :
3094 5497 3198 5552 sibi
3243 5509 3460 5566 quoque
3501 5488 3724 5547 studium
3767 5486 3884 5534 esse.

2349 5608 2411 5654 ut
2441 5598 2494 5653 in
2547 5594 2784 5651 medium
2811 5591 3146 5656 consuleret,
3179 5604 3277 5660 pro
3306 5582 3664 5643 sollicitudine
3685 5574 3761 5647 pia
3800 5577 3888 5667 Î™Î¾Î¿Î·

2350 5704 2451 5761 pro
2480 5693 2772 5758 potestate.
2799 5683 2908 5740 Sed
2935 5683 2982 5738 si
3013 5695 3215 5738 navare
3260 5680 3443 5751 aliqua
3480 5672 3754 5761 tentarent.

2351 5749 2832 5836 uicandiantmum
2881 5772 2983 5831 sibi
3029 5783 3139 5830 non
3182 5749 3513 5836 defuturum;
3541 5749 3888 5829 80mmâ€?
3943 5833 3952 5843 ,
