4112 6350
241 293 388 355 I985

1105 299 1378 359 HISTOR.
1425 299 1514 358 DE
1553 299 1830 360 EXCIDIO
1869 297 2140 364 HIEROS.
2179 303 2381 366 URBIS
2420 307 2550 367 LIB.
2588 307 2633 367 I.

3403 317 3426 377 I
3437 316 3541 378 986

241 422 350 477 que
401 407 705 485 amicitiam
725 410 924 483 potius,
958 427 1122 485 quam
1163 415 1596 474 dominationem
1625 417 1840 488 experi-
1865 429 1918 489 Α
1945 419 2238 490 placidiore
2269 422 2629 488 adventabat,
2666 424 3064 496 praeoccupatis
3102 425 3343 484 Galilaeam
3371 432 3552 487 muni.

241 510 450 554 rentur.
483 499 581 557 Cui
612 503 756 558 enim
803 503 1029 562 dubium
1087 509 1231 564 foret
1279 527 1349 566 ex
1379 510 1568 566 amicis
1599 509 1652 565 in
1695 524 1842 564 arma

241 601 554 662 erupturos,
597 593 645 648 si
687 611 812 651 eum
873 599 959 654 cui
1009 615 1238 671 regnum
1288 602 1390 673 ipsi
1462 602 1841 669 ﬁrmaverant,

238 687 625 755 cognovissent
661 700 834 760 regno
875 692 1141 747 exutum?
1168 692 1342 750 Simul
1372 695 1497 764 quia
1541 693 1842 751 lenitudine

238 777 444 849 ingenii
475 781 772 838 tardiorem
824 784 1135 857 Hyrcanum
1163 796 1389 843 noverat
1425 787 1492 844 ad
1539 802 1845 859 exsequen-

237 868 340 924 das
387 873 726 942 publicorum
782 893 1068 934 munerum
1116 879 1494 950 necessitates,
1556 881 1683 936 ﬁliis
1728 881 1844 938 suis

236 962 586 1021 dividendam
637 969 847 1026 tuendae
889 972 1132 1042 regionis
1178 987 1364 1028 curam
1415 974 1644 1044 putavit,
1696 972 1844 1045 quod

236 1055 334 1113 ille
362 1058 542 1130 impar
567 1071 730 1118 tantae
779 1065 908 1120 moli
946 1065 1291 1138 imperioque
1339 1077 1506 1131 esset.
1550 1067 1842 1124 Phaselum

237 1149 425 1220 itaque
455 1153 726 1210 seniorem
771 1172 839 1212 ex
885 1157 1074 1214 liberis
1105 1159 1397 1229 praesulem
1447 1159 1846 1232 Hierosolymis

237 1252 295 1299 et
322 1242 516 1300 ducem
550 1245 758 1302 militia‘.
805 1250 1107 1311 constituit,
1161 1250 1438 1306 Herodem
1479 1266 1696 1324 quoque
1742 1251 1844 1307 mi-

236 1353 428 1393 norem
459 1347 587 1394 natu
623 1348 786 1412 atque
812 1341 1105 1399 admodum
1145 1343 1552 1400 adolescentem
1595 1344 1711 1414 pari
1738 1344 1834 1400 ho-

235 1445 378 1486 nore
402 1429 640 1487 Galilaeae
671 1433 932 1504 praefecit.
965 1435 1070 1504 Qui
1100 1435 1192 1492 ubi
1240 1445 1564 1507 potestatem
1615 1436 1843 1508 adeptus

229 1532 346 1589 est,
401 1533 593 1580 natura
623 1527 802 1582 acrior
829 1526 896 1582 ad
934 1527 1186 1584 obeunda
1237 1528 1478 1600 negotia,
1529 1528 1715 1585 statim
1761 1529 1843 1584 in-

233 1614 406 1686 genio
434 1629 535 1672 suo
566 1619 850 1674 materiam
886 1620 1114 1674 invenit.

823 1710 1051 1769 CAPUT
1094 1711 1286 1770 XXVI.

1948 513 2225 570 tionibus:
2274 515 2370 571 sed
2421 524 2600 572 tamen
2653 531 2828 588 neque
2871 519 3142 576 invidioso
3190 523 3438 592 agmine,
3488 532 3549 580 ut

1946 603 2148 661 bellum
2171 608 2364 664 minari
2385 609 2683 678 videretur,
2703 626 2806 669 nec
2828 612 3024 669 iterum
3045 614 3100 669 in
3128 623 3246 670 tuto
3268 616 3544 686 praesidio,

1945 709 2006 755 ut
2037 701 2268 757 salutem
2300 704 2558 774 proderet
2590 723 2604 760 :
2635 705 2807 763 fultus
2851 723 3074 779 quoque
3118 708 3270 766 Sexti
3313 709 3550 766 Caesaris

1945 801 2066 847 erat
2104 795 2381 864 aspirante
2409 797 2510 853 sibi
2543 798 2745 869 gratia;
2774 799 2868 870 qui
2899 808 3152 856 metuens
3195 815 3266 857 ne
3294 801 3424 871 quid
3451 801 3545 871 ju-

1945 884 2072 939 veni
2101 885 2420 943 insidiarum
2449 889 2814 961 irrogaretur,
2846 892 3257 962 praescripserat
3297 892 3551 965 Hyrcano

1945 977 2218 1035 mandatis
2237 981 2632 1051 severioribus,
2659 993 2717 1039 ut
2741 999 2770 1038 a
2795 985 2984 1055 judicii
3013 985 3280 1058 gravioris
3307 987 3552 1058 periculo

1947 1073 2366 1141 temperandum
2414 1087 2649 1148 putaret.
2703 1078 2858 1136 Unde
2920 1082 3094 1152 magis
3150 1080 3552 1140 absolutionem

1939 1163 2132 1234 judicii
2162 1166 2334 1224 Sexto
2361 1168 2561 1226 detulit
2587 1185 2751 1242 quam
2799 1171 3094 1241 voluntati;
3134 1175 3382 1245 quamvis
3411 1175 3553 1248 llyr-

1945 1271 2135 1326 canus,
2170 1261 2273 1316 etsi
2321 1261 2763 1320 insimulantibus
2795 1275 3058 1334 cesserat,
3095 1275 3155 1323 ut
3183 1283 3309 1324 eum
3342 1268 3398 1324 in
3426 1283 3555 1326 cau-

1945 1363 2062 1405 sam
2091 1362 2334 1422 vocaret,
2360 1355 2552 1411 volens
2577 1365 2691 1412 tum
2713 1357 3029 1429 absolverit,
3050 1359 3306 1431 quoniam
3335 1375 3555 1420 servare

1946 1440 2082 1499 hero
2111 1459 2271 1516 quam
2306 1450 2567 1519 persequi
2597 1449 2855 1507 malebat.
2903 1451 3012 1508 Sed
3056 1453 3150 1508 ille
3191 1453 3420 1524 juvenili
3463 1469 3555 1511 ca-

1945 1535 2064 1593 lore
2090 1538 2344 1608 injuriam
2378 1541 2592 1611 dolens,
2621 1543 2984 1600 absolutionis
3013 1545 3279 1617 ingratus,
3313 1549 3562 1618 perrexit

1945 1629 2014 1686 ad
2042 1631 2264 1688 Sextum
2298 1637 2586 1708 proposito
2613 1639 2818 1707 studio,
2847 1648 2906 1694 ut
2931 1641 2976 1696 si
3007 1639 3204 1697 iterum
3237 1652 3574 1712 vocaretur,‘

1945 1739 2056 1780 non
2105 1725 2370 1795 obediret,
2401 1728 2656 1801 deditque
2707 1731 3539 1801 obtrectantibus,insimulandi

312 1829 620 1888 Laborabat
656 1827 801 1885 enim
841 1826 996 1900 Syria
1028 1828 1278 1885 Ezechiae
1307 1829 1536 1887 latronis
1565 1831 1841 1888 incursio-
1875 1831 1924 1894 B
1949 1817 2131 1874 Ῑοθυίη
2163 1837 2176 1873 ε
2207 1822 2458 1891 αυαιηνίε
2502 1823 2787 1895 Hyrcanus
2813 1841 2922 1881 ηοη
2961 1835 3270 1896 θεειιτεετθι
3297 1826 3365 1883 ad
3395 1827 3560 1883 υῘῑῙο-

235 1926 423 1982 nibus.
455 1923 662 1992 Quibus
688 1923 782 1978 ille
809 1921 1149 1992 praedatoriae
1177 1925 1362 1979 manui
1395 1925 1646 1996 princeps
1676 1935 1846 1982 totam

236 2018 533 2075 infestabat
563 2015 922 2087 provinciam,
957 2025 1121 2088 atque
1147 2018 1402 2075 omnibus
1439 2020 1576 2076 locis
1606 2020 1848 2076 infensus

233 2119 382 2166 erat.
433 2108 607 2177 Quem
653 2119 966 2180 correptum
1012 2110 1249 2180 jugulari
1296 2111 1498 2182 jussit,
1540 2115 1848 2186 multosque

231 2203 562 2277 praedonum
597 2201 879 2258 interemit
907 2219 922 2257 :
953 2203 1098 2274 quod
1130 2204 1180 2259 ei
1213 2220 1460 2276 magnam
1491 2207 1706 2262 virtutis
1733 2206 1849 2278 glo-

232 2295 379 2352 riam
422 2294 653 2366 peperit,
681 2303 740 2349 ut
775 2293 1002 2351 haberet
1039 2295 1183 2366 apud
1221 2295 1387 2368 Syros
1415 2297 1663 2368 gratiam.
1693 2297 1849 2355 Unde

233 2388 300 2443 iu
333 2387 556 2442 urbibus
583 2401 648 2442 ac
674 2387 807 2442 vicis
834 2387 1150 2442 canentium
1184 2389 1412 2446 vocibus
1442 2390 1845 2459 celebrabatur,

233 2480 398 2550 quasi
423 2493 609 2550 pacem
632 2487 689 2534 et
703 2480 940 2550 quietem
964 2479 1234 2550 publicam
1261 2483 1434 2537 multa
1457 2493 1581 2554 post
1603 2493 1848 2555 tempora

233 2574 674 2630 rel'ormavisset.
714 2573 1002 2630 Excitabat
1038 2575 1127 2630 hic
1173 2591 1358 2632 sermo
1398 2579 1640 2634 secundo
1674 2579 1849 2649 plebis

233 2681 466 2724 rumore
504 2667 906 2724 aemulationem
936 2667 1080 2738 piam
1112 2668 1286 2724 laudis
1316 2669 1592 2737 fraternae,
1623 2681 1680 2727 ut
1705 2670 1848 2728 Pha-

232 2761 392 2817 selus
435 2761 709 2830 jnniorem
757 2775 911 2828 natu,
936 2777 1099 2832 quem
1145 2761 1462 2833 adaequaret
1510 2764 1710 2820 mentis
1751 2765 1846 2822 be-

232 2854 514 2924 nignitate
537 2894 552 2922 ,
583 2853 794 2910 allectis
826 2855 882 2910 in
908 2855 1213 2925 primorum
1244 2856 1426 2911 locum
1467 2857 1850 2914 benevolentia

234 2947 756 3020 praestantioribus,
810 2947 904 3018 qui
960 2963 1153 3005 severa
1209 2958 1583 3020 temperarent
1647 2951 1844 3022 gratia.

193 3041 404 3100 .Unde
449 3049 505 3097 et
549 3041 815 3096 maximus
861 3040 1038 3098 honor
1082 3042 1393 3112 Antipatro,
1435 3044 1590 3114 quasi
1638 3045 1850 3116 parenti

237 3134 488 3208 publico,
518 3133 870 3192 deferebatur
902 3135 1059 3205 :ipse
1109 3146 1290 3192 tamen
1328 3136 1464 3191 nihil
1499 3136 1568 3193 de
1611 3137 1852 3194 benevo-

1955 1928 2105 1981 nem,
2138 1929 2262 1970 cum
2293 1915 2504 1973 videret
2545 1919 2926 1989 superiorem:
2955 1921 3334 1978 recordatione
3374 1929 3558 1979 tamen

1952 2003 2170 2077 injuriae
2201 2008 2349 2079 (qua:
2378 2009 2662 2066 tractando
2685 2011 2873 2084 alitur)
2894 2013 3108 2068 excitus
3133 2013 3398 2083 Herodes,
3428 2029 3560 2071 con-

1953 2108 2178 2172 gregato
2207 2101 2454 2156 exercitu
2481 2103 2742 2174 pergebat
2782 2102 3222 2177 Hierosolymam
3244 2147 3260 2175 ,
3290 2114 3351 2161 ut
3377 2106 3558 2164 solve-

1952 2200 2040 2247 ret
2088 2207 2304 2250 omnem
2350 2193 2586 2266 Hyrcani
2632 2204 2984 2267 potestatem,
3014 2212 3079 2253 ac
3107 2212 3247 2269 pene
3274 2197 3556 2270 effecerat,

1953 2283 2055 2340 nisi
2085 2300 2116 2340 a
2146 2285 2315 2342 fratre
2358 2287 2625 2344 infractus
2648 2298 2700 2345 et
2733 2298 2886 2360 patre
2909 2331 2924 2357 ,
2958 2291 3194 2361 impetus
3221 2291 3341 2363 ejus
3368 2307 3564 2350 conse-

1953 2378 2183 2444 nuisset,
2220 2381 2559 2450 rogantibus,
2590 2389 2649 2436 nt
2678 2382 3047 2438 insurrexisse
3076 2384 3209 2440 satis
3237 2393 3472 2455 putaret,
3505 2393 3561 2442 et

1953 2469 2301 2527 minitatione
2358 2472 2612 2528 vindicta:
2661 2474 2884 2530 modum
2947 2488 3209 2546 poneret;
3264 2479 3563 2536 abstineret

1954 2572 2134 2620 tamen
2158 2565 2229 2621 ab
2249 2565 2598 2637 imperatoris
2623 2569 2814 2638 exitio,
2833 2569 2934 2625 sub
2959 2586 3069 2642 quo
3097 2587 3202 2627 non
3225 2573 3558 2631 mediocrem

1953 2671 2238 2716 assecutus
2275 2659 2419 2718 foret
2459 2662 2684 2732 gratiam
2707 2704 2722 2731 ,
2750 2673 2810 2718 ut
2838 2671 3046 2720 tantam
3080 2675 3403 2736 potestatem
3446 2667 3564 2724 adi-

1953 2753 2296 2826 piscerentur
2319 2773 2336 2810 :
2358 2755 2552 2812 laesum
2579 2757 2799 2828 quidem
2819 2759 3016 2828 videri,
3046 2762 3190 2831 quod
3213 2765 3268 2818 in
3291 2762 3557 2833 judicium

1954 2858 2181 2904 vocatus
2210 2849 2322 2917 sit;
2361 2849 2462 2908 sed
2489 2866 2682 2908 rursus
2706 2851 2958 2909 allectum
2997 2855 3190 2925 gratia,
3220 2854 3365 2926 quod
3393 2856 3558 2914 abso-

1956 2942 2102 2999 lutus
2135 2961 2148 2999 :
2183 2943 2378 3000 durum
2426 2945 2624 3014 nimis,
2667 2945 2713 3000 si
2766 2945 3019 3017 injuriam
3069 2958 3461 3020 prosequatur,
3503 2959 3560 3008 ct

1955 3051 2054 3108 pro
2098 3039 2274 3094 salute
2326 3038 2572 3110 ingratus
2610 3039 2682 3094 sit
2712 3055 2728 3095 :
2759 3038 2984 3095 dubium
3013 3040 3212 3098 deinde
3241 3043 3560 3116 ancipitem-

1955 3146 2063 3200 que
2113 3131 2384 3188 bellorum
2444 3140 2699 3188 eventum
2723 3150 2746 3210 _:
2777 3148 2998 3205 gravem
3061 3149 3277 3207 quoque
3338 3137 3560 3194 invidia:

239 3228 417 3284 lentia
447 3241 511 3288 ac
541 3227 647 3282 ﬁde
676 3227 927 3296 mutavit,
955 3243 1061 3299 qua
1091 3228 1386 3285 observare
1417 3229 1726 3300 llyrcanurn
1757 3245 1848 3287 so-

1955 3223 2267 3291 sarcinam,
2293 3238 2416 3280 cum
2466 3226 2788 3296 imperatori
2827 3241 2929 3282 suo
2975 3242 3127 3283 arma
3169 3229 3390 3298 inferat,
3423 3239 3480 3286 et
3508 3233 3561 3290 ei

241 3320 380 3376 litus
403 3329 540 3375 erat.
568 3319 676 3377 Sed
697 3320 921 3377 difficile
937 3330 1022 3377 est
1039 3323 1090 3376 in
1117 3322 1396 3393 prosperis
1418 3322 1619 3378 invidia
1640 3337 1848 3380 carere.

246 3412 494 3484 Denique
533 3412 764 3482 primum
809 3413 1006 3469 tacitus
1036 3413 1318 3485 Hyrcanus
1345 3414 1410 3468 ad
1440 3415 1700 3484 jnvenum
1733 3415 1851 3470 lau-

244 3506 348 3564 des
400 3507 788 3573 vellicabatur;
845 3507 1221 3564 vehementius
1282 3517 1462 3564 tamen
1510 3524 1676 3577 eum,
1731 3523 1854 3580 quae

245 3598 517 3671 praeclare
567 3609 719 3670 gesta
779 3600 835 3654 in
890 3597 1126 3656 Herodis
1182 3600 1440 3671 operibus
1501 3601 1849 3670 ferebantur,

246 3692 670 3764 exasperabant,
699 3707 860 3763 quem
893 3693 1030 3748 ultra
1060 3692 1206 3764 leges
1243 3692 1556 3750 Iudaeorum
1584 3703 1640 3750 et
1662 3691 1856 3764 privati

246 3787 474 3845 modum
521 3802 872 3859 progressum
923 3786 1162 3854 videbat,
1212 3798 1271 3843 ut
1314 3803 1532 3844 omnem
1579 3788 1684 3844 sibi
1731 3802 1855 3843 cum

246 3880 422 3936 fratre
445 3894 510 3936 ac
533 3889 685 3951 patre
705 3879 1008 3935 vindicaret
1029 3879 1346 3951 potentiam,
1370 3895 1666 3952 regemque
1691 3895 1857 3937 exue-

250 3981 377 4029 rent
400 3974 552 4028 omni
588 3971 816 4040 honore,
844 3972 932 4028 cui
960 3971 1094 4028 nihil
1134 3981 1336 4044 praeter
1376 3989 1576 4029 nomen
1618 3973 1857 4030 resedis-

249 4074 358 4132 set,
383 4065 529 4136 quod
546 4080 813 4142 (vacuum
857 4066 1144 4136 potestatis
1190 4067 1408 4122 inanem
1438 4066 1682 4138 speciem
1714 4083 1855 4138 pra:-

251 4158 444 4215 ferret.
482 4159 724 4231 Denique
763 4161 1074 4218 inconsulto
1116 4177 1184 4218 eo
1223 4162 1487 4233 plurimos
1531 4164 1654 4219 neci
1698 4163 1859 4222 datos

250 4254 370 4309 sine
400 4253 670 4310 mandatis
697 4255 973 4326 regalibus
997 4254 1333 4324 interfectos,
1363 4271 1498 4327 quos
1528 4258 1612 4312 lex
1643 4267 1856 4327 patrum

251 4349 438 4420 perire
461 4365 567 4406 non
593 4352 825 4417 sineret;
858 4352 1002 4408 unde
1044 4361 1301 4423 oportere
1344 4352 1618 4409 Herodem
1649 4353 1703 4409 in
1729 4369 1856 4409 cau-

243 4458 372 4500 sam
399 4443 583 4499 vocari
612 4445 854 4516 plerique
879 4445 1116 4512 aiebant,
1145 4454 1202 4500 ut
1235 4445 1504 4502 rationem
1545 4446 1719 4513 daret,
1748 4462 1854 4517 qna

249 4537 430 4608 gratia
459 4537 740 4593 violaverit
770 4538 966 4608 legem,
997 4553 1118 4608 quae
1153 4537 1423 4594 inauditos
1449 4547 1663 4594 vetaret
1686 4539 1856 4593 exitio

1957 3317 2048 3387 qui
2073 3325 2302 3388 paterno
2323 3317 2522 3374 aﬁ'ectu
2545 3334 2668 3376 cum
2701 3319 2916 3390 foverit,
2935 3321 3368 3394 saepiusjuverit,
3402 3337 3560 3381 num-

1954 3424 2116 3480 quam
2159 3411 2389 3479 lmserit,
2423 3411 2529 3469 nisi
2557 3428 2680 3470 cum
2712 3415 2870 3471 malis
2900 3416 3228 3472 consiliariis
3257 3433 3409 3486 usus,
3440 3434 3560 3475 um-

1957 3504 2110 3560 bram
2137 3507 2186 3562 ei
2216 3507 2537 3566 excitaverit
2580 3509 2904 3582 iniquitatis,
2932 3526 3038 3583 qua
3086 3526 3147 3569 se
3188 3511 3370 3569 lusum
3406 3513 3556 3570 arbi-

1958 3609 2213 3658 traretur.

2511 3695 2739 3753 CAPUT
2779 3697 2996 3754 XXVII.

2030 3787 2128 3844 llis
2175 3797 2230 3845 et
2271 3791 2469 3846 talibus
2515 3789 2725 3861 fregere
2762 3790 3064 3861 juvenilem
3117 3791 3413 3862 impetum,
3444 3791 3560 3849 bel-

1959 3880 2180 3951 lumque
2210 3881 2528 3938 intestinum
2559 3898 2587 3937 a
2614 3881 2802 3939 Iudaea
2841 3893 3137 3953 remotum,
3168 3885 3263 3941 sed
3286 3886 3562 3946 Romano-

1958 3990 2082 4030 rum
2120 3975 2521 4032 interventione
2562 3976 2893 4033 transfusum
2923 3986 3085 4048 atque
3112 3979 3166 4034 in
3195 3994 3292 4036 eos
3320 3995 3558 4037 versum.

1961 4066 2240 4138 Siquidem
2269 4083 2299 4123 a
2329 4068 2552 4124 Caecilio
2591 4069 2761 4126 Basso
2833 4071 3034 4127 Sextus
3073 4070 3258 4129 Caesar
3300 4073 3430 4130 dolo
3474 4075 3562 4130 in-

1959 4166 2266 4231 teremptus
2312 4169 2396 4218 est
2428 4178 2442 4215 :
2472 4170 2528 4218 et
2558 4172 2749 4233 postea
2788 4161 2964 4218 Julius
3005 4161 3192 4220 Caesar
3234 4167 3469 4223 triennio
3508 4175 3565 4224 et

1957 4261 2168 4324 septem
2221 4255 2500 4310 mensibus
2543 4265 2812 4326 potestate
2859 4259 3078 4314 functus
3121 4271 3404 4332 perpetua,
3438 4263 3565 4335 quia

1958 4347 2158 4416 privati
2191 4347 2434 4404 habitum
2468 4364 2856 4421 supergressus
2886 4350 3085 4420 fuerat,
3117 4353 3172 4409 in
3214 4366 3402 4411 senatu
3432 4372 3564 4427 gra-

1958 4451 2054 4493 ves
2081 4453 2270 4508 pmnas
2299 4438 2482 4505 dedit,
2513 4438 2706 4496 Cassio
2734 4441 3012 4513 Brutoque
3039 4445 3370 4503 auctoribus.
3408 4447 3565 4505 Unde

1959 4531 2302 4602 congregatis
2356 4531 2623 4600 urbibus,
2678 4548 2800 4589 cum
2855 4535 3028 4590 ultum
3080 4537 3146 4592 iri
3201 4539 3343 4595 ﬁlius
3390 4539 3565 4598 Julius

251 4629 372 4684 dari
397 4649 413 4685 ;
437 4628 639 4684 debere
688 4645 972 4700 assurgere
1018 4629 1327 4700 Hyrcanum
1351 4671 1365 4696 ,
1392 4629 1478 4684 vel
1531 4630 1656 4684 hinc
1695 4645 1860 4701 expe~
1886 4635 1936 4696 ι)
1961 4624 2248 4694 adoptivus
2290 4626 2460 4695 patris
2487 4626 2710 4682 exitium
2738 4668 2753 4693 ,
2785 4627 3042 4699 adjuncto
3069 4630 3170 4685 sibi
3202 4633 3439 4688 Antonio
3468 4637 3566 4692 deo

248 4724 373 4789 riri,
407 4733 583 4779 utrum
615 4739 796 4795 regem
828 4741 895 4779 an
939 4725 1207 4795 privatum
1252 4739 1374 4781 sese
1413 4725 1652 4782 Herodes
1679 4737 1854 4797 gerat.

250 4817 357 4886 Qui
405 4826 630 4874 vocatus
680 4819 737 4873 in
778 4817 1039 4889 judicium
1086 4818 1192 4874 nisi
1235 4818 1481 4886 adesset,
1510 4820 1855 4875 manifestum

250 4910 412 4980 fore,
464 4929 574 4984 quo
623 4922 768 4968 tanta
822 4914 938 4984 ejus
991 4914 1280 4970 insolentia
1336 4914 1705 4984 aspiravisset.
1761 4915 1858 4971 llis

250 5017 417 5077 atque
461 5007 768 5076 hujusmodi
826 5007 1101 5078 regiorum
1153 5008 1454 5063 satellitum
1511 5009 1858 5064 sermonibus

251 5100 541 5173 Hyrcanus
579 5115 675 5171 per
712 5099 966 5156 invidiam
1011 5101 1269 5171 paulatim
1308 5100 1738 5168 accendebatur,
1767 5102 1860 5172 qui

251 5195 599 5265 projiriorem
651 5194 876 5265 ignaviae
921 5194 1182 5264 pudorem
1232 5196 1664 5265 increpitabant,
1715 5196 1858 5266 quod

252 5287 522 5356 regalium
569 5288 909 5356 negotiorum
949 5279 1072 5358 jure
1114 5286 1433 5356 decesserit,
1484 5288 1757 5344 transfusa
1803 5289 1859 5344 in

253 5376 603 5447 Antipatrum
648 5387 702 5434 et
746 5379 889 5434 ﬁlios
939 5379 1058 5449 ejus
1103 5389 1404 5450 potestate,
1441 5397 1580 5452 quos
1610 5381 1862 5436 dominos

254 5471 608 5527 constituerit
635 5471 852 5527 licentia
881 5472 985 5528 sibi
1020 5456 1281 5543 regnandi
1314 5474 1622 5530 imminuta.
1656 5475 1864 5543 Quibus

256 5566 498 5632 excitus,
546 5563 736 5620 statuit
790 5566 1064 5622 Herodem
1104 5568 1311 5637 judicio
1358 5584 1459 5624 suo
1508 5585 1620 5625 non
1674 5569 1865 5626 defore

255 5667 642 5734 purgaturum,
673 5673 796 5729 quae
819 5659 1118 5716 adversum
1149 5662 1301 5732 leges
1329 5673 1591 5733 usurpata
1619 5662 1865 5734 objecta-

259 5737 489 5809 rentur.‘
509 5753 751 5811 Herodes
781 5754 995 5812 tametsi
1023 5756 1078 5812 in
1099 5755 1366 5827 judicium
1395 5772 1456 5814 se
1483 5766 1737 5815 vocatum
1775 5758 1864 5814 in-

263 5845 608 5919 dignaretur,
641 5854 826 5906 tamen
872 5849 959 5908 vel
1009 5851 1182 5921 patris
1224 5852 1446 5910 monitis
1473 5893 1488 5921 ,
1516 5852 1605 5912 vel
1631 5851 1864 5910 consilio

1963 4717 2302 4783 stiuavisset,
2326 4719 2452 4788 quia
2472 4719 2763 4774 maximam
2786 4719 2916 4776 belli
2941 4730 3171 4792 partem,
3201 4723 3378 4780 missis
3407 4727 3564 4781 auxi-

1965 4810 2072 4878 liis,
2098 4811 2343 4868 Herodes
2358 4812 2567 4884 juvisse
2592 4813 2981 4880 aestimaretur,
3007 4816 3171 4870 totius
3185 4816 3360 4888 Syria:
3383 4818 3560 4875 eidem

1964 4905 2216 4975 regendae
2261 4908 2552 4962 commissa
2583 4916 2666 4962 est
2695 4907 3027 4964 sollicitudo.
3059 4907 3194 4975 Qua:
3223 4924 3313 4967 res
3339 4911 3568 4982 Antipa-

1953 5009 2050 5062 .tro
2077 5017 2240 5060 causa
2269 5003 2486 5059 lethalis
2518 5003 2672 5060 exitii
2703 5003 2827 5059 fuit.

2501 5099 2734 5156 CAPUT
2783 5099 3025 5156 XXVIII.

2039 5192 2261 5249 Timens
2291 5194 2436 5248 enirn
2483 5193 2763 5250 Malachus
2808 5193 3084 5265 Antipatri
3115 5197 3412 5266 potentiam
3444 5211 3567 5268 quae

1968 5285 2171 5341 virtute
2215 5286 2447 5342 Herodis
2489 5286 2890 5356 cumulabatur,
2920 5299 3183 5360 corrupto
3232 5305 3341 5346 uno
3371 5289 3438 5346 de
3473 5304 3568 5346 re-

1969 5380 2182 5452 galibus
2211 5381 2498 5447 ministris,
2529 5383 2820 5453 Antipatro
2859 5399 3131 5439 venenum
3179 5385 3417 5456 paravit.
3450 5384 3571 5453 Quo

1971 5481 2182 5542 potato,
2216 5483 2342 5543 post
2387 5473 2698 5530 convivium
2749 5477 2937 5531 statim
2985 5478 3217 5532 moritur
3254 5478 3574 5548 Antipater,

1969 5566 2204 5636 impigro
2248 5567 2304 5621 in
2349 5567 2566 5622 caeteris
2614 5567 2864 5638 ingenio,
2893 5576 2949 5624 et
2990 5569 3229 5625 maxime
3277 5569 3576 5640 quaerendo

1970 5659 2406 5730 stabiliendoque
2451 5659 2691 5732 Hyrcani
2727 5660 2961 5732 imperio
2993 5661 3078 5717 vir
3106 5670 3385 5718 strenuus.
3431 5660 3579 5718 Tulit

1969 5753 2209 5825 graviter
2246 5751 2494 5810 Herodes
2535 5753 2745 5810 obitum
2777 5755 2968 5826 patris,
3001 5763 3392 5827 commotoque
3420 5769 3580 5811 exer-

1969 5849 2079 5906 citu
2104 5889 2121 5917 ,
2175 5847 2410 5906 ultorem
2460 5844 2866 5920 pollicebatur;
2915 5846 3014 5908 sed
3060 5847 3305 5908 fraterno
3344 5847 3580 5908 consilio
