4148 6362
635 271 773 334 1987

1961 259 2209 324 SANCTI
2245 260 2569 326 AMBROSII

3697 244 3706 252 ’
3775 259 3890 336 uss

631 403 944 464 revocatus,
978 410 1048 452 ne
1084 394 1227 452 bello
1258 393 1516 450 intestino
1557 391 1744 449 Judma
1775 392 1918 448 inter
1950 391 2220 448 Herodem
2250 390 2463 454 Anore
2511 393 2708 463 spiritu
2755 403 3069 452 accusatum
3118 397 3349 468 protecti
3373 440 3389 466 ,
3444 393 3593 470 apud
3643 391 3892 471 Daphncm

634 503 688 546 ct
731 490 1030 546 Malaclium
1069 497 1381 553 vexaretur,
1414 495 1606 560 parato
1635 486 1700 542 ad
1732 485 2146 558 repugnandum
2178 494 2234 540 et

635 585 873 640 maxime
903 583 1284 639 dissimulante
1313 581 1579 647 Malaclio,
1608 581 1753 650 quod
1781 582 1933 636 necis
1962 580 2232 650 Antipatri

635 677 888 732 conscius
911 677 1082 742 foret;
1115 676 1168 730 in
1197 675 1342 730 aliud
1372 689 1542 746 genus
1571 674 1796 729 ultionis
1825 673 1980 729 facile
2011 671 2235 741 traduc-

639 780 725 825 tus
757 779 870 836 est,
907 780 963 823 ιιι
1010 768 1380 823 satisfactione
1425 777 1643 837 accepta
1676 766 1820 837 quod
1869 767 2013 821 nulla
2046 764 2236 820 fraude

639 864 868 920 Malacini
895 862 1180 931 Antipater
1209 862 1435 917 obiisset
1455 903 1469 927 ,
1506 861 1814 933 Hyrcanum
1846 876 1910 915 ac
1934 859 2236 914 Malaclium

643 957 886 1012 lierodcs
913 956 978 1012 ad
1006 971 1217 1012 cumam
1260 965 1504 1028 vocaret,
1531 965 1588 1010 et
1627 953 1698 1010 de
1723 954 1994 1010 sententia
2022 952 2195 1008 CaSsii
2218 989 2234 1018 ,

637 1053 730 1122 qui
760 1053 924 1106 etiam
955 1054 1066 1107 suis
1111 1051 1163 1106 id
1201 1052 1402 1121 negotii
1439 1050 1792 1105 mandaverat
1821 1048 1889 1104 ad
1929 1047 2236 1104 obeundam

641 1144 901 1199 ultionem
934 1143 1156 1200 directis
1188 1163 1200 1198 :
1231 1142 1402 1213 parati
1453 1143 1806 1197 centuriones
1851 1140 2239 1211 praepositique

640 1236 873 1292 Romani
917 1237 1229 1302 exercitus,
1277 1234 1626 1290 venientibus
1675 1233 1926 1304 Hyrcano
1967 1231 2127 1286 simul
2176 1245 2240 1286 ac

641 1330 888 1386 Malacho
909 1345 1202 1386 occurrere
1224 1330 1276 1384 in
1301 1329 1503 1391 littore,
1531 1337 1694 1398 atque
1720 1325 2026 1396 evaginatis
2045 1322 2241 1394 gladiis

641 1434 931 1496 utrumque
957 1439 1145 1480 eorum
1175 1424 1610 1479 circumstetere.
1644 1421 1834 1478 Solum
1867 1431 2046 1475 tamen
2076 1419 2242 1474 Mala.

637 1517 800 1573 chum
851 1519 1035 1574 multis
1065 1519 1380 1574 vulneribus
1421 1517 1734 1588 confossum
1768 1531 1831 1572 ac
1864 1516 2127 1571 laniatum
2153 1528 2243 1569 su-

643 1625 831 1682 premo
857 1609 1026 1665 exitio
1055 1610 1483 1666 trucidaverunt.
1519 1610 1913 1665 Consternatus
1934 1622 2002 1663 eo
2032 1616 2244 1664 terrore

641 1701 949 1776 Hyrcanus,
983 1719 1206 1760 sensum
1235 1706 1440 1772 amisit,
1466 1703 1628 1775 a‘lque
1652 1704 1798 1758 omni
1824 1704 2035 1758 solutus
2059 1702 2246 1773 vigore

639 1800 841 1854 mentis
872 1809 928 1857 et
953 1801 1198 1870 corporis
1220 1801 1447 1856 corruit.
1471 1800 1755 1871 Paulisper
1785 1808 1968 1855 tamen
2001 1799 2090 1854 ubi
2121 1812 2246 1854 sese
2271 1784 2321 1844 Β
2348 1811 2475 1852 eum
2523 1811 2648 1852 cum
2692 1796 2924 1853 Gabinio
2968 1797 3350 1853 advenientem
3381 1797 3433 1852 in
3462 1796 3700 1852 Judaeam
3731 1796 3909 1867 gratis-
4011 1839 4017 1842 Α

640 1893 871 1962 recepit,
905 1893 1242 1964 interrogato
1297 1894 1508 1948 llerode
1530 1937 1546 1962 ,
1580 1894 1704 1963 quis
1747 1893 2098 1964 praecepisset
2136 1891 2248 1946 Ma-

636 1985 855 2045 lachum
905 1985 1118 2053 occidi,
1171 1986 1259 2041 ubi
1308 1987 1564 2057 cognovit
1597 2002 1662 2040 ex
1695 1987 2000 2056 prmpositis
2025 2026 2040 2052 ,
2072 1981 2246 2039 Cassii

641 2079 876 2135 Romani
907 2082 1252 2151 imperatoris
1275 2082 1433 2151 jussu
1458 2090 1732 2148 necatum,
1761 2081 1906 2136 illico
1929 2080 2242 2151 respondit:

581 2216 583 2218 η
642 2172 862 2230 Cassius
907 2191 1038 2245 ergo
1064 2186 1120 2230 et
1148 2175 1300 2240 mihi,
1337 2184 1392 2230 et
1421 2175 1610 2244 patriae
1640 2190 1777 2229 mete
1805 2175 1965 2252 saluti
1995 2173 2120 2239 fuit,
2155 2173 2243 2242 qui

639 2271 922 2340 utriusque
969 2268 1346 2324 insidiatorem
1391 2269 1642 2338 peremit.
1693 2267 1802 2323 Sed
1832 2267 1936 2322 hoc
1979 2269 2096 2322 sive
2133 2281 2245 2338 pra:

639 2375 789 2420 metu
837 2363 1060 2428 dixerit,
1089 2365 1206 2418 sive
1256 2365 1329 2418 ita
1373 2363 1610 2418 senserit
1658 2362 1972 2434 Hyrcanus,
2001 2361 2146 2416 haud
2175 2360 2245 2414 li-

641 2459 806 2529 quido
852 2469 1036 2531 patet,
1073 2474 1248 2528 neque
1299 2466 1489 2513 nostro
1527 2457 1746 2512 definiri
1793 2464 1975 2528 potest
2015 2453 2242 2525 judicio.

639 2552 1014 2609 lnsurrexerat
1063 2552 1328 2617 Eliclius,
1384 2550 1476 2622 qui
1531 2549 1772 2605 fraterna
1839 2547 2245 2604 necessitudine

641 2645 869 2715 Malacini
905 2652 1134 2700 mortem
1164 2652 1394 2714 cuperet
1439 2642 1627 2698 ulcisci
1655 2659 1668 2696 :
1695 2642 1790 2697 sed
1817 2643 1946 2712 quia
1971 2641 2242 2697 Herodem

641 2741 912 2795 lacessere
944 2754 1050 2794 non
1098 2738 1356 2805 audebat,
1390 2737 1611 2793 fratrem
1645 2738 1815 2808 ipsius
1848 2736 2139 2792 Phaselum
2167 2738 2246 2792 la-

641 2832 968 2888 cessendum
1005 2831 1397 2886 arbitrabatur.
1426 2831 1546 2897 Quo
1575 2833 1820 2900 cognito,
1855 2829 2097 2885 Herodes
2121 2844 2243 2884 mo-

644 2943 769 2982 vere
813 2941 874 2982 se
911 2915 1162 2996 Cupiens,
1195 2933 1443 2980 retentus
1484 2935 1567 2981 est
1608 2925 1856 2994 corporis
1902 2921 2242 2979 infirmitate.

642 3019 868 3074 Elicltus
915 3019 1126 3073 interea
1178 3019 1506 3072 munitiones
1555 3017 1816 3088 quasdam
1867 3025 1922 3072 et
1970 3017 2246 3087 praecipue

643 3112 942 3168 Massadam
976 3113 1252 3182 impositis
1291 3112 1561 3183 praesidiis
1591 3121 1971 3182 occupaverat.
2014 3109 2122 3166 Sed
2151 3111 2242 3166 ubi

2335 489 2613 545 oﬂ‘endere
2642 491 2963 558 Antonium,
2989 490 3098 562 jam
3129 493 3298 547 totum
3321 492 3622 564 Cleopatra:
3650 496 3897 553 amoribus

2336 582 2617 649 deditum,
2649 577 2811 654 atque
2852 585 2973 656 ejus
3019 584 3233 642 libidini
3279 586 3711 657 deservientem,
3739 590 3899 662 ibique

2337 687 2567 749 arguere
2593 683 2881 752 cmpe‘runt
2907 676 3300 739 intolerabilem
3335 681 3554 738 fratrum
3580 683 3897 755 potestatem.

2339 772 2565 827 Messala
2615 779 2804 830 eontra
2851 773 3143 832 refellebat
3193 775 3537 831 assisterttcm
3585 769 3822 848 Hyrcano
3856 786 3904 834 et

2339 866 2683 924 insolentiam
2730 865 2908 939 gentis
2951 865 3313 941 ‘redarguebat
3338 911 3354 938 ,
3383 885 3501 941 quae
3532 869 3759 927 factione
3789 887 3900 943 pau-

2339 965 2528 1014 corum
2577 962 2808 1016 escitata
2839 963 2968 1017 suos
3011 961 3372 1027 detrectaret,
3405 959 3614 1017 alienos
3639 965 3904 1033 quaereret,

2342 1049 2685 1124 Hyrcanid'ue
2728 1054 2988 1123 iniuriam
3036 1053 3388 1124 praSteireret;
3441 1055 3564 1108 cum
3609 1053 3902 1126 Hyrcanus,

2341 1143 2485 1215 quod
2539 1144 2749 1202 civibus
2803 1153 2949 1202 esset
3002 1147 3454 1215 accentmodu'm,
3503 1149 3901 1217 praeoptavisset.

2341 1233 2583 1305 Cognitis
2611 1237 2794 1307 itaque
2823 1237 3242 1309 allegationibus
3285 1238 3545 1307 partium,
3585 1238 3906 1309 interrogavit

2344 1326 2652 1398 Hyrcanum
2701 1329 2973 1384 Antonius
2997 1370 3011 1396 ,
3044 1341 3180 1400 quos
3227 1329 3472 1400 aptiores
3502 1339 3622 1384 esse
3645 1330 3907 1385 arbitrare-

2346 1428 2450 1476 tur.
2481 1417 2650 1489 Cujus
2693 1420 2890 1477 affectu
2939 1420 3242 1477 secundum
3293 1420 3565 1476 Herodem
3607 1433 3668 1476 ac
3711 1404 3905 1476 Tratrem

2347 1515 2463 1583 ejus
2501 1517 2885 1583 conveniente,
2918 1531 3040 1570 cum
3077 1515 3343 1570 voluntati
3391 1529 3505 1570 Siue
3530 1527 3779 1586 responsa
3801 1531 3909 1571 con-

2345 1617 2620 1677 gruerent,
2660 1609 2962 1665 delectatus
3008 1607 3300 1666 admodum
3326 1650 3341 1677 ,
3371 1609 3518 1680 quod
3546 1619 3660 1666 erat
3687 1610 3909 1666 fratribus

2347 1712 2585 1771 paternm
2601 1701 2982 1772 hospitalitatis
2998 1704 3285 1773 cu’pulatus
3297 1703 3908 1773 necessitudine,quando

2347 1891 2487 1946 sime
2531 1892 2665 1946 satis
2714 1893 3007 1962 Antipater
3058 1891 3296 1961 hospitio
3345 1893 3601 1962 recepit,
3653 1892 3910 1962 multisque

2346 1984 2619 2054 percoluit
2643 1983 3178 2052 ofticiis;Herodcm
3205 1993 3263 2039 et
3304 1983 3598 2040 PhaseIum
3646 1985 3910 2040 tetrarchas

2346 2078 2668 2146 ordinavit,
2721 2079 2993 2150 totiusque
3039 2079 3244 2136 iudica:
3291 2079 3730 2150 procurationem
3775 2092 3910 2149 agere

2347 2174 2627 2242 praecepit.
2665 2171 2802 2229 Hinc
2851 2188 3071 2244 quoque
3117 2160 3512 2243 multiplicatus
3557 2183 3641 2230 est
3679 2185 3910 2228 numerus

2346 2267 2802 2337 conquerentium
2833 2285 2846 2321 :
2873 2281 3004 2324 nam
3031 2267 3137 2324 etsi
3175 2269 3315 2324 alios
3354 2270 3655 2339 legatorum
3697 2266 3907 2323 custodia

2347 2371 2673 2431 receperat,
2727 2362 2867 2419 alios
2910 2363 3174 2420 affecerat
3215 2365 3595 2430 contumelia;
3642 2363 3711 2418 itii
3755 2355 3907 2418 tamen

2347 2464 2537 2524 postea
2569 2456 2732 2526 legati
2759 2456 2825 2511 ad
2858 2457 3154 2512 Antonium
3186 2458 3238 2513 in
3280 2457 3414 2514 urbe
3454 2457 3597 2529 Tyro
3631 2456 3905 2527 degentem.

2346 2545 2487 2602 facta
2517 2548 2915 2621 Hierosolymis
2951 2543 3222 2606 seditione
3267 2559 3501 2622 pergere
3533 2550 3802 2622 praecepit,
3826 2564 3905 2602 vo-

2350 2637 2543 2694 luntati
2571 2640 2772 2695 civium
2822 2656 2930 2695 non
2979 2640 3293 2697 defuerunt.
3337 2641 3406 2696 Et
3435 2645 3679 2713 quamvis
3705 2639 3907 2712 graviter

2347 2742 2493 2789 esset
2522 2733 2574 2788 in
2604 2733 2970 2790 reclamantes
2999 2733 3354 2800 vindicatum,
3383 2747 3579 2791 rursus
3605 2744 3773 2790 tamen
3801 2747 3904 2802 per-

2347 2837 2594 2896 strepere
2635 2828 2753 2882 ausi
2799 2835 2975 2883 sunt:
3009 2827 3212 2883 missus
3255 2829 3324 2883 ab
3374 2828 3614 2884 Antonio
3658 2827 3903 2899 Tyriorum

2347 2936 2573 2991 praeses,
2618 2921 2708 2992 qui
2752 2922 3057 2992 corriperet
3110 2921 3415 2978 insolentiae
3471 2930 3613 2988 reos,
3657 2935 3772 2977 cum
3816 2928 3904 2973 tam

2348 3015 2465 3084 ipse
2487 3029 2648 3084 quam
2673 3017 2838 3070 etiam
2861 3014 3106 3071 Herodes
3127 3024 3288 3086 atque
3309 3015 3596 3087 Hyrcanus
3611 3019 3900 3084 quaererent,

2351 3122 2420 3162 ne
2459 3107 2531 3162 ibi
2568 3109 2890 3178 gravissima
2921 3108 3226 3178 supplicia,
3252 3109 3563 3180 patriaeque
3585 3103 3906 3179 perturbatio-

648 3206 850 3262 Herodi
906 3207 1119 3262 refusus
1161 3206 1355 3261 salutis
1401 3178 1554 3276 vigor
1596 3215 1716 3272 est,
1753 3213 1966 3274 recepta
2013 3205 2196 3259 omnia
2222 3244 2237 3270 ,
2271 3173 2317 3238 α
2349 3215 2446 3255 nes
2474 3210 2527 3254 et
2557 3215 2752 3256 causas
2795 3200 3064 3257 bellorum
3105 3202 3372 3272 gigneret.
3421 3200 3534 3260 Ubi
3573 3201 3704 3257 nihil
3727 3195 3905 3270 profec-

648 3300 935 3369 ipsumque
966 3299 1213 3354 Eliclium
1248 3298 1549 3354 munitione
1585 3298 1842 3353 Massadze
1872 3298 2117 3354 Herodes
2147 3297 2245 3352 ob-

647 3404 956 3459 secrantem
1012 3392 1238 3447 dimisit.
1290 3391 1735 3461 [interpellaverat
1782 3390 1902 3461 ejus
1946 3391 2242 3461 potentiam

653 3487 956 3558 Antigonus
996 3485 1316 3553 Aristobuli,
1351 3485 1774 3540 adminiculante
1804 3485 1906 3540 sibi
1946 3485 2245 3540 Ptolemaeo

649 3563 1024 3648 socero,.quos
1056 3577 1300 3633 Herodes
1347 3577 1535 3647 praelio
1585 3576 1744 3643 fudit,
1770 3584 1827 3632 et
1870 3575 2045 3646 ejecto
2089 3576 2245 3632 Auti-

645 3687 811 3743 gono,
845 3669 1280 3741 tlierosolymam
1309 3668 1480 3724 victor
1505 3669 1814 3724 revertitur.
1850 3669 2042 3739 Magna
2073 3668 2244 3740 gratia

651 3767 816 3822 etiam
846 3765 1082 3820 recentis
1111 3763 1392 3834 triumphi,
1420 3771 1476 3819 et
1507 3763 1778 3834 prtecipue
1809 3777 1964 3818 novae
1989 3764 2248 3833 conjunc-

645 3859 829 3916 tionis.
863 3859 995 3914 Nam
1045 3858 1222 3929 primo
1274 3857 1434 3912 Dosis
1480 3859 1528 3912 ei
1574 3855 1774 3925 coniux
1824 3855 2147 3922 adlueserat,
2181 3872 2247 3911 cx

647 3969 752 4024 qua
781 3952 1132 4022 Antipatrum
1177 3951 1418 4021 suscepit
1446 3950 1648 4015 filium;
1683 3958 1866 4020 postea
1899 3950 2248 4005 Mariamnem

646 4045 961 4102 Alexandro
1015 4044 1320 4101 Aristobuli
1371 4043 1486 4097 filio
1529 4044 1802 4114 genitam,
1843 4043 2097 4098 secundis
2143 4042 2248 4098 sibi

645 4139 851 4209 nuptiis
899 4137 1282 4207 cupulaverat,
1318 4135 1568 4208 llyrcano
1616 4136 1917 4206 proximam
1943 4176 1957 4200 ,
1989 4145 2152 4206 atquc
2173 4135 2248 4190 ob

645 4248 708 4289 ea
742 4231 908 4303 regali
942 4230 1226 4302 praeditam
1275 4228 1581 4283 nobilitate.
1626 4227 1736 4283 Nec
1768 4237 1944 4283 tamen
1992 4227 2248 4282 invidiam
2319 4299 2327 4312 ι

644 4327 841 4392 evasit,
871 4324 1012 4396 quod
1045 4339 1269 4394 regnum
1299 4332 1631 4396 praereptum
1659 4322 1739 4376 ire
1763 4322 2010 4392 Hyrcano
2031 4319 2252 4376 aﬁ‘ecta-

638 4427 818 4474 verat.
853 4417 986 4473 Nam
1016 4416 1105 4472 ubi
1141 4416 1286 4471 bello
1313 4414 1660 4470 Macedonico
1691 4414 1874 4469 Czesar
1893 4423 2055 4482 atque
2082 4416 2252 4469 Anto-

2348 3300 2459 3349 tum
2481 3335 2496 3358 ,
2529 3294 2626 3348 sed
2683 3293 3052 3349 irrationabili
3103 3295 3464 3352 contentione
3501 3294 3714 3352 misceri
3749 3291 3902 3348 omnia

2346 3401 2607 3456 erepere,
2651 3388 2857 3443 direxit
2893 3388 3170 3444 Antonius
3227 3399 3474 3447 armatos
3504 3409 3517 3444 ε
3546 3405 3576 3444 a
3613 3387 3793 3459 quibus
3830 3383 3900 3438 alii

2347 3481 2500 3543 caesi,
2530 3481 2622 3535 alii
2647 3483 2891 3552 graviter
2921 3482 3095 3536 saucii
3121 3498 3136 3547 ;
3165 3482 3234 3537 ab
3265 3471 3525 3554 Hyrcano
3569 3486 3739 3538 tamen
3769 3488 3817 3534 ut
3837 3491 3904 3532 se-
3996 3536 3999 3538 .

2349 3578 2580 3647 pulturre
2627 3577 2848 3642 mortui,
2883 3584 2976 3632 aut
3019 3576 3330 3643 medicinae,
3361 3579 3456 3648 qui
3499 3580 3901 3650 potueranteva-

2349 3669 2505 3737 dere,
2535 3670 2763 3741 gratiam
2792 3669 2997 3739 adepti,
3025 3668 3257 3741 geminae
3305 3670 3661 3726 humanitatis
3693 3665 3899 3723 occasio-

2349 3779 2476 3820 nem
2526 3761 2730 3820 dedere
2749 3803 2764 3830 ,
2795 3777 2902 3834 qua
2949 3763 3070 3834 ejus
3099 3764 3153 3819 in
3181 3765 3337 3820 civ’es
3363 3763 3734 3821 benevolentia
3763 3759 3903 3815 maui-

2350 3854 2664 3912 festaretur.
2697 3855 2894 3913 οωντὶ
2926 3869 3144 3928 quoque
3169 3859 3261 3928 qui
3291 3857 3596 3929 eﬂ’ugeraht
3615 3899 3629 3924 ,
3653 3859 3720 3911 ita
3743 3851 3899 3908 urbem

2351 3950 2680 4021 exagitanda
2727 3958 3192 4021 exasperaverant
3229 3952 3533 4008 Antonium
3561 3994 3574 4017 ,
3601 3946 3832 4006 utetiam
3859 3943 3899 3996 in

2350 4057 2446 4098 eos
2473 4057 2615 4113 quos
2645 4043 2858 4100 vinctos
2879 4043 3124 4112 tenebat,
3149 4057 3402 4116 suprema
3431 4043 3691 4116 supplicia
3717 4035 3903 4096 ‘manda-

2352 4145 2444 4190 Μ.
2613 4146 2619 4150 ”

2905 4230 3144 4288 CAPUT
3181 4229 3378 4287 XXIX.

2425 4326 2678 4380 Cesserat
2716 4324 3008 4381 acerbitati
3053 4324 3382 4390 insolentia,
3412 4323 3508 4380 sed
3557 4325 3771 4380 decursu
3803 4313 3904 4370 fere

2355 4419 2558 4475 biennii
2610 4419 2878 4476 eﬂ’uderat
2925 4434 2984 4475 se
3013 4420 3207 4492 QSyriae
3258 4419 3586 4476 Parthorum
3641 4411 3901 4473 exercitus,

644 4515 766 4568 nius
809 4512 1061 4567 Cassium
1110 4510 1445 4580 Brutumque
1493 4523 1822 4584 oppressere
1839 4549 1856 4574 ,
1905 4506 2251 4578 victoresque
2274 4572 2321 4584 __
2354 4512 2562 4568 Pacoro
2582 4511 2864 4584 regis'filio
2883 4521 2937 4568 et
2962 4511 3379 4568 Barzafarmane
3399 4512 3682 4570 Persarum
3703 4509 3900 4573 satrapa»

641 4607 779 4660 alter
811 4606 864 4660 in
890 4604 1103 4660 Italiam
1151 4605 1368 4675 regredi
1415 4603 1730 4672 maturavit,
1757 4582 1915 4659 alter
1945 4603 1997 4658 in
2031 4603 2249 4675 Syriam
2274 4572 2328 4634 D
2353 4572 2675 4664 barbarum“
2707 4624 2901 4679 agmen
2959 4608 3338 4665 ductantibus.
3387 4608 3596 4679 Quibus
3642 4572 3904 4661 stimulator

643 4697 1048 4768 properandum
1074 4696 1342 4763 credidit;
1368 4697 1728 4768 legationibus
1753 4696 2002 4767 plurimis
2023 4697 2254 4753 sinen-

641 4789 787 4846 tibus
843 4805 1154 4846 convenere
1199 4789 1268 4846 ad
1323 4791 1620 4847 Antonium
1682 4791 1998 4847 Judaaorum
2047 4793 2251 4863 quique

643 4886 911 4953 potiores,
943 4894 1107 4955 atque
1137 4884 1188 4938 in
1218 4883 1525 4956 Bithyniam
1555 4900 1898 4955 processere,
1931 4897 2252 4944 accusantes

643 4977 912 5032 Herodem
958 4977 1292 5047 fratremque
1345 4978 1463 5049 ejus
1507 4977 1799 5034 Pbaselum
1821 5021 1836 5046 ,
1869 4995 1936 5035 eo
1967 4981 2112 5050 quod
2143 4981 2248 5052 ipsi

643 5071 910 5126 violenter
941 5072 1195 5126 invasere
1246 5084 1428 5124 rerum
1473 5071 1718 5126 omnium
1766 5080 2118 5142 potestatem,
2150 5088 2250 5130 no-

646 5181 769 5221 men
801 5165 977 5220 solnm
1009 5167 1260 5237 Hyrcano
1287 5165 1352 5221 ad
1385 5166 1625 5236 Speciem
1654 5165 1880 5223 honoris
1923 5167 2250 5238 dereliquis-

645 5269 787 5316 sent.
819 5259 925 5319 Sed
953 5258 1240 5330 praesentia
1273 5259 1502 5316 Herodis
1542 5259 1828 5330 prtevaluit
1850 5269 1906 5314 et
1929 5260 2126 5330 gratia,
2156 5261 2248 5330 qui

643 5368 750 5407 non
805 5351 1068 5407 mediocri
1122 5351 1388 5421 pecunia,
1437 5351 1534 5407 sed
1577 5364 1634 5408 et
1677 5352 1999 5408 muneribus
2050 5353 2251 5423 Opimia

643 5445 864 5501 Antonii
907 5445 1154 5501 animum
1195 5443 1298 5499 sibi
1331 5445 1672 5500 devinxerat.
1707 5443 1866 5501 Unde
1897 5461 1963 5500 ne
1991 5461 2250 5502 sermone

641 5538 858 5610 quidem
889 5539 998 5593 ullo
1023 5535 1351 5609 perstrictus
1387 5538 1454 5592 ab
1485 5535 1723 5594 Antonio
1751 5579 1767 5605 ,
1797 5540 2082 5595 evacuavit
2111 5540 2250 5594 invi-

639 5630 784 5688 diam
811 5631 1096 5701 adversum
1123 5646 1185 5688 se
1212 5630 1438 5704 directae
1460 5631 1769 5702 legationis.
1804 5633 2004 5689 lterum
2028 5642 2246 5690 centum

640 5725 753 5783 iere
782 5726 884 5783 viri
925 5724 1242 5784 Judaeorum
1274 5724 1619 5784 Antiochiam
1647 5725 1712 5782 ad
1744 5741 1951 5798 usque,
1985 5743 2096 5784 non
2143 5727 2250 5784 mia-

2351 4702 2585 4757 accessit
2631 4700 2894 4773 Lysanias
2945 4702 3226 4758 Ptolemaei
3265 4702 3436 4769 (ilius,
3469 4700 3718 4758 defuncto
3757 4698 3900 4765 patre.

2350 4795 2437 4849 cui
2495 4805 2927 4866 cognomentum
2995 4796 3230 4851 Menneo
3279 4795 3380 4851 fuit
3415 4813 3430 4850 :
3465 4805 3654 4852 exutus
3693 4789 3791 4860 iam
3829 4796 3904 4852 Ρο-

2351 4896 2549 4943 testate
2570 4902 2676 4958 per
2706 4889 3069 4944 memoratum
3099 4898 3375 4960 satrapem
3397 4929 3414 4956 ,
3444 4883 3743 4945 sollicitavit
3766 4878 3902 4933 Paco-

2348 4997 2468 5036 rum
2519 4983 2806 5052 promissis
2852 4983 3007 5039 mille
3051 4984 3265 5054 argenti
3313 4984 3568 5049 talentis,
3591 4989 3648 5036 et
3678 4976 3901 5048 quinsen‘

2353 5075 2423 5130 tis
2453 5076 2801 5142 mulieribus,
2837 5086 2898 5131 ut
2943 5077 3217 5146 Antigono
3258 5081 3486 5148 regnum
3503 5075 3677 5136 daret,
3703 5055 3898 5140 Hyrcani

2351 5168 2588 5224 solveret
2607 5168 2993 5224 sacerdotium.
3024 5169 3261 5224 Pacorus
3277 5169 3534 5225 ministro
3553 5164 3701 5235 regio
3727 5157 3898 5229 partem
3943 5226 3954 5240 ο

2351 5265 2623 5333 equitatus
2667 5263 2820 5318 dedit
2868 5264 3162 5335 (quoniam
3203 5264 3327 5334 ipse
3365 5257 3747 5319 rebetii‘onibus
3783 5249 3898 5305 intra

2350 5354 2563 5425 Syriam
2593 5354 2982 5428 detinebatur),
3015 5365 3075 5411 ut
3105 5357 3158 5411 in
3185 5355 3430 5412 Judaaam
3463 5353 3727 5413 transiret,
3765 5347 3899 5428 atqu?

2351 5446 2627 5519 Αηιίῧοηο
2655 5464 2774 5504 rem
2797 5426 3025 5520 gereret
3063 5458 3122 5508 et
3150 5449 3390 5505 studium
3431 5448 3548 5519 ejus
3572 5445 3769 5512 iuvaret
3789 5453 3800 5488 :
3823 5426 3898 5487 sed

2354 5542 2460 5596 hoc
2506 5557 2726 5613 quoque
2768 5559 2958 5614 parum
2983 5552 3356 5615 processerat,
3399 5543 3499 5598 nisi
3519 5526 3898 5607 conﬂigentibus

2349 5634 2641 5692 adversum
2663 5651 2735 5694 se
2773 5637 3009 5704 Judaeis,
3033 5637 3258 5694 1161·οάθ
3285 5644 3352 5695 ac
3381 5635 3606 5694 Pha’sdle
3625 5673 3640 5699 ,
3662 5633 3719 5686 et
3738 5625 3898 5681 contra
3971 5657 3976 5660 .

2352 5726 2657 5802 Antigono,
2682 5728 2919 5788 ducibus
2963 5729 3034 5788 de
3073 5731 3351 5789 censendis
3400 5726 3646 5801 Antigoni
3679 5710 3896 5793 ’ριὀῐνοεί·
