4112 6350
277 349 413 405 1989

1137 341 1409 406 ntsron.
1454 349 1541 404 DE
1579 333 1860 403 EXCIDIO
1899 342 2174 401 lilEROS.
2221 339 2422 401 URBIS
2462 339 2588 400 LIB.
2633 345 2674 400 ι.

3428 347 3569 404 1990

270 472 384 518 tum
413 463 552 519 foret
581 503 594 529 ,
625 472 684 518 ut
712 463 977 520 Pacorum
1017 463 1440 523 conciliatore'ni.
1473 464 1623 534 pacis
1653 461 1864 531 recipe;
1892 457 1942 520 Α
1971 458 2108 525 bria,
2145 459 2228 514 vel
2256 460 2411 529 jussu
2443 459 2624 514 alieno
2665 458 2800 514 mori
2835 459 2925 529 qui
2969 469 3155 529 posset
3196 459 3395 517 vinctis
3443 460 3571 518 licet

270 567 410 609 rent.
463 553 615 622 Quod
668 556 929 613 Phaselus
987 559 1190 628 ingenii
1237 557 1537 622 facilitate,
1583 557 1866 612 obnitente

271 646 509 714 Herode,
538 649 822 717 probatum
854 649 908 705 in
957 659 1233 720 tempore,
1265 665 1391 704 mox
1439 649 1544 704 sibi
1591 647 1866 720 pernicio-

271 753 411 794 sum
437 752 734 812 expertus,
764 743 1027 812 cognovit
1058 754 1249 797 natura
1287 735 1549 797 barbaros
1588 745 1712 796 esse
1743 741 1866 795 inli-

263 831 423 886 deles
453 849 468 886 :
502 847 626 887 nam
675 835 874 888 missus
903 836 969 888 ad
1004 835 1503 901 Barzafarmanem,
1533 834 1685 904 quasi
1721 834 1869 903 pacis

270 933 647 981 exsecutorem
675 934 732 981 et
759 941 884 981 cum
918 927 1168 998 Hyrcano
1186 929 1466 1000 profectus
1512 929 1753 982 occurrit
1781 941 1870 981 sa-

273 1027 478 1084 trapae,
510 1027 687 1074 astute
715 1020 848 1075 satis
890 1020 1091 1074 velanti
1137 1020 1362 1074 insidias
1400 1021 1583 1089 specie
1623 1019 1871 1090 benigni-

271 1109 418 1162 tatis.
467 1110 718 1178 Denique
769 1111 1097 1180 profecturis
1125 1127 1351 1167 munera
1386 1111 1567 1180 dabat,
1597 1121 1653 1168 et
1680 1127 1871 1182 quem:-

269 1202 568 1260 admodum
638 1205 1171 1262 circumvenirentur
1233 1205 1685 1277 dispositimiibus
1753 1206 1870 1260 suis

268 1299 660 1353 constituebat.
709 1300 1192 1371 Prosequebantur
1249 1313 1345 1357 eos
1391 1300 1655 1356 custodiae
1699 1301 1870 1370 magis

267 1407 452 1457 causa,
477 1408 637 1463 quam
665 1396 798 1449 socii
828 1396 1219 1464 periculorum.
1244 1395 1638 1451 Deferebantur
1670 1395 1866 1462 nuntii,

265 1483 412 1554 quod
469 1485 620 1540 mille
672 1487 892 1542 talentis
949 1485 1184 1542 Parthus
1244 1488 1560 1558 redemptus
1609 1487 1751 1542 foret
1803 1487 1870 1541 ad

265 1577 494 1631 exitium
529 1588 974 1633 memoratorum.
1004 1579 1234 1635 Ofellius
1278 1595 1494 1650 quoque
1543 1579 1722 1649 fugam
1749 1584 1872 1634 sna-

265 1667 452 1732 debat,
485 1671 629 1739 quod
663 1684 694 1725 a
724 1671 1027 1727 Saramalla
1076 1672 1338 1744 Syrorum
1371 1673 1650 1729 dirissima
1678 1671 1870 1728 factio-

269 1776 391 1815 nem
427 1762 510 1816 eis
553 1774 798 1830 paratam
845 1775 1200 1834 cognoverat.
1243 1764 1351 1822 Sed
1390 1780 1492 1820 nec
1533 1767 1611 1820 sic
1649 1765 1867 1834 quidem

1972 549 2222 608 manibus
2248 564 2305 610 et
2331 553 2478 608 ferro
2511 561 2704 624 negato
2727 554 2932 608 exitum
2978 555 3104 608 vitae
3134 555 3398 609 invenire.
3448 555 3574 612 Fuit

1973 654 2155 700 tamen
2203 645 2368 700 etiam
2415 645 2556 698 alius
2599 643 2668 698 de
2714 659 2780 698 eo
2829 659 3012 700 sermo
3057 643 3393 714 huiusmodi,
3427 647 3572 717 quod

1972 737 2158 792 saucio
2185 735 2492 808 Antigonus
2529 736 2797 803 medicum
2845 737 3178 804 adhibuerit,
3207 753 3316 808 quo
3361 753 3573 796 venena

1972 829 2182 885 vulneri
2211 837 2467 900 tanquam
2499 829 2953 885 medicamentum
2984 830 3416 886 infunderentur.
3442 832 3573 900 Qui-

1971 922 2106 978 libet
2131 923 2308 977 exitus
2345 922 2573 986 horum,
2603 921 2932 991 principium
2961 919 3152 977 habuit
3177 922 3402 992 spiritus
3431 923 3576 979 fero-

1971 1017 2155 1070 cioris.
2189 1016 2481 1071 Addidisse
2511 1018 2780 1087 allegatur
2807 1018 2860 1071 in
2893 1017 3098 1072 ultimis
3142 1019 3277 1086 suis,
3311 1031 3433 1074 cum
3459 1020 3569 1088 jam

1970 1107 2256 1164 exhalaret
2277 1109 2549 1178 spiritum,
2580 1111 2800 1180 cognito
2823 1110 2967 1181 quod
2993 1105 3237 1167 Herodes
3265 1115 3494 1178 viveret,
3519 1121 3576 1171 et

1972 1199 2095 1270 fuga
2143 1211 2364 1270 paratas
2408 1200 2633 1257 insidias
2671 1205 2946 1270 evaserit,
2975 1219 3096 1260 cum
3125 1205 3306 1275 gratia
3332 1220 3453 1262 sese
3479 1207 3577 1262 eb-

1972 1293 2052 1349 ire
2086 1312 2099 1348 :
2132 1295 2256 1365 quia
2303 1297 2655 1365 superstitem
2703 1297 3036 1368 relinqueret
3065 1299 3153 1369 qui
3177 1299 3280 1355 sibi
3313 1299 3575 1355 ultionem

1973 1385 2219 1441 inferret.
2278 1386 2523 1443 Herodes
2574 1396 2757 1443 autem
2807 1390 3119 1458 properavit
3170 1390 3224 1445 in
3273 1391 3532 1446 Arabiam
3561 1433 3575 1459 ,

1973 1495 2203 1549 sperans
2229 1496 2289 1536 se
2320 1489 2674 1552 accepturum
2703 1484 2984 1553 pecuniam
3008 1524 3022 1548 ,
3056 1499 3158 1555 qua
3187 1471 3306 1541 sola
3332 1485 3583 1542 barbari-

1971 1587 2091 1628 cam
2144 1574 2392 1629 inclinari
2433 1589 2597 1644 posse
2640 1575 2894 1631 crederet
2941 1577 3256 1643 avaritiam,
3290 1589 3352 1633 ut
3399 1578 3583 1634 fratris

1975 1666 2273 1720 redimeret
2318 1667 2698 1735 captivitatem
2733 1684 2745 1719 :
2778 1682 2841 1722 ac
2869 1671 2912 1722 si
2942 1669 3025 1724 vel
3060 1671 3296 1724 Arabem
3342 1681 3582 1740 paternae

1976 1759 2355 1814 immemorem
2403 1760 2740 1826 dilectionis,
2769 1761 2858 1816 vel
2907 1761 3212 1820 referendis
3258 1765 3581 1821 muneribus

265 1851 532 1910 adductus
572 1863 657 1910 est
693 1856 978 1922 Pbaselus,
1010 1858 1202 1914 relicto
1229 1858 1506 1927 Hyrcano,
1541 1860 1645 1914 sibi
1673 1875 1871 1914 consu-
1903 1840 1948 1904 Β
1977 1855 2309 1910 tenaciorem
2339 1854 2664 1922 offenderet,
2689 1870 2764 1911 ass
2789 1865 3036 1911 mutuum
3067 1867 3320 1927 posceret
3341 1860 3580 1929 pretium

267 1947 410 2010 lere;
445 1963 633 2003 verum
672 1950 902 2006 adorsus
933 1961 1015 2007 est
1045 1961 1321 2022 satrapam
1359 1955 1696 2023 gravioribus
1736 1970 1868 2009 con-

267 2043 530 2109 tumeliis,
563 2043 704 2114 quod
733 2045 910 2116 pretio
943 2046 1104 2102 fidem
1139 2048 1418 2117 proderet,
1450 2049 1732 2118 plurisque
1764 2065 1866 2119 pe-

263 2136 481 2191 cuniam
512 2153 675 2207 quam
705 2139 1014 2208 :equitatem
1045 2139 1269 2195 duceret
1289 2156 1304 2204 ξ
1324 2142 1560 2209 amplius
1581 2155 1678 2211 pro
1696 2141 1868 2196 salute

263 2242 384 2283 sese
406 2228 587 2295 daret,
618 2245 781 2300 quam
803 2230 1112 2302 Antigonus
1135 2247 1234 2302 pro
1263 2248 1431 2304 regno
1456 2244 1861 2288 annumeraret.

263 2320 368 2376 Sed
402 2321 568 2376 Persa
616 2322 776 2377 fidem
805 2339 966 2393 quam
1016 2324 1358 2394 prodiderat,
1397 2325 1636 2395 periurio
1677 2325 1865 2380 conci-

267 2401 403 2469 liare
447 2414 552 2470 sibi
593 2415 752 2471 nixus
782 2425 840 2472 et
867 2419 1237 2484 suspicionem
1282 2434 1499 2474 omnem
1548 2419 1864 2489 depellere,

266 2508 410 2562 haud
444 2509 631 2564 multo
669 2521 795 2581 post
839 2512 1024 2578 dolum
1071 2514 1329 2583 patravit.
1365 2513 1497 2568 Nam
1522 2529 1590 2569 eo
1621 2515 1869 2583 profecto

265 2601 330 2655 ad
365 2602 654 2670 Pacorum,
683 2604 882 2674 quibus
909 2605 962 2659 id
993 2607 1194 2676 negotii
1239 2606 1544 2673 dederant,
1578 2605 1866 2660 Phaselum

264 2708 320 2752 et
333 2696 644 2767 Hyrcanum
667 2701 972 2770 corripiunt
993 2701 1708 2770 exsecrationibus,quando
1722 2699 1868 2755 aliud

262 2788 372 2860 jam
403 2789 590 2846 facere
619 2793 958 2862 nequibant,
993 2793 1168 2848 ultum
1194 2794 1264 2848 iri
1295 2795 1578 2863 cupientes
1609 2795 1872 2849 barbaro-

267 2899 388 2939 rum
431 2886 676 2956 periuria
718 2894 774 2942 et
803 2887 1088 2958 perfidiam
1131 2886 1475 2956 proditionis.
1527 2887 1640 2943 Nec
1691 2887 1871 2942 minus

271 2987 296 3016 ι
321 2977 444 3033 Nini
471 2981 720 3035 minister
748 2981 947 3036 missus
975 2982 1026 3036 in
1046 2981 1287 3038 Judaeum
1309 2982 1450 3037 dolis
1473 2983 1868 3053 praetenderat,

271 3080 329 3124 ut
368 3083 588 3142 caperet
618 3073 890 3129 Herodem
923 3090 937 3128 :
971 3075 1066 3130 sed
1102 3076 1258 3131 ilium
1287 3074 1607 3144 jamdudum
1647 3089 1872 3144 suspec-

272 3171 478 3219 tantem
527 3163 758 3220 insidias
814 3165 1164 3222 barbarorum
1213 3169 1400 3236 gravis
1443 3165 1517 3219 ad
1566 3167 1883 3220 cavendum

1974 1947 2419 2018 redemptionis,
2473 1964 2571 2018 pro
2614 1963 2724 2018 quo
2770 1951 3156 2019 oppigneraret
3200 1951 3579 2007 redimendum

1974 2043 2168 2107 lilium,
2199 2057 2363 2112 quem
2394 2042 2461 2095 ad
2493 2042 2592 2096 bos
2622 2057 2751 2096 usus
2780 2050 3099 2112 septennem
3128 2057 3358 2114 puerum
3389 2061 3571 2107 secum

1970 2135 2293 2192 deduxerat.
2325 2137 2432 2192 Sed
2469 2146 2806 2206 praeventum
2836 2149 2919 2193 est
2951 2139 3052 2208 piae
3084 2140 3319 2194 studium
3353 2155 3570 2212 gema—

1971 2228 2164 2284 nitatis
2215 2237 2394 2285 morte
2440 2229 2658 2284 Phaseli
2686 2240 2784 2295 ,et
2815 2231 2868 2285 in
2901 2247 3129 2287 vacuum
3177 2229 3421 2289 Herodes
3464 2243 3578 2290 tam

1971 2321 2170 2375 sedulo
2201 2319 2432 2376 fraterni
2465 2321 2644 2376 studia
2673 2324 2920 2378 muneris
2952 2323 3380 2394 exsequebatur.
3423 2325 3582 2382 Prius

1973 2422 2151 2468 tamen
2179 2422 2343 2485 quam
2370 2415 2442 2470 de
2471 2425 2648 2470 morte
2679 2415 2864 2471 fratris
2894 2428 3272 2488 cognosceret,
3303 2419 3578 2476 Bocchum

1974 2508 2189 2564 Arabiae
2219 2521 2403 2580 regem
2447 2510 2688 2565 alienum
2734 2513 2962 2582 reperit,
2993 2525 3153 2583 quem
3185 2515 3421 2570 amicum
3453 2528 3574 2570 cre-

1973 2599 2138 2654 debat
2168 2618 2182 2654 :
2215 2616 2337 2655 nam
2363 2601 2409 2656 is
2439 2601 2598 2656 ﬁdem
2645 2617 2768 2658 cum
2813 2613 3062 2674 tempore
3101 2608 3354 2673 mutavit,
3385 2616 3442 2663 et
3469 2608 3581 2678 iam

1975 2695 2505 2763 appropinquantem
2567 2695 2781 2751 Arabiae
2825 2696 3029 2753 finil'us
3083 2698 3354 2755 Herodem
3406 2701 3580 2756 vetuit

1976 2788 2183 2843 intrare
2216 2807 2227 2842 :
2259 2790 2568 2860 composite
2618 2791 2765 2862 quod
2829 2792 2933 2848 sibi
2991 2793 3323 2852 Parthorum
3374 2795 3581 2850 nuntiis

1978 2885 2310 2940 insinuatum
2364 2885 2541 2951 foret,
2586 2903 2654 2942 ne
2703 2888 2994 2959 profugum
3046 2904 3202 2945 suum
3252 2891 3306 2946 in
3352 2903 3578 2962 regnum

1977 2977 2192 3033 Arabiae
2243 2979 2623 3049 recipiendum
2679 2991 2936 3051 putaret,
2980 2983 3224 3054 bellique
3268 2985 3581 3055 gravissimi

1977 3087 2196 3128 causam
2255 3074 2360 3129 sibi
2410 3073 2681 3144 gigneret.
2745 3075 2955 3142 Quibus
3005 3075 3248 3132 offensus
3297 3077 3582 3143 Herodes,

1977 3169 2242 3223 continuo
2297 3167 2532 3234 retulit,
2581 3183 2702 3237 quae
2744 3168 2915 3238 justas
2979 3169 3367 3225 commotionis
3426 3169 3584 3226 dolor

272 3271 401 3311 cura
427 3259 742 3322 exercebat,
770 3273 938 3328 seque
961 3260 1101 3313 intra
1130 3259 1467 3314 munitiones
1500 3257 1735 3313 tenebat.
1767 3258 1874 3313 Nec
1902 3241 1947 3305 Ο
1982 3271 2344 3331 prompserat,
2375 3271 2539 3331 atquc
2563 3259 2698 3316 inde
2729 3264 2780 3316 in
2809 3261 3105 3333 Egyptum
3135 3265 3431 3319 convertit.
3459 3264 3583 3320 Mox

214 3350 225 3354 ’
273 3349 544 3404 simulatis
593 3365 623 3404 a
668 3350 877 3406 Pacoro
945 3351 1220 3406 mandatis
1275 3350 1471 3421 quibus
1519 3350 1588 3404 de
1643 3349 1876 3405 Phaselo

272 3444 501 3515 ejusque
527 3444 819 3501 insolentia
847 3445 1070 3501 fratrem
1096 3445 1455 3510 conveniret,
1479 3459 1666 3499 muros
1691 3444 1877 3516 egredi

275 3547 329 3593 et
365 3538 631 3608 alloquiis
681 3537 917 3593 hostium
977 3553 1100 3593 sese
1147 3536 1596 3592 committendum
1649 3537 1876 3607 putavit.

273 3633 618 3702 Cognitoque
665 3632 887 3687 fratrem
911 3641 974 3686 et
1003 3631 1313 3703 Hyrcanum
1353 3631 1571 3698 teneri,
1617 3642 1776 3684 nocte
1819 3630 1876 3685 in

273 3723 570 3778 ldumzeam
598 3738 726 3779 suos
755 3724 1064 3795 praemisit,
1096 3734 1260 3793 atque
1305 3725 1423 3793 ipse
1471 3738 1594 3778 cum
1645 3721 1879 3778 servulis

274 3815 630 3886 insequentes
691 3816 956 3872 barbaros
1017 3815 1175 3871 fudit.
1237 3815 1528 3885 Multisque
1574 3817 1774 3881 caesis,
1819 3816 1876 3871 in

275 3908 584 3965 Massadam
624 3923 746 3966 sese
771 3917 1068 3980 properato
1092 3908 1262 3981 gradu
1291 3909 1522 3964 contulit
1552 3925 1566 3963 ε
1594 3910 1879 3980 graviores

276 4013 461 4058 tamen
503 4002 720 4058 Parthis
758 4013 1019 4074 expertus
1060 4002 1278 4057 iud-mos
1325 4000 1418 4072 qui
1463 4000 1686 4071 fugienti
1726 4002 1880 4057 incu-

274 4097 530 4160 buerant,
555 4106 610 4150 et
633 4111 763 4152 suos
787 4097 1004 4167 quidem
1030 4096 1173 4151 intra
1195 4095 1528 4151 munitiones
1549 4095 1878 4166 composuit,

277 4190 424 4244 ultus
471 4204 598 4246 sese
649 4189 720 4245 de
767 4190 1208 4261 insequentibus.
1263 4189 1389 4260 Ipse
1435 4196 1618 4245 autem
1670 4189 1878 4244 relictis

277 4283 551 4354 praesidiis
578 4299 698 4354 quae
728 4285 886 4340 matri
916 4296 971 4340 et
1003 4284 1263 4341 fratribus
1281 4283 1595 4355 junioribus
1623 4283 1878 4355 praesidio

278 4376 482 4441 forent,
514 4377 566 4431 in
607 4379 863 4435 Arabiam
909 4379 1177 4435 Petraeum
1209 4379 1508 4434 contendit.
1539 4377 1788 4432 Infudere
1819 4391 1879 4432 se

276 4469 460 4525 Persae
484 4469 903 4543 Hierosolymis,
928 4471 1203 4527 irruentes
1223 4471 1278 4526 in
1307 4471 1624 4542 fugientium
1649 4470 1875 4525 domos:

275 4583 434 4624 versa
482 4569 667 4624 omnia
712 4571 764 4624 in
808 4570 1059 4640 rapinas,
1091 4569 1317 4634 bellum,
1346 4569 1612 4624 tumultus
1641 4587 1653 4622 :
1686 4581 1875 4622 eorum

274 4662 470 4731 injuria
505 4664 804 4732 processit,
838 4672 898 4718 ut
939 4675 1170 4734 regnum
1219 4665 1494 4734 Antigono
1541 4662 1868 4727 traderetur;

278 4757 540 4816 Phaselus
565 4773 782 4830 quoque
819 4766 876 4814 et
912 4758 1194 4829 Hyrcanus
1221 4758 1275 4812 in
1301 4766 1632 4829 potestatem
1663 4757 1781 4825 ejus
1805 4755 1874 4811 ad

179 4923 182 4928 I
275 4851 560 4908 subeunda
609 4869 730 4924 quae
777 4852 989 4907 libitum
1047 4850 1211 4919 foret,
1241 4853 1718 4922 consignareutur.
1775 4850 1876 4905 Ille

275 4955 458 5000 autem
485 4954 673 5000 tenere
701 4951 826 5000 'sese
867 4945 1074 5001 diutius
1104 4945 1370 5016 nequivit,
1404 4945 1500 4999 sed
1525 4944 1790 4998 continuo
1819 4944 1873 4996 in

279 5037 592 5109 Hyrcanum
641 5037 784 5092 facto
833 5039 1066 5108 impetu,
1098 5053 1256 5093 aures
1303 5037 1419 5108 ejus
1464 5036 1717 5092 dentibus
1758 5035 1877 5091 suis

277 5129 532 5195 abscidit,
557 5145 625 5184 ne
646 5131 865 5202 quando
891 5131 1000 5185 ulla
1023 5145 1208 5186 rerum
1239 5129 1598 5187 conversione
1625 5143 1878 5185 recursus

278 5224 328 5278 ei
362 5231 573 5293 pateret
603 5225 670 5278 ad
695 5225 1059 5280 sacerdotium
1095 5242 1108 5278 :
1137 5241 1411 5280 summum
1449 5224 1596 5279 enim
1623 5222 1879 5279 sacerdo-

281 5326 392 5370 tem
423 5317 805 5372 immutilatnm
830 5331 952 5373 esse
977 5327 1215 5387 oportet,
1239 5333 1339 5374 nec
1380 5318 1547 5374 licere
1576 5333 1671 5388 per
1701 5318 1874 5388 legem

279 5409 474 5478 liquet,
503 5418 564 5464 ut
581 5409 835 5465 mutilato
859 5423 1092 5480 corpore
1130 5410 1417 5481 quisquam
1445 5425 1663 5465 summo
1690 5410 1883 5480 funga-

283 5513 376 5559 tor
405 5519 633 5560 munere
653 5503 974 5561 sacerdotii.
1009 5503 1270 5560 Phaselus
1297 5503 1524 5561 adscitae
1553 5505 1659 5561 sibi
1689 5504 1884 5560 mortis

277 5595 566 5652 celeritate
593 5597 980 5653 contumeliam
1006 5595 1322 5667 praevertit,
1358 5595 1506 5651 illiso
1529 5597 1708 5667 capite
1735 5596 1886 5654 saxis

281 5705 410 5760 qua
455 5689 598 5747 forte
642 5697 1035 5758 occurrerem,
1057 5690 1390 5762 dedignante
1416 5691 1622 5747 servari
1654 5691 1720 5747 ad
1743 5691 1883 5746 iudi-

1944 3342 1957 3354 ’
1980 3365 2159 3409 tamen
2195 3354 2468 3410 Bocchum
2493 3355 2753 3426 paenituit
2783 3357 3000 3411 violattc
3023 3357 3219 3427 gratiae
3241 3397 3256 3426 ,
3285 3358 3584 3429 missisque

1978 3462 2076 3518 per
2123 3461 2260 3517 quos
2307 3457 2661 3504 revocaretur
2712 3447 2974 3514 Herodes,
3014 3451 3312 3520 praevertit.
3355 3451 3454 3506 Cui
3497 3451 3584 3507 in-

1979 3555 2169 3610 gresso
2191 3541 2444 3611 regiones
2475 3557 2610 3611 quas
2642 3541 2957 3598 Rbinocorii
2997 3542 3370 3600 inhabitabant
3389 3588 3405 3613 ,
3431 3556 3486 3602 et
3513 3546 3582 3602 de

1979 3632 2166 3688 fratris
2207 3633 2448 3698 interitu,
2480 3645 2535 3690 et
2583 3634 2650 3690 de
2696 3634 2932 3707 Hyrcani
2979 3637 3294 3707 captivitate
3341 3640 3433 3709 qui
3482 3640 3584 3695 sub

1983 3727 2215 3781 vinculis
2243 3728 2295 3781 in
2329 3727 2680 3783 Parthienem
2727 3729 2992 3785 deductus
3035 3741 3142 3796 est,
3181 3732 3327 3788 veris
3367 3731 3582 3789 insidiis

1981 3819 2423 3886 manifestatum,
2469 3825 2808 3892 {tantumque
2879 3823 3136 3879 mceroris
3201 3835 3585 3894 assumptum,

1979 3919 2245 3982 quantum
2289 3911 2600 3981 depositum
2665 3914 3133 3983 sollicitudinum,
3187 3927 3246 3971 ut
3296 3931 3396 3986 pro
3443 3917 3588 3974 bello

1981 4003 2166 4075 fugam
2199 4013 2438 4072 pararet.
2475 4005 2722 4076 Denique
2751 4008 3138 4063 Alexandriam
3168 4025 3380 4065 summo
3407 4012 3589 4066 studio

1980 4095 2285 4164 contendit,
2310 4105 2474 4168 atque
2497 4098 2568 4153 ibi
2593 4115 2720 4155 cum
2753 4100 2961 4157 honore
2986 4117 3020 4156 ι
3045 4101 3332 4172 Cleopatra
3361 4118 3588 4175 susceps

1981 4197 2090 4259 tus,
2121 4192 2264 4262 quod
2307 4193 2444 4247 tanti
2488 4195 2729 4249 nominis
2777 4197 2954 4250 virum
2995 4195 3187 4251 ducem
3226 4197 3434 4252 militiai
3469 4199 3586 4254 suis

1980 4285 2344 4356 expetendum
2373 4286 2617 4355 partibus
2647 4287 3024 4344 arbitraretur.
3072 4287 3229 4345 Unde
3251 4290 3587 4360 posthabitis

1980 4380 2183 4450 reginte
2233 4378 2628 4449 petitionibus,
2683 4378 2916 4435 Romam
2981 4380 3294 4451 navigavit,
3345 4382 3586 4438 minores

1981 4472 2255 4542 procellas
2313 4472 2512 4528 hiemis
2581 4481 2736 4528 ratus
2805 4474 3357 4545 perturbationesque
3415 4473 3584 4531 ltalim

1980 4578 2320 4638 compertas,
2352 4583 2513 4637 quam
2544 4582 2684 4638 quos
2712 4568 2767 4622 in
2798 4568 3102 4637 Cleopatrae
3125 4569 3436 4625 mobilitate
3462 4585 3585 4641 gra-

1981 4661 2160 4717 viores
2201 4645 2472 4716 omnibus‘
2497 4661 2794 4730 naufragiis
2839 4661 3040 4718 fluctus
3086 4662 3583 4733 perhorrescebat:

1981 4753 2218 4824 denique
2259 4755 2658 4824 inexspectatis
2687 4763 2972 4810 ventorum
3005 4755 3227 4813 ﬂatibus
3277 4756 3582 4826 profectus,

1981 4847 2132 4904 circa
2159 4845 2514 4916 Pamphiliam
2548 4847 2852 4917 periculum
2893 4848 3105 4914 incidit,
3138 4848 3234 4905 sed
3279 4851 3448 4904 evasit
3501 4860 3584 4904 ta-

1983 4957 2144 5006 men;
2176 4949 2233 4995 et
2280 4947 2490 4995 mutato
2538 4941 2778 5012 navigio,
2807 4941 3172 5012 Brundusium
3215 4943 3392 5012 prius,
3422 4951 3585 5014 atque

1984 5032 2108 5089 inde
2137 5032 2365 5090 Romam
2396 5035 2663 5102 pervenit.
2695 5034 2779 5090 lbi
2817 5045 3062 5105 paterna:
3091 5037 3350 5092 amicitiae
3379 5053 3587 5106 [ρωπος

1981 5126 2157 5196 gativa
2183 5126 2314 5181 adiit
2334 5125 2656 5192 Antonium,
2683 5127 3090 5200 deploratisque
3115 5130 3228 5185 suis
3249 5140 3304 5187 et
3324 5129 3588 5187 domesti-

1983 5237 2168 5278 carum
2192 5222 2450 5277 :erumnis
2475 5222 2962 5288 necessitudinum,
2988 5225 3186 5295 quibus
3214 5224 3270 5280 in
3299 5225 3586 5282 obsidione

1987 5317 2183 5388 positis
2221 5315 2451 5370 Romam
2476 5323 2761 5386 precatum
2802 5327 3046 5372 venerat.
3079 5318 3376 5373 Antonium
3409 5317 3583 5384 flexit,

1989 5421 2262 5482 assumpta
2292 5427 2358 5466 ex
2391 5419 2538 5465 tanta
2572 5426 2756 5466 rerum
2781 5412 3146 5468 conversione
3177 5411 3580 5476 misericordia,

1987 5503 2114 5575 quia
2141 5519 2238 5559 rex
2263 5503 2465 5558 dudum
2498 5503 2914 5574 potentissimus
2939 5548 2954 5574 ,
2986 5514 3040 5562 et
3063 5504 3162 5577 qui
3189 5505 3451 5561 Romanas
3483 5505 3592 5561 rei-

1989 5596 2220 5666 publicae
2241 5595 2443 5667 saepius
2472 5595 2670 5652 tulerat
2695 5610 2857 5668 apem
2880 5639 2899 5663 ,
2923 5607 3159 5666 repente
3183 5609 3242 5654 ut
3270 5597 3586 5668 naufragus,

1987 5697 2045 5746 et
2073 5704 2258 5746 rerum
2297 5688 2545 5746 omnium
2595 5704 2802 5762 egens,
2833 5689 3135 5762 auxiliique
3180 5691 3338 5763 inops
3373 5691 3490 5748 suis
3533 5692 3591 5749 in

363 5837 388 5865 ιι
430 5827 516 5882 Al.
563 5827 669 5883 uini
700 5843 718 5884 :
751 5843 874 5884 nam
905 5825 1027 5883 Nini
1060 5839 1257 5882 nomen
1285 5823 1426 5897 apud
1453 5821 1758 5896 losepbum
1789 5838 1898 5881 non
1925 5821 2144 5893 legitur.
2175 5820 2345 5877 BARR.
