4112 6350
581 303 716 367 1991

1923 313 2168 372 SANCTI
2213 316 2538 375 AMBROSII

3727 337 3840 398 1991

577 440 822 511 periculo
868 441 1062 512 positis
1118 442 1438 514 suppllciter
1500 445 1826 516 imploraret
1873 449 2137 506 auxilium
2163 491 2178 517 ,
2209 438 2261 496 Α
2285 444 2413 500 gere
2460 429 2640 502 coegi"
2675 430 2784 487 Nec
2829 433 2934 488 una
2960 433 3157 493 MSS“
3200 437 3442 497 νίθίθτίπ
3483 456 3650 510 ¹¹¹⁰¹’³’
3679 445 3844 503 “id”

576 535 764 592 sedem
795 538 1125 594 mutaverit:
1153 539 1340 610 inquo
1365 540 1471 596 etsi
1495 541 1766 597 Antonius
1797 541 2186 613 hoSpitalitatis

574 629 748 699 gratia
789 645 910 701 qua:
956 630 1062 686 sibi
1106 647 1232 686 cum
1282 641 1436 703 patre
1478 633 1600 705 ejus
1647 635 1936 706 Antipatro
1986 636 2182 706 fuerat,

578 735 848 792 propense
893 721 1255 779 inclinaretur
1309 725 1658 798 maximeque
1709 726 1856 798 quod
1888 736 1914 764 ει
1947 727 2188 784 ldumaza

577 812 890 870 tetrarchon
914 813 1120 871 faciens
1167 831 1337 887 regno
1379 817 1829 888 praedestinatum
1860 820 2178 892 reliquerat.

1155 906 1388 967 CAPUT
1427 909 1602 966 XXX.

648 999 832 1057 Caesar
881 1009 1063 1057 tamen
1111 1001 1491 1058 benevolentia
1536 1005 1770 1060 naturali
1816 1004 2082 1073 diﬂ‘usior,
2129 1016 2186 1063 et

578 1091 862 1149 toleratam
913 1093 968 1148 in
1017 1093 1256 1167 Egypto
1300 1095 1573 1166 Antipatri
1623 1096 1874 1153 militiam
1929 1098 2184 1155 omnibus

577 1183 744 1255 patris
772 1185 854 1241 sui
898 1185 1135 1244 Caesaris
1182 1187 1409 1258 praaliis,
1458 1197 1516 1244 et
1555 1189 1878 1261 hospitalem
1926 1191 2185 1262 conjunc-

575 1280 776 1336 tionem
801 1289 1076 1353 tamquam
1104 1283 1376 1338 renovatis
1402 1283 1594 1353 gratiae
1619 1284 1937 1356 pignoribus
1963 1283 2182 1341 chariu-

575 1387 636 1428 ra
679 1373 950 1430 habebat:
991 1375 1346 1446 suspectabat
1373 1385 1556 1433 tamen
1598 1387 1875 1433 versutum
1906 1379 2181 1450 ingenium

578 1466 754 1537 regis,
798 1482 905 1522 non
935 1483 1093 1540 aequo
1122 1477 1179 1525 et
1209 1468 1387 1540 bono,
1435 1469 1533 1526 sed
1575 1471 1918 1542 negotiorum
1957 1486 2182 1528 suorum

577 1561 901 1618 utilitatibus
924 1578 1086 1632 prave
1111 1563 1398 1620 intentum.
1431 1563 1664 1621 Senatus
1690 1565 1924 1621 adeundi
1945 1566 2072 1622 data
2093 1581 2186 1623 co-

573 1654 684 1724 pia,
713 1654 857 1725 apud
887 1657 1050 1726 quem
1072 1654 1306 1714 Messala
1330 1667 1385 1713 et
1412 1656 1664 1714 Atratino
1695 1659 2067 1716 astruentibus
2089 1676 2186 1731 pa-

579 1758 735 1805 terna
755 1748 896 1806 bene
927 1760 1102 1822 gesta,
1140 1751 1310 1822 ipsius
1336 1766 1552 1823 quoque
1579 1751 1813 1809 Herodis
1847 1753 2025 1809 ofﬁcia
2057 1768 2185 1825 erga

2287 522 2518 577 Romani
2558 525 2788 595 agminis
2831 525 2986 583 Silon
3030 530 3387 588 subornasset
3436 535 3659 604 milites,
3688 540 3769 609 qui
3793 540 3849 598 de

2287 613 2471 686 inopia
2517 619 2797 687 querelam
2854 635 3278 694 expromerent,
3343 637 3650 702 vastataque
3696 633 3850 690 omnia

2288 710 2430 765 circa
2457 726 2664 778 muros,
2694 712 3183 788 difﬁcultatemque
3221 720 3557 790 utensilium,
3588 733 3641 779 et
3673 739 3849 796 angus-

2289 803 2393 858 tias
2418 804 2798 860 alimentorum
2824 808 3231 877 praztenderent
3256 829 3268 864 :
3294 821 3350 866 et
3366 813 3477 883 jam
3503 822 3703 884 tempus
3719 818 3852 872 ades-

2286 905 2372 952 set
2399 913 2509 968 quo
2537 899 2604 954 ad
2646 898 2872 956 hiberna
2903 916 3000 957 eos
3029 904 3332 961 concedere
3371 916 3659 976 oporteret,
3688 918 3851 979 ruptu-

2285 1005 2377 1047 ros
2427 993 2716 1063 imperium
2760 995 3122 1064 minarentur,
3172 997 3226 1052 ni
3255 999 3358 1054 sibi
3391 999 3688 1071 acquietum
3717 1001 3852 1058 foret.

2283 1083 2512 1156 Jamque
2552 1086 2746 1142 seditio
2776 1090 3152 1159 convaluerat,
3207 1093 3313 1147 nisi
3344 1093 3585 1151 Herodes
3613 1097 3856 1152 centurio-

2285 1178 2444 1236 nibus
2471 1180 2678 1250 pariter
2701 1195 2766 1236 ac
2808 1183 3074 1239 militibus
3104 1184 3366 1242 Romanis
3406 1188 3639 1244 medium
3668 1206 3723 1246 se
3744 1190 3856 1247 oﬁ'e-

2284 1286 2412 1326 rens
2443 1271 2728 1342 oravisset,
2761 1289 2830 1329 ne
2857 1274 3182 1332 desererent
3209 1293 3332 1334 eum
3361 1321 3376 1348 ,
3422 1296 3581 1350 quem
3623 1279 3790 1337 Caesar
3812 1292 3858 1338 et

2245 1363 2576 1430 ,Antonius,
2625 1375 2850 1421 senatus
2896 1384 3114 1440 quoque
3156 1371 3418 1427 tuendum
3449 1373 3551 1429 sibi
3601 1376 3856 1432 commise-

2285 1463 2430 1523 rant,
2463 1471 2630 1526 quum
2661 1459 2970 1528 praesertim
2999 1459 3137 1516 nihil
3170 1461 3481 1519 defuturum
3510 1465 3690 1520 usibus
3725 1466 3858 1536 polli-

2283 1561 2519 1607 ceretur.
2556 1553 2624 1607 Et
2675 1555 2945 1624 completa
2995 1556 3244 1612 oratione
3285 1557 3339 1612 in
3382 1559 3656 1629 regionem
3700 1574 3858 1631 egres-

2284 1658 2401 1711 sus,
2431 1645 2614 1701 subito
2657 1661 2841 1702 rerum
2891 1649 3136 1704 omnium
3194 1649 3581 1708 abundantiam
3628 1652 3858 1708 exercitui

2283 1739 2616 1810 suppeditari
2648 1739 2801 1808 fecit,
2820 1750 2877 1796 ut
2907 1742 3059 1798 nulla
3082 1742 3594 1816 Silonisuperesset
3609 1747 3856 1817 causatio;

578 1841 878 1899 Romanam
900 1843 1294 1915 rempublicam
1320 1855 1534 1915 patrum
1556 1847 1880 1903 auctoritate
1899 1847 2182 1904 decretum

2287 1843 2344 1888 et
2395 1833 2524 1890 inde
2571 1837 2787 1907 erectis}
2817 1838 3198 1893 universorum
3239 1839 3470 1908 animis,
3516 1856 3635 1896 cum
3677 1841 3858 1897 duobus

581 1945 686 2001 est,
719 1934 850 1991 utile
879 1935 1123 1993 Romano
1151 1936 1386 2008 imperio
1435 1954 1660 2010 regnum
1709 1940 1943 1997 Herodis
1969 1940 2181 1998 videri:

583 2029 727 2101 quod
772 2029 1104 2100 astipulante
1152 2031 1414 2100 Antonio,
1447 2033 1596 2090 bello
1643 2033 1907 2090 adversus
1952 2035 2186 2092 Parthos

583 2125 826 2197 gerendo
847 2125 1070 2196 adjungi
1089 2125 1355 2183 Romanis
1383 2127 1674 2186 memonati
1694 2129 1838 2198 regis
1865 2127 2184 2184 societatem

577 2217 931 2274 conduceret.
966 2218 1207 2274 Dimisso
1246 2228 1460 2288 senatu,
1494 2221 1678 2276 Cmsar
1721 2231 1885 2292 atque
1915 2221 2184 2276 Antonius

579 2319 635 2367 et
661 2310 904 2368 Herodes
932 2312 1132 2382 pariter
1155 2313 1360 2384 egressi
1390 2314 1564 2382 curia,
1593 2313 2049 2385 prosequentibus
2069 2330 2187 2369 ma-

577 2405 901 2476 gistratuum
931 2404 1126 2461 ofﬁciis
1153 2406 1517 2463 deducuntur.
1573 2407 1870 2478 Primoque
1916 2408 2026 2475 die,
2077 2423 2184 2479 quo

581 2513 806 2570 regnum
850 2499 1048 2557 Herodi
1086 2501 1560 2556 senatusconsulto
1602 2500 1841 2556 delatum
1873 2501 2035 2568 foret,
2067 2499 2182 2556 An-

580 2592 1020 2650 tonius'adornat
1043 2593 1374 2662 convivium,
1404 2609 1700 2665 regemque
1727 2594 1941 2649 invitat.
1975 2592 2182 2649 Eodem

583 2689 697 2746 fere
735 2697 983 2761 tempore
1023 2689 1281 2760 Josippus
1320 2688 1489 2745 frater
1530 2689 1762 2745 Herodis
1800 2704 1952 2760 aqua:
2002 2688 2186 2759 inOpia

582 2782 761 2854 fugam
790 2783 854 2848 in
887 2794 1048 2840 nocte
1089 2791 1476 2854 composuerat
1508 2799 1522 2838 :
1557 2783 1654 2839 sed
1685 2791 1833 2838 tanta
1883 2781 2066 2838 subito
2089 2782 2185 2850 .vis

581 2875 885 2947 pluviarum
911 2885 1111 2932 terram
1153 2875 1365 2944 infudit,
1411 2885 1468 2932 ut
1507 2891 1698 2932 omnes
1729 2876 1966 2946 repleret
1991 2873 2184 2929 ductus

578 2982 862 3041 aquarum.
891 2969 1077 3041 itaque
1099 2981 1354 3025 revocato
1383 2967 1681 3038 transfugio
1704 2967 1849 3038 quod
1871 2961 1941 3023 ad
1967 2975 2184 3038 gentem

577 3066 818 3121 Arabum
852 3065 1094 3137 parabat,
1125 3063 1426 3130 obsidentis
1469 3062 1726 3134 Antigoni
1755 3061 1942 3132 copias
1985 3059 2181 3131 partim

579 3157 814 3224 insidiis,
839 3159 1032 3229 partim
1061 3157 1455 3229 congressione
1481 3165 1646 3226 atque
1667 3163 1861 3226 aperto
1890 3153 2080 3225 prailio
2099 3152 2184 3207 fu-

2286 1928 2528 1985 millibus
2578 1931 2818 2000 peditum
2853 1941 2910 1988 et
2938 1931 3253 2004 quingentis
3278 1933 3553 2004 equitibus
3601 1934 3858 1990 ldumaaam

2285 2015 2516 2092 recepit.
2549 2022 2746 2090 Quieto
2772 2026 2882 2094 jam
2915 2023 3288 2081 Romanarum
3339 2028 3578 2097 agmine,
3623 2037 3774 2099 atque
3812 2028 3857 2082 in

2285 2113 2530 2173 hibernis
2560 2117 2880 2184 locato,dux
2906 2117 3036 2174 facti
3056 2118 3316 2190 Josippus
3341 2119 3535 2176 leviori
3562 2121 3754 2177 electus
3779 2137 3858 2176 ne-

2283 2209 2454 2282 gotio,
2493 2225 2561 2266 ne
2587 2210 2719 2281 quid
2750 2212 3016 2271 adversus
3047 2212 3385 2284 Antigonum
3415 2216 3625 2286 majore
3646 2215 3857 2286 periculo

2288 2303 2656 2373 usurpandum
2679 2304 3041 2361 arbitraretur
3073 2323 3086 2360 :
3111 2306 3228 2377 ipse
3248 2317 3430 2363 autem
3453 2323 3582 2364 suos
3601 2324 3663 2364 ex
3685 2309 3857 2364 Massa-

2285 2396 2354 2453 (ιε.
2381 2397 2694 2465 translatos,
2725 2413 2848 2453 cum
2882 2400 2935 2453 in
2981 2399 3224 2455 Samaria
3273 2402 3513 2471 provisis
3549 2418 3666 2474 qua:
3705 2385 3855 2457 muni-

2287 2499 2476 2546 mento
2521 2499 2577 2546 et
2621 2491 2744 2546 usui
2789 2490 2905 2546 fore
2936 2491 3206 2559 crederet,
3255 2494 3636 2549 constitisset:
3676 2491 3859 2564 glaciali

2287 2584 2468 2639 hieme
2508 2591 2566 2640 et
2601 2585 2825 2654 repletis
2868 2585 2997 2641 nive
3017 2585 3176 2654 ,locis
3223 2587 3501 2656 omnibus,
3553 2587 3857 2658 praeveniens

2285 2679 2554 2734 adventus
2583 2680 2668 2734 sui
2707 2680 2898 2736 nuntio
2925 2678 3232 2750 Sephorim-
3258 2681 3443 2751 prisco
3475 2685 3752 2738 vocitatam
3779 2697 3858 2737 no-

2287 2775 2436 2830 mine
2488 2790 2652 2846 quam
2707 2775 3106 2831 Diocaesaream
3163 2781 3354 2845 postea
3407 2784 3854 2847 nuncupaverunt,

2287 2868 2409 2924 sine
2439 2868 2550 2923 ullo
2583 2869 2864 2938 ingressus
2902 2868 3092 2939 praelio
3121 2869 3436 2934 reﬁciendis
3463 2885 3600 2940 quos
3628 2869 3858 2924 hiemales

2263 2955 2498 3032 pruina:
2536 2971 2700 3033 atque
2741 2961 3028 3032 asperiora
3075 2961 3202 3032 gelu
3249 2963 3449 3019 itinera
3501 2965 3856 3035 fatigaverant,

2287 3063 2647 3125 opportunam
2693 3054 3064 3110 existimavit:
3105 3063 3224 3110 erat
3257 3056 3405 3111 enim
3446 3057 3558 3113 illic
3583 3067 3638 3113 et
3667 3057 3858 3112 alimen-

2290 3156 2465 3204 torum
2508 3148 2677 3204 multa
2709 3148 2884 3219 copia.
2930 3147 3036 3203 Ubi
3065 3148 3288 3205 refeCtis
3315 3151 3443 3206 cibo
3475 3161 3532 3206 et
3565 3153 3745 3206 stativa
3787 3150 3856 3204 in-

525 3309 528 3312 .
579 3251 696 3320 dit,
741 3213 854 3308 sed.
886 3259 942 3308 et
988 3253 1104 3323 ipse
1155 3213 1471 3322 plerumque
1501 3213 1733 3306 adverso
1771 3213 1923 3305 exitu
1965 3262 2089 3303 sese
2129 3246 2182 3300 in
2210 3213 2256 3278 (δ
2291 3240 2652 3314 terpositione
2695 3241 2984 3309 militibus,
3033 3241 3328 3298 adversum
3376 3245 3619 3301 latrones
3646 3244 3859 3316 praelium

577 3355 818 3404 castrum
845 3345 1070 3415 recepit.
1101 3345 1170 3399 Et
1188 3345 1300 3415 jam
1334 3342 1577 3398 Herodes
1608 3358 1676 3398 ex
1708 3341 1859 3396 Italia
1892 3341 1946 3395 in
1989 3339 2182 3395 urbem

580 3440 755 3512 Syria:
791 3437 1180 3494 Ptolemaidem
1222 3435 1550 3504 improvisus
1588 3433 1801 3499 aderat,
1844 3444 2186 3503 propereque

579 3547 832 3605 egressus
857 3530 1073 3602 navigio
1106 3570 1122 3597 ,
1150 3544 1274 3584 cum
1325 3527 1530 3599 ingenti
1573 3541 1740 3581 manu
1778 3525 1978 3579 civium
2008 3531 2065 3579 et
2091 3537 2186 3594 pe-

581 3627 926 3699 regrinorum
959 3623 1301 3695 Antigonum
1348 3620 1590 3692 petebat,
1638 3617 2054 3675 occurrentibus
2081 3616 2199 3672 sibi

585 3720 836 3780 Ventidio
864 3731 920 3776 et
949 3719 1142 3776 Silone
1184 3717 1412 3774 ducibus
1450 3715 1707 3772 Romanae
1757 3715 1995 3780 militize,
2044 3727 2185 3785 quos

579 3817 850 3875 Antonius
880 3812 1200 3871 deducendo
1227 3811 1427 3868 Herodi
1464 3812 1660 3867 adesse
1689 3816 2044 3881 prreceperat.
2078 3807 2184 3863 Eos

577 3913 786 3972 Gellius
813 3911 866 3967 in
898 3911 997 3967 hos
1016 3923 1150 3965 usus
1179 3907 1421 3963 directos
1457 3905 1526 3961 ab
1556 3905 1800 3962 Antonio
1831 3903 1960 3959 licet
1983 3902 2184 3958 abhor-

579 4026 706 4068 rens
728 4008 931 4075 studio,
963 4003 1109 4078 quod
1138 4013 1429 4073 utrumque
1456 4015 1648 4056 eorum
1671 3997 1976 4069 Antigonus
2006 3996 2184 4068 pretio

578 4077 876 4170 averterat,
907 4102 1092 4169 specie
1118 4106 1300 4152 tamen
1343 4093 1412 4150 de
1456 4091 1708 4164 proximo
1731 4088 2026 4147 convenire
2054 4103 2182 4143 sua-

580 4205 764 4255 serat:
795 4195 842 4252 si
862 4191 1080 4265 quidem
1103 4191 1158 4246 in
1186 4188 1457 4260 proximis
1483 4185 1730 4252 urbibus,
1755 4185 1825 4241 ob
1849 4179 2184 4254 reprimendi

577 4291 710 4350 belli
734 4287 972 4348 Parthici
1003 4284 1287 4351 tumultus,
1332 4279 1615 4338 Ventidius
1643 4277 2064 4342 immorabatur;
2096 4272 2183 4330 Si-

579 4388 671 4446 lon
694 4395 876 4442 autem
907 4383 1051 4438 intra
1079 4379 1321 4438 Judaaam
1352 4377 1584 4449 positus,
1613 4383 1854 4446 apertam
1881 4388 2004 4428 cum
2028 4371 2183 4428 Anti-

577 4499 720 4556 gono
766 4480 1082 4538 societatem
1134 4474 1360 4549 pecunia
1409 4472 1733 4529 conﬁciebat
1775 4489 1789 4526 :
1842 4485 1943 4526 nec
1998 4478 2179 4524 tamen

577 4578 822 4637 Herodes
847 4575 1055 4633 auxilio
1082 4572 1304 4644 egebat,
1336 4568 1422 4626 cui
1465 4575 1662 4638 prater
1689 4578 1892 4636 paucos
1928 4562 2183 4620 Galilaeo-

578 4689 722 4743 rum,
749 4672 994 4729 universi
1017 4668 1365 4726 adhaeserant
1391 4681 1404 4718 :
1437 4673 1494 4720 et
1521 4661 1646 4734 quia
1676 4660 2013 4732 propositum
2039 4665 2176 4726 erat,

577 4778 638 4824 ut
657 4765 726 4822 de
749 4763 1017 4830 Massada,
1048 4774 1178 4817 suos
1200 4757 1598 4831 quamprimum
1621 4754 1859 4825 eriperet
1877 4750 2144 4808 obsidioni
2163 4791 2178 4818 ,

575 4861 790 4932 Joppen
833 4859 888 4915 in
931 4855 1113 4913 medio
1155 4852 1390 4926 positam
1416 4847 1722 4921 pugnando
1752 4846 1899 4918 cepit
1921 4843 2177 4901 adversa-

576 4953 787 5011 riorum
815 4965 980 5008 manu
1006 4947 1260 5004 refertam
1286 4987 1301 5014 ,
1334 4959 1404 5001 ne
1434 4944 1501 4998 ad
1529 4941 1788 4999 ulteriora
1819 4952 2175 5011 progressus,

577 5045 789 5104 hostem
817 5059 851 5099 a
873 5053 1024 5114 tergo
1049 5040 1417 5111 relinqueret:
1446 5045 1503 5092 et
1530 5033 1776 5106 quamvis
1797 5032 1900 5089 iter
1921 5032 2040 5102 ejus
2068 5032 2178 5086 An-

573 5142 792 5213 tigonus
808 5135 1070 5207 impedire
1085 5141 1332 5204 cuperet,
1352 5139 1533 5184 tamen
1562 5125 1704 5182 facili
1731 5124 1949 5195 negotio
1977 5121 2179 5178 Massa-

571 5233 699 5291 dam
725 5229 952 5300 recepit,
986 5240 1225 5296 suosque
1250 5223 1456 5281 exemit
1496 5219 1760 5294 periculo.
1794 5216 2004 5274 Deinde
2050 5231 2174 5286 pro-

571 5325 746 5383 fectus
775 5318 1202 5390 Hierosolymam
1229 5330 1354 5371 cum
1371 5317 1553 5370 omnia
1577 5312 1814 5378 fecisset,
1845 5324 1914 5366 ne
1935 5310 2178 5380 pugnan-

571 5420 629 5478 di
658 5419 883 5476 haberet
912 5412 1322 5480 necessitatem,
1351 5423 1605 5466 asserens
1630 5422 1690 5463 se
1716 5421 1816 5478 pro
1844 5403 2054 5461 civibus
2079 5401 2175 5458 ad-

569 5526 763 5570 versus
813 5506 1190 5574 rebellionem,
1247 5517 1359 5560 non
1402 5503 1689 5557 adversum
1743 5513 1873 5556 suos
1925 5497 2173 5568 praelium

567 5607 844 5681 recepisse
870 5622 886 5661 :
917 5602 1204 5661 lacessitus
1225 5599 1294 5655 ab
1321 5597 1577 5669 Antigoni
1616 5593 1939 5661 fautoribus,
1965 5591 2175 5663 sagittis

565 5711 624 5767 et
648 5700 945 5762 levioribus
985 5695 1209 5772 spiculis
1232 5693 1303 5752 de
1326 5705 1480 5750 muro
1520 5687 1623 5747 sibi
1664 5687 2046 5760 obstrepentes
2084 5684 2170 5741 fu-

635 5828 668 5861 ι
704 5819 1039 5883 Μκηιωαηι;
1091 5812 1165 5872 al.
1209 5811 1283 5889 in
1309 5805 1504 5887 _Idum.
1547 5803 1720 5864 BARR.

2207 4616 2262 4678 D

2286 3333 2650 3390 adoriundum
2700 3335 2930 3403 putavit,
2964 3335 3056 3406 qui
3090 3344 3257 3391 totam
3297 3350 3681 3407 percurrentes
3712 3336 3860 3406 regio-

2286 3443 2440 3494 nem,
2471 3445 2580 3484 non
2624 3428 2836 3484 minore
2866 3445 3030 3500 quam
3060 3429 3260 3486 bellica
3293 3431 3611 3488 incursione
3647 3432 3858 3487 locorum

2286 3520 2498 3577 incolas
2543 3524 2824 3577 attrivere.
2876 3522 3064 3593 Itaque
3114 3524 3292 3592 primo
3346 3534 3563 3594 partem
3606 3523 3859 3596 quamdam

2285 3615 2533 3686 equitum
2563 3623 2618 3671 et
2646 3615 2892 3687 peditum
2934 3615 2990 3670 in
3023 3617 3202 3670 vicum
3232 3615 3497 3673 Arbelam
3530 3618 3795 3689 praemisit,
3816 3622 3862 3670 et

2285 3705 2405 3776 ipse
2426 3722 2550 3762 cum
2583 3707 2792 3779 reliqua
2823 3723 2987 3763 manu
3014 3715 3140 3778 post
3164 3709 3528 3780 quadraginta
3555 3711 3668 3765 dies
3696 3707 3857 3764 adfuit.

2284 3798 2398 3854 Nec
2442 3809 2623 3857 tamen
2680 3801 2956 3857 exercitus
3005 3802 3186 3872 specie
3240 3803 3419 3864 territi
3471 3805 3731 3868 latrones;
3781 3802 3859 3858 sed

2286 3909 2411 3950 cum
2458 3897 2624 3950 armis
2655 3897 3048 3953 occurrendum
3081 3898 3205 3965 rati,
3246 3899 3612 3968 praeferebant
3652 3896 3860 3967 discipli-

2286 4003 2410 4042 nam
2443 3987 2695 4044 bellicam
2718 4001 2774 4045 et
2805 3990 3075 4046 latronum
3105 3991 3407 4047 audaciam.
3441 3991 3705 4048 Conllictu
3733 3988 3861 4044 habi-

2285 4091 2362 4150 to,
2395 4083 2563 4138 cessit
2587 4098 2756 4139 cornu
2790 4084 3021 4139 l-lcrodis
3049 4085 3366 4152 sinistrum;
3400 4087 3502 4143 sed
3533 4089 3640 4142 cito
3663 4097 3857 4155 repara-

2285 4178 2363 4233 vit
2383 4177 2653 4246 Herodes,
2683 4187 2740 4234 et
2761 4178 3019 4234 adhibitis
3040 4179 3395 4250 adjumentis,
3422 4195 3555 4237 suos
3580 4181 3774 4244 statuit,
3794 4177 3860 4231 in-

2285 4281 2580 4342 sequentes
2625 4272 2891 4343 perculit,
2940 4281 3108 4343 atque
3155 4271 3374 4343 infregit
3413 4273 3648 4344 impetus
3673 4285 3858 4328 eorum.

2284 4367 2388 4436 Qui
2428 4368 2679 4424 cominus
2720 4377 3046 4440 pugnantem
3100 4367 3369 4425 Herodem
3413 4368 3525 4440 pati
3573 4367 3859 4440 nequivere,

2284 4461 2732 4533 declinantesque
2757 4477 2930 4534 usque
2949 4462 3016 4517 ad
3046 4461 3344 4519 Iordanem
3375 4473 3599 4519 secutus
3628 4462 3737 4518 neci
3765 4468 3859 4513 tra-

2285 4554 2440 4611 didit.
2474 4555 2692 4626 Reliqui
2733 4571 2923 4612 omnes
2951 4570 3112 4626 supra
3142 4555 3364 4612 fluvium
3403 4556 3656 4628 dispersi,
3689 4563 3740 4610 ut
3763 4565 3862 4608 om-

2287 4649 2340 4703 ni
2391 4649 2765 4704 incursionum
2821 4659 2970 4705 metu
3020 4648 3246 4706 Galilaza
3293 4651 3703 4713 absolveretur;
3747 4645 3862 4702 resi-

2284 4739 2538 4797 dentibus
2568 4741 2967 4810 tantummodo,
3017 4744 3108 4812 qui
3137 4757 3199 4798 se
3228 4742 3455 4800 latebris
3495 4742 3859 4804 recondentes,

2282 4835 2520 4892 acvelut
2549 4833 2882 4892 infodientes
2920 4835 3220 4907 speluncis,
3267 4837 3553 4893 victoriam
3597 4833 3860 4893 moraban-

2282 4938 2389 4985 tur.
2425 4929 2598 4985 Erant
2632 4937 2815 4986 autem
2859 4928 2914 4984 in
2962 4937 3240 4999 praerupto
3293 4922 3860 4996 montium,'concavis

2282 5038 2539 5080 saxorum
2571 5022 2858 5090 lateribus,
2906 5021 3252 5080 inhorrentes
3291 5037 3512 5094 specus,
3555 5023 3694 5078 inter
3728 5033 3861 5074 scru-

2282 5134 2416 5190 peas
2440 5133 2628 5190 rupes,
2658 5117 2809 5174 invio
2837 5116 3077 5188 undique
3118 5127 3176 5173 et
3219 5117 3570 5188 impossibili,
3603 5115 3702 5172 nisi
3727 5114 3858 5169 Ioco-

2280 5228 2402 5268 rum
2433 5211 2650 5279 incolis,
2697 5210 3079 5278 accessu.',Qui
3127 5211 3537 5267 transversariis
3585 5207 3781 5266 semitis
3806 5212 3858 5273 let
3899 5271 3906 5280 '

2280 5304 2524 5377 angustis
2550 5303 2801 5372 callibus,
2846 5304 3045 5374 quibus
3092 5304 3226 5360 solis
3265 5303 3402 5360 adiri
3431 5302 3704 5367 solerent,
3735 5295 3859 5370 peri-

2280 5398 2387 5455 culi
2415 5413 2540 5466 usu,
2565 5405 2623 5452 ut
2641 5396 2904 5453 adversus
2922 5395 3224 5467 periculum
3241 5393 3684 5467 deprehendendi
3709 5389 3857 5446 tutio-

2276 5507 2366 5547 res
2383 5489 2585 5548 forent.
2614 5487 2760 5546 Caeci
2790 5489 2936 5545 intus
2965 5498 3249 5545 antrorum
3270 5502 3542 5554 recessus,
3571 5496 3788 5556 quorum
3811 5478 3856 5534 in

2273 5584 2452 5643 fronte
2500 5592 2676 5656 petra,
2730 5597 2902 5655 usque
2955 5583 3024 5639 ad
3079 5582 3382 5655 profundas
3433 5577 3858 5652 congr'egationes

2273 5693 2561 5753 aquarum,
2589 5678 2743 5738 velut
2765 5677 3004 5750 quodam
3031 5676 3338 5750 continenti
3370 5676 3501 5750 jugo
3539 5673 3856 5748 prominens,
