4112 6350
281 323 426 389 ὶ995

1138 333 1410 396 HISTOR.
1457 335 1546 396 DE
1589 334 1868 398 EXCIDIO
1907 337 2179 400 HIEROS.
2223 340 2450 404 URBIS.
2489 345 2622 406 LIB.
2666 347 2708 405 Ι.

3444 360 3589 420 1994

282 455 436 513 apem
477 441 711 502 adeundi
752 445 1092 516 excluderet,
1146 449 1358 507 lubrico
1393 452 1629 523 undique
1657 455 1786 520 situ,
1817 454 1883 510 de
1911 455 1962 515 A
1990 462 2216 510 vocatus
2268 472 2296 511 a
2357 461 2733 531 persequendo
2783 471 2932 521 esset
2987 465 3264 538 Herodes,
3311 479 3369 528 et
3423 477 3592 550 armis

281 538 575 608 supercilio
610 540 874 597 montium
921 541 1244 598 cadentibus
1293 545 1466 615 aquis,
1520 556 1573 602 et
1633 549 1874 602 amnium

279 642 446 685 cursu
474 629 724 703 fragoso,
754 641 812 688 ut
849 635 1211 706 praacipitium
1254 635 1580 690 fluentorum
1615 638 1792 704 ruina,
1821 647 1879 694 et

279 733 468 776 saxum
502 723 790 781 imminens
809 724 1082 781 cbarraris
1111 727 1232 797 plus
1259 727 1482 784 terroris
1513 727 1687 785 daret.
1718 729 1875 786 Dein.

278 810 346 867 de
373 812 702 884 aliquamdiu
728 830 825 873 rex
870 815 925 872 in
971 817 1184 874 incerto
1231 818 1411 886 haesit,
1455 834 1563 875 non
1595 821 1873 892 reperiens

275 904 731 977 quemadmodum
772 916 1023 966 naturam
1052 910 1320 969 vinceret.
1351 911 1547 970 Postea
1594 927 1728 970 vero
1768 912 1872 970 hu-

270 995 510 1069 jusmodi
529 1009 840 1058 commento
855 1017 1014 1072 usus,
1055 1003 1188 1060 utin
1224 1005 1444 1061 modum
1471 1021 1721 1063 arearum
1752 1022 1872 1062 ma-

273 1089 495 1148 chinato
523 1094 841 1163 munimine,
870 1096 1238 1154 validissimos
1263 1113 1512 1170 quosque
1534 1100 1868 1157 includeret:

271 1181 325 1240 in
356 1185 472 1255 ipsa
497 1186 826 1257 spelzeorum
869 1203 964 1245 ora
1011 1200 1272 1258 armatos,
1299 1191 1617 1248 retinaculis
1647 1193 1870 1265 quibus-

272 1277 395 1336 dam
429 1280 704 1353 deposuit,
745 1283 838 1354 qui
869 1283 1027 1341 facile
1075 1285 1317 1344 inermes
1371 1288 1589 1353 cedere,
1639 1297 1696 1345 et
1744 1303 1869 1345 cum

270 1371 523 1429 omnibus
559 1375 1049 1433 necessitudinibus
1090 1388 1144 1432 et
1169 1379 1521 1450 generatione
1562 1381 1870 1439 interficere

268 1476 588 1534 cmperunt:
617 1475 675 1523 at
713 1467 760 1523 si
789 1469 881 1540 qui
909 1471 1168 1527 resistere
1196 1471 1482 1541 auderent,
1531 1487 1626 1529 eos
1665 1473 1869 1544 injecto

266 1557 375 1629 igni
405 1574 662 1616 exurere.
706 1559 902 1617 Nullus
931 1551 1116 1632 pietati
1155 1563 1330 1621 locus.
1377 1565 1520 1635 Quin
1563 1565 1729 1622 etiam
1767 1581 1867 1623 vo-

265 1650 384 1706 lens
414 1650 660 1709 Herodes
704 1653 997 1724 plerosque
1042 1655 1257 1727 eripere
1307 1658 1448 1726 neci,
1481 1666 1644 1730 atque
1688 1659 1758 1714 ad
1789 1663 1868 1730 {se

263 1744 614 1816 confugiendi
663 1744 914 1806 fiduciam
962 1749 1118 1816 dare,
1163 1749 1364 1806 avertit
1415 1751 1632 1823 magis:
1686 1752 1758 1808 ita
1811 1760 1870 1808 ut

1986 545 2269 616 depositis,
2321 549 2572 607 balneum
2623 565 2767 610 esset
2821 557 3099 628 ingressus
3153 575 3261 618 uno
3301 545 3594 623 comitatus

1979 639 2220 710 servulo,
2252 655 2609 702 occurrerunt
2636 649 2686 704 ei
2720 657 2830 707 tres
2860 651 2963 708 viri
3008 654 3266 711 districtis
3318 662 3592 716 mucroni-

1980 729 2082 786 bus
2114 748 2126 786 :
2153 731 2351 790 deinde
2379 737 2584 808 plures,
2614 740 2706 811 qui
2737 741 3088 814 fugissentde
3123 747 3333 817 praelio,
3362 749 3586 807 latibula

1976 834 2307 895 quaerentes.
2341 828 2428 897 lii,
2457 831 2577 888 viso
2603 849 2753 906 rege,
2799 838 2999 894 turbati
3031 850 3180 898 metu
3211 846 3544 914 pertransire
3565 889 3580 913 ,

1975 923 2138 988 atque
2163 919 2232 975 ad
2251 921 2456 978 exitum
2480 924 2661 982 balnei
2682 927 3098 1001 festinaverunt,
3127 942 3186 990 ut
3206 946 3432 1006 possent
3454 954 3580 995 eva-

1975 1008 2127 1080 dere,
2157 1013 2246 1083 qui
2280 1024 2572 1086 potuerant
2601 1035 2791 1078 necem
2830 1025 2975 1095 regis
3008 1034 3225 1096 patrare
3267 1027 3580 1102 bellumque

1973 1102 2284 1164 absolvere.
2312 1109 2557 1182 Denique
2586 1128 2748 1171 nemo
2770 1115 2892 1185 fuit,
2928 1118 3020 1189 qui
3043 1118 3310 1191 fugientes
3338 1122 3586 1196 corripe-

1973 1203 2093 1252 ret:
2121 1198 2266 1256 unde
2309 1202 2608 1274 conjiciens
2660 1207 2924 1277 Herodes,
2957 1222 3156 1281 quanta
3189 1213 3434 1271 hostibus
3487 1215 3574 1273 for

1974 1288 2121 1346 mido
2163 1292 2404 1364 inesset,
2455 1297 2697 1356 incubuit
2742 1303 2971 1373 praelio,
3021 1313 3076 1361 et
3117 1305 3357 1378 Papputn
3407 1311 3583 1380 ipsum

1973 1381 2168 1439 ducem
2210 1387 2426 1443 adversi
2477 1393 2712 1462 agminis
2755 1394 3059 1464 interfecit,
3106 1409 3272 1470 atque
3313 1401 3430 1471 ejus
3483 1403 3582 1458 ab-

1970 1479 2148 1534 scindi
2171 1491 2334 1553 caput
2353 1481 2541 1554 jussit,
2563 1487 2711 1558 quod
2737 1488 2808 1545 ab
2829 1505 2895 1546 eo
2916 1489 3088 1548 frater
3114 1493 3374 1565 .losippus
3401 1499 3586 1569 regius

1973 1571 2340 1645 interemptus
2372 1575 2536 1635 foret.

2545 1669 2778 1730 CAPUT
2820 1675 3017 1734 XXXI.

2043 1757 2350 1829 Antigonus
2395 1762 2607 1820 interea
2640 1765 2817 1837 fugam
2863 1785 3026 1840 quam
3068 1783 3382 1842 paraverat,
3416 1776 3589 1832 distu-

263 1840 450 1896 uullus
465 1840 802 1899 voluntarius
827 1842 1026 1899 Herodi
1054 1844 1462 1917 adjungeretur;
1482 1856 1537 1903 et
1564 1848 1609 1904 si
1637 1848 1730 1920 qui
1746 1848 1862 1904 adi-
1891 1856 1941 1918 Β
1970 1847 2031 1904 lit
2065 1865 2078 1902 :
2111 1865 2275 1921 quem
2325 1864 2631 1913 morantem
2677 1857 2926 1916 Herodes
2965 1840 3304 1921 circumfuso
3336 1840 3586 1926 exercitu

261 1934 825 2006 gebantur',-mortem
873 1937 1196 2008 praeferrent
1240 1941 1568 2011 captivitati.
1626 1943 1868 2017 Denique

263 2043 400 2084 unus
436 2029 505 2085 de
533 2029 841 2087 senioribus
887 2032 975 2087 cui
1019 2041 1231 2104 septem
1272 2034 1366 2090 filii
1418 2050 1663 2107 uxorque
1709 2038 1868 2095 ades-

261 2129 406 2189 sent,
433 2137 669 2192 quorum
695 2123 852 2178 saluti
878 2125 1173 2182 consulere
1203 2135 1408 2199 posset,
1440 2143 1631 2185 omnes
1654 2146 1749 2187 eos
1772 2133 1865 2188 tali

262 2212 460 2269 occidit
487 2213 698 2271 modo:
752 2214 1007 2288 Singulos
1048 2233 1295 2288 quosque
1344 2222 1595 2293 progredi
1647 2222 1862 2294 iubens,

259 2307 378 2377 ipse
405 2308 461 2363 in
488 2308 738 2381 ingressu
759 2309 933 2379 stetit,
965 2321 1019 2367 et
1046 2313 1429 2383 procedentem
1457 2315 1524 2372 de
1544 2315 1674 2372 filiis
1697 2318 1866 2375 inter-

258 2398 497 2456 ficiebat.
547 2401 866 2474 Despiciens
904 2402 1153 2462 Herodes
1185 2415 1292 2462 tam
1345 2408 1502 2465 triste
1544 2409 1754 2468 facinus
1799 2427 1866 2469 ac

256 2493 604 2564 miserabile,
630 2505 855 2567 paterna
883 2500 1208 2569 perstrictus
1238 2503 1660 2575 necessitudine,
1705 2521 1864 2564 arce-

254 2586 346 2643 bat
368 2603 552 2657 manu,
583 2599 640 2646 et
662 2591 844 2648 verbis
866 2595 1114 2665 rogabat,
1156 2605 1215 2652 ut
1244 2609 1491 2668 parceret
1521 2600 1728 2670 liberis,
1761 2603 1866 2660 im-

255 2684 556 2747 punitatem
585 2683 892 2756 pollicens:
936 2698 990 2742 at
1018 2688 1108 2744 ille
1147 2688 1562 2764 haudquaquam
1605 2694 1734 2751 ullis
1775 2696 1862 2752 in-

254 2773 434 2832 ﬂexus
463 2777 707 2845 vocibus,
729 2788 892 2849 atque
921 2779 1144 2853 insuper
1164 2789 1276 2856 regi
1307 2787 1668 2857 conviciatus,
1699 2803 1864 2862 supra

255 2871 402 2928 filios
430 2875 593 2930 etiam
635 2890 858 2933 uxorem
889 2880 1122 2950 peremit
1157 2882 1511 2952 pratcipitatis
1539 2899 1606 2941 ex
1637 2885 1752 2942 alto
1775 2902 1864 2943 ca-

255 2965 551 3023 daveribus
582 2967 840 3038 ﬁliorum,
873 2972 942 3027 ad
970 2972 1220 3029 ultimum
1251 2977 1604 3047 semetipsum
1644 2979 1695 3034 in
1737 2995 1862 3050 pro-

254 3058 482 3117 fundum
511 3063 842 3134 prmcipitem
869 3063 1040 3121 dedit.
1073 3065 1406 3124 Perterritus
1427 3069 1512 3125 bis
1533 3071 1857 3142 Antigonus,

254 3154 400 3227 quod
458 3165 569 3211 tum
623 3154 780 3214 facile
824 3157 1072 3216 Herodes
1114 3159 1390 3218 latronum
1433 3162 1858 3233 multitudinem,

252 3246 610 3320 locorumque
628 3251 1004 3320 superavisset
1019 3250 1419 3324 difficultatem,
1442 3255 1613 3327 ipsius
1639 3258 1858 3328 quidem

254 3342 602 3414 praesentiam
634 3343 970 3402 declinavit:
1019 3345 1119 3404 sed
1160 3350 1429 3404 convertit
1471 3365 1533 3406 se
1581 3351 1649 3408 ad
1679 3352 1860 3410 Ptole-

252 3449 475 3502 maeum,
503 3451 662 3506 quem
691 3435 936 3494 Herodes
967 3439 1104 3508 parti
1136 3441 1409 3497 exercitus
1432 3442 1774 3515 praefecerat,
1807 3457 1862 3505 et

254 3527 338 3583 vir
365 3526 437 3584 ad
465 3526 606 3584 furta
637 3527 767 3586 belli
815 3530 1165 3601 peridoneus,
1217 3547 1315 3603 per
1359 3548 1454 3590 eos
1499 3536 1696 3607 quibus
1740 3552 1860 3595 mos

257 3628 386 3677 erat
435 3622 657 3679 turbare
702 3621 1010 3693 Galilaaam,
1059 3624 1358 3696 improviso
1409 3628 1615 3699 impetu
1682 3630 1862 3689 Ptole-

258 3725 455 3770 marum
495 3714 731 3786 iugulari
779 3716 1001 3789 coegit:
1049 3716 1330 3789 .Iosippum
1379 3737 1592 3792 quoque
1636 3722 1859 3780 fratrem

258 3808 511 3877 Herodis,
539 3824 798 3880 germano
819 3811 875 3866 in
904 3810 1026 3867 aliis
1053 3824 1315 3883 occupato
1341 3817 1605 3886 partibus,
1633 3818 1859 3891 impigre

259 3911 653 3973 repugnantem
679 3917 802 3959 cum
829 3903 1085 3960 militibus
1107 3903 1366 3961 Romanis
1387 3907 1478 3976 qtti
1502 3908 1554 3963 in
1577 3909 1860 3979 adjumen-

260 4003 371 4049 tum
425 3993 544 4065 ejus
577 4001 780 4050 temere
823 3993 1040 4050 collecti
1087 3995 1444 4066 advenerant,
1476 3997 1696 4055 delevit.
1745 3999 1859 4056 Nec

257 4095 410 4144 tanto
459 4095 749 4144 contentus
791 4087 1087 4159 triumpho,
1141 4088 1350 4146 addidit
1397 4089 1562 4147 etiam
1613 4092 1856 4149 victoriae

255 4198 476 4255 gravem
523 4182 579 4237 in
615 4181 926 4240 defunctum
956 4185 1363 4256 contumeliam,
1396 4196 1452 4243 ut
1496 4188 1737 4245 abscisso
1767 4205 1859 4245 ca-

255 4275 366 4347 pite
395 4274 831 4346 relinqueretur:
862 4291 960 4347 pro
985 4292 1093 4348 quo
1124 4277 1362 4335 Plterora
1401 4281 1567 4338 frater
1587 4284 1855 4353 perempti

254 4369 640 4440 quinquaginta
693 4369 890 4426 talenta
929 4369 1161 4438 obtulit,
1209 4387 1312 4428 nec
1358 4372 1688 4444 impetravit.
1738 4375 1855 4442 Qua

255 4461 482 4519 victoria
514 4476 702 4519 rursus
723 4463 776 4518 in
797 4461 1130 4535 Antigonum
1161 4465 1515 4536 plurimorum
1539 4468 1677 4524 intra
1703 4468 1854 4527 Gali-

254 4555 412 4613 laeam
442 4555 619 4612 studia
647 4571 906 4614 conversa
931 4567 1298 4631 renovataque
1324 4560 1452 4618 belli
1474 4563 1711 4634 negotia.
1741 4563 1854 4621 An-

252 4649 513 4706 tiochiam
560 4649 803 4706 Herodes
849 4650 1244 4720 contenderat,
1295 4653 1407 4710 illic
1460 4669 1676 4713 amreno
1718 4657 1852 4713 satis

254 4744 375 4802 loco
405 4759 565 4816 quem
600 4744 859 4817 Daphnen
885 4746 1154 4815 vocitant,
1193 4749 1588 4820 requiescebat.
1633 4751 1734 4808 Ubi
1760 4767 1852 4809 ac-

1969 1939 2219 2009 obsedit;
2251 1944 2612 2018 incubuitque
2656 1964 2720 2005 ea
2751 1962 2907 2022 parte
2955 1969 3077 2024 quae
3107 1967 3226 2010 erat
3267 1967 3395 2014 ante
3443 1968 3586 2016 tem-

1968 2031 2141 2100 plum,
2167 2025 2272 2104 qua
2305 2047 2462 2106 parte
2501 2040 2669 2094 etiam
2702 2040 2993 2112 Pompeius
3026 2061 3246 2102 murum
3279 2048 3577 2120 irruperat.

1968 2121 2141 2180 Tanta
2197 2137 2381 2184 autem
2435 2130 2550 2200 jam
2610 2134 2859 2191 victoriae
2914 2138 3029 2209 regi
3089 2143 3476 2212 przesumptio,
3527 2151 3587 2201 ut

1967 2216 2133 2273 etiam
2198 2220 2488 2280 obsidione
2533 2234 2716 2296 cmpta
2769 2229 2838 2284 ad
2907 2230 3288 2302 accipiendam
3355 2251 3582 2294 uxorem

1967 2309 2266 2369 Alexandri
2316 2313 2483 2372 filiam
2543 2317 2882 2390 deflecteret,
2941 2324 3244 2396 hymenreis
3290 2327 3583 2386 classicum

1967 2413 2210 2474 mutans,
2263 2417 2320 2464 et
2369 2412 2586 2481 nuptias
2647 2413 2794 2470 bello
2827 2416 3252 2488 intermiscens;
3305 2429 3471 2493 atque
3516 2439 3584 2481 ex

1966 2500 2260 2556 occasione
2302 2502 2474 2571 prmlii
2501 2505 2908 2578 conjunctionis
2952 2515 3415 2581 opportunitatem
3448 2518 3585 2574 ade-

1966 2597 2170 2660 ptus,-a
2191 2589 2350 2647 festis
2370 2593 2440 2649 ad
2461 2595 2664 2652 bellum
2688 2601 3008 2657 revertitur.
3033 2601 3286 2660 Occurrit
3309 2613 3366 2661 et
3391 2609 3584 2668 Sosius

1967 2682 2170 2739 missus
2197 2685 2266 2741 ab
2295 2685 2534 2743 Antonio
2563 2689 2620 2746 in
2654 2691 3031 2762 adjumentum
3063 2697 3272 2768 regium
3299 2717 3310 2752 :
3346 2701 3420 2755 ita
3445 2715 3583 2758 con-

1960 2773 2167 2845 junCtis
2195 2777 2428 2846 viribus,
2462 2795 2588 2836 cum
2623 2797 2724 2839 usu
2765 2785 2896 2842 belli
2926 2800 2984 2843 et
3020 2788 3313 2860 disciplina
3360 2793 3583 2851 militari

1966 2865 2198 2924 Romani
2239 2880 2586 2943 praestarent,
2620 2884 2677 2932 et
2704 2881 2820 2950 regi
2854 2881 3038 2938 studio
3079 2883 3328 2954 placendi
3376 2888 3580 2946 innite-

1966 2972 2182 3033 rentur,
2212 2965 2302 3020 vix
2336 2967 2529 3038 quinto
2555 2984 2746 3029 mense
2777 2974 2915 3032 facta
2949 2977 3205 3049 irruptio,
3252 2979 3581 3040 llerodlanis

1965 3072 2180 3116 murum
2217 3064 2518 3122 ascendere
2550 3067 2716 3123 ansis.
2762 3066 3107 3127 irruentibus
3151 3083 3335 3131 autem
3375 3075 3578 3132 Roma-

1966 3166 2160 3209 norum
2211 3159 2626 3226 centurionibus
2659 3163 2955 3232 oppidum,
3005 3165 3365 3225 innumeratae
3419 3165 3618 3227 factte'

1964 3247 2164 3315 caedes.
2198 3261 2403 3309 vastata
2435 3256 2581 3310 circa
2613 3256 2878 3328 templum
2918 3261 3124 3316 omnia.
3160 3264 3264 3319 Alii
3300 3263 3606 3338 fugientes.

1965 3337 2033 3393 ad
2069 3341 2351 3410 templum,
2397 3343 2495 3400 alii
2535 3348 2857 3419 congregati
2888 3349 3028 3405 intra
3056 3350 3253 3410 domos
3285 3337 3584 3416 obtrunca-

1962 3429 2203 3488 bantur:
2237 3435 2381 3492 nulla
2431 3439 2717 3497 miseratio
2765 3445 3092 3511 senectutis,
3133 3447 3286 3503 nulla
3335 3450 3580 3511 infantiae

1961 3531 2057 3579 aut
2093 3526 2379 3584 muliebris
2409 3529 2766 3590 infirmitatis.
2817 3534 3030 3594 Obtulit
3057 3553 3118 3594 se
3146 3540 3486 3614 Antigonus,
3519 3557 3577 3605 et

1961 3617 2251 3676 immemor
2298 3622 2447 3691 loci,
2499 3625 2703 3697 dejecit
2750 3643 2810 3685 se
2839 3631 2907 3687 ad
2938 3632 3112 3703 pedes
3162 3635 3328 3693 Sosii.
3363 3640 3433 3696 At
3481 3640 3577 3698 ille

1959 3725 2120 3781 quem
2147 3722 2296 3770 tanta
2325 3731 2509 3772 rerum
2537 3722 2832 3778 conversio
2863 3723 3164 3784 admonere
3192 3728 3384 3786 debuit
3408 3732 3577 3802 mise-

1959 3808 2236 3877 ricordiae,
2269 3813 2612 3869 conviciatus
2634 3816 2911 3887 jacentem
2950 3819 3286 3894 Antigonum
3335 3828 3572 3898 vocavit,

1959 3915 2061 3957 nec
2090 3911 2269 3959 tamen
2317 3905 2475 3976 quasi
2504 3909 2724 3966 mulieri
2778 3918 3044 3983 pepercit,
3082 3917 3182 3973 sed
3229 3919 3470 3977 vinctum
3517 3923 3572 3978 in

1958 4011 2238 4056 carcerem
2261 4000 2514 4058 detrusit.
2549 4005 2840 4063 Fluctuare
2871 4008 3139 4078 Herodes,
3169 4014 3445 4082 quomodo
3467 4015 3579 4072 Ro-

1959 4106 2242 4148 manorum
2288 4095 2540 4151 manibus
2569 4098 2812 4168 eriperet
2842 4101 3094 4170 patriam,
3125 4105 3401 4174 quomodo
3429 4114 3570 4163 tem-

1954 4186 2101 4255 plum
2133 4189 2474 4259 agentilibus
2504 4192 2976 4263 incoinquinatum
3019 4209 3353 4255 reservaret.
3389 4199 3571 4257 Festi-

1957 4278 2162 4335 nabant
2190 4283 2334 4338 enim
2370 4283 2602 4340 Romani
2651 4295 2904 4358 spectare
2954 4290 3211 4362 mysteria
3260 4290 3566 4364 interiora,

1956 4372 2248 4443 profanare
2281 4385 2469 4433 sancta
2501 4388 2836 4436 sanctorum.
2868 4381 2980 4438 Rex
3028 4399 3160 4439 vero
3189 4400 3333 4440 nunc
3375 4402 3564 4457 prece,

1955 4480 2100 4522 nunc
2127 4466 2290 4523 minis
2316 4484 2600 4528 removere
2630 4473 2899 4544 singulos,
2950 4474 3074 4544 fuga
3124 4473 3453 4534 deteriorem
3483 4493 3569 4534 ar-

1954 4557 2187 4614 bitratur
2207 4561 2513 4631 victoriam,
2544 4567 2588 4619 si
2614 4565 2744 4635 quid
2769 4576 3241 4623 sacramentorum
3266 4568 3572 4641 divulgare-

1957 4667 2064 4714 tur.
2089 4657 2297 4716 Instare
2321 4660 2389 4716 ad
2436 4661 2676 4732 praedam
2725 4663 2978 4734 Romani,
3018 4665 3263 4722 Herodes
3292 4668 3571 4736 resistere,

1955 4765 2024 4806 ne
2053 4765 2276 4808 vacuam
2307 4754 2411 4810 sibi
2449 4756 2637 4812 urbem
2661 4755 3068 4828 relinquerent,
3097 4775 3434 4832 regnumque
3465 4762 3572 4820 sibi

1951 4856 2244 4914 superesse
2281 4844 2508 4902 deserti.
2546 4846 2736 4904 Sosius
2783 4861 2973 4906 contra
3007 4861 3179 4922 captae
3224 4852 3381 4909 urbis
3427 4869 3567 4925 pra:-

251 4931 495 5002 passioni
533 4945 822 4990 maerorem
853 4932 1095 5001 distulit,
1140 4935 1436 4992 vindictam
1477 4938 1702 5009 paravit.
1734 4939 1850 4997 Non
1953 4934 2079 4989 dam
2112 4933 2376 4992 militibus
2406 4936 2594 4994 deberi
2625 4939 2931 4995 asserebat.
2974 4940 3084 4997 Sed
3115 4956 3215 4998 rex
3244 4942 3313 4998 de
3351 4946 3575 5016 proprio

254 5022 378 5079 tulit
411 5023 714 5095 Antigonus
744 5025 1013 5082 furentem
1044 5025 1252 5093 dolore,
1287 5029 1383 5086 sed
1423 5030 1566 5087 intra
1597 5033 1847 5088 munitio.
1957 5030 2258 5100 spopondit
2311 5032 2472 5088 militi
2501 5048 2561 5090 se
2596 5037 2889 5106 pecuniam
2939 5036 3194 5092 daturum
3228 5055 3240 5091 :
3290 5046 3454 5110 atque
3500 5041 3575 5096 ita

253 5133 354 5174 nes
383 5133 507 5174 sese
549 5119 812 5176 recondit.
843 5119 1040 5190 Irrupit
1063 5121 1325 5190 Heredes,
1356 5133 1416 5180 ut
1439 5135 1857 5197 persequeretur
1957 5121 2231 5194 reliquum
2263 5125 2454 5194 patria:
2479 5127 2622 5198 quod
2653 5138 3010 5197 remanserat,
3041 5131 3268 5200 pecunia
3298 5133 3568 5190 redemit:

254 5213 390 5269 tanti
420 5213 680 5269 facinoris
705 5221 977 5280 auctores,
1011 5223 1068 5270 et
1106 5213 1266 5272 facile
1293 5219 1632 5274 occurrentia
1662 5220 1863 5275 avertit
1963 5225 2022 5271 ttt
2052 5219 2373 5288 promissum
2414 5221 2684 5293 impleret,
2728 5223 3120 5281 humanissime
3147 5227 3350 5282 milites
3388 5243 3576 5285 susce-

253 5307 492 5378 agmina.
518 5307 651 5363 Erat
692 5306 986 5370 multorum
1016 5324 1122 5365 nex
1152 5309 1409 5380 plurima,
1441 5311 1736 5369 obstructa:
1759 5314 1861 5371 via:
1962 5311 2064 5382 pit,
2096 5313 2496 5371 rationabiliter
2525 5315 2717 5385 duces,
2753 5318 2931 5388 ipsum
2961 5335 3177 5392 quoque
3207 5320 3358 5392 regia
3385 5320 3582 5375 liberae

251 5399 550 5471 iacentium
591 5400 972 5466 cadaveribus.
1006 5412 1063 5458 ut
1088 5402 1280 5460 itinera
1307 5405 1420 5476 ipsa
1455 5421 1860 5478 peremptorum
1960 5405 2113 5464 litate
2141 5406 2358 5465 Sosium
2389 5421 2770 5469 remuneratus
2806 5422 2895 5470 est
2927 5431 2942 5468 :
2986 5429 3148 5471 nemo
3193 5415 3441 5486 ingratus
3487 5429 3577 5470 re-

257 5494 538 5552 funeribus
563 5495 928 5567 replerentur.
959 5496 1244 5554 Peractum
1275 5507 1422 5556 esset
1449 5501 1720 5572 praelium,
1745 5517 1864 5559 om-
1964 5500 2152 5558 cessit.
2189 5502 2379 5560 Sosius
2420 5519 2681 5571 coronam
2709 5505 2824 5563 Deo
2860 5506 3080 5574 obtulit,
3102 5515 3156 5563 et
3181 5505 3462 5578 profectus
3490 5521 3580 5563 se-

256 5588 418 5647 nibus
449 5589 570 5661 fuga
601 5591 794 5658 versis,
825 5591 868 5646 si
911 5591 1154 5648 Herodes
1207 5592 1634 5675 Hierosolymam
1685 5599 1861 5669 proti-
1965 5609 2086 5654 cum
2137 5597 2360 5655 abduxit
2411 5599 2743 5673 Antigonum
2785 5600 2852 5657 ad
2898 5600 3220 5668 Antonium,
3267 5615 3430 5671 quem
3485 5601 3578 5658 ille

258 5699 362 5741 nus
383 5683 722 5756 dirigendum
753 5689 857 5742 iter
883 5685 1282 5744 :rstimavissct.
1313 5689 1604 5762 Abjecerat
1635 5693 1862 5766 Antigo—
1968 5693 2122 5763 quasi
2154 5693 2440 5766 degeneris
2469 5694 2636 5752 animi
2670 5695 2875 5762 virum,
2906 5695 3083 5751 securi
3113 5695 3408 5765 percussit.

260 5792 365 5835 nus
395 5777 599 5846 hastas,
632 5778 880 5836 ultimum
911 5780 1239 5852 supplicium
1270 5784 1683 5854 pertimescens.
1723 5784 1865 5844 Con-
2514 5789 2748 5847 CAPUT
2801 5788 3023 5845 XXXII.

268 5871 370 5929 fusi
394 5886 585 5930 omnes
609 5881 780 5942 metu,
823 5870 962 5930 adeo
986 5881 1046 5930 ut
1073 5888 1196 5932 cum
1237 5875 1533 5949 asperitate
1557 5875 1754 5937 hiemis
1779 5894 1868 5938 re-
2048 5878 2294 5939 llerodes
2337 5889 2520 5940 autem
2562 5882 2796 5956 plurima
2829 5882 2991 5938 etiam
3023 5882 3137 5938 suis
3169 5881 3428 5956 largitus,
3461 5880 3584 5954 plu-

801 5962 1081 6031 Ρηιοι.
1141 5966 1283 6032 XV.

3012 5973 3092 6034 26

250 4847 414 4908 cepto
446 4838 689 4909 germani
718 4839 870 4894 necis
911 4841 1132 4906 nuntio,
1165 4840 1440 4913 paulisper
1488 4843 1851 4916 ingemiscens
