4112 6350
528 249 670 334 ςθθξ

1873 241 2117 320 SANCTI
2153 237 2478 324 AMBROSH

3682 248 3809 316 ’Μ

523 371 658 424 rima
689 365 931 424 Antonio
955 364 1253 435 amicisque
1281 363 1398 433 ejus
1425 361 1569 418 dona
1597 361 1784 427 dedit;
1813 377 1915 416 nec
1942 371 2120 417 tamen
2150 369 2203 429 Α
2228 363 2341 433 ipsa
2370 362 2646 418 desereret
2671 360 3014 417 necessitate.
3045 360 3292 432 Denique
3316 361 3637 424 destitutum
3667 380 3809 422 excr-

524 463 796 518 redimere
846 461 914 515 ab
959 461 1200 516 Antonio
1249 456 1423 528 potuit
1470 447 1821 512 securitatem
1866 457 1969 511 sui.
2012 455 2131 510 Jam

523 555 666 611 enim
696 554 962 609 Antonius
984 551 1291 621 Cleopatra:
1314 550 1484 606 amori
1507 550 1857 604 defeneratus
1882 549 2137 603 inservie-

528 647 654 705 bat:
687 657 850 718 alque
876 644 1126 699 addictus
1148 684 1162 709 ,
1209 643 1328 712 ejus
1376 641 1585 713 libidini
1623 641 2006 706 famulabatur,
2038 637 2137 711 sed

531 741 750 794 vincere
778 753 885 793 non
920 748 1131 807 poterat
1162 736 1430 798 femineas
1459 735 1782 810 aviditates,
1820 743 1874 788 et
1902 733 2138 788 maxime

529 835 842 887 exercitata:
879 829 1120 884 mulieris
1153 829 1206 883 in
1239 828 1480 902 credibus
1511 827 1981 908 propinquorum,
2018 826 2137 895 qui-

535 930 636 984 bus
666 925 986 987 exstinctis,
1040 923 1442 993 possessionem
1491 936 1680 974 eorum
1725 919 1880 990 quasi
1905 917 2138 990 spolium

533 1022 647 1077 suis
674 1021 929 1091 junxerat
958 1035 972 1072 :
1005 1017 1198 1073 eadem
1239 1016 1467 1070 avaritia
1500 1014 1660 1067 simul
1695 1023 1748 1066 et
1777 1011 2098 1068 crudelitate
2123 1050 2139 1078 ,

535 1115 580 1171 si
612 1129 748 1185 quos
781 1113 848 1166 de
881 1112 1033 1184 Syria
1080 1110 1469 1180 locupletiores
1513 1109 1652 1182 fama
1695 1114 2016 1177 acceperat,
2062 1104 2143 1160 in-

536 1208 877 1265 terliciebat:
908 1216 1068 1276 atque
1097 1205 1318 1260 addicto
1345 1204 1457 1274 jam
1490 1203 1556 1257 ad
1585 1217 1712 1257 suas
1746 1200 1997 1256 libidines
2031 1203 2138 1254 An-

539 1301 689 1356 tonio
712 1342 727 1367 ,
759 1315 984 1370 regnum
1015 1314 1230 1368 quoque
1259 1295 1460 1352 ludicre
1492 1305 1545 1350 et
1588 1295 1802 1350 Arabia:
1850 1291 2141 1356 exstinctis

539 1394 754 1464 utrique
784 1392 932 1463 genti
964 1391 1436 1467 imperitantibus,
1481 1389 1727 1443 avariliie
1765 1403 1880 1442 sua:
1919 1386 2144 1456 adiungi

539 1501 701 1558 posse
750 1483 1136 1541 arbitrabatur.
1192 1483 1300 1538 Sed
1351 1484 1596 1552 quamvis
1646 1481 1870 1535 libidine
1916 1480 2141 1544 ebrius,

540 1595 736 1634 somno
777 1578 994 1650 gravis,
1039 1578 1090 1632 in
1139 1577 1239 1640 hac
1282 1587 1461 1650 latnep
1505 1584 1659 1648 parte
1703 1576 1930 1644 resipnit
1972 1574 2146 1628 Anto-

543 1676 700 1752 nius,
733 1685 789 1727 ut
820 1674 952 1727 tales
986 1673 1130 1727 viros
1159 1681 1213 1726 et
1246 1669 1652 1740 potentissimos
1684 1685 1841 1740 reges
1865 1710 1880 1734 ,
1917 1683 2013 1740 pro
2046 1668 2147 1722 im-

2236 455 2400 507 citum
2434 453 2552 521 ejus
2585 451 2638 506 in
2682 452 2816 507 locis
2855 452 3064 508 saxosis
3093 462 3256 525 atque
3286 455 3444 516 inviis
3483 455 3660 512 adorsi
3687 457 3811 514 Ara-

2239 547 2331 601 bes
2353 589 2366 612 ,
2397 546 2543 617 gravi
2576 545 2726 601 crede
2748 555 3000 601 sternunt
3026 547 3366 617 funduntque
3384 591 3398 616 ,
3429 557 3486 604 et
3512 550 3714 619 fugatos
3735 567 3810 608 us-

2237 655 2342 712 que
2373 640 2437 694 ad
2473 639 2683 711 refugio
2713 639 2887 698 secuti
2919 641 3084 696 exitio
3113 641 3314 698 dedere
3345 661 3357 696 :
3391 642 3563 706 adfuit
3592 643 3815 702 Herodes

2240 732 2416 788 serius
2461 732 2680 799 quidem
2725 748 2887 804 quam
2936 734 3235 790 necessitas
3277 736 3691 806 expostulabat;
3729 737 3816 793 sed

2243 837 2423 884 tamen
2477 827 2623 886 ultus
2670 843 3011 896 rerumnam,
3063 830 3463 897 posterioribus
3513 832 3708 899 prteliis
3753 833 3816 890 ita

2241 918 2453 986 Arabas
2485 918 2714 986 afflixit,
2746 930 2804 974 ut
2836 936 2996 974 unam
3042 920 3189 978 illaut
3229 921 3509 986 uictoriam
3549 939 3698 982 suam
3726 939 3819 980 sa:-

2245 1010 2364 1079 pius
2395 1010 2772 1084 deplorarent.
2815 1012 3029 1072 Accidit
3066 1015 3228 1073 etiam
3270 1027 3417 1070 motu
3460 1027 3621 1076 terrae
3657 1019 3822 1087 gravis

2241 1104 2552 1179 animorum
2584 1105 2838 1176 defectio,
2872 1123 2980 1177 qtto
3013 1124 3268 1176 pecorum
3305 1110 3593 1179 plurimum
3617 1152 3631 1175 ,
3665 1111 3823 1166 homi-

2245 1213 2370 1256 num
2418 1213 2634 1272 quoque
2683 1199 2904 1270 triginta
2950 1198 3066 1272 fere
3118 1201 3285 1268 millia
3332 1211 3649 1272 consumpta
3687 1213 3819 1259 sunt.

2244 1290 2498 1352 Militaris
2533 1301 2712 1366 tamen
2745 1294 2925 1354 omnis
2956 1311 3149 1352 manus
3170 1338 3183 1360 ,
3214 1313 3282 1352 eo
3312 1299 3457 1368 quod
3487 1298 3591 1355 sub
3627 1299 3712 1354 dio
3741 1299 3825 1353 lia-

2249 1384 2455 1440 bitabat
2477 1428 2491 1453 ,
2527 1388 2816 1445 incolumis
2845 1391 3238 1459 perseveravit.
3274 1391 3407 1448 llinc
3435 1406 3648 1462 quoque
3674 1393 3826 1449 erecti

2248 1480 2413 1536 animi
2447 1480 2718 1549 hostium,
2750 1491 2809 1536 ut
2847 1484 3248 1556 arbitrarentur.
3275 1485 3420 1555 quod
3447 1485 3713 1543 desertam
3743 1485 3826 1541 Ju-

2248 1574 2418 1630 dzeatn
2461 1574 2674 1630 facilius
2715 1575 3068 1642 invaderent,
3101 1587 3156 1632 et
3185 1579 3469 1648 perculsos
3497 1580 3689 1634 talibus
3719 1595 3828 1649 pro-

2248 1669 2408 1738 digiis
2437 1670 2766 1741 alﬂigerent.
2798 1670 2953 1736 Unde
2979 1687 3076 1729 eos
3106 1673 3349 1733 Herodes
3377 1673 3447 1730 ad
3473 1673 3828 1744 defensionem

541 1767 693 1837 perio
751 1765 1202 1845 petulaptissima:
1252 1763 1500 1818 mulieris
1553 1763 1906 1836 exstinguere
1961 1761 2144 1818 detre—
2172 1756 2220 1832 Β
2249 1762 2331 1820 sui
2361 1764 2652 1835 erigendos
2681 1767 2928 1838 putavit,
2962 1777 3014 1820 et
3055 1768 3289 1828 maxime
3319 1769 3447 1837 quia
3477 1769 3681 1838 legatos
3708 1783 3829 1838 quos

542 1867 736 1940 ctaret.
755 1843 1058 1936 ‘Tamenne
1084 1861 1356 1913 immunes
1378 1857 1700 1920 dimitteret,
1725 1856 1928 1912 amicos
1954 1870 2144 1918 eorum

546 1955 821 2032 perculit;
863 1953 1228 2028 possessionis
1279 1951 1572 2028 maximam
1623 1962 1831 2028 partem
1905 1949 2146 2018 ademit,

2251 1859 2306 1912 in
2343 1859 2602 1914 Arabiam
2643 1864 2905 1928 miserat,
2948 1873 3172 1924 necatos
3207 1862 3335 1924 dolo
3371 1875 3704 1932 compertum
3743 1862 3826 1918 ha-

2252 1951 2433 2020 bebat.
2478 1951 2592 2020 Hoc
2628 1968 2760 2023 ergo
2801 1952 3142 2024 trepidantes
3180 1970 3442 2012 sermone
3479 1956 3704 2012 adorsus
3735 1963 3825 2009 est.

547 2063 778 2118 eamque
817 2047 1092 2120 praecipue
1135 2061 1255 2114 quae
1293 2045 1596 2116 balsamum
1638 2045 1925 2120 gigneret:
1955 2044 2152 2100 urbes-

547 2158 653 2214 que
694 2157 884 2196 omnes
928 2141 1071 2195 intra
1116 2139 1470 2216 Eleutherum
1515 2125 1727 2202 auinam
1770 2137 1941 2214 sitas,
1985 2136 2152 2208 Tyrio

551 2247 730 2292 tamen
790 2244 844 2290 et
900 2233 1104 2290 Sidone
1160 2233 1448 2304 exceptis,
1510 2230 1814 2302 Cleopatra:
1870 2229 2155 2304 cupiditati

551 2329 899 2401 adjudicavit.
928 2327 1060 2396 Qua:
1090 2327 1180 2380 tali
1209 2303 1463 2380 mercede
1492 2341 1520 2379 a
1550 2326 1665 2396 viro
1692 2323 1917 2398 delinita
1937 2365 1950 2389 ,
1985 2337 2156 2392 usque

552 2423 620 2478 ad
661 2421 997 2492 Euphratem
1044 2429 1328 2489 prosecuta
1371 2417 1807 2490 proficiscentem
1841 2418 1892 2478 in
1925 2417 2157 2486 Parthos

551 2516 845 2588 Antonium
869 2555 884 2580 ,
914 2526 1012 2582 per
1041 2512 1284 2588 Judieani
1317 2514 1576 2578 revertit,
1611 2513 1702 2586 ubi
1731 2509 1891 2566 donis
1920 2511 2160 2566 muneri-

553 2609 758 2686 busque
789 2607 1038 2680 maximis
1070 2605 1367 2661 conciliare
1398 2607 1502 2660 sibi
1536 2606 1738 2682 regium
1769 2604 2010 2678 animum
2055 2605 2160 2660 lle-

551 2701 714 2757 rodes
746 2716 853 2754 non
885 2699 1259 2770 praetermisit.
1303 2697 1398 2752 Cui
1444 2697 1696 2768 secunda:
1729 2711 1816 2752 res
1846 2697 2158 2766 superbiam

556 2793 858 2868 augebant,
911 2799 967 2845 ut
1018 2790 1303 2845 muliebris
1351 2790 1671 2868 impotentia
1725 2805 1888 2859 supra
1938 2790 2161 2852 modum

556 2863 678 2940 sese
703 2883 1018 2959 extolleret.
1052 2879 1334 2957 Siquidem
1364 2895 1471 2935 non
1502 2863 1672 2960 multo
1701 2892 1822 2950 pOSl
1852 2881 1898 2936 ei
1931 2880 2162 2952 Partho-

559 2994 678 3032 rum
709 2993 802 3033 rex
827 2975 1150 3039 Artabazes,
1175 2973 1432 3046 Tigranis
1462 2973 1827 3050 potentissimi
1857 2972 1998 3044 regis
2026 2973 2166 3048 filius
2268 2986 2389 3040 rent
2416 3019 2430 3041 ,
2463 2977 2558 3040 sed
2591 2988 2648 3046 ut
2678 2989 2923 3036 nostram
2954 2980 3238 3052 differrent
3270 2985 3577 3041 victoriam.
3620 2987 3716 3041 Pro
3740 2985 3842 3055 qui-

557 3069 702 3125 dono
744 3077 828 3124 est
865 3067 1044 3122 datus.
1089 3066 1263 3132 Quem
1305 3065 1574 3120 Antonius
1614 3065 1889 3136 captivum
1934 3074 2163 3130 tenens,
2271 3071 2376 3140 bus
2421 3086 2542 3125 cum
2584 3073 2866 3144 confidere
2903 3086 3224 3144 oporteret,
3263 3080 3562 3150 exagitatio
3609 3076 3844 3135 successit

563 3164 648 3218 elti
679 3163 829 3246 omni
872 3160 1052 3230 praeda
1092 3169 1145 3214 et
1187 3159 1377 3228 spoliis
1418 3159 1653 3234 Persicis
1699 3160 1974 3230 triumpho
2013 3160 2167 3215 debi-
2195 3158 2240 3221 C
2274 3165 2428 3238 quasi
2477 3165 2836 3238 formidabilis
2885 3167 3047 3238 belli,
3099 3171 3222 3238 quia
3263 3178 3412 3234 terra
3454 3172 3698 3237 tremuit,
3737 3185 3841 3226 cum

567 3268 714 3319 tum,
745 3253 902 3332 quasi
931 3255 1039 3311 vile
1069 3254 1396 3324 mancipium
1432 3254 1644 3308 mulieri
1685 3253 1930 3310 addixit:
1961 3264 2021 3312 ut
2062 3270 2168 3323 quo
2273 3256 2372 3310 soli
2397 3257 2616 3326 innocui
2644 3258 2847 3330 fuerint
2877 3260 3002 3330 quia
3031 3263 3220 3334 praelia
3249 3275 3524 3334 gererent.
3549 3267 3650 3321 Aut
3670 3265 3711 3320 si
3734 3279 3843 3319 con-

517 3350 826 3406 ‘illustrior
872 3351 1046 3404 fuerat
1087 3349 1315 3403 victoria
1342 3390 1355 3414 ,
1386 3364 1451 3403 eo
1490 3349 1699 3424 turpior
1735 3362 1878 3403 esset
1917 3348 2130 3419 largitio
2155 3389 2168 3413 ,
2273 3349 2521 3422 sitlerare
2577 3351 2812 3418 velimus
2861 3354 3058 3426 quibus
3108 3356 3390 3424 olfecerit,
3444 3359 3646 3416 Arabes
3692 3360 3844 3429 potius

566 3457 689 3510 qum
721 3456 900 3510 regem
934 3448 1086 3493 tanto
1117 3439 1355 3494 ludibrio
1387 3439 1798 3494 dehonestaret.
1840 3439 1952 3496 Nec
1992 3449 2171 3502 tamen
2275 3444 2708 3514 aestimabimus,
2757 3462 2891 3516 quos
2935 3448 2988 3503 in
3038 3449 3238 3506 bellum
3284 3452 3540 3522 reduxit,
3584 3468 3650 3508 ne
3684 3468 3738 3508 se
3777 3451 3844 3505 fu-

570 3537 770 3592 diutius
795 3536 995 3605 potitus
1022 3533 1298 3599 secundis,
1329 3533 1418 3603 qtti
1450 3533 1524 3586 illi
1554 3534 1661 3587 illis
1689 3533 1998 3602 nesciebat,
2028 3533 2174 3588 inso-
2276 3537 2471 3607 giendo
2515 3539 2905 3612 subtraherent
2955 3541 3290 3600 fortioribus.
3339 3545 3515 3606 Video,
3555 3547 3692 3604 enim
3739 3544 3844 3598 illos

570 3630 736 3684 lentia
767 3628 1015 3682 muliebri
1043 3626 1347 3697 Augustum
1378 3626 1426 3678 in
1457 3640 1515 3680 se
1543 3625 1820 3680 excitavit.
1848 3625 2034 3696 Itaque
2064 3627 2175 3684 bel-
2279 3645 2384 3684 non
2414 3632 2585 3692 armis
2614 3641 2705 3686 aut
2735 3634 2938 3702 viribus
2967 3635 3166 3703 fretos,
3195 3637 3290 3710 sed
3321 3640 3538 3706 pecoris
3565 3639 3730 3696 nostri
3754 3638 3844 3693 dis-

571 3725 680 3780 lum
721 3724 998 3779 Actiacum
1045 3721 1252 3791 magnis
1279 3721 1546 3814 utrinque
1587 3721 1876 3798 parabatur
1916 3720 2174 3794 motibus.
2280 3723 2476 3792 pendio
2506 3724 2556 3780 in
2588 3724 2762 3784 aciem
2788 3743 3084 3786 remeasse.
3114 3707 3341 3801 Fragilis
3369 3745 3546 3794 autem
3573 3707 3721 3804 spes,
3743 3748 3846 3803 qua:

573 3817 982 3889 Promptissime
1000 3832 1090 3871 rex
1108 3831 1229 3870 cum
1259 3813 1500 3870 Antonio
1527 3813 2015 3886 gesticbatbellum
2043 3815 2174 3870 sub-
2281 3831 2389 3870 non
2424 3833 2488 3874 ex
2524 3818 2762 3898 propria:
2798 3821 3017 3890 virtutis
3049 3822 3244 3884 fiducia
3269 3866 3282 3888 ,
3316 3827 3420 3884 sed
3447 3843 3513 3884 ex
3545 3827 3708 3884 aliena
3737 3842 3846 3896 pen-

567 3915 677 3977 ire,
722 3912 845 4004 quia
887 3921 938 3964 et
979 3909 1168 3964 Judaaa
1218 3907 1284 3961 ab
1329 3907 1511 3961 hostili
1558 3906 1792 3965 tumultu
1826 3907 2088 3972 vacabat,
2122 3915 2178 3962 et
2281 3909 2372 3966 det
2405 3911 2618 3965 miseria
2650 3931 2658 3962 ;
2687 3928 2809 3966 cum
2837 3914 2889 3970 in
2914 3916 3078 3976 terris
3107 3916 3237 3972 nihil
3268 3926 3376 3974 tam
3411 3921 3680 3988 mutabile,
3708 3932 3845 3989 quam

574 3999 899 4076 Hyrcaniam
932 4019 958 4055 a
991 4017 1181 4056 sorore
1215 4001 1470 4071 Antigoni
1503 3999 1599 4054 diu
1641 4009 1906 4074 retentam
1951 4015 2176 4069 recepe-
2283 4004 2366 4068 vel
2395 4004 2646 4072 secundm
2676 4021 2762 4076 rus
2791 4009 2878 4062 vel
2901 4009 3169 4075 advel-33;,
3204 4013 3430 4084 Exiguis
3460 4016 3602 4072 enim
3633 4029 3846 4069 momen.

579 4107 681 4153 rat.
730 4095 836 4152 Sed
885 4095 939 4148 in
978 4093 1083 4148 hoc
1119 4108 1336 4163 quoque
1375 4090 1619 4146 llerodes
1661 4089 2013 4145 beatissimus
2036 4133 2050 4157 ,
2091 4090 2180 4145 cui
2283 4099 2353 4172 tis
2385 4107 2560 4154 status
2592 4116 2774 4172 rerum
2809 4101 3165 4170 humanarum
3199 4117 3489 4167 ηογειηιιω,
3519 4109 3626 4164 Nec
3655 4121 3846 4178 prospe-

581 4190 812 4244 invisum
852 4199 935 4255 est
977 4187 1236 4257 periculis
1281 4187 1473 4241 alienis
1516 4201 1637 4242 sese
1685 4186 1933 4240 miscere.
1981 4184 2158 4238 Volen:

2284 4192 2420 4248 ritas
2449 4193 2705 4275 diuturna
2727 4237 2740 4260 ,
2773 4212 2872 4252 nec
2897 4214 3138 4264 trrumna
3164 4210 3250 4256 est
3275 4205 3547 4274 pertinax.
3573 4205 3742 4275 Itaque
3763 4215 3846 4256 nec

586 4285 763 4353 itaque
808 4283 1094 4350 Cleopatra
1144 4279 1383 4333 alienare
1429 4278 1664 4331 animum
1722 4277 1840 4345 ejus
1887 4292 1914 4329 a
1963 4276 2180 4348 regibus
2286 4287 2552 4362 miserum
2587 4303 2710 4358 esse
2740 4305 2839 4354 nec
2880 4300 3098 4366 contra,
3148 4304 3471 4366 perpetuum
3511 4307 3628 4364 es”
3665 4296 3749 4356 sed
3774 4293 3844 4348 at.

581 4387 743 4448 atque
789 4385 1073 4448 avertere,
1123 4371 1314 4426 suadet
1362 4372 1513 4445 viro,
1566 4379 1623 4423 ut
1669 4367 1868 4423 bellum
1919 4369 2181 4438 adversus
2286 4385 2456 4434 terna:
2496 4379 2832 4454 frequenter,
2873 4395 2929 4439 et
2966 4385 3020 4440 in
3060 4386 3252 4449 iisdem
3286 4393 3453 4447 “mm
3491 4392 3633 4447 vices
3667 4402 3842 4444 rerum.

579 4475 787 4531 Arabas
825 4477 1060 4556 gereret
1112 4465 1356 4522 llerodes
1391 4482 1405 4520 :
1453 4479 1562 4554 quo
1613 4465 1655 4517 si
1707 4465 1958 4533 superior
2003 4475 2178 4530 esset,
2289 4469 2536 4540 Denique
2566 4455 2628 4526 ex
2663 4474 2822 4544 nobis
2848 4478 3158 4546 exemplum
3188 4494 3482 4549 capessere
3510 4484 3649 4540 licet.
3676 4478 3846 4536 Conﬂi-

2254 2044 2385 2098 Cum
2443 2053 2521 2100 t0t
2568 2045 2823 2100 secundis
2873 2058 3186 2108 nostrorum
3237 2048 3482 2117 praeliis,
3534 2047 3712 2104 fracta:
3755 2062 3832 2104 res

2257 2134 2494 2196 hostium
2549 2153 2720 2208 usque
2763 2138 2830 2193 ad
2879 2140 3117 2209 ipsorum
3167 2139 3369 2202 fuerint
3415 2139 3830 2204 confessionem,

2257 2231 2350 2300 qui
2392 2245 2593 2286 vesano
2633 2231 2825 2287 dolore
2866 2232 3094 2302 perciti,
3145 2235 3300 2304 quasi
3340 2233 3472 2292 victi
3511 2233 3710 2306 legatos
3746 2247 3831 2287 no-

2259 2334 2402 2381 stros
2435 2337 2821 2395 peremerunt;
2856 2329 3052 2390 mirum
3085 2328 3217 2388 mihi
3250 2328 3492 2394 videtur,
3517 2329 3655 2399 quod
3680 2337 3836 2384 melus

2261 2433 2362 2484 vos
2396 2419 2794 2490 irrationabilis
2824 2419 2878 2488 iu
2918 2429 3128 2480 tantum
3167 2424 3504 2493 perculerit,
3545 2432 3602 2479 nt
3638 2424 3835 2478 fortuita

2261 2513 2659 2580 elementorum
2691 2517 2837 2584 nolis
2863 2515 2978 2584 jam
3010 2516 3269 2580 virtutum
3298 2518 3640 2577 successibus
3666 2519 3837 2588 praele-

2264 2604 2397 2678 ratis
2425 2621 2437 2657 :
2473 2605 2624 2680 nulla
2653 2607 2970 2678 congressio
3003 2608 3129 2672 fuit,
3164 2625 3270 2678 qua
3303 2625 3414 2670 non
3445 2611 3625 2668 statim
3657 2610 3838 2665 Arabes

2263 2698 2530 2770 cesserint
2555 2739 2570 2763 ,
2602 2700 2840 2776 atquein
2867 2700 3044 2772 fugam
3077 2704 3360 2772 conversi,
3396 2705 3690 2762 cedendum
3711 2705 3839 2759 exis-

2265 2790 2584 2864 timaverint
2611 2809 2624 2846 :
2658 2801 2710 2856 et
2744 2802 2799 2870 ut
2831 2808 2890 2848 se
2922 2793 3126 2850 habent
3157 2804 3182 2832 α
3215 2796 3358 2864 furta
3389 2796 3554 2861 belli,
3579 2797 3753 2854 fraude
3771 2803 3840 2850 al-

2267 2901 2375 2956 que
2404 2885 2615 2940 insidiis
2645 2887 2886 2952 remedia
2917 2890 3298 2964 captaveriltl;
3333 2908 3444 2948 non
3472 2902 3528 2950 ut
3558 2894 3656 2962 ipsi
3685 2893 3842 2946 vince-

583 4568 780 4625 Al‘ﬂbill
810 4551 1008 4635 I‘églﬂiﬁ
1039 4561 1261 4616 cederet
1284 4577 1296 4611 Σ
1332 4560 1376 4613 εἰ
1410 4549 1655 4623 inferior,
1688 4556 1998 4611 dominatus
2029 4556 2182 4612 CICO'
2209 4561 2260 4621 Ι)
2287 4571 2375 4618 Clu
2398 4565 2679 4631 snperiore
2709 4567 2948 4636 ροιίοινθε
2972 4570 3202 4638 ίιῄηιυε,
3231 4575 3329 4632 sed
3356 4577 3410 4630 in
3438 4592 3682 4647 promissu
3702 4569 3846 4645 ρηειῆ

588 4675 755 4732 patrm
786 4661 839 4714 in
871 4657 1113 4713 Jttdzcam
1145 4653 1557 4726 extenderetur.
1592 4651 1724 4707 Uter
1756 4651 2011 4718 vicisset,
2044 4652 2182 4706 alte-

588 4773 708 4812 rum
755 4754 1011 4808 solveret.
1055 4748 1208 4815 Quod
1237 4746 1524 4801 consilium
1555 4760 1663 4808 non
1692 4760 1762 4799 ex
1786 4744 2147 4813 dispositione
2169 4787 2184 4810 ,

589 4850 685 4906 sed
731 4864 795 4904 ex
845 4861 943 4904 usu
992 4844 1042 4922 in
1089 4835 1354 4914 Herodem
1399 4838 1718 4893 inclinavit:
1761 4837 1855 4908 qui
1895 4838 2054 4892 simul
2081 4879 2094 4902 ,
2130 4848 2188 4906 nt

592 4945 836 5016 prtelium
879 4940 1106 4995 adorsus
1148 4944 1267 5001 est,
1322 4933 1550 4988 validior
1580 4935 1824 5002 equitatu
1856 4934 2060 4988 avertit
2091 4935 2187 4987 lio-

591 5050 766 5103 stem;
820 5039 868 5090 in
913 5035 1058 5089 exitu
1107 5027 1453 5084 multitudine
1503 5026 1739 5081 hostium
1767 5034 2079 5094 superatur,
2133 5035 2180 5081 et

591 5146 819 5188 numero
848 5124 1290 5184 circumvenitur.
1335 5119 1690 5190 Congregatis
1737 5120 1788 5172 in
1831 5117 2075 5172 Canatlia
2105 5119 2186 5172 vi-

589 5225 740 5281 ribus
767 5219 1237 5282 adversariorum,
1269 5214 1558 5268 adversum
1593 5225 1728 5279 quos
1755 5211 1986 5266 densare
2017 5213 2187 5266 aciem

590 5319 782 5374 volens
803 5359 815 5380 ,
847 5314 1006 5369 elatis
1037 5325 1261 5365 suorum
1289 5305 1484 5359 animis
1512 5318 1765 5357 successu
1794 5303 2034 5376 priorum
2056 5347 2070 5364 ,
2101 5320 2186 5359 ca-

590 5427 695 5483 que
735 5423 898 5465 causa
943 5406 993 5460 in
1040 5404 1249 5456 hostem
1298 5393 1722 5463 irrumpentibus
1765 5393 2105 5478 destituitur,
2139 5403 2192 5449 et

592 5505 826 5558 maxime
857 5496 1049 5552 fraude
1077 5489 1428 5551 Athenionis,
1465 5501 1624 5555 quem
1664 5485 1951 5556 Cleopatra
1993 5486 2188 5541 ducem

593 5596 942 5666 adjunxerat,
989 5604 1097 5644 non
1141 5594 1197 5640 ut
1233 5582 1519 5650 adiuvaret
1560 5578 1827 5634 llerodem
1851 5621 1865 5646 ,
1904 5579 1999 5636 sed
2037 5591 2096 5636 ut
2135 5582 2188 5638 in

667 5718 692 5746 ⁸
717 5707 896 5763 Malim
926 5701 1141 5775 quidem
1173 5698 1281 5768 fata
1311 5692 1452 5749 belli.
1483 5691 1757 5752 GALLAND.
1793 5745 1796 5759 ί

2285 4669 2406 4710 sors
2438 4667 2676 4723 mutata,
2714 4668 2773 4719 ut
2802 4665 3150 4726 vinceremur
3179 4668 3247 4724 ab
3278 4669 3361 4730 his
3389 4687 3526 4742 quos
3557 4673 3842 4726 viceramus.

2292 4747 2441 4820 Ergo,
2474 4763 2528 4806 et
2567 4753 2726 4808 nobis
2766 4772 2990 4826 sperare
3026 4763 3304 4830 suppetit,
3345 4766 3492 4835 quod
3531 4767 3789 4820 vincantur
3821 4773 3844 4811 ει

2289 4843 2448 4898 nobis
2487 4847 2578 4916 qui
2613 4863 2710 4922 nos
2738 4850 3004 4908 vicerant.
3043 4854 3264 4913 incauta
3290 4860 3435 4916 enim
3466 4875 3674 4928 semper
3707 4854 3848 4911 nimia

2291 4942 2647 5009 Ρνίιδευηιριὶυ
2672 4984 2686 5005 .
2719 4953 2773 4998 Cl
2804 4946 2885 5000 sui
2922 4949 3221 5020 negligens.
3251 4951 3438 5008 Timor
3456 4962 3629 5009 autem
3666 4945 3847 5022 prospi-

2293 5044 2422 5084 cere
2459 5031 2668 5113 futuris
2701 5037 2960 5108 admonet
2979 5083 2993 5105 ,
3024 5052 3076 5100 et
3103 5043 3438 5116 diligentiam
3464 5049 3634 5103 docet.
3663 5046 3713 5100 ln
3741 5055 3846 5113 pro-

2294 5123 2469 5190 speris
2495 5125 2722 5182 audacia
2744 5129 2977 5199 obrepit,
3002 5142 3059 5194 et
3082 5137 3384 5196 inconsulta
3414 5142 3680 5197 temeritas
3701 5134 3847 5193 nescit

2294 5218 2590 5318 consilium
2616 5221 2770 5278 ducis
2792 5237 3135 5294 exspectare.
3173 5233 3414 5306 Denique
3451 5246 3631 5292 contra
3656 5243 3846 5289 sentcn-

2297 5317 2423 5361 ttam
2469 5325 2643 5366 meam
2691 5319 3204 5392 progredientibus,
3247 5328 3400 5385 vobis
3438 5327 3738 5384 Athenionis
3763 5337 3842 5378 ne-

2295 5403 2461 5484 quitia
2497 5408 2725 5464 nocendi
2759 5412 2937 5468 locum
2974 5419 3197 5485 reperit.
3229 5419 3382 5477 Nunc
3420 5422 3550 5477 mihi
3587 5414 3842 5490 trepidatio

2292 5507 2473 5550 vestra
2509 5500 2736 5562 vadatur
2768 5512 3184 5580 praerogativam
3216 5513 3520 5572 victoriam.
3551 5515 3736 5585 Erigitc
3761 5507 3842 5580 isi°

2293 5595 2380 5642 tur
2409 5592 2618 5656 annuos
2643 5637 2658 5662 ,
2690 5608 2745 5658 et
2779 5609 3016 5662 veterem
3045 5603 3353 5669 Judworum
3385 5605 3842 5680 magnanimitatem
