4112 6350
265 272 408 354 i991
1130 283 1404 354 utsron.
1447 291 1536 352 DE
1573 291 1858 360 exorato
1896 284 2168 360 HIBBOS.
2209 285 2429 356 uncis.
2470 295 2602 356 LIB.
2642 301 2686 356 ι.
3415 295 3554 364 rasa

260 415 512 477 attollite.
536 413 648 478 Nec
673 428 769 472 vos
796 414 1198 482 insensibilium
1223 416 1622 474 commotiones
1652 427 1858 486 perter-
1885 419 1935 487 Α
1964 416 2093 473 dum
2115 428 2427 488 superatum
2453 421 2744 476 Antonium
2764 420 3150 493 arbitrabatur,
3169 435 3292 480 cum
3317 424 3561 482 Herodes

261 519 450 575 reant,
482 526 580 567 nec
605 520 873 568 terrarum
903 521 1082 567 motus
1109 511 1335 566 alterius
1363 524 1623 566 :crumme
1646 509 1860 580 jutlices
1961 521 2280 580 superesset
2323 512 2587 567 victoria}.
2636 515 2842 569 Anxius
2884 515 3068 586 itaque
3096 533 3192 573 rex
3213 561 3228 584 ,
3263 535 3382 574 cum
3416 520 3556 576 Itho-

262 603 622 660 arbilramini.
654 604 863 662 Habent
890 621 1043 673 suam
1077 620 1276 662 noxam
1309 604 1591 673 passiones
1619 604 1862 659 elemen-
1959 603 2092 658 dum
2121 605 2421 659 accessisse
2448 607 2718 661 Caesarem
2749 623 2879 664 vero
2921 609 3121 665 indicio
3161 615 3528 683 comperisset
3549 659 3562 683 ,

264 709 442 758 torum
474 716 488 753 :
533 715 634 756 nec
671 700 816 756 aliud
845 701 1116 766 timeatis,
1151 715 1314 768 quam
1344 699 1490 770 quod
1525 699 1577 753 in
1612 699 1743 768 ipsis
1774 698 1859 752 of-
1959 695 2236 764 navigavit
2261 695 2328 748 ad
2354 712 2512 763 eum,
2538 713 2604 752 ne
2633 698 2772 752 fama
2804 708 3080 756 terrenum
3124 704 3226 758 iter
3263 705 3382 774 ejus
3421 722 3558 775 prae-

262 793 510 850 fensibus
547 805 652 856 est.
697 794 815 850 Non
857 795 1002 852 enim
1043 796 1194 864 signa
1234 793 1600 864 periculorum
1640 801 1768 848 sunt
1808 793 1860 846 in
1961 798 2221 844 verteret.
2251 789 2671 862 Adveniensque
2692 793 2942 864 deposito
2970 796 3301 865 diademate,
3322 815 3446 857 sese
3465 803 3560 858 ob-

262 896 425 944 terrae
456 897 606 944 motu
632 897 798 958 atque
825 887 1180 946 animantium
1207 888 1318 953 lue,
1339 887 1435 942 sed
1458 887 1572 956 ipsa
1596 885 1856 956 pericula.
1964 883 2086 937 tulit
2111 885 2320 952 privato
2365 885 2576 951 habitu,
2619 887 2714 942 sed
2741 900 2925 945 mente
2965 892 3132 960 regia.
3157 892 3402 963 Denique
3431 897 3562 952 nihil

261 980 405 1038 Nihil
452 990 539 1036 est
581 981 724 1052 quod
771 982 1092 1046 timeamus,
1139 981 1290 1052 quasi
1332 983 1517 1051 gravia
1549 979 1864 1050 perpessuri
1965 977 2183 1030 veritati
2223 978 2581 1044 subtrahens,
2609 985 2972 1036 constantiam
3019 986 3224 1050 tenuit,
3264 987 3560 1042 auctorita-

261 1077 350 1145 qui
414 1077 738 1145 pertulimus
800 1077 1136 1146 gravissima.
1193 1076 1468 1144 Propitius
1510 1076 1625 1145 jam
1682 1083 1866 1145 potest
1966 1075 2074 1122 ιθιιι
2120 1069 2442 1123 Γθεθηΐνθνίιο
2493 1069 2629 1140 EGO.
2686 1071 2893 1141 ἱικιυίι,
2941 1072 3221 1144 Αιιευδιθο
3257 1075 3434 1132 fateor
3477 1095 3566 1135 me

259 1183 382 1225 esse
405 1210 422 1235 ,
450 1170 543 1240 qui
577 1170 874 1234 vindicavit
903 1187 914 1221 :
948 1179 1004 1226 et
1031 1169 1236 1235 mitior,
1270 1184 1434 1239 quam
1463 1168 1510 1222 si
1543 1167 1860 1245 uonkvindi-
1967 1158 2192 1220 ﬁdelem.
2224 1160 2394 1248 inisse
2431 1162 2670 1218 Antonio
2705 1167 2917 1221 socium
2942 1209 2955 1231 ,
3008 1178 3198 1237 utpote
3235 1172 3327 1240 qui
3367 1173 3436 1226 ab
3499 1188 3566 1228 eo

260 1271 458 1320 cassa.
504 1262 646 1330 Quid
682 1274 936 1324 servatur
979 1272 1103 1331 post
1146 1272 1303 1318 terra)
1344 1271 1550 1316 motum
1587 1276 1651 1317 ac
1693 1263 1852 1331 pesti-
1965 1269 2194 1324 regnum
2243 1258 2577 1327 acceperim,
2629 1260 2718 1313 cui
2762 1276 2849 1316 me
2887 1261 3193 1318 debitorem
3239 1265 3416 1322 adhuc
3460 1282 3569 1323 non

259 1355 482 1412 lentiam
505 1399 522 1423 ι
557 1357 660 1414 nisi
693 1355 1118 1416 misericordia?
1147 1356 1284 1424 Quia
1314 1356 1585 1414 solvimus
1621 1354 1862 1424 duplicia
1965 1347 2188 1404 abnuo:
2223 1349 2386 1418 idque
2435 1351 2604 1406 armis
2651 1353 2968 1422 probassem
2992 1397 3006 1422 ,
3030 1357 3076 1410 si
3123 1356 3412 1430 Cleopatra
3460 1375 3565 1416 non

261 1460 512 1519 peccata,
545 1449 609 1512 Et
652 1457 834 1514 iam".
872 1463 1010 1514 nos,
1042 1448 1186 1518 quod
1228 1447 1373 1508 bello
1411 1446 1545 1505 utile
1579 1447 1684 1512 sit,
1727 1449 1866 1508 mte—
1964 1441 2288 1507 inviclisset,
2318 1454 2372 1499 et
2404 1446 2616 1502 Arabes
2645 1462 2752 1502 non
2785 1449 3161 1519 impedissent.
3208 1453 3286 1508 Ea
3331 1455 3571 1511 necessi-

257 1557 418 1614 grum
452 1543 736 1606 habemus.
765 1543 1083 1604 Pestilentia
1114 1543 1261 1598 enim
1293 1551 1449 1602 extra
1481 1542 1686 1597 bellum
1718 1544 1866 1612 posi-
1965 1541 2084 1592 tate
2122 1553 2273 1592 arma
2322 1539 2616 1600 adversum
2661 1551 2714 1598 te
2766 1558 2872 1598 non
2919 1544 3054 1599 tuli:
3088 1561 3199 1601 non
3227 1549 3382 1618 quasi
3413 1549 3574 1604 amici

261 1646 346 1692 tos
373 1637 602 1698 abstulit
631 1655 644 1690 :
676 1647 864 1701 nostra
894 1645 1076 1693 autem
1106 1636 1332 1693 victoria
1364 1637 1416 1692 id
1458 1636 1710 1691 hostibus
1735 1638 1865 1692 ade-
1965 1627 2242 1696 desertor.
2275 1641 2370 1687 aut
2408 1634 2584 1703 praelii
2613 1633 2874 1704 pavidus,
2911 1636 3006 1692 sed
3037 1639 3194 1709 quasi
3221 1641 3371 1695 domi
3410 1642 3574 1697 rebus

261 1732 359 1788 mit
386 1771 402 1797 ,
454 1731 600 1802 quod
644 1731 787 1792 bello
832 1731 1090 1790 idoneum
1134 1731 1400 1800 legerant.
1449 1729 1661 1788 Deinde
1709 1730 1868 1784 nobis
1967 1724 2222 1792 gerendis
2269 1739 2584 1796 occupatus.
2631 1728 2906 1799 Ingratum
2945 1745 3031 1786 me
3081 1742 3258 1787 tamen
3309 1734 3415 1788 sibi
3462 1749 3570 1790 non

258 1839 428 1895 pecus
459 1836 771 1891 mortuum,
821 1824 930 1880 illis
971 1824 1302 1891 consilium,
1347 1828 1438 1893 qui
1481 1824 1689 1893 legatos
1728 1838 1868 1894 quos
1897 1818 2146 1888 ﬁseusit
2189 1817 2491 1885 Antonius,
2543 1821 2690 1890 quod
2737 1830 2795 1876 et
2835 1822 3151 1892 adiumenta
3197 1826 3472 1881 eitereitus
3519 1837 3576 1882 et

260 1918 512 1978 misimus
533 1958 548 1983 ,
577 1927 771 1980 cum“.
798 1917 890 1986 jus
920 1916 1120 1988 [aqua
1140 1917 1472 1987 jugulum;
1515 1926 1864 1986 putaverunt,
1972 1909 2232 1968 frumenti
2263 1911 2697 1969 innumerabiles
2724 1918 2910 1987 cepias
2941 1919 3141 1975 absens
3172 1921 3432 1976 miserim.
3467 1923 3575 1980 Sed

262 2010 608 2070 Pngvari'cali
638 2019 766 2074 sunt
795 2011 968 2082 legem
998 2012 1242 2072 omnium
1275 2011 1556 2068 hominum
1578 2052 1594 2077 ,
1627 2011 1870 2080 ipsorum
1973 2010 2030 2056 et
2061 2002 2356 2068 ιυ,0;ιξς.τη·,
2382 2020 2470 2060 me
2492 2021 2598 2059 non
2630 2007 2900 2078 ingratum
2921 2009 3205 2066 beneficiis
3224 2013 3342 2081 ejus
3367 2014 3581 2084 judica-

265 2107 431 2162 ctiam
464 2106 860 2166 barbarorum:
895 2106 1155 2174 quoniam
1187 2106 1330 2174 apud
1362 2105 1510 2173 ipsos
1536 2119 1752 2174 quoque
1779 2104 1872 2173 qui
1976 2095 2181 2160 visses,
2233 2098 2278 2152 si
2325 2097 2552 2154 Actiaco
2601 2099 2747 2156 bello
2795 2100 3184 2159 iuterfuissem.
3235 2104 3372 2161 Vide
3417 2124 3576 2176 quam

265 2197 519 2258 nesciunt
542 2197 972 2264 humanitatem,
1002 2196 1348 2256 inviolabiles
1374 2194 1539 2266 legati
1565 2193 1868 2253 habemur:
1975 2189 2115 2243 nihil
2159 2189 2502 2246 subtraham.
2551 2192 2680 2247 Plus
2726 2203 2911 2249 metuo
2956 2196 3097 2265 apud
3146 2205 3198 2251 te
3237 2197 3481 2269 ingratus
3524 2201 3578 2257 in

265 2291 391 2345 dum
421 2289 660 2346 vindicta
688 2290 928 2346 caelestis
961 2287 1370 2354 retortnidatttr,
1401 2296 1459 2346 ct
1485 2287 1624 2342 tanti
1649 2286 1879 2346 sceleris.

264 2383 408 2441 ultor
443 2381 588 2438 Deus
619 2382 862 2436 timetur.
897 2380 1010 2440 lioc
1039 2395 1172 2452 ergo
1197 2379 1539 2434 admiserunt
1565 2377 1871 2440 adversarii

267 2477 443 2538 nostri
465 2518 480 2542 ,
514 2475 657 2548 quod
689 2491 791 2534 nec
821 2474 1074 2530 humana:
1105 2490 1208 2530 nec
1235 2473 1432 2532 divina:
1461 2473 1614 2542 leges
1643 2472 1876 2531 inultum

268 2572 610 2640 relinquunt.
648 2569 1001 2644 Egrediamur
1041 2584 1206 2639 ergo,
1250 2583 1355 2622 non
1403 2583 1500 2635 pro
1541 2565 1740 2622 ﬁnibus
1783 2574 1878 2624 aut

267 2666 499 2738 apoliis,
549 2664 645 2722 sed
691 2680 787 2734 pro
828 2663 1013 2720 divina
1063 2661 1263 2730 injuria
1308 2661 1632 2731 pricliaturi.
1686 2659 1879 2716 lucitet

269 2773 375 2815 nos
401 2757 469 2814 ad
497 2757 720 2824 bellum,
750 2771 856 2812 non
889 2753 1128 2826 coniugii
1159 2760 1253 2809 aut
1282 2754 1453 2824 prolis
1484 2754 1717 2810 charitas
1736 2794 1751 2819 ,
1781 2752 1878 2808 sed

269 2861 611 2931 prrcsumpta
641 2850 908 2919 protectio
943 2849 1058 2904 Dei.
1101 2847 1219 2902 Non
1260 2847 1482 2901 arbitria
1525 2859 1710 2902 IIOall‘a
1733 2888 1747 2913 ,
1782 2845 1882 2902 sed

272 2945 444 3002 divini
473 2944 614 3015 juris
643 2953 914 3019 praecepta
941 2941 1295 3011 exset'luiniur
1337 2954 1494 3000 sacra
1515 2979 1529 3002 ,
1563 2948 1620 2992 ut
1659 2955 1756 3008 pro
1797 2938 1882 2994 his.

272 3037 570 3100 vindictam
598 3049 948 3106 reposcamus
971 3074 985 3100 ,
1017 3047 1154 3103 quos
1185 3031 1530 3098 inviolabiles
1561 3047 1686 3086 esse
1713 3045 1880 3101 opor-

275 3138 394 3186 tcre
434 3128 625 3199 religio
659 3127 831 3196 jubet.
881 3126 1024 3190 lutcr
1066 3139 1218 3186 arma
1264 3124 1481 3180 hostilia
1521 3125 1719 3194 legatio
1766 3123 1883 3184 sola

1978 2278 2191 2336 hostem
2236 2293 2421 2348 tuum,
2466 2300 2626 2354 quam
2667 2286 2720 2340 in
2764 2295 2817 2344 te
2859 2287 3032 2344 hostis
3073 2289 3264 2345 videri.
3306 2291 3577 2349 Judicium

1979 2373 2111 2428 mihi
2154 2383 2304 2430 tuum
2341 2378 2562 2446 gravius
2600 2394 2762 2448 quam
2805 2380 3008 2435 bellum
3048 2393 3165 2445 est,
3218 2384 3360 2452 apud
3414 2403 3576 2456 quem

1979 2481 2094 2522 non
2127 2468 2388 2522 virtutum
2425 2470 2618 2524 merita
2640 2511 2656 2536 ,
2687 2471 2785 2526 sed
2818 2473 2941 2526 vitia
2985 2475 3384 2543 periclitantur.
3426 2477 3583 2535 Unde

1979 2571 2036 2616 et
2061 2575 2164 2631 ego
2191 2562 2336 2616 male
2357 2561 2504 2630 apud
2533 2574 2584 2618 te
2623 2563 2700 2619 de
2721 2564 2825 2620 ﬁde
2847 2607 2861 2629 ,
2896 2581 3062 2634 quam
3091 2568 3162 2623 de
3202 2568 3425 2638 perfidia
3457 2587 3587 2628 cau-

1978 2666 2070 2710 sas
2095 2653 2303 2710 dicere.
2358 2654 2525 2724 Vide,
2555 2656 2758 2725 Caesar,
2793 2675 2954 2729 quam
2987 2661 3255 2733 integrum
3287 2667 3580 2723 Antonium
3663 2729 3671 2738 ,

1981 2761 2092 2802 non
2121 2746 2460 2802 deseruerim
2481 2790 2496 2814 ,
2530 2750 2734 2806 victum
2764 2766 2872 2806 non
2905 2756 3099 2825 refugi.
3133 2755 3344 2825 Vicisti,
3376 2757 3580 2828 Carsar,

1981 2840 2282 2895 Antonium
2326 2842 2628 2912 legionibus
2660 2845 2765 2899 luis
2805 2848 3056 2902 maximis
3079 2891 3093 2914 ,
3125 2849 3302 2906 vicisti
3343 2854 3586 2909 consiliis

1984 2937 2126 2999 tuis,
2169 2935 2344 2991 vicisti
2383 2937 2599 3007 imperii
2637 2938 2868 2994 Romani
2909 2943 3153 3009 viribus,
3197 2947 3342 3016 quod
3381 2947 3596 3004 dereli‘

1983 3030 2102 3099 quit
2139 3040 2195 3086 et
2232 3031 2378 3101 quod
2420 3035 2674 3104 negavit:
2709 3044 2762 3089 et
2795 3051 2920 3092 vere
2957 3039 3133 3094 victus
3171 3050 3253 3097 est
3293 3044 3586 3100 virtutibus

1985 3122 2125 3188 tuis,
2169 3123 2268 3178 sed
2305 3125 2479 3195 magis
2519 3125 2762 3183 moribus
2800 3131 2934 3183 suis.
2969 3131 3110 3187 Vicit
3147 3150 3268 3189 eum
3301 3135 3587 3208 Cleopatra

276 3226 430 3296 pacis
459 3232 743 3294 sequestra
776 3230 860 3278 est
885 3238 897 3274 :
929 3220 1078 3277 exuit
1109 3219 1324 3279 hostem
1349 3219 1440 3289 qui
1467 3219 1735 3288 legatione
1762 3219 1881 3272 fun-
1910 3225 1958 3288 ρ
1987 3229 2142 3279 uxor,
2176 3217 2306 3271 vicit
2335 3232 2458 3271 eum
2485 3217 2775 3290 {Egyptius
2801 3237 2980 3288 amor,
3005 3225 3132 3280 vicit
3161 3242 3284 3283 eum
3312 3228 3588 3303 Conoptea

275 3318 444 3388 gitur,
478 3329 708 3382 quorum
742 3328 885 3374 nunc
914 3312 1134 3382 Sanguis
1165 3312 1364 3366 clamat
1390 3310 1457 3364 ad
1490 3311 1658 3366 Deum
1684 3320 1738 3366 et
1769 3309 1887 3364 vin-

277 3413 478 3468 dictam
507 3411 766 3481 reposcit.
799 3408 1145 3466 Festiuemus
1175 3407 1336 3477 igitur
1363 3406 1428 3460 ad
1458 3407 1725 3476 pra-lium,
1757 3407 1884 3462 dum

277 3506 516 3562 ultorem
549 3505 810 3564 habemus
845 3503 1010 3560 Deum
1045 3515 1314 3558 caesorum
1347 3500 1642 3562 vindicem.
1678 3500 1758 3555 illi
1789 3515 1888 3570 pro

223 3589 237 3599 ’
284 3601 444 3658 nobis
491 3599 684 3658 melius
732 3597 1068 3668 prtuliantur,
1115 3606 1170 3650 et
1211 3596 1526 3652 circumfusi
1565 3596 1891 3666 angelorum

281 3693 626 3770 legionibus,
673 3691 730 3746 in
779 3691 896 3748 acie
943 3690 1309 3762 prmtenduat.
1363 3691 1588 3752 Talibus
1640 3691 1888 3750 hortatus

285 3790 530 3860 milites,
573 3788 626 3842 in
671 3787 882 3846 hostem
926 3785 1068 3850 ruit,
1109 3801 1328 3840 omnem
1369 3786 1715 3844 occasionem
1761 3786 1892 3842 belli

285 3884 594 3954 requirens.
631 3879 799 3938 Erant
829 3879 1039 3935 Arabes
1069 3879 1482 3948 prazstantiorcs
1508 3894 1761 3944 numero,
1791 3879 1890 3936 sed

284 3975 483 4030 animis
514 3973 880 4038 inﬁrmiores;
927 3972 1072 4032 unde
1111 3973 1502 4042 cot'tgressione
1539 3972 1757 4037 habita,
1799 3989 1892 4030 ce.

285 4067 541 4125 cideruut
573 4067 686 4122 fere
715 4081 902 4122 eorum
936 4065 1174 4136 quinque
1203 4066 1390 4120 millia.
1436 4065 1652 4135 Reliqui
1682 4081 1802 4124 sese
1836 4068 1892 4122 itt

287 4161 644 4222 munitionem
686 4159 1056 4228 recipientes,
1092 4171 1247 4226 aquae
1279 4157 1458 4228 inopia
1503 4157 1890 4227 fatigabantur,

286 4265 348 4312 ut
377 4255 652 4326 legatione
691 4253 852 4315 missa
901 4267 1090 4322 pacem
1136 4253 1312 4322 pretio
1355 4252 1732 4328 deposcerent.
1783 4252 1892 4310 Sed

287 4364 410 4412 cum
450 4363 512 4406 se
557 4345 798 4418 protrahi
848 4344 1134 4409 viderent,
1188 4355 1242 4406 et
1291 4345 1420 4406 sitis.
1464 4345 1700 4414 amplius
1740 4345 1896 4415 aquis

1988 3309 2254 3368 luxuries.
2309 3311 2497 3368 Victus
2541 3323 2658 3381 est,
2708 3316 2832 3386 quia
2883 3319 3072 3374 maluit
3123 3335 3244 3376 cum
3301 3324 3587 3396 Cleopatra

1987 3405 2134 3464 vinci
2156 3445 2171 3469 ,
2203 3421 2366 3475 quam
2399 3407 2517 3460 sine
2557 3422 2620 3462 ea
2663 3409 2922 3473 vincere:
2958 3410 3084 3466 vicit
3123 3429 3245 3468 eum
3279 3417 3475 3472 mulier
3509 3418 3590 3472 in-

1987 3489 2179 3553 festior
2219 3499 2336 3553 suis
2389 3513 2552 3569 quam
2607 3499 2958 3558 adversariis.
3015 3503 3306 3562 Suaseram
3356 3520 3587 3568 mortem

1991 3591 2273 3657 mulieris,
2299 3592 2344 3648 si
2373 3592 2536 3649 veilet
2563 3593 2664 3649 sibi
2694 3597 2984 3652 consulere
3009 3617 3021 3652 :
3057 3603 3408 3670 promiseram
3441 3607 3596 3661 auxi-

1991 3685 2096 3751 lia,
2126 3686 2324 3756 quibus
2354 3701 2666 3756 repararent
2695 3691 2952 3746 afﬂictum
2980 3711 2992 3747 :
3025 3695 3379 3764 promiseram
3411 3702 3554 3762 vires
3577 3745 3592 3770 ,

1989 3779 2187 3847 quibus
2228 3780 2474 3850 fugacem
2515 3790 2720 3846 tuerer,
2764 3799 2852 3840 Ille
2893 3785 3066 3854 ipsum
3112 3788 3238 3844 belli
3279 3804 3590 3856 eousortcnt

1989 3869 2334 3925 obtuleram:
2367 3872 2464 3927 sed
2493 3884 2729 3929 mentem
2762 3876 2880 3946 ejus
2910 3879 3324 3937 obstrinxerant
3362 3885 3590 3956 Cleopa-

1991 3970 2088 4017 trs)
2134 3964 2498 4033 cupiditates:
2528 3966 2702 4022 victus
2733 3978 2851 4031 est,
2882 3971 3006 4039 quia
3039 3973 3230 4030 audire
3261 3991 3346 4032 me
3379 3981 3548 4035 noluit
3576 4000 3590 4036 :

1991 4055 2166 4114 victus
2196 4070 2318 4110 sum
2348 4066 2402 4112 et
2433 4073 2535 4128 ego
2563 4074 2686 4114 cum
2719 4060 2956 4118 Antonio
2980 4106 2994 4129 ,
3025 4066 3237 4123 minore
3280 4079 3456 4127 tamen
3495 4072 3592 4129 ﬂa-

1990 4150 2166 4219 gitio:
2199 4149 2326 4220 quia
2357 4151 2510 4207 illum
2538 4151 2828 4224 Cleopatra
2861 4158 3025 4226 vicit,
3061 4176 3148 4216 me
3177 4162 3467 4223 Antonius.
3501 4169 3596 4226 ille

1994 4244 2321 4312 barbaram,
2354 4260 2456 4316 ego
2484 4247 2718 4328 amicum
2749 4261 2859 4305 non
2889 4252 3177 4321 dereliqui.
3213 4255 3343 4312 Cum
3375 4260 3468 4314 illo
3500 4277 3595 4331 po-

1996 4338 2081 4394 sui
2120 4337 2364 4393 diadema
2387 4379 2402 4405 ,
2436 4340 2536 4394 sed
2565 4340 2630 4395 ad
2664 4351 2716 4396 te
2747 4345 2934 4400 venire
2979 4347 3174 4402 timens
3214 4350 3376 4406 amici
3417 4353 3592 4411 fidelis

290 4439 674 4502 deﬁcientibus
703 4437 1111 4502 accenderetur,
1138 4437 1478 4510 egredientes
1507 4437 1904 4508 pleriquesese.
1998 4432 2206 4502 gratia,
2256 4435 2593 4502 sequestravi
2640 4437 2790 4506 regni
2835 4438 3100 4509 insignia,
3134 4442 3229 4497 sed
3273 4459 3376 4498 non
3420 4446 3590 4516 abjeci

290 4534 592 4590 oli‘crebant
618 4531 864 4588 hostibus
887 4572 901 4597 ,
930 4531 1234 4588 voluntario
1261 4531 1414 4586 (erro.
1435 4547 1592 4600 quam
1630 4532 1722 4591 siti
1763 4549 1900 4603 prm-

2003 4529 2226 4583 virtutis
2268 4528 2657 4585 conscientiam
2687 4551 2700 4584 ε
2737 4543 2794 4586 ιιι
2857 4533 3004 4588 voles
3030 4535 3232 4604 judica.
3267 4537 3379 4609 Ego
3411 4548 3590 4596 tamen

292 4637 544 4702 optantes
585 4626 784 4698 perire.
809 4626 962 4693 Quos.
989 4626 1204 4686 vinctos
1227 4615 1476 4696 servabat
1517 4625 1761 4688 Herodes
1781 4667 1796 4692 ,
1829 4641 1904 4684 ne.
1925 4623 1980 4683 Ι)
2001 4623 2192 4692 quavis
2219 4631 2367 4676 sorte
2392 4620 2578 4690 judicii
2607 4624 2678 4676 tui
2710 4625 2942 4680 referam
2973 4643 3182 4683 mecum
3207 4671 3220 4695 ,
3247 4630 3394 4700 quod
3420 4633 3596 4703 cujus-

293 4723 424 4800 quid
458 4730 604 4780 esset
632 4719 973 4784 insidiarum.
1020 4717 1210 4788 itaque
1246 4720 1487 4790 quinque
1529 4719 1722 4775 diebus
1761 4733 1895 4788 qua-

296 4827 420 4872 tuor
451 4815 620 4871 ferme
649 4813 818 4877 millia
849 4821 1068 4884 reccpta
1097 4821 1224 4867 sunt
1249 4830 1266 4870 ;,
1295 4812 1417 4868 aliis
1443 4811 1510 4867 ad
1540 4812 1740 4868 bellum
1775 4826 1902 4882 pro-

296 4911 628 4974 deuntibus,
672 4911 866 4964 iterum
909 4908 978 4968 ad
1016 4918 1223 4977 septem
1267 4907 1432 4970 millia
1461 4907 1706 4968 virorum
1735 4921 1897 4962 caesa.

296 5007 412 5072 Qua
444 5005 604 5076 plaga
639 5001 903 5062 ltttmiliati
936 5000 1142 5064 Arabes
1182 5016 1213 5057 a
1256 5015 1414 5072 rege,
1455 5009 1661 5072 quanto
1705 5001 1906 5056 virtute

299 5101 624 5164 inferiores,
669 5105 818 5169 lauto
857 5095 1089 5152 consilio
1131 5095 1578 5166 prmstautiorcs:
1611 5109 1771 5163 quem
1803 5093 1902 5150 ad-

298 5194 602 5252 versarium
645 5191 950 5257 habebant,
981 5190 1136 5260 quasi
1179 5188 1520 5259 defensorem
1543 5229 1557 5254 ,
1589 5198 1646 5246 et
1672 5189 1900 5244 auxilia-

301 5301 480 5348 torem
513 5286 617 5342 sibi
647 5286 824 5355 ipsum
851 5301 912 5338 cx
925 5284 1260 5354 petiverunt,

850 5374 1080 5440 CAPUT
1119 5374 1365 5430 XXXIII.

377 5477 483 5534 Sed
511 5474 683 5545 major
705 5472 972 5538 victorem
996 5469 1304 5532 sollicitudo
1325 5469 1554 5540 perculit
1574 5509 1587 5533 ,
1617 5478 1676 5526 ut
1697 5470 1784 5540 qui
1807 5469 1914 5525 sibi

304 5573 444 5628 alios
472 5571 816 5640 subiecerat,
842 5582 948 5622 non
977 5565 1086 5632 jam.
1114 5564 1182 5619 de
1214 5564 1446 5634 finibus,
1468 5564 1564 5626 sed
1589 5563 1657 5620 de
1683 5573 1796 5626 toto
1826 5580 1912 5622 re-

307 5680 416 5737 gno
439 5662 740 5735 periculum
765 5659 1056 5714 imminens
1083 5657 1545 5726 perhorresceret,
1570 5658 1714 5713 victo
1747 5661 1912 5712 Anto-

309 5759 408 5823 nio
433 5771 606 5833 (milia
630 5754 741 5816 ﬁda
767 5751 875 5809 sibi
910 5750 1152 5809 amicitia
1173 5749 1478 5819 copuiarat.
1522 5751 1772 5822 Denique
1799 5750 1912 5807 Au-

312 5858 498 5922 gustus
544 5848 726 5906 Cecsar
748 5843 955 5903 Actiaci
1006 5842 1366 5914 triumphator
1409 5843 1724 5899 certaminis
1747 5886 1760 5909 ,
1790 5859 1921 5900 nec-

2001 4715 2145 4770 modi
2179 4715 2370 4771 fuerim
2399 4718 2605 4771 amicus
2647 4718 3025 4775 testimahilur.

2546 4811 2775 4867 CAPUT
2816 4811 3061 4867 XXXIV.

2072 4905 2375 4974 Respondit
2413 4905 2486 4960 ad
2525 4920 2594 4961 ea
2630 4903 2852 4961 Caesar:
2886 4906 3081 4972 Salve,
3119 4910 3323 4981 inquit,
3358 4923 3412 4969 et
3454 4929 3597 4972 nunc
3661 4979 3664 4982 ,

2004 5000 2176 5070 magis
2209 5015 2378 5071 regno
2410 5013 2501 5056 tuo
2526 5008 2718 5067 utere,
2753 5003 2877 5072 quia
2910 5019 3015 5057 non
3051 5004 3356 5062 invidemus
3385 5009 3601 5065 virtuti-

2005 5095 2108 5149 bus
2128 5136 2142 5160 ,
2192 5093 2288 5150 sed
2333 5094 2689 5149 delectamur.
2727 5095 2927 5166 Dignus
2956 5097 3100 5151 cnim
3131 5114 3191 5154 cs
3220 5099 3467 5170 pluribus
3497 5102 3600 5157 im-

2010 5205 2236 5260 perare,
2271 5189 2361 5258 qui
2391 5189 2470 5243 sic
2501 5189 2675 5243 tueris
2701 5189 2993 5244 amicitiam
3027 5209 3039 5246 :
3071 5201 3125 5247 et
3165 5202 3224 5247 ut
3265 5195 3316 5248 in
3356 5194 3604 5252 adversis

2012 5283 2246 5352 positum
2279 5296 2386 5336 non
2417 5281 2656 5350 abneges
2677 5323 2690 5346 ,
2723 5292 2780 5337 et
2807 5284 3038 5338 amicum
3081 5286 3174 5341 tibi
3206 5289 3454 5344 confiteri
3499 5306 3606 5346 non

2013 5378 2324 5434 erubescas.
2384 5378 2490 5434 Sed
2549 5378 2780 5434 adorere
2837 5378 3167 5437 felicioribus
3221 5383 3502 5440 atlltmrerc
3553 5395 3610 5442 et

2015 5485 2344 5526 conservare
2399 5470 2560 5524 ﬁdem
2611 5472 2669 5526 in
2714 5475 2988 5542 prosperis
3021 5490 3034 5526 :
3063 5473 3175 5549 jam
3226 5477 3276 5530 in
3325 5477 3606 5547 adversis,

2012 5563 2144 5618 satis
2190 5561 2451 5632 probasti.
2503 5560 2712 5618 Vicerit
2760 5571 2812 5619 te
2855 5562 3160 5631 Antonius,
3209 5568 3305 5623 sed
3353 5583 3458 5624 non
3510 5585 3612 5641 ego

2014 5657 2215 5711 victum
2264 5655 2555 5726 putabam,
2585 5672 2747 5727 quem
2802 5659 3037 5712 amicitia
3089 5676 3273 5730 parem
3327 5661 3454 5720 fecit
3500 5663 3612 5720 vico

2015 5751 2247 5806 toribus.
2298 5750 2598 5821 Propterea
2635 5752 2911 5821 expeteris
2949 5769 2978 5809 a
3022 5756 3217 5824 nobis,
3253 5757 3385 5826 .quia
3432 5758 3620 5834 nullus

2031 5853 2084 5900 te
2129 5844 2260 5901 belli
2313 5853 2542 5901 eventus
2596 5847 2864 5903 mutavit:
2915 5849 3352 5922 quandoquidem
3406 5868 3514 5910 non
3562 5863 3618 5914 tu
