4112 6350
503 281 646 344 i999
1852 254 2101 320 SANCTI
2138 306 2142 317 .

2245 252 2466 317 enosu
3665 215 3799 303 stitio
3845 279 3849 282 ς

502 393 800 455 Antonium
843 385 1170 454 deseruisti,
1213 381 1308 440 sed
1342 389 1395 438 te
1423 377 1726 444 Antonius,
1759 376 1849 447 qui
1879 374 2108 444 Cleopa-
2135 382 2189 445 Α
2212 373 2406 429 struxit
2433 386 2499 428 ex
2528 367 2895 425 fundamentis
2925 383 2938 420 :
2975 381 3074 422 nec
3118 364 3294 420 minor
3319 361 3507 420 tuendi
3537 375 3691 432 quam
3719 377 3801 416 or-

506 502 607 548 trte
653 487 825 559 magis
869 498 1029 555 quam
1075 479 1172 536 tibi
1212 474 1464 534 credidit.
1511 471 1827 541 lnsipientia
1871 467 2017 523 illius
2057 474 2111 521 te
2212 464 2376 521 nandi
2405 463 2652 519 intentio.
2683 460 2960 532 Siquidem
2985 469 3223 516 castrum
3241 457 3496 530 Aquiloni
3527 455 3801 526 subjaceus

507 583 672 640 nobis
701 550 1029 650 aequis-ivit:
1062 572 1189 644 quia
1221 564 1740 640 perniciosissimam
1775 561 1876 617 sibi
1906 559 2109 630 elegit,
2213 557 2589 623 communivit,
2623 555 2768 626 quod
2796 553 3091 624 appellavit
3117 562 3144 589 ει
3173 551 3393 608 Antonii
3423 550 3674 622 gratiam,
3699 550 3804 604 nul.

507 677 728 733 fidelem
775 640 1096 739 repudiavit.
1139 663 1250 720 Nec
1290 661 1526 725 mirum,
1571 658 1617 712 si
1655 654 1962 726 Cleopatra:
2001 653 2113 707 An-
2213 651 2268 706 lo
2311 647 2539 705 inferius
2587 647 2929 718 superiorum
2978 645 3323 717 palatiorutn.
3386 641 3610 698 Addidit
3653 640 3804 696 etiam

509 772 694 828 tonius
743 770 917 824 victus
961 764 1276 827 adluereat,
1326 773 1357 812 a
1407 771 1513 828 qua
1561 754 1741 808 victor
1778 758 1969 820 captus
2005 756 2110 803 est.

512 864 650 936 Quid
681 861 932 924 miraris,
976 858 1020 911 si
1065 866 1117 911 te
1155 852 1423 909 desistere
1453 847 1587 905 fecit
1612 847 1899 914 CleOpatra
1942 844 2112 896 Auto-

511 960 661 1016 nium
688 999 703 1022 ,
733 970 858 1012 eum
905 968 941 1007 a
986 965 1072 1006 me
1115 945 1496 1004 dissociaverit
1536 951 1701 1012 atque
1746 955 1812 996 ex
1861 945 2118 994 consorte

513 1050 728 1123 imperii
761 1049 972 1104 hostem
1005 1040 1240 1099 fecerit?
1286 1037 1434 1109 Ergo
1477 1044 1532 1090 et
1571 1035 1696 1105 quia
1739 1043 1795 1087 tu
1833 1031 2116 1087 nobiscum

510 1121 824 1214 repudiatus
869 1154 966 1202 es,
1017 1145 1072 1191 et
1121 1133 1244 1189 ideo
1298 1129 1579 1186 nobiscum
1619 1140 1808 1196 regna.
1856 1123 1968 1180 Nec
2014 1121 2121 1177 hoc

515 1237 737 1310 quidem
787 1231 1054 1288 beneficio
1093 1235 1284 1289 vacat,
1328 1221 1473 1294 quod
1519 1220 1644 1276 dum
1687 1232 1790 1273 uos
1827 1216 1983 1273 bellis
2024 1229 2118 1271 oc-

517 1346 782 1402 cupamur
821 1325 1107 1389 civilibus,
1153 1329 1210 1376 tu
1251 1317 1572 1374 indomitam
1611 1315 1851 1370 Arabum
1902 1319 2120 1384 gentem

516 1421 802 1494 subjecisti
823 1461 838 1487 ,
872 1419 995 1491 quia
1035 1414 1347 1471 Iudaeorum
1382 1409 1567 1467 b0stes
1597 1421 1696 1479 pro
1736 1405 1937 1462 nostris
1967 1403 2122 1459 duci-

515 1534 656 1574 mus.
691 1513 858 1571 Nobis
888 1513 1033 1568 enim
1067 1523 1216 1562 arma
1250 1504 1492 1560 inferunt
1516 1543 1530 1567 ,
1564 1499 1659 1572 qui
1689 1515 1785 1554 vos
1820 1499 2122 1554 lacessunt.

516 1611 688 1668 Nobis
716 1622 846 1679 ergo
875 1603 1143 1667 militasti,
1169 1616 1290 1656 cum
1323 1597 1424 1652 tibi
1453 1599 1702 1650 vinceres
1735 1610 1750 1646 :
1801 1602 1856 1648 et
1901 1591 2025 1646 ideo
2075 1598 2129 1644 te

525 1701 1017 1762 remunerahimus,
1055 1706 1112 1749 ut
1137 1708 1363 1764 regnum
1392 1700 1542 1745 tuum
1565 1690 1922 1744 contirmetur
1939 1694 2128 1740 nostro

2216 743 2270 797 in
2299 742 2414 816 ipsa
2441 754 2566 796 arce
2593 741 2758 810 regia:
2783 738 2980 794 domus
3003 737 3215 809 gemina
3241 733 3573 800 habitacula,
3597 732 3806 813 maximi

2216 810 2453 892 ambitus
2481 844 2536 891 et
2575 833 2839 890 mirabilis
2868 829 3284 902 pulchritudinis
3304 869 3320 897 ,
3371 842 3604 900 quorum
3634 810 3810 898 gratia:

2218 930 2355 986 nihil
2383 929 2777 986 conferendum
2826 926 3132 983 arbitreris.
3183 925 3360 982 Unum
3411 924 3604 979 earum
3640 919 3810 977 Caesa-

2220 1022 2363 1078 rium
2388 1064 2404 1088 ,
2437 1021 2667 1078 alterum
2699 1019 3018 1093 Agrippium
3049 1016 3465 1088 nuncupabatur
3489 1055 3506 1083 ,
3549 1023 3607 1070 ut
3630 1014 3681 1069 in
3709 1013 3812 1069 suis

2220 1117 2431 1173 aedibus
2461 1126 2734 1173 tantorum
2763 1116 3064 1170 amicorum
3091 1110 3344 1167 diuturna
3373 1108 3638 1164 memoria
3681 1107 3814 1163 cele-

2223 1211 2495 1268 braretur.
2547 1209 2748 1267 Urbem
2780 1222 3000 1280 quoque
3043 1204 3310 1262 Sebastcn
3359 1217 3472 1258 non
3510 1201 3685 1257 solum
3729 1215 3814 1256 rer

2225 1302 2536 1370 aedificavit,
2563 1303 2659 1359 sed
2691 1301 2854 1358 etiam
2882 1299 3112 1370 replevit
3142 1295 3598 1354 inhabitantibus.
3645 1294 3718 1350 Ac
3754 1308 3817 1350 ne

2226 1397 2437 1468 singula
2463 1411 2783 1467 persequar,
2811 1393 2956 1449 haud
2987 1391 3159 1448 ullum
3187 1389 3345 1446 facile
3366 1387 3632 1460 praeteriit
3650 1386 3816 1442 locum

2226 1500 2566 1547 vetustarum
2599 1489 2840 1557 urbium,
2873 1503 3034 1558 quem
3066 1501 3174 1542 non
3200 1491 3497 1542 renovaret
3524 1481 3816 1549 labentem,

2229 1593 2321 1640 aut
2343 1583 2545 1640 additis
2570 1599 2693 1655 quae
2713 1582 2912 1639 deesse
2932 1579 3281 1646 videbantur,
3311 1577 3564 1634 aediﬁciis
3586 1583 3814 1631 ornaret.

2233 1679 2610 1735 Liberalitates
2638 1689 2856 1750 quoque
2900 1691 3029 1733 suas
3081 1689 3252 1746 usque
3295 1675 3361 1728 ad
3409 1669 3817 1743 quinquennalia

531 1811 783 1854 munere.
831 1790 1051 1846 Interim
1087 1786 1219 1843 nihil
1259 1783 1599 1840 imminuisse
1632 1797 1740 1835 non
1767 1793 1929 1850 parva
1959 1776 2133 1848 gratia
2161 1782 2210 1843 Β
2235 1774 2545 1831 diffundens
2587 1773 2885 1829 certamina
2915 1791 2929 1828 :
2976 1771 3120 1827 unde
3168 1768 3299 1824 illttd
3343 1767 3631 1824 hominum
3663 1778 3820 1836 genus

525 1900 610 1946 est
638 1906 652 1943 :
680 1887 992 1943 adorieuiur
1025 1882 1077 1936 in
1101 1880 1368 1949 reliquutn
1402 1917 1417 1942 ,
1450 1883 1510 1929 tit
1538 1889 1647 1930 non
1681 1875 1934 1942 requiras
1960 1868 2134 1924 Anto-

529 1985 702 2038 nium.
736 1979 920 2050 Neque
945 1976 1088 2031 enim
1119 1971 1345 2043 dignum
1376 1978 1460 2025 est
1481 2009 1496 2032 ,
1527 1977 1587 2021 ttt
1624 1981 1786 2036 quem
1821 1964 1965 2020 bello
1996 1962 2130 2017 vici-

529 2092 676 2140 mus,
711 2088 817 2128 non
847 2072 1132 2124 vincamus
1159 2062 1569 2120 benevolentia.
1595 2058 1727 2112 Cum
1763 2057 1881 2111 haec
1906 2053 2139 2110 dixisset

528 2166 714 2223 Ctesar
763 2161 1022 2231 imposuit
1059 2155 1310 2211 diadema
1359 2153 1522 2221 capiti
1571 2150 1731 2220 eius,
1785 2147 2135 2203 sedulitatem

529 2259 830 2330 adiungens
859 2251 1090 2308 muneri.
1125 2249 1240 2317 Qua
1272 2244 1590 2317 dignatione
1617 2242 1852 2297 Caesaris
1879 2239 2142 2295 invitatus

533 2347 847 2408 Alexander
869 2388 882 2411 ,
913 2360 982 2400 ex
1011 2341 1204 2397 amicis
1231 2337 1456 2396 Antonii
1483 2335 1656 2391 virum
1685 2336 1771 2390 cui
1803 2333 1988 2388 Cmsar
2019 2349 2139 2386 ma-

533 2447 678 2501 xime
703 2442 1097 2513 indignaretur,
1118 2435 1308 2491 volens
1334 2429 1612 2486 abducere
1635 2427 1946 2493 oﬂ‘ensioni,
1971 2424 2140 2481 multa

532 2537 858 2610 deplorabat
923 2545 1086 2602 prece
1138 2547 1151 2583 :
1205 2525 1300 2584 sed
1357 2524 1660 2590 indignatio
1715 2521 1879 2576 nimia
1931 2519 2141 2574 nullum

533 2631 707 2687 venia:
750 2630 927 2683 locum
952 2623 1195 2693 reliquit.
1238 2617 1722 2676 Proficiscentibus
1746 2615 1869 2670 inde
1893 2615 1944 2669 in
1975 2613 2146 2687 IEgy-

534 2735 708 2795 ptum,
743 2728 1066 2789 prosecutus
1094 2713 1328 2770 Caesaris
1351 2711 1456 2767 iter
1480 2708 1837 2781 suppeditatis
1868 2707 2142 2774 omnibus,

533 2829 656 2886 quae
685 2811 770 2867 vel
798 2809 904 2880 ipsi
931 2807 1020 2864 vel
1051 2804 1316 2864 exercitui
1350 2804 1470 2858 usui
1523 2803 1703 2858 [orent
1725 2843 1739 2866 ,
1790 2799 2031 2854 maxima
2063 2797 2146 2852 sui

531 2905 708 2979 gratia
753 2899 1100 2972 imperatoris
1131 2898 1234 2952 sibi
1285 2895 1466 2952 studia
1515 2892 1832 2949 conciliavit
1860 2890 2144 2947 Herodes:

537 3001 819 3074 praecipue
850 2996 972 3068 quia
1011 2995 1066 3050 in
1097 2993 1232 3049 locis
1259 2991 1593 3047 aridioribus
1623 3003 1798 3058 usque
1826 2987 2102 3043 Pelusium
2129 3027 2146 3054 ,

539 3094 710 3167 regali
747 3089 1061 3164 provisione
1096 3102 1358 3159 aquarum
1389 3085 1666 3141 afﬂuentia
1699 3081 2146 3137 subministrata:

2236 1870 2423 1927 eii'usis
2451 1867 2662 1925 divitiis
2687 1864 3060 1938 locupletavit.
3107 1863 3400 1934 Templum
3440 1862 3606 1917 etiam
3638 1856 3818 1915 Caesari

2235 1963 2306 2019 de
2329 1976 2604 2018 marmore
2631 1960 2757 2016 albo
2783 1958 3030 2015 condidit
3075 1957 3141 2013 ad
3171 1958 3348 2012 fontes
3377 1953 3632 2011 Iordanis
3655 1995 3669 2019 ,
3701 1950 3822 2006 adeo

2239 2058 2526 2112 immemor
2550 2055 2728 2110 factus
2770 2053 3050 2126 religionis
3079 2094 3094 2120 ,
3127 2062 3180 2106 ut
3213 2049 3420 2106 homini
3461 2047 3715 2118 templum
3745 2058 3824 2100 sa-

2237 2160 2440 2216 craret,
2475 2165 2740 2220 usumque
2763 2149 3006 2220 gentium
3036 2147 3090 2202 in
3118 2145 3359 2201 Judatam
3389 2142 3688 2199 induceret.
3727 2138 3823 2194 Lo-

2241 2263 2304 2301 co
2328 2236 2525 2301 nomen
2555 2244 2781 2316 Panium
2812 2251 2932 2299 est:
2965 2240 3054 2297 tibi
3086 2254 3243 2295 mons
3283 2237 3588 2293 altitudinis
3612 2233 3823 2290 excelsa:

2241 2340 2446 2394 vertice
2475 2351 2690 2392 summo
2715 2335 2768 2392 in
2799 2335 3032 2392 sublime
3060 2331 3379 2405 porrigitur,
3409 2329 3565 2400 cuius
3590 2326 3642 2383 in
3672 2327 3825 2381 latere

2244 2432 2561 2488 umbrosum
2591 2431 2835 2502 aperitur
2861 2440 3080 2484 antrum
3109 2469 3125 2495 ,
3177 2443 3276 2497 per
3309 2425 3456 2498 quod
3483 2420 3825 2496 graveolentis

2245 2526 2526 2597 praccipitii
2559 2524 2888 2596 profundum
2917 2537 3115 2580 saevam
3148 2521 3373 2578 exhalat
3410 2517 3709 2592 mephitim.
3752 2514 3827 2569 ln-

2249 2630 2334 2676 tus
2364 2635 2626 2690 aquarum
2665 2617 3016 2690 congregatio
3040 2657 3057 2684 ,
3106 2625 3160 2672 et
3187 2617 3307 2671 sine
3346 2615 3460 2671 ullo
3488 2623 3633 2670 motu
3675 2608 3826 2666 multa

2246 2715 2329 2770 vis
2377 2715 2590 2779 inerat,
2648 2721 2705 2767 ut
2752 2711 3042 2767 aestimatio
3087 2708 3370 2781 profundae
3412 2704 3705 2763 altitudinis
3731 2714 3825 2757 non

2249 2804 2836 2876 comprehenderetur.
2884 2803 3041 2860 Foris
3083 2811 3265 2858 autem
3309 2801 3458 2857 circa
3503 2799 3668 2870 ipsius
3701 2791 3827 2851 antri

2251 2898 2466 2955 radices
2493 2899 2669 2954 fontes
2695 2896 3000 2952 scaturiunt
3030 2913 3044 2951 :
3074 2894 3221 2950 unde
3249 2903 3433 2949 ortum
3461 2891 3574 2948 illic
3600 2884 3827 2946 Jordanis

2253 2995 2499 3066 plerique
2526 2994 2868 3050 mstimavere
2893 3010 2906 3046 :
2937 2991 3090 3047 nobis
3120 2999 3338 3057 tamen,
3373 2987 3503 3061 quid
3530 2985 3719 3042 veritas
3741 2981 3826 3037 ba-

2256 3090 2418 3154 beat,
2454 3089 2506 3142 in
2536 3086 2929 3159 posterioribus
2953 3084 3309 3156 aperiendum
3333 3083 3572 3140 videtur.
3621 3080 3743 3136 Erat
3780 3075 3826 3128 itt

547 3186 743 3258 quibus
771 3181 970 3240 ofliciis
1000 3191 1209 3236 tantum
1237 3179 1320 3234 sui
1343 3192 1584 3232 amorem
1613 3174 1848 3231 infundit
1875 3173 2142 3242 omnibus,

2259 3183 2546 3238 maritimis
2575 3181 2788 3246 civitas,
2818 3195 2941 3252 qua:
2969 3179 3240 3236 Stratonis
3267 3179 3437 3234 turris
3462 3173 3823 3248 appellabatur,

544 3289 605 3334 ut
632 3277 754 3348 plus
785 3275 1064 3331 videretur
1107 3271 1378 3328 meruisse
1418 3285 1578 3341 quam
1627 3267 1927 3338 accepisse.
1977 3265 2151 3322 Minor

541 3383 760 3443 quoque
789 3364 942 3437 regni
981 3371 1226 3434 potestas
1253 3403 1267 3428 ,
1317 3376 1478 3433 quam
1524 3359 1879 3414 humanitatis
1923 3359 2152 3430 largitas

544 3464 931 3522 aestimaretur.
981 3458 1137 3517 Unde
1167 3457 1351 3513 Cmsar
1379 3471 1447 3512 ex
1493 3455 1763 3511 sententia
1812 3447 1974 3509 rebus
2013 3454 2152 3509 intra

547 3555 838 3629 IEgypmm
883 3552 1088 3624 gestis,
1139 3549 1379 3605 Antonio
1425 3557 1479 3603 et
1504 3548 1791 3618 Cleopatra
1839 3546 2110 3604 defunctis
2137 3588 2152 3614 ,

549 3667 657 3709 non
713 3649 891 3705 solum
935 3661 1056 3718 quin
1107 3643 1360 3713 adempta
1409 3652 1565 3699 erant
1629 3643 1826 3698 llerodi
1870 3641 2151 3708 reddidit;

556 3759 743 3801 verum
775 3745 938 3798 etiam
989 3749 1188 3809 praeter
1217 3736 1311 3792 illa
1362 3751 1483 3807 qua:
1526 3735 1811 3807 Cleopatra
1844 3743 2153 3803 averterat,

554 3836 847 3901 Gadarum,
875 3833 1111 3904 Joppen,
1142 3829 1446 3886 Samariam
1494 3843 1713 3900 quoque
1762 3828 1815 3884 ei
1862 3830 2152 3885 concessit.

553 3929 849 3987 Maritimas
875 3939 1093 3996 quoque
1121 3922 1309 3988 urbes,
1332 3921 1554 3988 Gazam,
1580 3920 1995 3987 Aritbedanam,
2020 3920 2154 3992 Jop-

557 4044 685 4100 pen,
713 4025 906 4081 turrim
934 4021 1208 4078 Stratonis
1235 4019 1398 4074 simul
1431 4017 1690 4074 donavit:
1723 4017 2158 4089 quadringentos

560 4137 778 4192 quoque
825 4118 1119 4188 stipatores
1165 4130 1232 4169 ex
1272 4112 1443 4170 Gallia
1485 4113 1682 4183 quibus
1726 4121 1882 4182 septa
1935 4111 2158 4168 incede-

564 4217 656 4272 bat
699 4213 988 4282 Cleopatra
1016 4251 1030 4276 ,
1098 4207 1164 4263 ad
1213 4205 1515 4262 custodiam
1561 4205 1812 4275 corporis
1862 4205 1977 4277 regi
2029 4220 2160 4260 con-

559 4308 762 4375 cessit,
793 4306 1071 4375 multaque
1101 4303 1228 4357 alia.
1279 4298 1389 4356 Sed
1439 4299 1522 4355 his
1552 4299 1806 4355 omnibus
1849 4315 1943 4356 rex
1991 4300 2160 4371 pluris

563 4401 799 4460 habebat
820 4439 837 4465 ,
868 4397 994 4470 quia
1024 4412 1053 4450 a
1079 4393 1296 4450 Caesare
1326 4407 1492 4464 super
1518 4407 1709 4447 omnes
1734 4433 1749 4458 ,
1796 4391 1930 4448 infra
1963 4394 2160 4470 Agrip-

565 4509 685 4564 pam
733 4467 912 4546 tamen
940 4529 954 4554 ,
1001 4485 1325 4558 diligebatur
1363 4500 1379 4548 ;
1431 4483 1498 4540 ab
1545 4482 1781 4556 Agrippa
1813 4525 1827 4552 ,
1875 4483 2009 4541 infra
2039 4467 2162 4542 Ca}.

559 4601 758 4641 sarem.

1127 4670 1354 4730 CAPUT
1392 4669 1613 4728 XXXV.

632 4769 1048 4843 Quiutodecimo
1074 4767 1257 4838 itaque
1300 4769 1384 4825 sui
1413 4769 1562 4840 regni
1589 4783 1772 4837 anno,
1823 4779 1878 4826 ut
1927 4749 2160 4827 beatitu-

560 4865 675 4922 dini
701 4879 812 4921 sure
843 4860 1205 4933 responderet
1232 4868 1287 4917 et
1314 4861 1504 4932 gratim
1527 4901 1544 4928 ,
1573 4870 1724 4918 tanto
1753 4879 1932 4920 rerum
1964 4879 2159 4920 secun-

559 4961 750 5014 darum
782 4971 1038 5013 successu
1072 4956 1282 5010 levatus
1309 4996 1324 5023 ,
1376 4955 1442 5010 ad
1496 4956 1750 5025 pietatem
1791 4958 2024 5015 intendit
2058 4976 2071 5013 :
2102 4967 2158 5015 et

558 5061 618 5107 ut
644 5067 706 5108 se
731 5059 938 5122 gratum
970 5047 1286 5104 cmlestibus
1335 5046 1389 5101 in
1434 5062 1494 5102 se
1523 5061 1686 5118 supra
1732 5049 1949 5106 modum
1981 5050 2157 5107 fluen-

559 5147 702 5204 tibus
749 5143 1027 5201 beneﬁciis
1076 5143 1522 5210 demonstraret,
1588 5145 1846 5215 templum
1901 5144 2152 5203 ornavit:

551 5254 878 5309 omnemque
910 5235 1062 5291 illum
1093 5235 1237 5290 circa
1287 5236 1545 5306 templum
1592 5235 1696 5293 loci
1747 5237 2013 5296 ambitum
2048 5240 2155 5296 cir-

551 5329 899 5390 cumvallavit
921 5343 1078 5384 muro
1102 5369 1118 5394 ,
1149 5326 1547 5399 geminatisque
1577 5330 1767 5399 spatiis
1791 5330 2010 5388 inclusit
2051 5333 2152 5388 im-

551 5442 742 5485 menso
776 5420 1080 5481 aedificandi
1106 5429 1322 5493 sumptu
1350 5432 1404 5478 et
1434 5424 1704 5494 exquisito
1733 5425 1953 5482 decore.
2004 5426 2151 5485 Indi-

546 5519 634 5577 cio
656 5528 813 5577 erant
843 5531 1052 5588 magna:
1078 5514 1226 5572 circa
1254 5517 1552 5572 sacrarium
1584 5519 1852 5590 porticus,
1882 5536 2016 5593 quas
2047 5537 2150 5578 ex-

2249 3275 2362 3348 jam
2390 3277 2529 3331 lessa
2558 3274 2715 3330 hellis
2760 3272 3172 3345 frequentibus,
3224 3280 3281 3329 et
3325 3279 3598 3327 vetustate
3626 3268 3730 3338 ipsa
3759 3264 3827 3316 in-

2254 3370 2455 3426 cliuata
2481 3368 2534 3423 in
2561 3369 2774 3424 ruinam
2801 3385 2814 3422 :
2845 3367 3252 3439 opportunitate
3279 3375 3461 3423 tamen
3482 3373 3538 3421 et
3554 3360 3714 3435 gratia
3737 3353 3826 3412 loci

2258 3463 2620 3534 przeeminens
2641 3502 2656 3529 ,
2688 3477 2849 3533 quam
2876 3461 3158 3517 renovavit
3189 3459 3370 3531 lapide
3417 3458 3540 3514 albo
3564 3499 3579 3524 ,
3609 3467 3660 3511 et
3687 3448 3828 3506 variis

2256 3555 2472 3610 ornavit
2515 3553 2760 3610 aedificiis
2786 3595 2802 3622 ,
2851 3562 3016 3624 atque
3067 3553 3121 3608 in
3149 3568 3211 3608 ea
3257 3545 3706 3623 magnanimitatis
3730 3553 3828 3596 sua:

2258 3648 2521 3704 virtutem
2546 3655 2600 3702 et
2626 3647 2953 3718 elegantiam
2985 3645 3164 3718 operis
3193 3646 3488 3714 expressit.
3535 3642 3676 3698 Inter
3712 3633 3828 3689 duas

2205 3762 2217 3771 ι
2256 3743 2402 3800 enim
2438 3742 2736 3798 maritimas
2759 3742 2932 3808 urbes
2956 3782 2971 3806 ,
3019 3742 3214 3798 Doram
3243 3750 3409 3812 atque
3430 3739 3633 3810 Joppen
3664 3735 3754 3789 sita
3779 3728 3825 3782 in

2258 3837 2440 3894 medio
2471 3854 2487 3892 :
2521 3846 2753 3909 utraque
2795 3852 2863 3893 ex
2893 3845 3047 3909 parte
3079 3837 3474 3907 perstringitur
3521 3837 3824 3904 importuoso

2258 3931 2470 4000 littore,
2519 3941 2576 3986 ut
2615 3945 2807 3987 omnes
2840 3929 3168 4001 quicumque
3197 3947 3264 3986 ex
3292 3929 3532 4004 Egypto
3562 3920 3824 3983 Phoenicen

2259 4033 2647 4095 praetermeare
2673 4023 3010 4088 desiderant,
3037 4022 3093 4078 in
3120 4023 3236 4079 salo
3261 4022 3528 4079 ﬂuctuant
3549 4061 3565 4088 ,
3598 4016 3711 4087 quia
3736 4011 3828 4066 [τεο

2259 4126 2490 4188 quenter
2515 4117 2628 4172 illic
2654 4131 2803 4172 mare
2828 4116 3006 4173 ventis
3033 4116 3320 4182 excitatur,
3351 4125 3410 4171 et
3436 4113 3660 4171 maxime
3687 4102 3827 4176 Lybi-

2260 4225 2328 4269 co
2355 4212 2655 4282 spiramine
2681 4253 2695 4278 ,
2745 4212 2900 4284 cujus
2926 4212 3088 4269 etiam
3115 4211 3488 4268 moderatiore
3510 4207 3630 4264 flatu
3655 4202 3826 4258 ﬂuctus

2260 4305 2566 4362 attollitur:
2618 4305 2853 4378 denique
2880 4305 3055 4363 illisus
3087 4307 3548 4378 praecurrentibus
3589 4298 3752 4359 saxis,
3779 4296 3826 4345 et

2262 4398 2436 4454 fracto
2468 4377 2820 4470 repercussus
2847 4399 3053 4470 impetu
3079 4440 3095 4467 ,
3146 4399 3369 4455 eﬂ'erum
3428 4377 3574 4453 mare
3612 4383 3825 4447 cadendo

2262 4499 2568 4562 eanperat.
2596 4491 2784 4563 itaque
2815 4507 2910 4548 rex
2936 4492 3143 4547 nullum
3173 4492 3437 4562 impensis
3473 4497 3701 4546 statuens
3727 4491 3826 4536 m0-

2183 4565 2239 4628 D
2263 4584 2417 4652 dum,
2450 4585 2893 4656 magnanimitate
2916 4586 3050 4643 vicit
3077 4595 3322 4642 naturam
3347 4628 3361 4653 ,
3395 4591 3703 4657 portumque
3728 4586 3823 4629 ma-

2256 4679 2435 4751 jorem
2479 4679 2654 4751 Pyreo
2702 4681 3020 4748 constituit;
3068 4688 3230 4752 atque
3279 4681 3332 4736 iu
3363 4697 3430 4736 eo
3461 4681 3722 4750 penetrata
3748 4681 3823 4723 ru-

2261 4774 2408 4844 pium
2450 4775 2741 4842 vastitate,
2775 4776 3041 4832 stationes
3083 4783 3224 4831 tutas
3265 4773 3584 4848 composuit.
3637 4767 3823 4824 Mensus

2261 4886 2480 4942 quoque
2509 4871 2746 4942 spatium
2776 4871 2922 4944 quod
2970 4871 3327 4944 magnitudini
3379 4877 3564 4943 portus
3596 4854 3821 4920 conveni-

2259 4973 2364 5034 ret,
2397 4979 2524 5020 saxa
2556 4965 2790 5035 ingentia
2823 4965 2877 5021 in
2910 4981 3064 5021 mare
3088 4965 3218 5037 jecit
3241 5006 3256 5033 ,
3283 4964 3478 5036 quibus
3504 4962 3695 5017 inesset
3717 4948 3817 5020 Ρ¹⁸⁴

2262 5059 2448 5130 risque
2473 5060 2703 5116 altitudo
2734 5060 2931 5132 pedum
2959 5061 3349 5132 quinquaginta
3373 5101 3390 5128 ,
3421 5058 3539 5116 aliis
3565 5052 3713 5111 etiam
3737 5057 3819 5099 ex-

2262 5151 2482 5207 celsior.
2527 5153 2785 5208 Distinxit
2814 5154 2990 5224 ipsum
3024 5155 3277 5210 maximis
3323 5153 3558 5210 turribus
3593 5151 3815 5219 portum.

2258 5259 2487 5315 quarum
2516 5261 2676 5300 unam
2707 5246 2940 5310 Πευείοη
2972 5248 3208 5316 vocavit,
3243 5256 3301 5302 ut
3333 5245 3488 5303 Drusi
3515 5253 3719 5301 nomen,
3741 5226 3816 5298 qui

2257 5337 2324 5394 de
2354 5338 2584 5394 Caesaris
2613 5338 2912 5408 majoribus
2939 5338 3039 5395 fuit
3066 5381 3082 5406 ,
3122 5339 3422 5412 insignibus
3451 5337 3532 5395 sui
3558 5327 3720 5403 operis
3743 5323 3815 5412 inr-

2253 5439 2486 5487 texeret.
2549 5431 2762 5488 Gradus
2811 5432 2973 5489 etiam
3020 5411 3302 5491 breviores
3349 5433 3483 5491 locis
3533 5411 3816 5492 interposuii

2252 5521 2715 5596 frequentioribus
2739 5569 2756 5595 ,
2807 5540 2906 5598 per
2927 5541 3066 5599 quos
3092 5528 3213 5585 sine
3241 5528 3392 5599 gravi
3417 5525 3596 5583 labore
3635 5505 3814 5579 nﬂ'iﬁi‘

619 5690 644 5718 ιι
678 5676 988 5752 Legendum
1038 5676 1252 5736 videtur
1275 5718 1292 5747 ,
1321 5677 1532 5734 Antonii
1561 5686 1784 5735 castrum
1809 5697 1829 5732 :
1871 5679 1954 5736 vel
1977 5680 2024 5738 si
2073 5682 2275 5754 mavis,
2303 5683 2587 5742 Antonium
2641 5685 2759 5744 sive
2799 5689 3118 5744 Antoninum
3158 5699 3387 5745 castrum
3431 5678 3625 5742 Antonii
3651 5664 3809 5750 gratia.

544 5753 721 5816 Baeti.
