4112 6350
300 395 441 455 2001

1160 403 1427 466 HISTOH.
1473 406 1563 465 DE
1605 406 1887 467 EXCIDIO
1917 404 2192 464 HIEROS.
2235 405 2459 464 URBIS.
2502 406 2630 465 LIB.
2664 408 2705 465 Ι.

3460 414 3605 472 2002

300 515 750 575 subducerentur.
800 518 998 575 Tribus
1026 520 1187 576 etiam
1215 522 1445 579 colossis
1474 524 1781 596 ingentibus
1808 535 1894 581 ιο·
1922 528 1972 587 Α
2002 520 2136 591 regii
2181 523 2401 593 generis
2430 564 2443 587 ,
2486 532 2541 578 et
2566 522 2656 578 diu
2689 523 2971 580 exercitati
3005 525 3284 598 privilegio
3310 526 3597 597 potestatis

303 621 411 666 tam
444 622 631 682 portus
676 613 824 669 illius
864 614 1096 685 gratiam
1144 618 1467 674 venuSIavit.
1518 620 1716 676 lterum
1766 631 1899 676 tem-

299 706 449 777 plum
481 704 712 763 Ciesaris
740 710 953 765 editiori
985 710 1228 768 fundavit
1257 714 1398 779 loco,
1422 722 1475 770 et
1504 714 1690 785 templi
1718 714 1897 770 medio

299 799 572 855 colossum
600 803 885 858 constituit
925 806 1150 875 AuguSti
1185 808 1438 873 nomine,
1487 808 1634 862 velut
1674 808 1899 863 simula-

298 907 452 946 crum
484 893 653 963 ipsius
676 936 692 961 ,
741 894 885 966 quod
937 912 1043 952 n0n
1077 898 1302 954 minoris
1347 901 1730 972 magnitudinis
1759 903 1898 958 foret

298 985 594 1042 simulacro
616 987 851 1061 Olympii
878 989 1030 1046 Jovis
1048 1001 1143 1046 aut
1167 991 1393 1048 Junonis
1416 995 1649 1065 Argivm.
1676 995 1896 1051 Nescias

298 1080 754 1151 pulchritudinem
786 1083 840 1139 in
869 1084 1030 1139 tantis
1059 1085 1461 1143 difficultatibus
1486 1131 1499 1153 ,
1532 1104 1600 1144 au
1644 1088 1893 1145 validita-

298 1184 405 1229 tein
439 1176 624 1245 aperis
658 1193 672 1242 ;
719 1192 782 1232 ac
830 1179 1223 1234 munimentum
1255 1180 1310 1235 in
1343 1189 1494 1235 tanto
1524 1181 1719 1238 decore
1759 1198 1897 1251 pra:-

295 1277 445 1325 stare
482 1270 716 1341 amplius
751 1282 909 1341 putes
932 1316 946 1340 ,
999 1273 1435 1344 quandoquidem
1466 1274 1754 1331 insolubile
1781 1291 1897 1331 nta-

298 1374 424 1419 neat
450 1380 611 1435 opus,
643 1375 697 1422 et
722 1366 858 1421 mari
891 1374 947 1422 et
975 1370 1251 1423 vetustati:
1279 1369 1527 1425 Accessit
1550 1370 1730 1441 itaque
1754 1371 1804 1425 in
1829 1386 1894 1424 eo
1920 1366 1925 1369 ’

294 1474 461 1528 opere
492 1460 773 1530 multiplex
800 1461 998 1532 gratia.
1029 1460 1165 1519 Nam
1192 1473 1246 1519 et
1274 1463 1405 1519 urbs
1436 1465 1669 1519 maxima
1706 1479 1891 1520 accre-

294 1553 371 1608 vit
402 1555 796 1623 provinciae,‘_et
827 1567 1015 1626 portus
1038 1558 1416 1629 navigantibus
1442 1599 1457 1626 ,
1490 1568 1544 1615 et
1574 1558 1747 1614 honor
1776 1560 1895 1615 Ca:-

291 1647 401 1702 sari
433 1688 449 1714 ,
497 1647 655 1719 cujus
724 1663 791 1705 ex
838 1650 1060 1706 nomine
1086 1649 1331 1706 Cazsarea
1400 1651 1452 1707 in
1500 1650 1895 1722 boc‘tempore

291 1751 539 1799 νοοειιιιτ.

830 1836 1061 1896 CAPUT
1100 1838 1345 1897 XXXVI.

2003 615 2269 672 incertum
2295 660 2309 683 ,
2344 630 2410 670 an
2442 616 2511 670 ab
2538 632 2605 672 eo
2632 618 2903 673 absunere
2934 634 2995 675 se
3032 629 3250 690 posset,
3294 620 3600 675 aestimaba-

2001 717 2109 766 tur.
2141 710 2391 781 Laqueus
2420 712 2579 782 igitur
2604 714 2795 768 mortis
2822 713 3094 785 Hyrcano,
3122 716 3431 786 conjugium
3461 730 3596 785 nep-

2002 802 2071 857 tis
2095 802 2191 858 fuit
2220 845 2234 869 ,
2269 803 2422 873 cujus
2454 807 2625 875 gratia
2673 808 2987 877 properavit
3025 808 3091 864 ad
3124 808 3391 865 Herodem
3439 828 3453 865 :
3505 825 3602 865 ne-

2005 895 2173 962 scius,
2220 896 2387 951 tutius
2412 914 2477 952 ne
2506 898 2645 970 apud
2679 899 2891 955 hostem
2919 900 3161 971 captivos
3189 901 3410 973 degere,
3438 917 3599 971 quam

1999 990 2141 1059 apud
2182 1006 2362 1061 regem
2396 993 2746 1064 propinquos.
2796 993 2949 1049 Nulla
2991 996 3169 1067 itaque
3206 997 3289 1051 vel
3338 996 3442 1052 levi
3476 1012 3599 1068 reg-

1999 1082 2160 1138 nandi
2190 1084 2523 1154 suspicione,
2556 1086 2657 1141 hoc
2688 1086 2805 1141 solo
2838 1088 3195 1158 interemptus
3220 1096 3305 1144 est
3330 1130 3344 1154 ,
3372 1088 3515 1159 quod
3546 1088 3598 1144 ei

1998 1186 2307 1247 competere
2339 1194 2563 1248 regnum
2596 1180 2900 1236 videbatur.
2956 1182 3223 1253 Diligebat
3251 1183 3460 1240 interea
3487 1183 3600 1239 Ma-

1998 1270 2263 1325 riamncm
2292 1272 2539 1342 impenso
2567 1287 2771 1337 amore.
2804 1289 2905 1330 nec
2927 1274 3189 1330 offensam
3222 1276 3472 1343 volebat;
3505 1292 3601 1331 cu-

1998 1363 2301 1419 mulaverat
2332 1365 2527 1420 mulier
2556 1368 2783 1437 gratiam
2831 1369 3187 1424 numerosiori
3236 1380 3412 1439 partu.
3460 1370 3594 1425 Nam

1997 1456 2236 1527 quinque
2262 1457 2313 1512 ei
2340 1468 2699 1529 generaverat
2724 1460 2869 1516 ﬁlios
2892 1502 2906 1526 ,
2937 1461 3033 1517 sed
3059 1477 3124 1517 ex
3158 1462 3329 1518 tribus
3361 1462 3598 1518 maribus

1993 1547 2176 1617 junior
2201 1550 2385 1605 Romae
2413 1552 2642 1612 obierat.
2673 1552 2802 1607 dum
2838 1554 3036 1609 litteris
3076 1554 3335 1611 imbuitur
3361 1556 3592 1611 liberali.

1997 1640 2119 1695 bus.
2169 1641 2383 1713 Reliqui
2426 1643 2533 1699 duo
2582 1645 2724 1700 ultra
2782 1648 3115 1716 privatorum
3170 1649 3389 1704 modum
3448 1649 3597 1720 regio

1996 1732 2145 1787 cultu
2176 1733 2621 1791 celebrabantur.
2657 1735 2929 1808 Suﬂ'ragio
2954 1748 3070 1793 erat
3095 1738 3384 1807 juvenibus
3410 1739 3597 1794 matris

1998 1826 2289 1895 nobilitas,
2342 1840 2396 1884 et
2440 1844 2568 1884 suus
2595 1842 2748 1885 ortus
2797 1831 2849 1886 in
2876 1847 3043 1901 regno
3068 1873 3081 1898 ,
3123 1832 3266 1902 quod
3294 1832 3595 1902 imperante

362 1930 510 1987 Hane
550 1932 694 2003 regis
738 1934 1028 2003 potentiam
1076 1936 1359 2007 prosperis
1407 1935 1720 1993 affluentem
1766 1952 1892 1993 suc-

1994 1921 2104 1991 jam
2152 1930 2305 1991 patre
2336 1923 2505 1993 geniti
2547 1922 2761 1989 forent,
2804 1924 2899 1978 sed
2932 1938 3087 1979 amor
3126 1926 3360 1979 maxime
3402 1924 3597 1980 Maria-

287 2024 529 2081 cessibus
572 2026 729 2081 unius
759 2027 1005 2083 mulieris
1032 2031 1270 2098 expetita
1298 2030 1532 2086 societas
1564 2032 1876 2095 inclinavit;

288 2118 605 2189 maestisque
648 2117 866 2189 infregit
894 2120 1172 2176 doloribus
1196 2164 1211 2190 ,
1252 2138 1318 2178 ex
1347 2138 1455 2193 quo
1482 2124 1770 2179 adversum
1792 2124 1883 2195 jus

284 2210 473 2284 fasque
496 2212 805 2285 conjugium
833 2213 1094 2286 dignitate
1123 2217 1300 2287 potius
1324 2217 1545 2288 generis
1571 2234 1734 2289 quam
1756 2220 1885 2275 cha-

284 2304 486 2373 ritate,
534 2322 633 2361 usu
682 2307 917 2378 quodam
968 2309 1116 2380 regio
1153 2311 1487 2367 metiendum
1531 2313 1879 2370 existimavit.

282 2398 527 2455 Habebat
572 2410 752 2455 autem
794 2402 846 2456 iu
890 2404 1262 2471 consortium,
1317 2406 1569 2461 Dosidem
1622 2409 1879 2476 nomine,

282 2494 828 2567 llierosolymitanam
885 2496 1143 2553 feminam
1173 2500 1384 2569 privato
1412 2500 1516 2556 sibi
1544 2510 1672 2556 ante
1709 2502 1882 2557 socia-

282 2599 394 2645 tam
417 2634 432 2657 ,
464 2605 583 2661 qua:
606 2591 812 2661 gratior
841 2606 906 2647 eo
936 2607 1056 2648 esse
1088 2592 1383 2659 debuerat,
1420 2608 1527 2664 quo
1551 2592 1731 2650 fuerat
1755 2594 1882 2649 felix

276 2684 512 2751 marito,
560 2700 681 2739 cum
735 2700 838 2755 qua
877 2688 1060 2756 regale
1090 2686 1271 2742 fuerat
1310 2686 1537 2757 adeptus
1583 2686 1879 2758 fastigium.

278 2780 485 2836 Verum
538 2780 826 2835 immemor
873 2780 1063 2850 gratia:
1127 2780 1343 2851 projicit
1372 2781 1651 2850 Dosidem,
1710 2782 1884 2837 sociat

276 2873 633 2930 Mariamnem
675 2873 977 2929 Aristobuli
1034 2883 1295 2944 neptem,
1340 2874 1635 2931 Alexandri
1688 2876 1872 2930 filiam.

277 2970 470 3039 Itaque
494 2968 620 3024 dum
649 2969 896 3041 sequitur
924 2969 1289 3035 nobilitatem,
1321 2970 1377 3025 in
1410 2971 1874 3039 perturbationem

275 3062 487 3128 incidit,
523 3078 627 3133 qua
655 3063 759 3117 sibi
791 3062 986 3118 domus
1016 3065 1233 3133 propria
1266 3079 1375 3118 non
1408 3065 1762 3129 conveniret,
1791 3063 1879 3118 cui

272 3162 615 3219 diversarum
665 3165 1067 3235 provinciarum
1120 3167 1408 3237 multiplex
1472 3166 1877 3238 obtemperaret

274 3257 547 3327 populus:
595 3272 657 3312 ac
705 3274 773 3313 ne
819 3258 965 3313 oculi
1011 3272 1167 3315 novae
1214 3270 1396 3331 nuptcc
1441 3260 1569 3317 odio
1601 3262 1873 3317 novercali

274 3350 426 3405 domi
454 3350 663 3420 posito,
697 3364 763 3405 eo
793 3356 951 3421 quem
985 3352 1139 3407 Dosis
1181 3362 1543 3423 generaverttt
1565 3394 1581 3421 ,
1629 3352 1868 3408 offende-

274 3453 488 3508 rentur,
517 3444 723 3515 ejectus
752 3460 858 3499 non
883 3446 1055 3502 solum
1086 3448 1327 3517 paternis
1357 3448 1561 3504 :cdibus
1587 3491 1601 3515 ,
1642 3449 1737 3505 sed
1765 3458 1874 3505 tota

276 3551 493 3607 quoque
520 3539 651 3592 urbe
677 3536 961 3609 Antipater
992 3539 1011 3611 (
1037 3540 1089 3594 id
1116 3540 1261 3595 enim
1284 3540 1469 3610 juveni
1500 3557 1694 3597 nomen
1720 3544 1739 3613 )
1791 3544 1873 3597 in-

278 3629 473 3685 faustis
503 3632 701 3702 nuptiis
728 3631 905 3687 locum
936 3631 1099 3699 fecit,
1125 3649 1260 3704 quas
1294 3647 1447 3703 pater
1486 3636 1627 3691 unici
1656 3636 1754 3692 filii
1779 3653 1875 3692 ex-

281 3721 409 3776 silio
436 3723 856 3788 concelebravit,
894 3725 1093 3797 vixque
1126 3729 1385 3784 festorum
1418 3729 1626 3783 dierum
1677 3731 1874 3784 solem-

218 3882 226 3887 ,
278 3816 542 3871 nitatibus
595 3818 991 3874 arcessebatur.
1053 3820 1257 3877 Videns
1312 3824 1506 3879 mulier
1555 3824 1873 3896 morigerari

271 3910 381 3966 sibi
410 3910 661 3967 maritum
688 3954 703 3979 ,
755 3914 915 3969 etiam
949 3914 1163 3983 pietatis
1208 3917 1455 3972 convicio
1484 3919 1534 3973 in
1565 3919 1872 3989 superbiam

273 4020 558 4072 conversa,
585 4006 767 4063 addita
796 4018 879 4064 est
904 4009 1067 4064 etiam
1097 4026 1259 4065 causa
1282 4052 1296 4077 ,
1326 4028 1426 4080 qua
1457 4012 1577 4081 jure
1604 4013 1724 4081 ejus
1750 4015 1872 4067 ani-

273 4115 399 4154 mus
437 4099 900 4156 inflammaretur:
953 4103 1075 4174 quia
1106 4103 1413 4176 Hyrcanum
1460 4120 1619 4161 avum
1672 4120 1827 4161 suum
1854 4150 1868 4173 ,

270 4191 379 4245 viri
403 4193 483 4246 sui
514 4192 723 4247 insidiis
748 4204 972 4248 noverat
999 4196 1327 4250 exstincmm
1348 4239 1361 4259 ,
1393 4195 1529 4251 falso
1558 4208 1870 4269 suspectum

269 4298 498 4360 propter
514 4290 660 4357 regni
681 4289 1032 4360 cupiditatem
1053 4308 1063 4345 :
1088 4290 1203 4361 ipse
1221 4300 1323 4354 est,
1357 4292 1424 4346 de
1447 4308 1554 4361 quo
1576 4308 1734 4363 supra
1761 4310 1872 4349 me-

266 4384 629 4451 moravimus,
663 4399 822 4453 quem
858 4382 1299 4440 Barzafarmanes
1327 4388 1415 4455 qui
1441 4385 1620 4443 Persis
1652 4389 1872 4459 imperi-

266 4478 444 4541 tabat,
477 4495 597 4534 cum
630 4487 952 4548 occupasset
979 4478 1212 4549 Syriam,
1244 4482 1513 4551 captivum
1544 4483 1867 4553 abduxerat,

262 4581 437 4642 atque
466 4574 516 4627 in
546 4574 760 4628 Parthia
792 4574 965 4644 primo
996 4582 1290 4639 retentum,
1328 4586 1512 4645 postea
1541 4577 1746 4634 Judmis
1776 4594 1869 4647 po-

263 4667 597 4721 stulantibus
622 4668 710 4736 qui
738 4683 899 4735 supra
931 4668 1261 4737 Euphratem
1284 4666 1678 4737 inhabitabant,
1709 4671 1871 4726 mise-

263 4771 424 4820 ratus
465 4774 664 4817 sortem
718 4763 1025 4837 inclinatam
1070 4766 1429 4834 permiserat:
1473 4776 1634 4837 atque
1664 4770 1868 4824 utinam

265 4863 329 4909 ut
362 4869 654 4911 concessus
686 4856 857 4910 fuerat
884 4856 1300 4926 deprecantibus
1324 4900 1338 4923 ,
1391 4858 1462 4912 ita
1493 4860 1653 4914 etiam
1687 4860 1867 4915 credi~

264 4950 444 5004 tlisset
471 4949 813 5005 mouentibus
840 4993 854 5015 ,
885 4965 952 5004 ne
982 4965 1131 5005 mora
1162 4950 1365 5021 ingenii
1404 4950 1626 5006 humani
1650 4955 1875 5023 propin-

267 5057 501 5110 quorum
534 5057 656 5097 cum
700 5044 935 5112 potentia
974 5042 1331 5111 sollicitaret,
1384 5054 1441 5100 ut
1486 5045 1552 5101 ad
1601 5046 1869 5103 Herodem

272 5136 563 5191 transitum
595 5137 815 5206 faceret,
857 5152 974 5193 eam
1006 5136 1081 5192 illi
1127 5138 1372 5208 periculo
1402 5138 1634 5194 futuram
1660 5182 1674 5205 .
1725 5144 1870 5212 quod

273 5231 453 5286 nullos
480 5232 651 5301 magis
678 5232 827 5301 regni
866 5230 1065 5299 cupido
1092 5232 1369 5301 servandi,
1402 5248 1560 5304 quam
1596 5236 1871 5301 proximos

270 5325 610 5395 exagitaret,
659 5332 819 5403 atque
864 5338 894 5377 a
925 5325 1239 5395 propinquis
1270 5336 1513 5381 caveret.
1544 5326 1746 5383 Verum
1780 5328 1872 5384 ille

273 5418 438 5473 tudio
468 5418 922 5488 peregrinationis
953 5427 1006 5472 et
1036 5432 1256 5473 suorum
1307 5418 1581 5475 desiderio
1626 5422 1874 5478 transivit

272 5511 611 5582 Euphratem
637 5552 651 5576 ,
698 5511 747 5564 in
769 5509 1011 5565 Judzeam
1041 5512 1352 5568 revertitur.
1412 5514 1567 5581 Quod
1611 5515 1774 5571 altius
1815 5515 1869 5571 in

272 5614 465 5676 pectus
495 5603 748 5671 Herodis,
782 5619 941 5673 quam
971 5605 1254 5675 quisquam
1286 5614 1437 5662 ratus
1467 5618 1614 5675 erat,
1647 5608 1874 5664 descen—

270 5703 376 5768 dit,
406 5714 513 5755 non
542 5713 649 5770 quo
680 5698 770 5754 ille
794 5713 1019 5769 regnum
1049 5698 1423 5767 afl‘ectaverit,
1470 5699 1565 5756 sed
1596 5702 1722 5773 quia
1755 5702 1874 5758 viro

1986 2029 2165 2078 mnes,
2180 2032 2286 2085 quo
2305 2031 2398 2071 rex
2419 2016 2588 2088 magis
2606 2018 2882 2087 magisque
2897 2016 3139 2087 quotidie
3160 2016 3559 2073 accendebatur
3579 2034 3593 2070 :

1987 2119 2042 2163 ut
2089 2124 2210 2163 cum
2254 2107 2356 2175 ipsi
2406 2108 2554 2165 nulla
2602 2109 2922 2166 vicissitudo
2962 2110 3165 2165 amoris
3193 2126 3222 2163 a
3250 2111 3480 2180 conjuge
3510 2124 3598 2165 re-

1987 2200 2314 2272 penderetur
2340 2241 2355 2266 ,
2406 2210 2629 2257 caveret
2660 2210 2841 2257 tamen
2869 2246 2882 2269 ,
2936 2217 3004 2257 ne
3054 2202 3104 2255 in
3138 2201 3323 2272 aliquo
3352 2199 3596 2256 mulieris

1984 2296 2229 2350 animum
2259 2294 2652 2351 mmstilicaret.
2683 2294 2860 2367 IEqua
2937 2296 3095 2351 lance
3136 2295 3320 2350 odium
3352 2293 3597 2350 mulieris

1986 2394 2042 2441 ct
2070 2401 2221 2441 amor
2261 2386 2361 2441 viri
2389 2386 2683 2442 adversum
2716 2404 2775 2443 se
2800 2388 3102 2443 certabant.
3151 2387 3359 2443 lustius
3411 2396 3591 2441 tamen

1984 2478 2339 2534 Mariamnem
2364 2489 2635 2534 amantem
2676 2495 2735 2535 se
2759 2481 2933 2534 virum
2962 2479 3155 2535 oderat
3180 2522 3193 2545 ,
3225 2496 3383 2550 quam
3418 2478 3592 2533 llero-

1984 2572 2081 2627 dcs
2114 2572 2464 2627 Mariamuetn
2505 2572 2721 2627 amabat
2752 2587 2858 2627 non
2892 2583 3188 2627 amantem.
3256 2572 3588 2642 Suppetehat

1986 2667 2200 2721 tnulieri
2246 2667 2429 2721 odium
2458 2666 2525 2722 de
2555 2666 2757 2738 flagitio
2781 2707 2795 2729 ,
2845 2665 3041 2722 fiducia
3070 2666 3139 2722 de
3179 2681 3366 2721 amore
3404 2684 3415 2718 :
3465 2663 3590 2735 quia

1985 2758 2158 2813 altero
2186 2757 2375 2813 dolore
2405 2759 2618 2824 nepotis
2650 2758 3061 2824 adversabatur,
3094 2760 3268 2833 altero
3297 2774 3394 2829 per
3422 2757 3587 2814 obse-

1983 2851 2169 2921 quium
2196 2852 2431 2905 amantis
2456 2851 2838 2906 extollebatur.
2897 2852 2964 2907 Et
3012 2852 3135 2907 ideo
3178 2868 3246 2907 ne
3277 2867 3308 2905 a
3338 2851 3587 2907 convicio

1984 2943 2201 3014 quidem
2245 2944 2675 3014 objiciendorum
2724 2945 3010 3000 criminum
3055 2945 3416 3013 temperavit,
3445 2944 3589 3016 quod

1982 3050 2140 3089 avum
2171 3034 2271 3089 sibi
2305 3035 2609 3108 Hyrcanum
2640 3048 2690 3092 et
2732 3036 2951 3092 fratrem
2982 3037 3274 3092 Jonatbam
3326 3054 3420 3106 per
3467 3052 3589 3093 sce—

1982 3129 2068 3185 lus
2098 3129 2435 3200 eripuisset,
2482 3145 2604 3184 cum
2651 3130 2791 3185 alter
2822 3145 3082 3200 prosocer
3115 3173 3129 3197 ,
3178 3131 3316 3187 alter
3362 3130 3583 3185 affinis:

1984 3221 2076 3276 ille
2098 3230 2124 3257 ⁸
2154 3232 2379 3291 propter
2406 3224 2701 3279 seneCIutis
2748 3224 3119 3280 infirmitatem
3150 3227 3355 3280 servari
3387 3226 3587 3281 debue-

1902 3328 1949 3392 ρ
1982 3316 2072 3382 rit,
2098 3316 2184 3370 hic
2215 3317 2405 3372 saltem
2434 3330 2657 3389 propter
2676 3329 2893 3374 :rtatem
2920 3320 3380 3375 adolescentulam
3409 3338 3420 3373 :
3456 3320 3587 3374 faci-

1983 3425 2104 3465 mus
2127 3410 2407 3475 indignum
2438 3453 2451 3474 ,
2484 3412 2567 3465 cui
2596 3422 2803 3479 septem
2834 3423 2887 3466 et
2926 3411 3114 3467 decem
3142 3428 3411 3467 annorum
3455 3412 3587 3467 θόο-

1984 3503 2206 3559 Iescenti
2238 3520 2507 3560 summum
2532 3506 3283 3573 commiseratsacerdotium,
3312 3506 3435 3562 huic
3454 3523 3586 3560 ron-

1983 3600 2135 3652 tinuo
2169 3603 2425 3653 honorem
2459 3600 2729 3663 contulit,
2777 3608 2834 3655 et
2880 3611 3110 3655 mortem
3162 3602 3386 3656 intulit:
3435 3600 3585 3655 nulla

1981 3692 2083 3745 alia
2112 3706 2296 3752 causa.
2334 3701 2390 3745 ut
2416 3691 2749 3760 accepimus,
2783 3692 2883 3746 nisi
2928 3693 3071 3763 quod
3097 3692 3416 3747 saecrdotali
3446 3694 3583 3746 arni-

1980 3789 2068 3837 ctu
2103 3782 2357 3844 indutus,
2406 3784 2493 3836 ubi
2520 3783 2753 3835 accessit
2783 3784 3013 3849 primum
3046 3784 3110 3836 ad
3148 3783 3336 3836 altaria
3369 3793 3587 3836 sacrato

1979 3884 2032 3926 et
2070 3872 2273 3926 celebri
2314 3873 2401 3925 die
2430 3911 2444 3933 .
2495 3871 2673 3926 subito
2716 3872 2945 3943 populus
2998 3874 3389 3943 illacrymavit:
3438 3874 3581 3935 quod

1977 3973 2292 4035 suspectum
2324 3964 2460 4018 adeo
2488 3963 2688 4018 Herodi
2724 3963 2863 4032 fuit,
2917 3972 2975 4018 ut
3024 3981 3130 4034 pra:
3160 3965 3357 4036 gaudio
3386 3964 3581 4020 crede-

1978 4067 2061 4110 ret
2091 4054 2349 4125 populum
2379 4054 2777 4127 illacryntasse,
2807 4067 2967 4124 atque
2986 4056 3122 4110 adeo
3150 4071 3276 4125 erga
3299 4055 3579 4124 Ephebum

1979 4147 2284 4218 prodidisse
2308 4147 2557 4203 affectum
2588 4164 2745 4203 suum
2766 4190 2780 4214 ,
2812 4149 3081 4219 lacrymas
3129 4150 3249 4202 illas
3294 4148 3405 4202 voti
3443 4146 3583 4202 indi-

1976 4256 2105 4305 ces,
2154 4242 2393 4295 studium
2428 4241 2609 4311 populi
2659 4242 2740 4296 sui
2775 4242 3181 4309 periculosum.
3231 4243 3321 4312 qtti
3374 4241 3579 4297 intimis

1978 4334 2278 4389 visceribus
2317 4332 2736 4401 signiﬁcaverit,
2771 4333 2914 4403 quod
2945 4335 3183 4388 studium
3215 4348 3338 4404 erga
3370 4334 3578 4387 cultum

1974 4425 2337 4480 adolescentis
2382 4424 2648 4489 haberet,
2699 4434 2753 4479 et
2785 4424 3019 4479 nobilem
3050 4424 3202 4479 illum
3250 4426 3453 4495 regium
3487 4438 3582 4479 ne-

1977 4526 2157 4587 potem
2211 4516 2523 4587 impotentis
2571 4514 2811 4569 mulieris
2862 4515 3029 4569 iilium
3097 4512 3318 4569 fratrem
3379 4514 3578 4583 regina:

1977 4611 2329 4681 protervioris
2378 4626 2497 4680 quae
2545 4624 2729 4677 regem
2783 4608 2956 4662 virum
2988 4608 3410 4678 dedignaretur,
3457 4623 3582 4673 pro-

1979 4710 2263 4769 rupturum
2293 4700 2358 4752 ad
2390 4698 2795 4769 imperandum,
2839 4701 2939 4754 nisi
2984 4699 3249 4754 maturius
3278 4698 3523 4754 sublatus
3550 4712 3582 4753 θ

1981 4794 2163 4847 medio
2193 4792 2330 4846 foret
2359 4834 2373 4859 ,
2403 4796 2487 4845 cui
2526 4794 2694 4847 forma
2717 4834 2731 4855 ,
2770 4792 2855 4846 cui
2887 4792 3101 4848 decoris
3126 4793 3300 4863 gratia
3328 4802 3583 4864 suppete-

1979 4893 2083 4952 ret,
2115 4884 2310 4955 utjure
2339 4884 2705 4955 praeferendus
2733 4884 2984 4939 oumibus
3014 4888 3397 4941 aestimaretur.
3446 4884 3582 4940 Pro-

1980 4981 2159 5052 posuit
2217 4983 2395 5053 itaque
2446 4982 2848 5037 adolescentem
2906 4979 3157 5035 occidere
3200 4998 3214 5033 :
3265 4979 3581 5051 exagitabat

1980 5089 2104 5129 eum
2136 5083 2308 5129 mater
2330 5074 2701 5131 adolescentis
2726 5116 2741 5138 ,
2789 5090 2909 5143 qua:
2950 5082 3007 5129 et
3041 5073 3107 5127 ad
3141 5072 3577 5143 investigandum

1978 5168 2197 5233 acrior,
2231 5177 2286 5222 ct
2332 5169 2397 5222 ad
2447 5167 2811 5221 ulciscendum
2842 5166 3219 5222 vehementior
3245 5206 3260 5230 ,
3315 5164 3446 5220 nihil
3485 5178 3579 5220 oc-

1981 5264 2182 5318 cultum
2209 5304 2225 5330 ,
2275 5263 2517 5333 nihilque
2561 5262 2791 5317 inultum
2819 5261 3124 5331 patiebatur
3148 5303 3163 5327 ,
3209 5274 3385 5327 eoque
3421 5273 3579 5313 revo-

1975 5374 2103 5414 care
2132 5352 2280 5414 sese
2306 5372 2369 5412 ac
2394 5358 2697 5427 reprimere
2724 5355 3086 5412 deliberabat.
3136 5353 3346 5410 Rursus
3398 5350 3585 5422 exagi-

1979 5449 2126 5505 tabat
2170 5464 2293 5504 eum
2343 5448 2671 5503 cumulatior
2718 5447 2770 5501 in
2818 5445 2936 5501 dies
2990 5459 3118 5515 erga
3170 5443 3577 5499 adolescentem

1977 5554 2131 5595 amor
2160 5540 2535 5595 universorum
2578 5548 2632 5594 et
2658 5538 2813 5610 regni
2865 5538 3185 5610 periculum.
3240 5534 3397 5591 Unde
3445 5551 3585 5606 pra:-

1976 5631 2370 5761 ruptolfurore
2418 5633 2724 5702 excitatus,
2788 5631 2979 5690 statuit
3031 5629 3222 5703 quovis
3268 5629 3431 5686 modo
3474 5628 3583 5685 sibi

1977 5720 2146 5761 cousu
2172 5719 2285 5761 ere.

1977 5719 2285 5762 consulere.

353 5876 377 5908 ιι
408 5867 467 5923 lu
514 5863 966 5937 editionc_prima
1010 5864 1361 5937 ‘Ascensiana
1386 5864 1619 5937 legimus
1667 5877 1879 5937 propter
1926 5866 2201 5923 senectutis
2228 5862 2516 5934 inﬁrmum,
2548 5882 2646 5937 pro
2684 5880 2793 5936 quo
2822 5864 2963 5923 male
3002 5870 3190 5936 postea
3226 5852 3584 5931 inﬁrmitatem

275 5938 697 5996 sttliétituerttttt.
733 5935 956 5991 Munati
1010 5934 1043 5989 ll
1073 5950 1121 5991 c.
1154 5950 1277 6007 pag.
1303 5935 1427 5990 826.
