4112 6350
619 387 764 458 (ὶθθῑ

1143 509 1374 567 CAPUT
1414 507 1682 564 XXXVII.

693 604 922 662 Mittitur
940 603 1259 658 adolescens
1285 603 1561 656 nocturnis
1583 600 1916 670 temporibus
1935 599 2001 654 ad
2027 600 2218 656 urbem

623 699 840 756 Hierico
866 739 880 764 ,
923 708 1084 767 atque
1121 697 1191 750 ibi
1221 696 1414 750 solitus
1439 693 1696 748 delectari
1727 694 1909 748 studio
1955 693 2174 748 natandi
2201 710 2218 762 ;

623 806 654 846 a
706 791 950 863 plurimis
999 787 1153 859 quasi
1216 787 1268 841 in
1314 786 1497 840 ludum
1547 785 1875 840 coeuntibus
1922 785 2049 839 dum
2103 784 2220 842 sine

622 885 784 940 modo
808 885 1088 952 mergitur,
1123 880 1174 933 in
1208 877 1415 947 piscina
1443 885 1685 932 necatur.
1729 875 1782 929 ld
1816 875 2036 930 tacitum
2064 889 2223 931 soror

622 990 729 1031 non
764 975 922 1039 tulit,
967 973 1062 1028 sed
1112 970 1308 1025 aﬂ'ectu
1350 967 1727 1040 germanitatis
1771 983 1865 1037 per
1909 967 2220 1022 convicium

620 1069 877 1141 prodidit,
907 1075 1069 1136 atque
1100 1066 1393 1134 objectavit
1419 1064 1634 1128 marito,
1656 1063 1808 1131 jussu
1841 1062 1960 1132 ejus
1980 1061 2085 1117 sibi
2109 1061 2222 1116 fra-

619 1173 756 1223 trem
789 1174 1057 1234 ereptum.
1085 1162 1408 1216 Destitutam
1434 1171 1492 1213 se
1514 1157 1790 1224 omnibus,
1823 1156 2093 1212 funestam
2118 1156 2223 1211 sibi

619 1260 841 1316 domum
871 1257 1154 1326 conjugis,
1198 1255 1288 1325 qui
1347 1253 1523 1322 primo
1571 1252 1674 1306 sibi
1733 1266 1892 1304 avum
1921 1251 2220 1316 ademerit,

621 1365 806 1423 postea
824 1365 1140 1422 germanum
1167 1347 1522 1412 interemerit,
1552 1346 1803 1399 miseram
1829 1358 1888 1398 se
1915 1345 2086 1398 exitio
2108 1343 2222 1400 suis

621 1444 790 1500 fuisse
816 1463 828 1498 :
862 1432 1151 1513 imprecari
1178 1441 1295 1495 dira
1323 1440 1440 1494 viro
1460 1480 1476 1504 ,
1525 1438 1705 1494 socrui
1742 1446 1797 1492 et
1827 1443 1969 1508 regis
1997 1437 2173 1492 sorori
2200 1453 2215 1503 ;

623 1549 914 1594 commune
943 1537 1182 1590 omnium
1213 1533 1468 1604 ﬂagitium
1500 1549 1513 1587 :
1553 1532 1784 1586 ultorem
1826 1531 1995 1586 Deum
2030 1543 2221 1600 posce-

623 1648 705 1700 re,
736 1647 803 1686 ne
824 1639 1033 1685 tantum
1057 1626 1600 1696 facinusimpunitum
1622 1625 2036 1696 relinqueretur.
2059 1622 2224 1678 Fere-

623 1726 716 1780 hat
761 1725 859 1779 ista
903 1721 1144 1778 llerodes
1171 1721 1324 1792 quasi
1354 1735 1538 1775 amore
1577 1727 1767 1789 captus
1802 1727 1856 1772 et
1889 1716 2104 1771 nutibus
2129 1716 2224 1772 de-

621 1817 769 1872 ditus
796 1833 809 1870 :
840 1816 936 1872 sed
969 1815 1176 1870 furebat
1203 1815 1281 1869 ira
1313 1811 1592 1868 muliebris
1617 1853 1631 1876 ,
1675 1822 1730 1866 et
1759 1811 1901 1866 ferre
1930 1824 2038 1864 non
2073 1821 2223 1879 pote-

2020 385 2263 451 SANC“
2305 387 2627 452 AMBROSII

2243 512 2293 572 Α
2325 511 2498 579 psiSse
2528 509 2749 574 Herodi,
2787 520 2842 564 ut
2871 512 3244 567 Aristobulum
3277 514 3343 568 ad
3390 529 3447 568 se
3473 516 3584 570 sine
3611 529 3743 572 mora
3767 521 3868 574 mit-

3748 396 3868 456 9.42M

2320 613 2461 659 teret
2485 623 2499 659 :
2529 605 2598 660 de
2624 601 2918 662 Mariamne
2940 608 3082 676 quod
3100 617 3122 645 α
3147 608 3247 662 sibi
3276 609 3558 678 conjuncta
3587 611 3732 677 foret,
3757 628 3870 680 prte-

2324 700 2643 755 termisisse.
2691 699 2807 756 Non
2841 717 2951 771 quo
2977 701 3265 772 cooperire
3299 703 3544 757 libidines
3570 717 3708 772 suas,
3734 705 3803 759 vel
3826 704 3873 762 in

2323 793 2406 846 his
2432 809 2550 861 quae
2577 803 2759 862 nuptae
2781 805 2966 848 essent
2992 793 3134 864 apud
3170 797 3394 852 maritos
3421 796 3645 860 soleret,
3672 797 3750 852 cui
3775 798 3875 854 sine

2325 887 2567 954 periculo
2597 900 2725 941 usus
2749 887 2920 954 foret,
2952 888 3214 960 ﬂagitium
3240 890 3360 943 sine
3388 889 3623 960 pudore;
3667 891 3750 944 sed
3785 905 3874 961 quo

2322 979 2624 1049 Cleopatra:
2672 992 2893 1036 caveret
2942 982 3404 1052 indignationem,
3453 991 3571 1052 qua:
3631 984 3877 1053 utriusque

2323 1072 2540 1142 quidem
2571 1087 2734 1128 sexos
2757 1074 2913 1128 rivali
2943 1073 3338 1142 oﬂ‘enderetur,
3373 1075 3466 1129 sed
3494 1075 3714 1145 amplius
3739 1075 3777 1130 si
3800 1088 3877 1130 so-

2324 1168 2518 1223 ciatam
2545 1169 2658 1224 viro
2674 1170 2958 1225 mulierem
2988 1171 3465 1242 deprehendisset;
3493 1172 3613 1242 quia
3635 1186 3690 1225 se
3712 1171 3879 1226 decore

2325 1273 2491 1332 super
2529 1277 2718 1318 omnes
2750 1265 3025 1320 excellere
3059 1267 3320 1320 mulieres
3351 1265 3721 1320 arbitrabatur.
3765 1264 3878 1320 Per-

2327 1356 2480 1408 lectis
2499 1355 2683 1425 itaque
2703 1355 2920 1423 litteris,
2947 1356 3218 1412 Herodem
3241 1361 3602 1420 excusavisse,
3632 1355 3763 1426 quod
3782 1356 3880 1412 sine

2324 1449 2596 1505 seditione
2638 1451 2820 1521 populi
2851 1460 2904 1506 et
2937 1451 3347 1520 pertttrhatiooe
3372 1451 3538 1506 totius
3560 1450 3727 1520 gentis
3753 1449 3878 1505 avel-

2326 1545 2438 1600 lere
2477 1560 2505 1598 a
2537 1545 2653 1599 suis
2683 1545 2920 1600 nobilem
2945 1559 3052 1600 non
3086 1555 3270 1615 posset
3293 1544 3718 1607 adolescentem,
3746 1553 3880 1613 atque

2326 1646 2386 1692 ut
2430 1637 2774 1694 satiSfaceret
2814 1637 3175 1704 Alexandria,
3209 1637 3564 1708 spopondisse
3607 1636 3881 1692 Aristobqu

2326 1731 2688 1789 sacerdotium
2717 1750 2729 1785 :
2763 1731 2860 1786 sed
2889 1747 3010 1787 cum
3037 1747 3218 1786 t‘noras
3241 1730 3358 1785 fieri
3379 1730 3652 1802 promissis
3672 1729 3881 1795 vidisset,

2327 1835 2382 1878 et
2407 1835 2522 1880 arte
2551 1840 2609 1879 se
2648 1824 2759 1879 ludi
2793 1833 3033 1894 putaret;
3067 1824 3433 1879 Alexandram
3469 1825 3728 1894 paravisse
3754 1822 3878 1876 navi-

625 1920 708 1966 rat
734 1910 1017 1966 maledicta
1037 1909 1370 1966 exsecrantis
1415 1919 1469 1963 et
1499 1907 1828 1977 Indignantis
1856 1905 2224 1976 arrogantiam
2256 1912 2496 1990 Bjium,
2550 1931 2613 1971 ac
2643 1916 2760 1986 ipso
2789 1929 3048 1987 apparatu
3090 1917 3230 1987 fugae
3257 1919 3479 1988 cognito
3510 1929 3602 1986 per
3630 1915 3881 1971 Sabionem

623 1991 878 2072 maxime,
911 2005 1035 2076 quia
1066 2005 1240 2059 victus
1267 2003 1563 2058 vernaculo
1607 2002 1728 2072 ejus
1767 2000 2013 2056 Herodes
2043 2001 2225 2054 insur—

623 2114 752 2170 gere
780 2098 1042 2154 adversus
1067 2099 1362 2168 neglectam
1397 2096 1689 2166 nequibat,
1721 2103 1774 2150 et
1805 2094 1927 2148 ideo
1958 2107 2066 2163 quo
2114 2107 2228 2146 ma-

621 2193 707 2261 gis
733 2189 954 2246 excitari
980 2190 1131 2261 quasi
1164 2203 1353 2244 amans
1380 2198 1594 2258 posset,
1633 2201 1795 2243 scena
1819 2185 2074 2241 adulterii
2095 2199 2228 2240 con-

624 2287 828 2341 texitur
855 2326 868 2350 ,
901 2291 1066 2355 atque
1093 2284 1144 2338 in
1193 2283 1474 2338 mulierem
1506 2280 1809 2336 istiusmodi
1839 2279 2049 2334 crimen
2086 2293 2228 2333 com-

625 2380 863 2448 ponitur,
897 2378 1039 2448 quod
1078 2376 1543 2448 imaginem'suam
1590 2373 1826 2428 Antonio
1848 2370 1901 2425 in
1929 2369 2226 2441 [Egyptum

625 2470 1034 2526 destinavisset.
1083 2469 1308 2536 Quantae
1356 2465 1498 2524 istud
1540 2465 1971 2535 intemperantia:
2001 2463 2225 2529 fuisset,

623 2571 679 2615 ut
705 2561 914 2616 absenti
939 2571 992 2616 et
1021 2566 1269 2630 prompto
1302 2560 1352 2614 in
1383 2558 1635 2612 libidines
1663 2559 1798 2622 viro,
1826 2566 1936 2612 tum
1967 2565 2229 2625 praetcrea

624 2654 832 2724 potenti
854 2655 944 2724 qui
971 2660 1236 2723 potestate
1258 2665 1354 2721 pro
1371 2651 1493 2721 jure
1521 2657 1786 2714 uteretur,
1813 2647 2040 2702 fortnam
2064 2659 2229 2701 verra-

624 2747 731 2803 lem
759 2745 979 2803 oﬂerret
1007 2756 1065 2802 ttt
1105 2745 1507 2816 pulchritudine
1546 2744 1844 2799 illicerelur
1869 2784 1882 2808 ,
1919 2755 2072 2796 novae
2102 2755 2231 2795 auc-

634 2842 795 2898 tionis
823 2843 1151 2898 emnmercio
1176 2855 1234 2896 se
1264 2841 1550 2896 mulierem
1581 2840 1823 2909 potuisse
1842 2877 1858 2904 ,
1903 2838 1952 2891 vi
1983 2851 2052 2891 ne
2079 2848 2231 2889 amo-

627 2938 707 2994 ris
751 2952 818 2993 an
856 2937 981 2993 odio
1028 2935 1247 3004 mariti,
1286 2935 1438 3006 cujus
1480 2934 1781 3006 periculum
1831 2947 1927 3002 pro
1977 2930 2229 2986 mercede

628 3031 883 3086 adulterii
916 3030 1344 3100 postulavisset?
1392 3028 1503 3084 Hoc
1548 3031 1728 3099 itaque
1773 3037 2082 3087 commento
2112 3041 2231 3079 mu-

626 3127 840 3192 lierum,
874 3130 1017 3196 apud
1048 3126 1316 3181 llerodcm
1347 3125 1644 3181 Mariamne
1675 3139 1783 3195 quo
1809 3123 1981 3194 magis
2003 3122 2226 3176 amaba-

627 3227 742 3286 tur,
778 3237 842 3275 eo
873 3222 1089 3291 gravius
1121 3219 1480 3291 appetebatur
1504 3261 1518 3285 ,
1550 3233 1650 3274 nec
1681 3227 1860 3272 tamen
1895 3216 2229 3271 insimulatio

2329 2010 2560 2064 consilio
2585 2020 2891 2064 revocatum
2925 2023 3048 2065 esse
3072 2025 3194 2064 cum
3228 2009 3360 2063 filio.
3394 2009 3488 2064 llis
3518 2017 3710 2063 motum
3739 2007 3881 2061 llero-

2328 2102 2450 2157 dem
2482 2103 2854 2158 dissimulasse
2876 2103 2941 2158 ad
2967 2113 3178 2173 tempus
3203 2104 3483 2174 iniuriam,
3512 2113 3565 2159 et
3590 2101 3884 2158 accelerasse

2331 2196 2645 2250 Aristobulo
2674 2197 2967 2253 Sacerdotii
2992 2198 3361 2263 collationem,
3398 2206 3460 2252 ut
3497 2196 3708 2251 honoris
3732 2193 3884 2264 specie

2331 2300 2531 2359 parata:
2563 2290 2712 2344 necis
2734 2290 2989 2345 invidiam
3019 2291 3224 2347 velaret
3252 2309 3264 2345 :
3291 2306 3397 2360 qua
3431 2301 3672 2361 peracta,
3698 2300 3749 2344 ut
3774 2288 3885 2342 dixi-

2332 2395 2476 2444 mus,
2504 2381 2659 2450 quasi
2700 2381 2927 2436 fulmine
2976 2382 3137 2448 ictus,
3188 2383 3492 2453 exagitatus
3535 2393 3636 2447 est,
3678 2380 3886 2435 simulet

2330 2473 2568 2529 affectati
2590 2473 2844 2529 adulterii
2865 2473 3047 2530 afficto
3076 2493 3104 2530 a
3131 2474 3247 2530 suis
3295 2476 3558 2542 crimine,
3592 2475 3724 2545 quod
3750 2475 3885 2529 sciret

2333 2568 2626 2623 Antonium
2658 2579 2964 2638 proruptum
2991 2569 3059 2623 ad
3084 2569 3358 2636 libidines,
3393 2577 3451 2624 et
3467 2568 3736 2630 invelatas.
3757 2582 3814 2621 ex
3832 2580 3884 2620 eo

2331 2666 2479 2738 quod
2496 2666 2789 2736 plurimum
2820 2675 3032 2736 poterat
3057 2665 3486 2720 inﬂammantem
3506 2666 3556 2719 in
3579 2678 3729 2719 onme
3748 2674 3885 2730 genus

2332 2761 2656 2815 amatorium
2689 2759 3034 2828 cupiditates.
3084 2757 3387 2829 Cleopatrae
3425 2775 3637 2832 quoque
3683 2757 3886 2826 inexpia-

2336 2855 2502 2910 bilem
2534 2855 2826 2910 rivalitatis
2852 2856 3125 2926 pracipue
3171 2855 3421 2910 dolorem
3475 2866 3633 2925 atque
3677 2850 3887 2908 immani-

2335 2957 2521 3011 tatem,
2569 2963 2691 3018 qua:
2723 2950 2986 3020 plurimos
3029 2949 3294 3014 virorum,
3327 2963 3470 3020 quos
3496 2949 3730 3005 seniores
3769 2947 3887 2999 circa

2335 3055 2564 3094 uxorum
2609 3038 3008 3110 reprimendam
3043 3040 3520 3108 intemperantiam
3569 3042 3886 3107 compererat,

2337 3134 2744 3197 interemisset,
2793 3132 3081 3187 imminere
3117 3133 3216 3186 sibi
3267 3132 3571 3202 periculum
3617 3147 3715 3185 non
3742 3128 3886 3183 solum

2335 3225 2647 3280 amittendae
2667 3225 2935 3295 conjugis,
2969 3224 3062 3280 sed
3085 3225 3246 3279 etiam
3265 3225 3567 3280 subeunda:
3595 3221 3768 3278 mortis
3793 3235 3887 3288 per-

626 3315 762 3384 ipsa,
796 3315 1043 3384 quamvis
1073 3313 1465 3385 indignantium
1499 3311 1858 3376 feminarum,
1908 3310 2083 3364 aliena
2113 3309 2226 3364 veri
2255 3295 2302 3359 C
2335 3319 2707 3374 horrescebat.
2755 3319 3044 3388 Proposuit
3087 3319 3266 3389 itaque
3328 3319 3452 3389 ipse
3493 3317 3797 3376 contendere
3843 3313 3884 3365 in

628 3408 843 3478 penitus
887 3406 984 3463 fuit
1017 3427 1028 3460 :
1076 3419 1303 3464 matrem
1332 3407 1476 3462 enim
1507 3405 1871 3462 Alexandram
1914 3405 2185 3459 furentem
2209 3445 2225 3471 ,

628 3501 770 3570 quod
799 3501 938 3555 alius
968 3501 1080 3556 lilio
1111 3517 1208 3556 suo
1255 3499 1568 3557 Aristobulo
1610 3499 1661 3554 in
1696 3498 2001 3554 sacerdotio
2033 3499 2228 3569 prmfe-

631 3599 853 3652 rebatur
890 3598 1025 3668 (hoc
1072 3601 1216 3653 enim
1261 3601 1480 3654 nomine
1527 3597 1814 3654 Jouatham
1869 3596 2035 3652 filium
2068 3611 2225 3652 suum

628 3691 770 3759 quod
804 3705 961 3744 avum
996 3691 1096 3745 sibi
1128 3706 1310 3761 regem
1347 3692 1511 3747 fuisse
1555 3689 1607 3746 in
1649 3693 1965 3745 memoriam
1998 3690 2225 3744 reduce-

630 3791 709 3836 ret
739 3824 752 3848 ,
783 3783 1039 3853 appellari
1088 3783 1360 3856 malebat)
1405 3783 1472 3839 ab
1506 3781 1742 3838 Antonio
1794 3799 1888 3854 per
1920 3781 2226 3852 Mu~urgam

626 3875 916 3945 quemdam
960 3875 1264 3932 litterarum
1314 3865 1661 3948 sequestrum
1713 3878 1932 3947 petiisse
1975 3873 2088 3930 ﬁlio
2129 3889 2227 3929 suo

625 3969 988 4024 sacerdotium
1016 4012 1030 4037 ,
1065 3970 1201 4026 ﬂdes
1233 3983 1362 4025 vero
1391 3971 1610 4041 propior
1635 3977 1771 4026 erat.
1830 3969 2035 4026 Deinde
2063 3971 2128 4024 ad
2142 3985 2228 4026 re-

626 4063 809 4117 niente
837 4062 890 4116 in
932 4062 1174 4118 Iudaeam
1205 4063 1381 4120 Gellio
1407 4065 1630 4120 Antonii
1676 4066 1851 4118 amico
1879 4107 1892 4130 ,
1943 4065 2224 4135 cognitum

626 4155 1024 4211 adolescentem
1059 4155 1323 4214 miraculo
1357 4157 1525 4213 fuisse
1571 4169 1792 4228 propter
1831 4158 2227 4213 excellentissi-

629 4251 700 4304 tni
727 4241 942 4305 decoris
969 4252 1220 4320 gratiam.
1268 4251 1383 4306 Non
1419 4253 1600 4308 minus
1636 4252 1798 4307 etiam
1828 4249 2178 4307 Mariamncm
2207 4294 2222 4320 ,

625 4344 778 4415 cujus
800 4359 907 4416 quo
937 4344 1174 4416 dignitas
1197 4346 1418 4412 clarior,
1451 4361 1518 4401 eo
1538 4345 1676 4399 fama
1699 4335 1985 4412 illustriOr,
2015 4356 2066 4400 et
2089 4343 2225 4401 forte

624 4445 960 4507 compertam
1004 4453 1155 4492 more
1184 4436 1417 4508 quodam
1452 4437 1650 4506 ingenii
1681 4436 1898 4491 humani
1927 4479 1942 4506 ,
1975 4452 2081 4506 quo
2124 4439 2224 4493 viri

623 4547 840 4602 quoque
883 4548 949 4586 eo
994 4547 1054 4587 se
1099 4529 1455 4586 interioribus
1499 4529 1688 4586 amicis
1737 4532 1975 4586 cariores
2004 4531 2226 4600 cupiant

622 4624 942 4689 declarare,
989 4623 1032 4677 si
1081 4621 1441 4694 praesentibus
1481 4639 1695 4695 quoque
1727 4622 2217 4680 necessitudinibus

623 4720 735 4773 suis
762 4717 814 4772 in
848 4733 909 4773 se
949 4715 1335 4789 hospitalitatis
1382 4719 1698 4774 societatem
1749 4717 2102 4790 indulgeant:
2148 4719 2220 4774 ibi

620 4825 838 4882 quoque
884 4809 1206 4866 Alexandra:
1255 4812 1436 4866 datam
1484 4829 1607 4866 cum
1656 4811 1814 4868 Sosio
1873 4812 2219 4883 colloquendi

623 4905 835 4974 copiam
877 4901 1003 4958 licet
1054 4903 1296 4960 liberiori
1338 4904 1550 4971 viduas,
1608 4905 1705 4960 alia
1760 4919 1976 4978 quoque
2015 4923 2222 4979 cogno-

621 4993 808 5050 scendi
842 4995 1070 5066 hospitis
1101 4993 1292 5052 deesse
1318 4998 1472 5068 Copia
1505 5014 1608 5052 non
1643 4997 1900 5067 potuerit,
1931 5015 2053 5053 cum
2079 5016 2221 5072 prte-

622 5087 810 5144 sertim
862 5089 1168 5159 hujusmodi
1213 5099 1268 5145 et
1309 5105 1500 5145 causas
1559 5100 1614 5145 et
1661 5106 1921 5160 personas
1979 5094 2222 5161 require-

621 5194 722 5239 ret.
766 5184 972 5240 Deinde
1018 5185 1218 5240 collato
1252 5188 1524 5255 utrimque
1565 5186 1794 5240 consilio
1825 5185 1876 5241 id
1909 5201 1967 5240 se
2000 5187 2217 5244 dedisse

619 5279 942 5346 sententiae,
1011 5287 1068 5332 ut
1119 5280 1404 5348 utriusque
1461 5279 1726 5349 imagines
1781 5277 2021 5334 Antonio
2079 5279 2213 5337 diri-

617 5382 895 5443 gerentur.
951 5369 1309 5436 Perstrictum
1356 5371 1508 5426 illum
1549 5371 1840 5443 splendore
1871 5374 2162 5445 imaginum
2196 5417 2210 5441 ,

615 5473 670 5517 et
696 5463 834 5518 Sosii
871 5463 1142 5533 prtecipue
1173 5463 1485 5517 testimonio
1530 5463 1658 5534 (qui
1703 5463 1832 5518 nihil
1863 5466 1967 5520 tale
1999 5480 2058 5519 se
2091 5479 2207 5519 um-

613 5575 773 5627 quam
809 5557 1006 5612 vidisse
1056 5559 1106 5610 in
1159 5555 1315 5610 terris
1348 5567 1709 5623 asseveraret,
1755 5570 1805 5613 et
1849 5559 2075 5628 gratiam
2107 5558 2213 5616 illis

616 5666 720 5701 non
773 5648 1048 5700 hominum
1080 5691 1093 5714 ,
1147 5644 1241 5700 sed
1272 5645 1506 5700 divinam
1543 5649 1721 5702 inesse
1768 5649 2166 5705 lenocinantem
2198 5669 2210 5704 :

615 5749 669 5791 ut
709 5742 978 5793 excitaret
1021 5741 1119 5792 viri
1175 5739 1401 5794 minime
1449 5740 1660 5794 sobrias
1703 5741 2052 5812 cupiditates)
2073 5747 2209 5799 scri-

668 5869 952 5952 ‘a'nerotn
983 5897 1210 5954 scilicet.
1243 5899 1412 5960 sua.

2335 3411 2652 3483 EgYIitnm,
2685 3422 2743 3466 ut
2763 3412 3057 3466 Antonium
3089 3412 3172 3466 vel
3195 3413 3541 3480 CleOpatram
3571 3427 3719 3484 quam
3748 3407 3885 3464 maxi-

2334 3524 2420 3562 me
2474 3507 2774 3572 metnebal,
2833 3505 3175 3561 deflecteret.
3254 3507 3553 3561 Evocatum
3607 3505 3692 3559 alii
3740 3504 3886 3556 ferunt

2335 3601 2405 3654 Μ.
2441 3598 2663 3655 Antonii
2696 3599 2890 3654 litteris
2933 3615 3000 3654 eo
3044 3597 3372 3666 tetendisse,
3428 3612 3484 3654 ut
3531 3597 3699 3654 necati
3729 3593 3882 3650 adule-

2337 3693 2539 3747 scentis
2583 3705 2777 3746 causas
2807 3702 3110 3760 praestaret.
3159 3691 3516 3746 Profecturus
3557 3703 3725 3745 tamen
3764 3682 3882 3740 affini

2320 3800 2432 3839 suo
2457 3783 2680 3854 Josippo
2711 3785 2796 3838 cui
2841 3783 3056 3839 Salome
3091 3800 3346 3855 germana
3375 3787 3519 3855 regis
3542 3785 3592 3840 in
3617 3783 3882 3852 coniugium

2332 3887 2701 3944 convenerat,
2749 3887 2962 3933 secreto
2991 3882 3198 3948 aperit,
3249 3880 3696 3950 suspectam'sibi
3726 3888 3881 3931 necem

2335 3980 2554 4039 propter
2579 3969 2879 4040 conjugalis
2907 3969 3092 4024 forma:
3122 3974 3490 4041 :tppetetttiatll
3514 4011 3530 4038 ,
3560 3985 3709 4041 quam
3749 3967 3881 4021 missa

2331 4063 2412 4117 sui
2427 4063 2640 4117 decoris
2662 4063 2842 4132 specie
2854 4062 3160 4132 prodidisse
3174 4064 3365 4118 mulier
3386 4073 3728 4135 argueretur;
3752 4060 3882 4126 idque

2331 4156 2487 4228 quasi
2515 4154 2666 4210 al'ﬂni
2693 4154 2897 4225 negotii
2925 4155 3289 4224 committere,
3305 4166 3363 4210 ut
3389 4159 3434 4211 si
3459 4157 3574 4227 ipse
3598 4157 3663 4211 ab
3687 4150 3883 4210 Antonio

2331 4251 2638 4306 exstinctus
2687 4248 2847 4315 foret,
2901 4249 3250 4304 Mariamncm
3294 4259 3551 4316 necaret,
3601 4264 3666 4304 ne
3709 4255 3882 4302 merces

2331 4342 2518 4414 ﬂagitii
2539 4351 2870 4412 superesset.
2897 4341 3154 4412 Josippus
3186 4342 3633 4412 haudquaquam,
3680 4351 3733 4394 ut
3768 4335 3879 4390 arbi-

2332 4450 2466 4502 tror,
2497 4437 2678 4492 studio
2701 4436 3040 4506 proditionis,
3071 4436 3166 4491 sed
3193 4452 3302 4506 quo
3330 4437 3574 4491 mulieris
3599 4448 3717 4504 erga
3740 4431 3881 4484 virum

2328 4533 2534 4601 sopirct
2561 4531 2848 4601 querelas,
2881 4531 3075 4600 quibus
3122 4545 3180 4584 se
3210 4530 3468 4584 afllictam
3499 4529 3697 4584 diceret
3723 4522 3882 4579 ardere

2329 4623 2469 4680 odiis
2507 4624 2632 4688 viri,
2665 4622 2976 4677 mandatum
3009 4623 3304 4694 exprimit,
3355 4633 3520 4692 atque
3559 4621 3622 4675 ad
3664 4617 3880 4673 aﬂ‘ectuiu

2247 4698 2302 4760 D
2326 4719 2561 4775 amantis
2596 4719 2984 4790 interpretatur
3010 4720 3152 4788 quod
3185 4732 3253 4772 ne
3294 4729 3542 4772 mortuus
3584 4713 3781 4785 quidem
3811 4721 3884 4777 pa-

2332 4825 2535 4869 teretur
2565 4813 2808 4868 llerodes
2839 4811 3047 4882 sejungi
3075 4825 3133 4866 se
3158 4811 3226 4864 ab
3267 4812 3454 4866 uxoris
3493 4810 3758 4866 societate.
3796 4797 3882 4855 Sed

2329 4909 2523 4963 mulier
2551 4909 2710 4978 longe
2749 4908 2907 4968 aliter
2937 4922 3097 4976 quam
3142 4904 3399 4976 Josippas
3430 4906 3795 4962 aestimaverat,
3828 4891 3882 4949 ad

2321 5011 2706 5072 argumentum
2738 4999 2902 5054 traxit
2930 4999 3224 5068 implicatae
3251 4997 3430 5052 adhuc
3463 4998 3514 5050 in
3544 5011 3602 5050 se
3631 4990 3882 5049 crudelita-

2326 5095 2416 5162 tis,
2445 5095 2601 5164 cujus
2622 5094 2941 5151 exercendae
2974 5103 3096 5164 post
3115 5102 3340 5147 mortem
3369 5107 3583 5163 quoque
3620 5102 3761 5145 suam
3801 5096 3878 5136 ex-

2325 5189 2663 5244 secutionem
2729 5187 2879 5242 afﬁni
2935 5187 3158 5257 proprio
3206 5185 3607 5250 mandavisset;
3664 5178 3880 5236 infestum

2320 5284 2472 5338 illum
2529 5283 2631 5338 sibi
2680 5283 2872 5353 injuria
2899 5323 2914 5348 ,
2946 5282 3036 5351 qui
3081 5282 3423 5350 suspiciones
3453 5294 3579 5334 suas
3620 5292 3719 5330 non
3746 5282 3879 5340 argu-

2319 5383 2503 5430 mento
2544 5373 2724 5444 aliquo
2773 5373 3020 5429 veritatis
3059 5372 3431 5436 examinaret,
3482 5370 3576 5426 sed
3630 5372 3879 5438 praemium

2317 5467 2510 5522 mortis
2540 5466 2711 5521 exitio
2738 5477 2986 5536 urgeret;
3021 5465 3226 5519 nullum
3251 5464 3390 5519 odiis
3420 5464 3581 5518 finem
3607 5461 3745 5522 fore,
3780 5465 3877 5524 (μθ-ε

2315 5563 2455 5616 ultra
2486 5563 2662 5629 ipsum
2696 5560 2820 5615 vita:
2847 5577 2910 5615 ac
2936 5561 3128 5615 salutis
3160 5559 3431 5614 defectmn
3462 5555 3872 5612 cxtenderentur.

2314 5655 2420 5710 Sed
2445 5655 2704 5726 Josippus
2731 5654 3018 5710 domestici
3044 5655 3169 5709 mali
3193 5654 3502 5718 immemor,
3531 5650 3654 5705 dum
3673 5647 3875 5700 alienam

2318 5748 2606 5818 conjugem
2639 5748 2781 5803 ultro
2824 5747 3179 5803 reconciliare
3224 5747 3452 5820 expetit,
3507 5759 3618 5800 sua:
3663 5732 3877 5806 coatjusis
