4112 6350
276 352 406 415 1003

1125 361 1399 420 HISTOR.
1441 365 1531 421 DE
1572 340 1856 425 sibiblb
1892 339 2172 431 amatis.
2217 324 2440 433 basis.
2483 378 2613 435 LIB.
2661 380 2699 435 l.

3424 364 3568 445 ἐὸοό

279 464 549 531 adversittti
578 478 638 530 se
666 475 1025 583 inllatnmav‘it
1054 476 1394 549 suspiciones
1419 498 1433 535 :
1458 496 1577 551 quae
1612 476 1668 538 et
1691 483 1860 539 collo.
1885 468 1941 551 Α
1966 478 2172 546 fructus
2200 486 2343 548 terra
2395 484 2693 564 abnueret,
2730 480 2900 555 fames
2926 488 3153 572 augeret
3184 503 3568 583 pestilentiam.

280 568 399 640 quia
422 567 521 622 viri
551 568 758 639 proprii
788 570 911 625 etim
936 552 1232 629 Mariamue
1256 619 1271 643 ,
1304 576 1593 647 morasque
1646 579 1697 633 in
1738 581 1859 636 auia

279 661 415 731 regia
445 660 584 715 haud
606 661 971 732 perfunctorie
1001 662 1665 745 ferentlas‘arbitrabatur.
1700 659 1862 727 Deni-

279 767 376 823 que
402 752 485 807 ubi
511 751 676 807 frater
699 758 1013 824 revertitur,
1044 754 1481 817 insimulationes
1505 779 1610 817 non
1635 763 1864 833 distulit,

279 845 519 913 injuriam
566 847 771 904 addens
807 864 960 905 suam
1005 853 1276 923 regalibus
1305 856 1687 924 Contumeliis,
1721 844 1865 930 quod

214 963 221 969 -
277 939 373 994 sibi
402 950 614 1009 quoque
644 940 941 998 Mariamne
964 944 1259 1004 ademisset
1285 950 1539 1005 maritum
1577 969 1590 1005 :
1639 942 1734 1007 sed
1756 952 1869 1009 lie-

278 1028 434 1087 rbdes
457 1035 792 1102 prmstrictus
814 1037 961 1103 licet,
1002 1040 1191 1113 tamen
1206 1041 1621 1114 haudquaquam
1647 1045 1868 1114 gravius

277 1125 446 1195 primo
466 1120 774 1183 cdmtbotus
795 1139 899 1195 est,
930 1144 1029 1187 nec
1060 1130 1329 1189 infensum
1356 1146 1413 1191 se
1438 1137 1595 1192 uxori
1613 1136 1865 1207 praibuit,

276 1232 389 1272 cum
438 1218 602 1273 etiam
636 1220 687 1274 vi
732 1220 1247 1290 altiorisinfracms,
1282 1229 1512 1295 quodam
1544 1204 1631 1285 die
1654 1204 1867 1287 mulieti

272 1310 447 1379 jurare
469 1308 662 1382 erepit,
712 1315 855 1383 quod
902 1324 1051 1371 tanto
1081 1324 1200 1373 eam
1233 1315 1485 1391 diligeret
1524 1322 1759 1391 all‘ectu,
1810 1318 1870 1380 ut

277 1402 561 1473 numquam
588 1406 815 1461 alterius
843 1409 1088 1464 mulieris
1103 1409 1414 1482 ﬂagraverit
1443 1400 1771 1485 cupiditate:
1794 1416 1865 1471 ita

273 1509 456 1551 omnes
484 1510 551 1552 ex
594 1499 778 1557 animo
807 1502 1100 1573 abjecerit,
1151 1504 1209 1561 tit
1234 1502 1385 1562 uirori
1415 1506 1576 1565 ﬁdem
1604 1502 1867 1569 servaret.

274 1588 340 1643 At
364 1589 447 1643 illa
475 1606 491 1643 :
521 1590 666 1648 Satis
690 1630 705 1658 ,
736 1595 947 1666 inquit,
994 1602 1237 1654 amorem
1266 1598 1389 1672 erga
1417 1600 1503 1657 me
1536 1608 1685 1659 tuum
1719 1618 1871 1661 man-

276 1681 408 1738 datis
427 1684 553 1753 qua:
579 1684 802 1757 Josippo
832 1689 1062 1746 dederas
1081 1734 1095 1755 ,
1142 1692 1432 1750 declarasti
1460 1696 1781 1768 prmcipiens
1812 1707 1871 1756 ut

274 1789 355 1831 me
381 1776 684 1834 occideret.
732 1780 1020 1849 Quomodo
1053 1788 1230 1856 potest
1253 1802 1436 1846 amare
1458 1832 1473 1856 ,
1495 1790 1584 1862 qui
1615 1792 1868 1848 decidere

1970 577 2124 639 Hunc
2152 583 2449 644 Mariamne
2469 590 2671 646 exitum
2706 593 2845 661 tulit,
2877 594 3057 666 sobrie
3082 596 3198 649 viro
3228 577 3445 668 pudica,
3470 577 3569 654 sed

1967 677 2213 735 insolens
2240 678 2426 736 formae
2443 684 2798 760 conscientia.
2823 686 2919 741 Cui
2943 690 3358 760 magnanimitas
3383 706 3577 760 super-

1968 768 2209 839 ﬂuebat,
2240 774 2501 830 sedulitas
2530 756 2747 843 deerat,
2781 788 2841 834 ut
2868 756 3153 836 blanditias
3185 756 3572 854 dedignaretur

1969 866 2188 934 mariti,
2229 884 2415 924 secura
2462 870 2606 942 quod
2658 872 2789 927 nihil
2822 875 2891 928 ab
2921 890 2987 930 eo
3015 872 3104 944 qui
3134 891 3296 947 supra
3346 878 3567 934 modum

1968 956 2236 1031 diligeret.
2267 963 2415 1017 exitii
2459 965 2671 1036 perpeti
2705 958 2930 1037 posset:
2963 984 3061 1024 nec
3092 969 3270 1024 solum
3317 970 3383 1025 ad
3429 986 3569 1042 pra:-

1969 1067 2097 1109 sens
2128 1054 2386 1133 ultionem
2412 1060 2638 1128 reperit,
2670 1061 2767 1115 sed
2799 1062 2964 1116 etiam
3006 1060 3057 1116 iu
3091 1063 3358 1143 reliqudm
3390 1063 3568 1119 haere-

1970 1143 2160 1199 ditaria
2189 1144 2312 1201 odia
2357 1149 2676 1205 transmisit.
2728 1151 2828 1206 Cui
2859 1167 3175 1209 successere
3204 1138 3315 1207 lilii”
3338 1155 3568 1211 materni
3660 1184 3667 1189 ~

1970 1234 2173 1292 doloris
2204 1252 2552 1296 exsecutores
2584 1244 2673 1312 pio
2699 1259 2826 1314 erga
2855 1253 3078 1301 matrem
3097 1244 3316 1317 quidem
3347 1247 3565 1312 affectu,

1971 1330 2063 1384 sed
2093 1344 2217 1400 erga
2252 1342 2462 1399 patrem
2498 1331 2701 1404 impio:
2733 1352 2854 1389 cum
2886 1335 3101 1406 utrique
3133 1347 3421 1407 parentum
3453 1337 3569 1406 pari

1906 1468 1910 1473 .
1970 1425 2305 1494 munerejus
2332 1435 2537 1481 naturae
2564 1427 2886 1483 solvendum
2918 1416 3076 1485 foret.
3100 1429 3211 1486 Nec
3243 1430 3568 1487 inexercita-

1973 1521 2055 1569 tos
2079 1514 2242 1571 dolor
2297 1520 2500 1588 reperit
2539 1538 2552 1574 :
2603 1537 2724 1597 nam
2773 1521 2866 1576 ditt
2911 1520 3098 1577 Roma:
3140 1524 3335 1579 eruditi
3362 1510 3569 1579 Latinis

1965 1602 2118 1679 juxta
2147 1617 2201 1663 et
2249 1608 2453 1665 Graecis
2506 1612 2708 1668 litteris
2734 1654 2749 1679 ,
2805 1614 3063 1669 astutiam
3096 1631 3202 1670 non
3232 1617 3564 1673 mediocrem

1970 1711 2420 1770 assumpscrant,
2484 1713 2541 1759 et
2586 1706 2844 1761 absentes
2889 1700 2917 1744 ι)
2965 1720 3342 1779 compererant
3379 1724 3566 1764 necem

1972 1795 2178 1859 matris,
2205 1790 2476 1867 plerisque
2507 1798 2560 1853 in
2601 1798 2787 1853 odium
2812 1796 2982 1869 patris
3005 1801 3392 1870 impulsoribus
3413 1818 3571 1873 aspe-

275 1869 484 1938 potest?
516 1871 721 1929 Amens
745 1875 890 1932 illico
918 1893 1012 1933 rex
1043 1880 1130 1936 ubi
1157 1882 1362 1939 audivit
1408 1896 1673 1943 secretum
1703 1903 1861 1944 suum
1894 1886 1941 1951 Β
1970 1882 2243 1942 ralmiitur.
2300 1874 2581 1959 Regressis
2620 1908 2837 1963 quoque
2868 1909 2936 1949 ne
2989 1869 3317 1963 conspectus
3345 1869 3567 1968 quidem

269 1962 582 2033 proditum,
631 1968 872 2039 cogitare
939 1970 1105 2043 cbapit
1175 1990 1467 2048 numquam
1525 1980 1862 2050 proditurum

268 2054 429 2113 fuisse
455 2058 770 2130 Josippum,
813 2064 915 2119 nisi
940 2077 1133 2136 captus
1159 2083 1350 2126 amore
1379 2072 1621 2129 mulieris
1657 2091 1867 2131 merce-

270 2149 383 2204 dem
413 2152 744 2222 proditionis
762 2166 950 2229 Stupro
970 2161 1274 2232 qumsisset,
1293 2166 1695 2225 manifestatum
1720 2168 1863 2242 quod

269 2242 351 2297 diu
382 2244 586 2301 latebat
608 2290 623 2314 ,
657 2248 710 2306 in
739 2254 932 2322 aperto
960 2254 1168 2312 crimen
1221 2258 1439 2316 indubia
1470 2256 1819 2336 corruptione
1848 2286 1863 2323 :

270 2351 368 2392 nou
392 2336 599 2396 trustrti
629 2346 919 2401 excitatam
948 2352 1214 2416 Sororem,
1248 2344 1367 2424 qua:
1396 2336 1866 2415 domesticam/in-

264 2429 452 2500 juriam
489 2448 607 2505 prte
631 2442 832 2493 ceteris
858 2439 1325 2512 deprehendisset.
1381 2447 1566 2520 Itaque
1617 2448 1865 2522 indigna-

270 2523 407 2580 tione
434 2526 611 2582 nitnla
652 2526 840 2586 furens
883 2532 1158 2607 animique
1199 2539 1373 2608 impos
1420 2540 1651 2599 eisilivit
1687 2544 1756 2599 de
1786 2544 1865 2602 le-

238 2612 239 2615 “
270 2618 425 2684 ctulo,
455 2618 678 2691 frigiens
707 2622 1032 2697 corruptela:
1056 2633 1229 2699 turpis
1259 2626 1528 2707 contagia,
1555 2653 1655 2693 nec
1684 2639 1863 2696 furen-

272 2722 369 2767 tem
399 2714 656 2785 capiebat
683 2719 801 2772 aula
827 2738 841 2773 :
870 2720 1074 2778 audivit
1104 2732 1261 2780 soro’r
1284 2722 1695 2797 vociferantem,
1729 2747 1863 2788 con-

270 2803 527 2878 tinuoque
558 2810 1006 2889 rapiensltemptls
1024 2814 1089 2869 ad
1109 2830 1486 2887 argumentum
1518 2802 1865 2881 insimulandi

271 2898 321 2952 et
347 2902 695 2957 occasionem
720 2902 982 2971 noeebdl,
1021 2902 1365 2965 confirmavit
1402 2904 1731 2984 indignantis
1776 2932 1869 2970 su-

273 2992 572 3063 spiciones:
618 2997 883 3068 impulsus
911 3000 1093 3073 itaque
1128 3003 1317 3060 dolore
1343 2983 1553 3076 injuriae
1584 2983 1865 3065 illStlllUia;

276 3089 410 3143 tione
457 3098 739 3159 germanae
763 3136 779 3161 ,
831 3094 990 3163 jubet
1016 3096 1185 3152 occidi
1218 3098 1537 3169 utrttmquoj
1569 3118 1669 3158 nec
1698 3103 1870 3159 multo

276 3191 386 3251 post
412 3193 604 3239 secuta
628 3193 709 3239 est
739 3184 1004 3243 factOrum‘
1034 3191 1349 3259 pmnitentia
1376 3210 1388 3246 :
1417 3202 1473 3249 et
1496 3194 1583 3248 ubi
1615 3195 1692 3251 ira
1723 3196 1866 3251 ceci-

1970 1980 2178 2048 pate'rni
2224 1982 2530 2037 reverentia
2562 1976 2910 2065 sedulitatem
2956 1985 3261 2054 infuderat;
3289 1989 3573 2065 crescebat
3607 2025 3612 2030 ε

1967 2070 2091 2128 cu'm
2123 2071 2283 2129 actate
2311 2074 2532 2130 malitia.
2564 2056 2812 2132 Accessit
2837 2079 3001 2133 etiam
3030 2094 3097 2134 ex
3123 2058 3363 2151 conjugii
3392 2081 3569 2136 socie-

1969 2162 2077 2223 tate
2126 2167 2512 2242 praesumptio,
2546 2166 2690 2241 quod
2732 2160 3160 2249 alteriASalome
3217 2173 3334 2249 lilia
3390 2175 3570 2244 neptis

1969 2252 2236 2331 llerodis,
2279 2266 2436 2337 alteri
2488 2266 2758 2321 Archelao
2806 2244 2987 2338 genita
3028 2268 3143 2351 qui
3208 2244 3570 2339 Cappadocia:

1968 2377 2190 2432 regnum
2223 2362 2456 2429 tenebat,
2479 2362 2529 2416 in
2556 2361 2646 2432 jus
2675 2363 2885 2432 capulze
2907 2344 3162 2433 nuptialis
3180 2374 3572 2431 convenerant,

1966 2464 2023 2510 et
2062 2453 2317 2510 nobilitas
2357 2454 2757 2526 coniunctionis
2802 2456 3053 2511 odiorum
3083 2455 3307 2512 dederat
3337 2457 3574 2510 auctori-

1968 2548 2155 2604 tatem.
2214 2540 2605 2605 Otfendebatur
2636 2550 2797 2621 igitur
2829 2550 3093 2617 Herodes,
3128 2550 3214 2605 Vel
3240 2550 3404 2605 tacito
3436 2548 3576 2604 filio-

1968 2652 2088 2700 rum
2122 2644 2339 2715 ingenio
2369 2634 2696 2700 excitatiore
2722 2686 2759 2719 ,γ
2782 2660 2944 2715 quam
2990 2639 3214 2714 paterna
3242 2645 3419 2715 pietas
3463 2632 3571 2719 pati

1969 2746 2193 2808 posset,
2226 2753 2348 2808 quae
2373 2737 2539 2793 etiam
2566 2737 2714 2792 vultu
2742 2718 3062 2808 frequenter
3106 2737 3343 2792 latdilur.
3390 2718 3575 2792 Adde-

1968 2831 2166 2890 bantur
2195 2841 2251 2888 et
2291 2832 2496 2886 stimuli
2527 2831 2595 2886 ab
2626 2832 2708 2887 his
2751 2832 2843 2903 qui
2888 2833 2957 2886 ab
2989 2828 3198 2886 insidiis
3219 2830 3455 2886 tiliorum
3485 2844 3577 2883 ca-

1971 2924 2228 2987 vendum,
2253 2925 2404 2994 quasi
2425 2923 2640 2978 solliciti
2665 2925 2862 2979 crebro
2882 2912 3300 2988 denuntiabant,
3323 2936 3577 2978 asseren-

1974 3026 2088 3083 tes,
2133 3017 2276 3088 quod
2328 3017 2552 3071 ultrices
2596 3015 2827 3095 materni
2857 3012 3011 3071 exitii
3050 3012 3328 3070 armarent
3356 3029 3572 3069 manus.

1972 3114 2179 3180 Quibus
2199 3110 2520 3184 perterritus
2534 3111 2777 3167 Herodes
2794 3111 3141 3182 Antipatrum
3165 3109 3382 3165 Dosidis
3403 3108 3570 3164 tilium

1976 3196 2238 3280 praeferre
2267 3204 2527 3261 fratribus
2556 3246 2570 3270 ,
2602 3215 2766 3275 atque
2796 3204 2863 3287 ad
2928 3204 3012 3259 sui
3059 3204 3289 3275 gratiam
3320 3200 3572 3287 uberiore

276 3272 368 3339 dit,
398 3288 564 3331 amor
599 3279 898 3349 Successit,
929 3288 984 3336 et
1026 3286 1204 3353 passio
1249 3278 1566 3342 resusCitata
1600 3298 1712 3355 est,
1748 3290 1869 3344 tan-

1977 3272 2210 3355 ;etl‘ectu
2237 3299 2403 3369 coepit
2443 3272 2737 3353 lacessere.
2752 3276 2962 3352 Ardere
2986 3294 3286 3375 majoribus
3297 3294 3437 3348 odiis
3453 3280 3576 3346 aula

278 3374 463 3440 tusque
514 3370 797 3427 incanduit
842 3373 1026 3431 fervor
1070 3376 1413 3448 cupiditatis,
1456 3388 1515 3435 ut
1558 3370 1869 3439 defunctam

278 3466 377 3515 non
400 3463 682 3533 crederet,
711 3474 872 3537 atque
902 3468 955 3522 in
986 3484 1214 3526 excessu
1236 3472 1431 3527 mentis
1463 3474 1693 3543 positus,
1717 3472 1873 3545 quasi

278 3556 551 3614 viteutem
581 3561 969 3632 all'OQuerelur.
995 3562 1064 3619 Et
1086 3566 1227 3622 sicut
1250 3566 1314 3621 ad
1358 3564 1478 3622 eam
1519 3584 1638 3639 quae
1669 3556 1875 3625 viveret

279 3662 470 3719 pueros
500 3650 807 3724 dirigebat,
839 3656 1055 3728 rogans,
1088 3656 1143 3713 nt
1169 3659 1430 3729 depositis
1461 3661 1832 3718 simultatibus
1859 3706 1874 3730 ,

279 3745 340 3799 ad
366 3761 485 3804 sese
520 3751 756 3816 veniret,
790 3756 843 3805 et
876 3750 1128 3809 redderet
1167 3766 1227 3810 se
1252 3752 1748 3827 conju'galigratiac.
1777 3756 1873 3813 Vix

280 3838 509 3912 denique
567 3843 737 3898 multo
768 3844 993 3901 edoctus
1034 3844 1319 3905 intervallo
1370 3852 1633 3920 temporis
1675 3844 1877 3908 obiisSe

282 3935 555 3999 credidit,
602 3932 765 4006 quam
793 3940 894 4009 pro
925 3955 1113 3995 amore
1146 3951 1417 4011 tamquam
1451 3942 1778 3998 immortalis
1803 3943 1879 4000 fe-

283 4031 478 4085 minam
505 4030 721 4087 deboris
750 4036 885 4088 mori
915 4034 1018 4089 non
1050 4037 1294 4105 potuisse
1321 4034 1713 4094 arbitrabatur.
1738 4036 1881 4093 Tan-

284 4129 365 4178 tus
394 4126 514 4180 erat
555 4124 785 4181 affectus
816 4140 940 4199 erga
975 4127 1309 4184 defunctam.
1365 4129 1611 4201 Denique
1656 4129 1880 4199 eti‘erus,

286 4224 465 4287 postea
521 4228 687 4288 atque
731 4222 783 4275 in
831 4221 1122 4276 multorum
1156 4232 1345 4277 necent
1376 4224 1724 4293 prmsentium
1757 4222 1883 4279 odio

286 4309 452 4369 fertur
470 4314 848 4385 exasperatus,
878 4330 976 4370 nec
988 4314 1163 4371 solum
1180 4310 1370 4373 morbo
1395 4318 1559 4371 animi
1583 4314 1882 4383 laborasse,

287 4406 379 4460 sed
405 4406 575 4475 etiam
604 4410 751 4475 gravi
775 4410 1022 4479 corporis
1050 4390 1393 4481 a-g'ritndine,
1427 4427 1586 4483 quam
1620 4428 1686 4467 ex
1717 4410 1888 4483 pesti-

288 4493 449 4553 lentia
477 4508 696 4570 quoqne
719 4501 862 4556 aeris
890 4512 1225 4557 contractam
1255 4502 1489 4558 aiebant.
1522 4496 1886 4559 Nam'tractus

287 4589 406 4644 cmli
434 4588 748 4661 eariuptior
778 4592 1022 4663 pluriu'ris
1052 4602 1257 4664 pestem
1288 4597 1510 4650 creavit.
1559 4595 1715 4650 Unde
1753 4611 1886 4651 con-

1974 3392 2146 3463 rcgia,
2175 3400 2229 3445 et
2255 3391 2556 3469 certamine
2589 3388 2816 3445 fratrum
2844 3391 3062 3469 concuti
3092 3406 3105 3443 :
3157 3386 3285 3442 dum
3328 3386 3405 3441 illi
3437 3384 3575 3439 indi-

1973 3497 2224 3557 gnantur,
2274 3464 2420 3561 quod
2470 3464 2697 3556 privatae
2738 3466 2984 3553 mulieris
3016 3482 3158 3538 ﬁlius
3186 3481 3293 3538 sibi
3319 3482 3372 3536 in
3405 3495 3575 3551 regno

1974 3577 2111 3633 ortis
2140 3570 2568 3647 prmferebatur:
2624 3575 2715 3631 ille
2754 3584 3008 3632 versutus
3039 3573 3331 3657 adulandi,
3367 3587 3475 3657 quo
3515 3587 3575 3628 se

1975 3668 2292 3724 inferiorem
2325 3678 2572 3723 materno
2602 3669 2774 3725 latere
2821 3668 3125 3735 cernebat,
3168 3682 3236 3722 eo
3284 3656 3579 3724 studiosius

1978 3761 2366 3817 commendare
2395 3778 2517 3818 sese
2540 3763 2703 3832 patri,
2733 3773 2989 3834 appetere
3019 3776 3307 3834 germanos
3353 3775 3576 3831 compo-

1978 3853 2095 3908 sitis
2130 3848 2625 3910 insimulationibus
2655 3871 2761 3911 non
2790 3840 3125 3926 quiescebat,
3150 3858 3323 3933 donec
3344 3856 3460 3924 ipse
3481 3871 3581 3926 per

1980 3961 2040 4001 se
2074 3962 2136 3999 ac
2168 3962 2261 4016 per
2288 3947 2423 4001 alios
2442 3964 2580 4018 (μιυδ
2605 3949 2710 4003 sibi
2730 3947 3074 4018 adjunxerat,
3101 3947 3409 4023 excluderet
3435 3948 3584 4018 ipsos

1980 4037 2050 4093 ab
2079 4037 2272 4093 aﬂectu
2306 4049 2549 4110 paterno.
2588 4041 2828 4112 Denique
2860 4040 3119 4111 regnandi
3160 4041 3241 4094 bis
3272 4055 3426 4110 Spem
3467 4046 3584 4093 ont-

1985 4147 2106 4187 nem
2129 4133 2351 4199 ademit,
2379 4134 2450 4187 ita
2480 4143 2538 4187 ut
2564 4133 2781 4204 publice
2803 4134 3023 4188 condito
3053 4141 3398 4192 testamento.
3434 4124 3585 4186 solus

1986 4228 2197 4300 imperii
2229 4244 2517 4285 successor
2539 4228 2945 4299 designaretur,
2975 4227 3281 4296 missusque
3311 4226 3377 4282 ad
3408 4224 3589 4281 Caesa;

1986 4338 2102 4378 rem
2134 4302 2360 4377 iiomam
2394 4334 2593 4401 praeter
2620 4321 2833 4392 insigne
2860 4320 3183 4401 diadematis
3204 4319 3355 4401 omni
3399 4324 3593 4375 ornatu

1988 4416 2246 4486 cultuque
2276 4416 2429 4485 regio
2455 4396 2802 4470 iniciebatur.
2856 4411 2984 4469 Inde
3026 4414 3079 4469 in
3109 4396 3350 4469 .lndteam
3381 4426 3596 4483 regres-

1988 4514 2104 4572 sus,
2136 4498 2292 4562 aucta
2320 4523 2447 4578 erga
2463 4523 2524 4563 se
2546 4492 2780 4561 Cmsaris
2809 4505 3275 4576 plurimorumque
3303 4498 3594 4558 illustrium

1991 4605 2232 4658 virorum
2255 4602 2453 4673 gratia,
2476 4600 2658 4671 exigui
2693 4615 2859 4671 pr0pe
2890 4600 3151 4672 temporis
3170 4597 3460 4654 intervallo
3479 4607 3595 4654 tan-

224 4739 233 4747 ,
290 4682 444 4736 sultis
471 4683 759 4739 medicium
786 4682 991 4755 peritis,
1014 4684 1270 4741 silvarum
1291 4689 1515 4743 secretis
1545 4705 1666 4742 sese
1714 4688 1885 4753 abdit,
1914 4692 1967 4753 Ι)
1996 4704 2109 4749 tum
2160 4694 2481 4764 praevaluit,
2528 4686 2777 4747 utetiam
2826 4701 3056 4746 matrem
3107 4690 3361 4760 coniugio
3418 4689 3596 4760 pntris

182 4789 196 4798 ‘
290 4784 343 4829 et
369 4775 558 4831 refuso
592 4778 849 4845 paulatim“
879 4780 1107 4849 vigere,
1163 4780 1445 4835 venatibus
1507 4778 1887 4835 salubritatem

292 4873 537 4942 corporis
569 4872 773 4944 pariter
808 4880 872 4928 ac
898 4874 1096 4928 mentis
1130 4883 1156 4911 ⁸
1188 4876 1559 4929 Salubritatem
1589 4870 1813 4945 recepit.

806 4950 1037 5022 CAPUT
1077 4962 1366 5022 xxxvm.

365 5058 479 5114 Hoc
522 5072 741 5130 quoque
793 5059 1031 5115 addebat
1073 5060 1347 5115 miraculis
1396 5058 1509 5115 Suis
1562 5052 1757 5129 quibus
1801 5057 1896 5114 de-

295 5152 497 5209 functa!
526 5154 855 5227 suspiciebat
885 5152 1112 5226 gratiam
1138 5196 1154 5223 ,
1189 5154 1355 5210 luisse
1383 5169 1444 5209 se
1475 5146 1662 5224 injusti
1710 5168 1898 5225 punias

298 5245 509 5317 ﬂagitii,
544 5255 599 5304 et
626 5251 1016 5304 elementbrum
1043 5250 1362 5320 aagritudine
1388 5248 1661 5320 expiatum
1710 5246 1901 5303 interi-

300 5349 412 5396 tum
457 5342 591 5398 tanti
632 5344 876 5411 decoris;
930 5345 1144 5400 excidio
1189 5340 1414 5410 mundi,
1458 5344 1781 5414 populorum
1813 5344 1901 5400 lue

304 5438 469 5493 unius
498 5451 752 5510 mortem,
782 5451 930 5497 sorte
957 5450 1136 5497 tamen
1172 5440 1367 5512 impari
1396 5440 1755 5526 vindicatam,_
1778 5442 1901 5496 cum

383 5611 411 5640 ⁸
453 5604 557 5659 Ms.
590 5604 931 5660 sobrietatem.
968 5603 1136 5659 ΒΑΜ.

377 5675 408 5716 ι)
449 5670 553 5730 Ms;
581 5682 841 5745 comperta
889 5684 1009 5728 nece
1050 5672 1265 5738 matris,
1316 5672 1582 5742 plerosque
1627 5672 1686 5745 in
1731 5668 1907 5725 odium

316 5754 483 5817 patri:
508 5762 568 5803 tte
605 5750 925 5824 impulsura:
972 5747 1390 5824 arbitrabantur:
1422 5744 1662 5824 regressis
1691 5760 1908 5824 “quoque

316 5814 378 5883 tte
408 5814 709 5898 conspectu}
731 5819 938 5895 quidem
982 5818 1184 5891 paterni
1206 5814 1533 5875 reverentiam
1555 5814 1904 5873 sedulitatem-

1993 4782 2021 4822 ἀ
2044 4785 2265 4840 adderet
2291 4782 2659 4855 :geminisque
2682 4784 2873 4852 armis,
2903 4782 3157 4838 adulandi
3182 4792 3301 4838 arte
3342 4792 3397 4838 et
3424 4781 3593 4837 simu-

1994 4879 2138 4934 landi
2185 4879 2446 4939 versutia,
2488 4877 2563 4932 ita
2604 4892 2895 4948 germanos
2947 4891 3137 4947 urgere
3191 4875 3331 4946 apud
3380 4885 3589 4946 patrem

1997 4972 2203 5040 erepit,
2253 4982 2313 5024 ut
2370 4969 2505 5039 patri
2538 4967 2680 5023 filius
2718 4984 2906 5023 necem
2947 4956 3186 5036 pararet.
3228 4958 3474 5039 Denique
3510 4966 3594 5022 fu-

2000 5082 2126 5121 rens
2164 5066 2330 5120 animi
2381 5048 2607 5119 Romam
2661 5065 2794 5134 petit
2835 5073 3068 5119 attracto
3125 5079 3311 5119 secum
3361 5064 3601 5121 Alexan—

2001 5160 2133 5227 dro,
2163 5176 2323 5231 quem
2367 5177 2518 5215 reum
2551 5161 2745 5231 magici
2775 5161 3063 5216 adversum
3102 5175 3163 5216 se
3202 5159 3450 5215 criminis
3476 5166 3605 5215 ante

2008 5255 2279 5311 Cassarem
2320 5256 2528 5310 statuit.
2556 5254 2652 5312 Ille
2684 5255 2806 5311 data
2836 5256 2935 5311 sibi
2965 5256 3116 5326 copia
3144 5252 3497 5326 deplorattdtn‘
3518 5266 3612 5333 ca-

2008 5349 2299 5418 lamitatis,
2327 5367 2801 5422 terumnarumque
2826 5352 3104 5419 omnium,
3136 5368 3260 5408 cum
3304 5351 3514 5405 videret
3538 5350 3613 5403 si.

2009 5443 2061 5499 bi
2101 5456 2389 5514 suppetere
2421 5446 2553 5499 tanti
2589 5445 2793 5515 judicis
2819 5447 3200 5503 auctoritatem
3223 5486 3238 5510 ,
3285 5442 3379 5515 qui
3404 5457 3507 5499 nec
3545 5442 3614 5497 ab

2015 5617 2113 5673 que
2135 5601 2453 5727 iﬁfuderanf.
2484 5603 2562 5660 in.

2092 5688 2113 5711 ιτ
2203 5671 2373 5727 lfectu.
2429 5691 2480 5727 υ.

2092 5688 2113 5711 ιτ
2154 5671 2373 5740 A/I'ectu.
2404 5671 2480 5730 lo.

2090 5742 2115 5780 ί¹
2160 5745 2375 5800 Iieddrr.
2393 5756 2431 5801 t.
2465 5746 2541 5804 lo.
