4112 6350
533 330 678 388 2007

1863 318 2112 380 SANCTI
2150 320 2474 380 AMBROSII

3657 322 3818 394 lim

532 444 749 504 IIerode
791 442 999 501 traduci
1041 457 1140 515 per
1176 441 1408 514 gratiam
1437 445 1658 511 posset,
1685 451 1786 494 nec
1815 435 1888 493 ab
1909 434 2142 506 Antipa-
2169 433 2350 499 Aﬁlii
2378 434 2485 492 mei
2529 448 2652 492 esse
2710 435 2966 492 meliores
3009 433 3202 501 liberi,
3261 431 3495 492 Cesaris
3553 434 3817 492 beneﬁcio.

532 549 622 596 tro
647 536 1070 603 circumveniri,
1113 535 1248 591 nihil
1292 531 1731 605 praetereundum
1755 539 1907 587 ratus
1934 572 1949 596 ,
1981 528 2136 601 ﬂagi-

531 635 610 691 tia
648 633 816 704 patris
857 630 1089 704 quadam
1123 628 1452 701 perstrinxit
1482 625 1786 691 modestia,
1825 635 2014 681 utnec
2044 639 2138 679 ur-

533 742 665 799 gere
686 735 958 796 tamquam
989 731 1277 779 accusator
1307 719 1608 787 videretur,
1642 733 1744 775 nec
1782 717 1996 774 occulta
2018 730 2140 772 esse

535 821 777 884 sineret,
805 823 955 872 'cum
999 816 1291 887 plurimum
1335 828 1555 869 causam
1601 811 1850 883 iuvaret,
1889 813 1934 866 si
1980 823 2040 864 se
2070 809 2140 865 ob

534 911 688 967 necis
735 918 995 964 materna:
1045 906 1294 963 dolorem
1341 905 1584 977 paternis
1609 905 1717 975 peti
1749 903 1892 959 odiis
1915 902 2142 957 demon-

534 1002 841 1060 stravisset.
889 999 948 1055 In
977 999 1177 1055 talibus
1202 999 1347 1054 enim
1391 997 1610 1068 iudiciis
1641 995 1774 1051 nihil
1804 993 1975 1065 magis
2004 993 2143 1049 libe-

533 1113 624 1154 ros
652 1105 865 1168 gravat,
884 1110 1044 1166 quam
1064 1102 1271 1149 naturae
1294 1094 1467 1164 pietas
1495 1101 1549 1147 et
1571 1091 1789 1163 pietatis
1812 1088 2139 1145 auctoritas:

534 1206 658 1263 qum
705 1191 751 1246 si
795 1189 1073 1260 aliquanto
1099 1187 1460 1244 traducuntur
1486 1185 1690 1258 ﬂagitio
1711 1226 1725 1249 ,
1767 1182 2142 1254 przejudicium

535 1286 841 1354 minuitur,
915 1283 1275 1356 praerogativa
1337 1280 1664 1338 excluditur.
1727 1278 1827 1336 Ubi
1877 1292 2009 1334 vero
2076 1277 2145 1331 ad

535 1381 751 1452 objecta
773 1380 941 1450 patris
968 1387 1215 1441 ventum,
1231 1373 1426 1430 validis
1448 1372 1708 1429 refellens
1723 1369 2144 1435 assertionibus,

539 1472 778 1528 alienum
829 1471 1054 1526 sceleris
1096 1469 1276 1540 primo
1325 1467 1548 1522 fratrem
1591 1463 2023 1531 demonstravit,
2055 1460 2148 1533 qui

534 1580 758 1621 suorum
785 1573 934 1620 esset
960 1576 1190 1619 consors
1214 1560 1587 1632 periculorum
1613 1600 1628 1624 ,
1671 1573 1833 1630 quem
1864 1554 2145 1612 innoxium

537 1659 590 1712 in
614 1658 820 1712 crimen
849 1655 1033 1710 vocari
1063 1652 1476 1725 ingemiscebat.
1519 1649 1969 1721 Adstipulabatur
1995 1663 2149 1720 pura:

539 1747 891 1806 conscientia:
914 1747 1108 1819 agendi
1135 1745 1226 1816 jus
1273 1753 1330 1801 et
1364 1743 1578 1800 dicendi
1609 1741 1802 1814 peritia
1828 1783 1844 1809 ,
1877 1740 2016 1797 nihil
2042 1739 2147 1796 sibi

2241 527 2446 586 Statuit
2470 528 2614 584 enim
2638 570 2653 596 ,
2694 538 2750 584 ut
2793 544 2859 586 ex
2891 543 3016 585 meo
3055 528 3282 585 arbitrio
3317 529 3579 598 penderet
3606 528 3820 586 ﬁliorum

2241 624 2516 679 successio
2543 665 2558 689 ,
2605 638 2673 678 ne
2719 625 3083 695 praerogativa
3137 624 3502 680 successionis
3533 624 3822 694 superbiam

2239 715 2506 788 gigneret.
2555 715 2676 786 Ipse
2721 716 2852 772 mihi
2899 731 3271 773 successorem
3299 716 3508 785 darem,
3541 731 3696 788 quem
3725 717 3824 775 ele-

2241 811 2442 882 gissem
2471 829 2484 865 :
2527 826 2651 866 eum
2683 811 2894 867 scilicet
2940 812 3030 881 qui
3082 811 3410 867 meruisset:
3442 827 3589 878 eum,
3622 811 3706 881 qui
3741 828 3825 883 pa-
3920 825 3927 833 '

2245 911 2382 959 trem
2411 901 2644 973 amplius
2674 901 3079 959 honoravisset.
3111 901 3373 958 lmitabor
3395 900 3697 970 Cra-sarem;
3723 903 3826 973 ipse

2244 997 2389 1054 enim
2417 996 2750 1053 ahsolvendo
2796 996 3042 1066 juniores
3092 996 3235 1052 ﬁlios
3261 1011 3450 1065 meos,
3509 998 3827 1054 seuioriﬁlio

2246 1104 2406 1160 pares
2449 1088 2594 1144 fecit.
2645 1087 2830 1159 Itaque
2887 1089 3048 1144 simul
3093 1097 3206 1144 tres
3251 1089 3454 1146 liberos
3485 1088 3646 1146 hodie
3687 1105 3826 1161 reges

2245 1182 2552 1238 constituo:
2589 1182 2667 1238 illi
2697 1190 2851 1248 tetas,
2881 1181 3004 1238 istis
3033 1182 3287 1239 nobilitas
3331 1183 3691 1255 astipulatur:
3736 1200 3827 1241 nec

2247 1290 2510 1332 numerus
2540 1282 2755 1330 moveat
2781 1292 2794 1329 :
2826 1275 3140 1353 magnitudo
3166 1275 3320 1345 regni
3338 1284 3391 1332 et
3412 1276 3658 1348 pluribus
3677 1277 3828 1333 abun-

2247 1370 2361 1426 dat.
2405 1369 2628 1426 Arbiter
2675 1370 2856 1440 primo
2901 1371 3188 1426 sententiae
3238 1385 3376 1426 mea:
3423 1371 3604 1427 Deus:
3653 1371 3830 1428 deinde

2248 1465 2412 1522 etiam
2442 1479 2537 1521 vos
2555 1466 2838 1522 accedite:
2871 1481 3008 1536 quos
3036 1463 3222 1522 Caesar
3238 1466 3546 1537 conjunxit,
3571 1467 3832 1523 constituit

2250 1567 2425 1631 pater,
2478 1574 2573 1614 vos
2605 1559 2813 1616 honore
2842 1574 3084 1628 congruo
3116 1559 3531 1631 prosequimini,
3580 1570 3636 1616 ut
3673 1575 3830 1630 neque

2251 1650 2641 1707 immoderatus
2681 1665 2856 1722 neque
2888 1651 3105 1706 inﬁmus
3138 1651 3314 1708 honor
3338 1657 3409 1708 sit
3444 1671 3457 1706 :
3492 1653 3639 1708 aliud
3671 1652 3828 1722 inﬂat,

2250 1743 2398 1799 aliud
2421 1752 2727 1814 exasperat.
2773 1742 2928 1812 Quod
2955 1744 3149 1815 cuique
3196 1744 3462 1814 portionis
3505 1760 3619 1800 sua:
3646 1744 3830 1800 meritis

539 1858 603 1899 ac
631 1841 782 1897 fratri
811 1841 1063 1896 relictum
1097 1838 1356 1905 honoris,
1387 1838 1601 1894 sublata
1635 1837 1816 1893 omnia
1846 1851 1943 1906 per
1969 1835 2149 1892 scelus
2179 1852 2228 1915 Β
2255 1836 2514 1908 suppetit,
2548 1837 2908 1907 impartiatur.
2929 1836 3046 1892 Non
3077 1837 3221 1893 enim
3248 1846 3456 1894 tantum
3484 1837 3601 1906 quis
3619 1836 3831 1892 delectat

540 1933 816 2008 germani,
843 1934 1123 2004 patrisque
1151 1931 1490 1988 facilitatem.
1513 1927 2146 1999 Amarissimedeplora—

540 2028 635 2083 bat
655 2041 844 2082 necem
873 2025 977 2081 sibi
1003 2025 1258 2096 irrogari,
1281 2038 1442 2096 quam
1467 2031 1622 2093 pater
1639 2035 1890 2092 eousque
1913 2017 2144 2091 expetit,

542 2130 600 2178 ut
627 2122 838 2177 crimen
861 2119 1119 2191 adjiciat,
1147 2119 1410 2188 ﬂagitium
1439 2117 1718 2189 adjungat.
1747 2115 1958 2184 Quibus
1985 2114 2148 2170 dictis

541 2215 726 2286 coegit
751 2215 804 2268 in
838 2213 1112 2284 lacrymas
1135 2212 1429 2268 universos
1455 2252 1470 2276 ,
1515 2217 1678 2281 atque
1721 2223 1790 2265 eo
1819 2216 2025 2263 sortem
2052 2207 2149 2263 de-

543 2311 697 2369 duxit
719 2311 908 2383 judicii
937 2353 952 2378 ,
987 2317 1045 2366 ut
1080 2307 1284 2364 Czesari
1326 2306 1604 2362 accusatio
1640 2318 1750 2361 non
1794 2303 2145 2374 probaretur,

544 2414 700 2477 pater
750 2402 1257 2460 reconciliationem
1312 2400 1756 2471 amplecteretur.
1822 2396 1878 2452 Id
1933 2405 2147 2467 gratum

544 2499 833 2556 admodum
866 2507 921 2553 et
965 2496 1536 2568 praecellentissimum
1584 2494 1833 2550 Romano
1872 2490 2148 2564 principi,

545 2606 654 2648 non
702 2591 877 2646 solum
910 2590 1024 2661 regi
1057 2589 1257 2660 inclyte
1282 2603 1511 2659 regnum
1546 2585 1815 2652 donasse,
1861 2583 1957 2641 sed
1983 2585 2148 2640 etiam

546 2685 751 2740 liberos
778 2681 1106 2738 reddidisse.
1134 2680 1322 2751 Itaque
1356 2678 1508 2750 justo
1547 2676 1834 2734 deﬁnitum
1857 2676 2113 2732 examine
2133 2714 2148 2741 ,

544 2786 604 2832 ut
633 2777 710 2832 sic
742 2757 949 2846 paterni
976 2775 1116 2846 juris
1144 2773 1452 2830 reverentia
1485 2770 1744 2827 inviolata
1783 2777 2068 2835 maneret,
2096 2776 2153 2822 et

547 2881 660 2927 tuta
691 2870 927 2926 ﬁliorum
957 2867 1300 2933 innocentia;
1355 2865 1530 2937 patri,
1564 2875 1621 2920 ut
1647 2864 1910 2930 decebat,
1941 2863 2153 2918 obtem-

549 2973 811 3034 perarent
857 2961 1034 3017 liberi.
1092 2961 1214 3032 Ipse
1263 2958 1589 3014 inoffensum
1633 2967 1844 3013 natura:
1899 2955 2149 3011 aﬂ‘ectum

553 3067 578 3095 ει
605 3057 884 3113 cohiberet
912 3056 1067 3121 ﬁliis;
1099 3055 1186 3110 cui
1209 3053 1374 3110 vellet
1395 3062 1600 3119 tamen,
1622 3067 1850 3123 regnum
1869 3051 2149 3120 relinque-

550 3159 653 3207 ret.
690 3149 849 3206 Redit
875 3165 940 3205 ex
967 3150 1101 3205 urbe
1129 3147 1302 3203 Roma
1349 3161 1472 3202 eum
1507 3154 1658 3216 patre
1690 3143 2002 3201 Alexander
2024 3184 2040 3211 ,
2068 3142 2153 3213 ju-

2251 1945 2376 1986 eum
2404 1945 2565 2001 quem
2594 1945 2759 2000 supra
2791 1946 3105 1987 mensuram
3130 1931 3384 1996 honorat,
3416 1941 3674 2003 quantum
3701 1930 3830 1986 laedit

2252 2041 2376 2081 eum
2409 2026 2494 2080 cui
2524 2025 2767 2082 debitum
2795 2036 2979 2098 negat.
2999 2026 3400 2099 Etplerumque
3415 2037 3642 2098 uterque
3661 2042 3829 2083 eorum

2251 2115 2565 2186 oﬂ‘enditur,
2602 2119 2690 2175 ubi
2733 2119 3068 2190 prmlationis
3118 2120 3357 2176 adulatio
3406 2131 3512 2178 est.
3545 2121 3674 2178 Sum
3701 2131 3831 2177 certe

2253 2211 2508 2266 omnibus
2549 2219 2724 2282 pater.
2778 2212 2963 2269 Honor
2995 2212 3232 2270 ﬁliorum
3278 2213 3424 2270 haud
3453 2214 3616 2270 dubie
3669 2212 3822 2284 patris

2257 2313 2280 2342 ο
2304 2303 2474 2374 gloria
2490 2312 2592 2360 est.
2613 2303 2668 2360 Si
2693 2313 2870 2360 tamen
2900 2319 3060 2376 supra
3085 2305 3304 2361 modum
3333 2306 3460 2378 quis
3487 2307 3679 2363 liberos
3699 2320 3830 2361 meos

2253 2395 2485 2463 excolat,
2518 2411 2646 2452 reus
2667 2408 2751 2453 est
2781 2398 2912 2452 mihi
2943 2399 3107 2454 etiam
3126 2414 3224 2470 pro
3255 2399 3445 2455 liberis
3476 2401 3632 2469 meis,
3659 2399 3829 2472 quibus

2252 2497 2444 2544 auctor
2470 2489 2836 2561 prolapsionis
2864 2500 2983 2547 est:
3012 2491 3219 2548 Nimius
3247 2492 3394 2548 enim
3417 2493 3599 2550 cultus
3617 2492 3828 2546 audacia

2253 2590 2504 2652 sumptus
2526 2591 2628 2638 est.
2654 2582 2928 2655 Numquid
2961 2585 3180 2641 invideo
3209 2586 3400 2642 liberis
3443 2585 3622 2642 meis?
3649 2585 3790 2641 Absit
3814 2601 3825 2637 :

2253 2675 2352 2731 sed
2384 2677 2530 2731 male
2558 2691 2653 2732 eos
2679 2679 2861 2733 minus
2888 2693 3011 2734 cum
3039 2680 3214 2750 gratia
3260 2694 3424 2751 posse
3446 2721 3461 2747 ,
3490 2693 3649 2750 quam
3674 2672 3827 2748 pluri-

2254 2783 2403 2824 mum
2427 2784 2548 2826 cum
2580 2771 2872 2828 seditione.
2892 2771 3048 2842 Quod
3075 2773 3221 2828 enim
3268 2772 3545 2843 superbia:
3595 2771 3676 2826 vel
3704 2769 3830 2840 rapi-

2255 2876 2339 2917 na:
2365 2871 2470 2929 est,
2501 2863 2612 2918 cito
2629 2863 2866 2920 labitur:
2895 2863 3040 2936 quod
3066 2865 3255 2936 gratia:
3273 2907 3288 2931 ,
3313 2864 3406 2920 diu
3427 2869 3666 2921 tenetur.
3695 2859 3830 2918 Unde

2255 2968 2402 3009 cura:
2443 2954 2547 3010 erit
2590 2955 2757 3022 mihi,
2803 2966 2861 3011 ut
2891 2971 3191 3028 sponsores
3219 2955 3537 3012 concordiae
3566 2956 3828 3028 adjungam

2253 3048 2443 3106 liberis
2472 3051 2608 3107 meis
2659 3060 2911 3121 parentes
2951 3052 3302 3123 amicosque,
3355 3067 3590 3124 quorum
3637 3050 3829 3105 hortatu

2257 3152 2460 3200 mutua:
2484 3145 2793 3200 dilectionis
2817 3145 3069 3201 affectum
3101 3146 3345 3202 induant.
3378 3146 3516 3202 Nam
3543 3161 3659 3202 cum
3677 3139 3830 3200 onmis

551 3243 696 3300 dicio
710 3243 902 3314 magis,
930 3257 1091 3313 quam
1114 3239 1425 3311 suspicione
1446 3239 1750 3294 absolutus.
1783 3237 1987 3293 Vacare
2004 3236 2148 3292 enim
2178 3253 2224 3318 ρ
2257 3251 2438 3294 sermo
2469 3238 2646 3294 malus
2694 3239 2852 3295 facile
2891 3252 3127 3296 mentem
3161 3239 3436 3296 audientis
3463 3239 3660 3296 inliciat
3681 3280 3695 3305 ,
3733 3245 3828 3290 tum

556 3345 791 3392 mentem
832 3333 1063 3389 Herodis
1089 3334 1156 3389 ab
1183 3333 1309 3388 odio
1338 3331 1568 3387 ﬁliorum
1607 3329 1896 3400 Antipater
1922 3344 2030 3384 non
2062 3343 2154 3398 pa-

556 3412 790 3484 tiebatur
822 3444 835 3482 :
868 3428 983 3498 ipse
1009 3427 1152 3482 enim
1207 3437 1321 3480 erat
1367 3425 1615 3481 odiorum
1646 3425 1873 3492 materia
1900 3441 1912 3478 :
1946 3438 2155 3493 preme-

557 3522 648 3577 bat
674 3530 853 3575 tamen
886 3519 1124 3575 studium
1171 3535 1326 3576 suum
1376 3518 1620 3574 contuitu
1653 3516 2110 3573 reconciliationis
2135 3557 2152 3583 ,

557 3629 626 3670 ne
656 3614 910 3684 appetita:
939 3612 1316 3684 germanitatis
1341 3625 1558 3666 scenam
1595 3608 1888 3679 proderet,
1935 3608 2159 3664 insidias

557 3706 950 3762 manifestaret.
976 3703 1082 3762 Ubi
1105 3713 1325 3760 ventum
1348 3713 1430 3758 est
1455 3704 1508 3757 iu
1529 3701 1792 3767 Ciliciam,
1820 3710 1876 3757 et
1902 3701 2160 3771 navigan-

515 3821 522 3828 α
558 3812 641 3858 tes
687 3802 740 3856 in
769 3799 802 3839 ι)
829 3799 1105 3856 Eleusiam
1153 3798 1606 3869 applicaverunt,
1647 3796 1887 3866 suscepit
1933 3809 2028 3850 eos
2055 3798 2159 3849 Ar-

558 3895 781 3952 chelaus
826 3896 1010 3966 epimo
1054 3892 1339 3959 convivio,
1395 3891 1598 3961 gratias
1649 3904 1815 3961 agens
1859 3886 2157 3944 Alexandri

559 3987 748 4061 generi
776 3988 856 4043 sui
898 4001 1088 4053 causa,
1115 3985 1261 4057 quod
1290 3993 1608 4054 exemptum
1641 3981 1886 4053 periculo
1916 3979 2162 4037 reconci-

558 4083 785 4140 liatione
815 4082 978 4138 etiam
1003 4081 1224 4153 dignum
1258 4079 1601 4135 :estimasset.
1628 4077 1746 4145 Ipse
1772 4076 1932 4132 etiam
1963 4073 2160 4129 litteris

560 4190 658 4247 per
671 4189 799 4230 suos
826 4171 1290 4239 directis,amicos
1321 4178 1633 4243 rogaverat,
1666 4178 1945 4239 utgenero
1972 4166 2164 4222 defen-

560 4267 731 4322 sionis
766 4267 1080 4336 adjumento
1107 4266 1319 4329 forent,
1368 4273 1423 4319 et
1463 4261 1768 4320 discedenti
1815 4259 2013 4316 obtulit
2053 4276 2163 4314 xxx.

559 4360 760 4416 talenta
793 4359 1178 4431 hospitalitatis
1206 4373 1531 4424 munere,ac
1559 4356 1890 4428 Zephyrium
1921 4356 2162 4428 adusque

559 4467 743 4523 regem
776 4453 1045 4524 perduxit.
1084 4453 1385 4523 Regressus
1410 4451 1632 4508 domum
1659 4465 1754 4506 rex
1780 4449 2037 4505 continuo
2067 4463 2162 4521 po-

558 4547 743 4617 pulum
774 4547 1023 4615 advocat,
1058 4547 1200 4618 apud
1232 4563 1393 4619 quem
1426 4546 1529 4603 hoc
1549 4545 1711 4602 modo
1741 4545 2017 4602 disseruit.

1098 4636 1329 4714 CAPUT
1380 4635 1625 4693 xxxux.

633 4729 791 4786 Modo
821 4745 984 4786 causa
1015 4730 1172 4796 mihi,
1214 4730 1426 4786 Hehrzei
1457 4730 1626 4797 cives,
1676 4739 1730 4787 et
1758 4729 1908 4786 utilis
1951 4739 2006 4786 et
2036 4729 2153 4786 fru-

561 4831 752 4878 ctuosa
781 4821 879 4878 fuit
909 4823 1137 4876 Romam
1163 4821 1398 4891 petendi,
1420 4823 1667 4892 profecto
1696 4832 1754 4876 ut
1773 4822 1841 4878 de
1868 4823 1990 4877 ﬁliis
2021 4829 2157 4879 meis

537 4913 745 4970 .Cwsar
770 4915 1037 4985 judicaret
1064 4933 1076 4968 :
1102 4931 1171 4971 ne
1202 4915 1352 4972 solus
1382 4931 1486 4987 ego
1512 4917 1602 4987 qui
1629 4917 1922 4982 irascebar,
1953 4931 2158 4988 cogno-

558 5020 794 5073 scerem,
820 5008 1035 5077 perrexi
1063 5007 1129 5062 ad
1158 5003 1426 5062 Caesarem
1450 5025 1462 5060 :
1509 5015 1569 5062 ut
1605 5007 1694 5078 qui
1725 5023 1948 5079 regnum
1977 5009 2159 5064 reddi-

559 5100 738 5167 derat,
757 5101 825 5157 de
846 5116 1164 5158 successore
1190 5116 1312 5158 meo
1337 5102 1735 5172 pronuntiaret.
1768 5102 2158 5172 Adjeeitbeue-

557 5193 696 5250 ﬁciis
722 5196 836 5251 suis
855 5237 871 5264 ,
897 5203 958 5251 ut
983 5195 1124 5267 quod
1153 5196 1375 5253 difﬁcile
1402 5205 1542 5264 erat,
1575 5212 1743 5268 prope
1766 5199 1996 5253 amissos
2015 5197 2158 5254 ﬁlios

555 5288 698 5360 patri
721 5297 1134 5359 repraesentaret
1152 5306 1166 5354 ;
1193 5288 1449 5346 fratribus
1461 5289 1602 5362 quod
1623 5304 1785 5360 supra
1810 5286 2038 5361 regnum
2051 5298 2156 5358 est,

555 5381 904 5438 concordiam
933 5382 1205 5439 redderet.
1238 5383 1424 5438 Redeo
1450 5384 1609 5455 igitur
1639 5382 1802 5438 ditior
1836 5398 1997 5454 quam
2027 5399 2154 5454 pro.

556 5473 730 5531 fectus
757 5488 907 5529 sum:
933 5473 1098 5530 didici
1124 5488 1248 5530 esse
1275 5474 1468 5530 melior
1492 5484 1668 5545 pater,
1698 5476 1821 5547 quia
1846 5475 2157 5533 didicerunt

638 5621 663 5685 ξι
706 5610 757 5666 ld
785 5620 906 5685 est,
916 5611 1096 5679 simul,
1121 5611 1484 5669 communiter
1501 5612 1807 5681 exhiberet,
1829 5623 1886 5669 ut
1911 5613 2164 5685 equidem

560 5681 838 5740 existimo.
867 5682 1144 5739 GALLAND.

628 5755 655 5794 ι)
691 5753 1170 5826 RuﬁnusJosephi
1200 5755 1498 5826 interpres,
1534 5754 2000 5813 Eleusam.BAnn.

626 5827 649 5856 ε
691 5824 811 5882 Vet.
839 5825 962 5882 cod.
995 5824 1162 5897 gratia
1196 5842 1213 5882 :
1263 5824 1364 5884 hoc
1386 5834 1507 5896 est,
1538 5830 1708 5899 patris
1737 5828 2099 5900 permissione
2125 5870 2142 5899 ,

2258 3331 2494 3386 maxime
2522 3330 2734 3387 assidua
2764 3331 3059 3404 colloquia,
3087 3343 3142 3390 et
3169 3333 3464 3390 diuturnus
3492 3348 3617 3389 usus
3643 3339 3826 3403 pestem

2258 3425 2454 3480 animis
2485 3424 2772 3482 infundere
2797 3426 3008 3496 solent,
3050 3443 3158 3499 quo
3182 3430 3439 3500 contagio
3460 3422 3828 3500 quodammodo

2259 3515 2313 3571 in
2342 3531 2522 3573 mores
2551 3517 2982 3575 cohabitantium
2996 3520 3105 3576 cito
3130 3529 3374 3578 transeat
3397 3540 3411 3576 :
3435 3522 3537 3578 etsi
3560 3515 3828 3590 tranquilli-

2260 3620 2345 3667 tas
2375 3627 2589 3667 morum
2617 3612 2707 3677 sit,
2744 3623 2922 3669 tamen
2953 3622 3012 3669 ut
3037 3622 3288 3685 stagnum
3328 3616 3463 3672 mite
3490 3614 3641 3678 licet,
3673 3607 3827 3667 ventis

2261 3704 2661 3775 exagitantihus
2685 3719 2972 3776 assurgere
3001 3706 3055 3762 in
3083 3715 3250 3762 aestus
3282 3707 3427 3763 valet
3451 3725 3464 3762 :
3497 3709 3568 3763 ita
3598 3706 3726 3763 bona
3747 3717 3826 3756 na-

2262 3805 2380 3853 tura
2409 3798 2672 3870 improbis
2719 3799 3080 3856 monitoribus
3103 3800 3348 3857 ﬂuctuat.
3400 3801 3644 3858 Arbitror
3672 3799 3826 3867 itaque

2260 3891 2406 3961 quod
2435 3892 2485 3946 in
2516 3907 2603 3948 me
2641 3893 3014 3965 unusquisque
3044 3909 3196 3965 spem
3229 3895 3311 3950 sui
3331 3893 3663 3964 potissimam
3687 3889 3828 3945 debet

2262 3982 2596 4050 recondere;
2629 3999 2738 4040 non
2762 3985 2907 4040 enim
2933 3987 3076 4056 quod
3097 3985 3311 4041 accedit
3339 3985 3527 4042 liberis
3546 3984 3693 4048 meis,
3715 3979 3825 4036 mihi

2262 4074 2497 4146 deperit.
2538 4076 2669 4132 Plus
2707 4079 3079 4150 unusquisque
3115 4079 3455 4134 tribunorum
3497 4077 3582 4134 vel
3621 4074 3825 4132 militum

2264 4171 2504 4226 revereri
2533 4171 2694 4228 debet
2723 4181 2931 4242 patrem
2966 4173 3374 4243 imperatorum.
3403 4173 3518 4246 Ego
3536 4215 3550 4240 ,
3579 4186 3675 4244 ego
3698 4183 3826 4230 sum.

2263 4263 2358 4332 qui
2390 4263 2700 4319 mercedem
2751 4263 3021 4320 universis
3053 4265 3347 4336 rependam
3373 4307 3389 4334 ,
3430 4281 3527 4337 pro
3565 4264 3645 4321 his
3689 4263 3826 4318 etiam

2264 4370 2387 4425 qua:
2419 4355 2547 4411 ﬁliis
2578 4357 2713 4412 meis
2733 4356 3059 4414 detuleritis.
3095 4358 3155 4415 Si
3186 4367 3335 4415 recta
3367 4359 3648 4416 advertero
3673 4352 3826 4411 studia
3911 4347 3914 4350 ’

2266 4445 2425 4503 factis
2475 4449 2902 4517 remunerabor;
2943 4451 3326 4508 malevolentia
3376 4453 3604 4524 pretium
3653 4447 3828 4504 referet

2265 4557 2447 4611 suum,
2481 4551 2538 4597 ut
2567 4542 2709 4614 apud
2739 4558 2865 4599 eum
2893 4559 3112 4616 quoque
3149 4560 3310 4616 quem
3341 4544 3609 4616 putaverit
3635 4539 3828 4596 adulan-

2187 4643 2239 4705 ι)
2266 4634 2415 4700 dum,
2443 4633 2622 4690 fructu
2645 4635 2882 4691 excidat.
2899 4636 3007 4694 Vos
3020 4646 3198 4693 autem
3225 4637 3358 4692 beni
3387 4632 3828 4704 ﬁlii,considerate

2269 4728 2504 4799 primum
2536 4739 2745 4785 natura:
2775 4731 3094 4803 religionem
3114 4773 3130 4799 ,
3160 4733 3316 4803 cujus
3343 4737 3513 4804 gratia
3559 4740 3613 4788 et
3653 4724 3827 4784 bestias

2268 4821 2418 4893 ligat,
2433 4838 2554 4894 qum
2571 4822 2736 4879 etiam
2752 4821 2896 4880 feras
2915 4825 3063 4896 cogit
3081 4825 3135 4880 in
3153 4839 3396 4881 amorem
3411 4817 3826 4882 necessitudinis:

2268 4928 2452 4974 manet
2499 4918 2645 4974 inter
2685 4918 2975 4974 indomitas
3023 4918 3260 4990 pecudes
3301 4929 3520 4976 mutuus
3564 4930 3736 4980 amor,
3782 4918 3828 4966 el

2267 5011 2525 5082 periculis
2553 5010 2789 5083 propriis
2818 5011 3094 5069 redimunt
3115 5026 3244 5068 suos
3273 5011 3485 5068 bellum.
3517 5000 3827 5068 Reveremini

2266 5103 2429 5158 etiam
2457 5102 2754 5172 Cmsarem,
2787 5103 2878 5175 qui
2907 5117 3008 5160 vos
3043 5119 3109 5159 ex
3148 5103 3382 5161 inimicis
3411 5105 3614 5160 amicos
3642 5095 3824 5156 fecerit.

2266 5193 2454 5250 Tertio
2484 5210 2571 5251 me
2601 5195 2800 5266 ipsum,
2831 5196 2923 5262 qui
2953 5211 3148 5267 rogare
3177 5196 3352 5264 malo,
3391 5211 3508 5253 cum
3538 5193 3726 5266 possim
3756 5189 3828 5259 ju-

2266 5286 2437 5344 bere:
2483 5297 2700 5343 manete
2731 5287 2960 5354 fratres,
2995 5289 3161 5346 nolite
3190 5290 3217 5328 ἀ
3249 5306 3483 5348 exurere
3523 5286 3657 5360 quod
3684 5295 3826 5355 gene-

2266 5383 2369 5438 rati
2415 5383 2568 5462 estis.
2612 5381 2691 5437 Du
2736 5381 2890 5439 vobis
2918 5393 3130 5440 vestem
3152 5395 3207 5440 et
3235 5385 3443 5440 cultum
3483 5377 3822 5453 imperialeut:

2265 5476 2359 5532 sed
2381 5476 2674 5548 pretiosius
2690 5486 2795 5544 est,
2821 5477 2965 5548 quod
2986 5477 3210 5545 suadeo,
3231 5480 3397 5536 vestri
3415 5475 3610 5533 amoris
3627 5473 3825 5527 inteme-

2275 5624 2334 5672 ut
2350 5615 2474 5673 Filii
2492 5623 2696 5672 tantum
2723 5615 3082 5685 honoreutur,
3098 5625 3360 5689 quantum
3391 5627 3540 5691 pater
3537 5608 3822 5742 (plexum!-

2329 5755 2356 5796 ά
2395 5756 2558 5819 Forte
2596 5775 2816 5819 exuere:
2847 5759 2900 5820 id
2927 5764 3050 5832 est,
3078 5755 3345 5822 oblivisci.
3376 5759 3638 5820 Cumae.
