  <div class='ocr_page' id='page_1' title='image "/cluster/home/n/w/nwhite01/storage/ocr_20150623/15/hvd.32044015471311/414.png"; bbox 0 0 4112 6350; ppageno 0'>
   <div class='ocr_carea' id='block_1_1' title="bbox 335 312 478 370">
    <p class='ocr_par' dir='ltr' id='par_1_1' title="bbox 335 312 478 370">
     <span class='ocr_line' id='line_1_1' title="bbox 335 312 478 370; baseline 0.014 -2"><span class='ocrx_word' id='word_1_1' title='bbox 335 312 478 370; x_wconf 69' lang='lat'><strong>2009</strong></span> 
     </span>
    </p>
   </div>
   <div class='ocr_carea' id='block_1_2' title="bbox 1195 308 2764 372">
    <p class='ocr_par' dir='ltr' id='par_1_2' title="bbox 1195 308 2764 372">
     <span class='ocr_line' id='line_1_2' title="bbox 1195 308 2764 372; baseline -0.003 -2"><span class='ocrx_word' id='word_1_2' title='bbox 1195 310 1467 372; x_wconf 77' lang='lat' dir='ltr'><strong>HISTOR.</strong></span> <span class='ocrx_word' id='word_1_3' title='bbox 1511 310 1602 368; x_wconf 85' lang='lat' dir='ltr'><strong>DE</strong></span> <span class='ocrx_word' id='word_1_4' title='bbox 1640 308 1920 369; x_wconf 83' lang='lat' dir='ltr'><strong>EXCIDIO</strong></span> <span class='ocrx_word' id='word_1_5' title='bbox 1957 309 2232 371; x_wconf 83' lang='lat' dir='ltr'><strong>HIEROS.</strong></span> <span class='ocrx_word' id='word_1_6' title='bbox 2278 311 2504 371; x_wconf 80' lang='lat' dir='ltr'><strong>URBIS.</strong></span> <span class='ocrx_word' id='word_1_7' title='bbox 2546 311 2679 369; x_wconf 81' lang='lat' dir='ltr'><strong>LIB.</strong></span> <span class='ocrx_word' id='word_1_8' title='bbox 2718 312 2764 368; x_wconf 85' lang='grc' dir='ltr'><strong>ι.</strong></span> 
     </span>
    </p>
   </div>
   <div class='ocr_carea' id='block_1_3' title="bbox 3486 309 3631 369">
    <p class='ocr_par' dir='ltr' id='par_1_3' title="bbox 3486 309 3631 369">
     <span class='ocr_line' id='line_1_3' title="bbox 3486 309 3631 369; baseline 0.007 -1"><span class='ocrx_word' id='word_1_9' title='bbox 3486 309 3631 369; x_wconf 72' lang='grc'><strong>2010</strong></span> 
     </span>
    </p>
   </div>
   <div class='ocr_carea' id='block_1_4' title="bbox 336 424 3635 508">
    <p class='ocr_par' dir='ltr' id='par_1_4' title="bbox 336 424 3635 508">
     <span class='ocr_line' id='line_1_4' title="bbox 336 424 3635 508; baseline -0 -24"><span class='ocrx_word' id='word_1_10' title='bbox 336 435 454 484; x_wconf 89' lang='lat' dir='ltr'><strong>tum</strong></span> <span class='ocrx_word' id='word_1_11' title='bbox 508 425 868 498; x_wconf 75' lang='lat' dir='ltr'><strong>signaculum.</strong></span> <span class='ocrx_word' id='word_1_12' title='bbox 913 425 972 485; x_wconf 89' lang='lat' dir='ltr'><strong>Si</strong></span> <span class='ocrx_word' id='word_1_13' title='bbox 1003 427 1178 500; x_wconf 88' lang='lat' dir='ltr'><strong>pietas</strong></span> <span class='ocrx_word' id='word_1_14' title='bbox 1214 436 1468 493; x_wconf 87' lang='lat' dir='ltr'><strong>maneat,</strong></span> <span class='ocrx_word' id='word_1_15' title='bbox 1507 441 1734 498; x_wconf 87' lang='lat' dir='ltr'><strong>regnum</strong></span> <span class='ocrx_word' id='word_1_16' title='bbox 1777 425 1927 482; x_wconf 84' lang='lat' dir='ltr'><strong>dele—</strong></span> <span class='ocrx_word' id='word_1_17' title='bbox 1957 444 2009 508; x_wconf 69' lang='grc' dir='ltr'><strong>Α</strong></span> <span class='ocrx_word' id='word_1_18' title='bbox 2035 442 2173 485; x_wconf 91' lang='lat' dir='ltr'><strong>uxor</strong></span> <span class='ocrx_word' id='word_1_19' title='bbox 2224 425 2521 484; x_wconf 78' lang='lat' dir='ltr'><strong>Alexandri</strong></span> <span class='ocrx_word' id='word_1_20' title='bbox 2578 426 2890 500; x_wconf 88' lang='lat' dir='ltr'><strong>Glaphyra,</strong></span> <span class='ocrx_word' id='word_1_21' title='bbox 2938 439 3063 496; x_wconf 63' lang='lat' dir='ltr'><strong>qua:</strong></span> <span class='ocrx_word' id='word_1_22' title='bbox 3111 424 3455 483; x_wconf 77' lang='lat' dir='ltr'><strong>muliebriter</strong></span> <span class='ocrx_word' id='word_1_23' title='bbox 3501 427 3635 484; x_wconf 89' lang='lat' dir='ltr'><strong>satis</strong></span> 
     </span>
    </p>
   </div>
   <div class='ocr_carea' id='block_1_5' title="bbox 331 521 1933 594">
    <p class='ocr_par' dir='ltr' id='par_1_5' title="bbox 331 521 1933 594">
     <span class='ocr_line' id='line_1_5' title="bbox 331 521 1933 594; baseline -0.001 -15"><span class='ocrx_word' id='word_1_24' title='bbox 331 531 448 579; x_wconf 88' lang='lat' dir='ltr'><strong>ctat</strong></span> <span class='ocrx_word' id='word_1_25' title='bbox 471 539 484 577; x_wconf 94' lang='lat'><strong>:</strong></span> <span class='ocrx_word' id='word_1_26' title='bbox 508 522 553 578; x_wconf 91' lang='lat' dir='ltr'><strong>si</strong></span> <span class='ocrx_word' id='word_1_27' title='bbox 579 522 723 579; x_wconf 91' lang='lat' dir='ltr'><strong>desit</strong></span> <span class='ocrx_word' id='word_1_28' title='bbox 743 523 938 594; x_wconf 90' lang='lat' dir='ltr'><strong>gratia,</strong></span> <span class='ocrx_word' id='word_1_29' title='bbox 966 523 1078 580; x_wconf 86' lang='lat' dir='ltr'><strong>vile</strong></span> <span class='ocrx_word' id='word_1_30' title='bbox 1101 523 1388 594; x_wconf 87' lang='lat' dir='ltr'><strong>imperium</strong></span> <span class='ocrx_word' id='word_1_31' title='bbox 1417 530 1581 578; x_wconf 89' lang='lat' dir='ltr'><strong>estet</strong></span> <span class='ocrx_word' id='word_1_32' title='bbox 1612 521 1933 592; x_wconf 85' lang='lat' dir='ltr'><strong>plerumque</strong></span> 
     </span>
    </p>
   </div>
   <div class='ocr_carea' id='block_1_6' title="bbox 330 614 1931 689">
    <p class='ocr_par' dir='ltr' id='par_1_6' title="bbox 330 614 1931 689">
     <span class='ocr_line' id='line_1_6' title="bbox 330 614 1931 689; baseline -0.002 -15"><span class='ocrx_word' id='word_1_33' title='bbox 330 619 577 674; x_wconf 89' lang='lat' dir='ltr'><strong>noxium.</strong></span> <span class='ocrx_word' id='word_1_34' title='bbox 611 617 753 689; x_wconf 87' lang='lat' dir='ltr'><strong>Ergo</strong></span> <span class='ocrx_word' id='word_1_35' title='bbox 791 617 919 673; x_wconf 92' lang='lat' dir='ltr'><strong>dum</strong></span> <span class='ocrx_word' id='word_1_36' title='bbox 965 632 1061 673; x_wconf 92' lang='lat' dir='ltr'><strong>vos</strong></span> <span class='ocrx_word' id='word_1_37' title='bbox 1099 615 1372 689; x_wconf 87' lang='lat' dir='ltr'><strong>experiar,</strong></span> <span class='ocrx_word' id='word_1_38' title='bbox 1416 615 1685 672; x_wconf 72' lang='lat' dir='ltr'><strong>habebitis</strong></span> <span class='ocrx_word' id='word_1_39' title='bbox 1711 614 1931 671; x_wconf 75' lang='lat' dir='ltr'><strong>interim</strong></span> 
     </span>
    </p>
   </div>
   <div class='ocr_carea' id='block_1_7' title="bbox 329 708 1933 783">
    <p class='ocr_par' dir='ltr' id='par_1_7' title="bbox 329 708 1933 783">
     <span class='ocr_line' id='line_1_7' title="bbox 329 708 1933 783; baseline -0.002 -15"><span class='ocrx_word' id='word_1_40' title='bbox 329 727 439 768; x_wconf 90' lang='lat' dir='ltr'><strong>non</strong></span> <span class='ocrx_word' id='word_1_41' title='bbox 473 727 720 783; x_wconf 80' lang='lat' dir='ltr'><strong>regnum,</strong></span> <span class='ocrx_word' id='word_1_42' title='bbox 746 711 840 768; x_wconf 90' lang='lat' dir='ltr'><strong>sed</strong></span> <span class='ocrx_word' id='word_1_43' title='bbox 873 711 1024 782; x_wconf 81' lang='lat' dir='ltr'><strong>regni</strong></span> <span class='ocrx_word' id='word_1_44' title='bbox 1053 711 1337 767; x_wconf 85' lang='lat' dir='ltr'><strong>honorem.</strong></span> <span class='ocrx_word' id='word_1_45' title='bbox 1385 709 1442 766; x_wconf 90' lang='lat' dir='ltr'><strong>Si</strong></span> <span class='ocrx_word' id='word_1_46' title='bbox 1486 718 1696 780; x_wconf 78' lang='lat' dir='ltr'><strong>patrem</strong></span> <span class='ocrx_word' id='word_1_47' title='bbox 1727 708 1933 764; x_wconf 88' lang='lat' dir='ltr'><strong>dilexe-</strong></span> 
     </span>
    </p>
   </div>
   <div class='ocr_carea' id='block_1_8' title="bbox 329 801 1931 875">
    <p class='ocr_par' dir='ltr' id='par_1_8' title="bbox 329 801 1931 875">
     <span class='ocr_line' id='line_1_8' title="bbox 329 801 1931 875; baseline -0.002 -15"><span class='ocrx_word' id='word_1_48' title='bbox 329 804 452 860; x_wconf 84' lang='lat' dir='ltr'><strong>ritis</strong></span> <span class='ocrx_word' id='word_1_49' title='bbox 478 844 493 869; x_wconf 94' lang='lat'><strong>,</strong></span> <span class='ocrx_word' id='word_1_50' title='bbox 523 805 614 873; x_wconf 87' lang='lat' dir='ltr'><strong>jus</strong></span> <span class='ocrx_word' id='word_1_51' title='bbox 642 812 943 875; x_wconf 87' lang='lat' dir='ltr'><strong>sequetur:</strong></span> <span class='ocrx_word' id='word_1_52' title='bbox 991 802 1100 858; x_wconf 91' lang='lat' dir='ltr'><strong>mei</strong></span> <span class='ocrx_word' id='word_1_53' title='bbox 1146 811 1326 858; x_wconf 88' lang='lat' dir='ltr'><strong>tamen</strong></span> <span class='ocrx_word' id='word_1_54' title='bbox 1368 816 1610 858; x_wconf 87' lang='lat' dir='ltr'><strong>amorem</strong></span> <span class='ocrx_word' id='word_1_55' title='bbox 1660 801 1712 856; x_wconf 92' lang='lat' dir='ltr'><strong>in</strong></span> <span class='ocrx_word' id='word_1_56' title='bbox 1775 801 1931 856; x_wconf 87' lang='lat' dir='ltr'><strong>vobis</strong></span> 
     </span>
    </p>
   </div>
   <div class='ocr_carea' id='block_1_9' title="bbox 328 894 1932 969">
    <p class='ocr_par' dir='ltr' id='par_1_9' title="bbox 328 894 1932 969">
     <span class='ocr_line' id='line_1_9' title="bbox 328 894 1932 969; baseline -0.002 -17"><span class='ocrx_word' id='word_1_57' title='bbox 328 896 586 969; x_wconf 86' lang='lat' dir='ltr'><strong>probate:</strong></span> <span class='ocrx_word' id='word_1_58' title='bbox 613 897 866 954; x_wconf 89' lang='lat' dir='ltr'><strong>omnibus</strong></span> <span class='ocrx_word' id='word_1_59' title='bbox 897 897 1094 967; x_wconf 88' lang='lat' dir='ltr'><strong>quibus</strong></span> <span class='ocrx_word' id='word_1_60' title='bbox 1123 896 1398 951; x_wconf 87' lang='lat' dir='ltr'><strong>delectare</strong></span> <span class='ocrx_word' id='word_1_61' title='bbox 1425 909 1651 966; x_wconf 89' lang='lat' dir='ltr'><strong>regnum</strong></span> <span class='ocrx_word' id='word_1_62' title='bbox 1680 894 1842 962; x_wconf 81' lang='lat' dir='ltr'><strong>solet,</strong></span> <span class='ocrx_word' id='word_1_63' title='bbox 1875 903 1932 950; x_wconf 93' lang='lat' dir='ltr'><strong>ut</strong></span> 
     </span>
    </p>
   </div>
   <div class='ocr_carea' id='block_1_10' title="bbox 329 989 1929 1062">
    <p class='ocr_par' dir='ltr' id='par_1_10' title="bbox 329 989 1929 1062">
     <span class='ocr_line' id='line_1_10' title="bbox 329 989 1929 1062; baseline -0.001 -15"><span class='ocrx_word' id='word_1_64' title='bbox 329 991 605 1062; x_wconf 87' lang='lat' dir='ltr'><strong>principes</strong></span> <span class='ocrx_word' id='word_1_65' title='bbox 660 991 965 1062; x_wconf 91' lang='lat' dir='ltr'><strong>potiemini.</strong></span> <span class='ocrx_word' id='word_1_66' title='bbox 1006 990 1181 1048; x_wconf 91' lang='lat' dir='ltr'><strong>Onera</strong></span> <span class='ocrx_word' id='word_1_67' title='bbox 1215 989 1427 1061; x_wconf 89' lang='lat' dir='ltr'><strong>imperii</strong></span> <span class='ocrx_word' id='word_1_68' title='bbox 1473 997 1526 1045; x_wconf 89' lang='lat' dir='ltr'><strong>et</strong></span> <span class='ocrx_word' id='word_1_69' title='bbox 1557 989 1730 1046; x_wconf 89' lang='lat' dir='ltr'><strong>moles</strong></span> <span class='ocrx_word' id='word_1_70' title='bbox 1757 1005 1929 1060; x_wconf 88' lang='lat' dir='ltr'><strong>nego-</strong></span> 
     </span>
    </p>
   </div>
   <div class='ocr_carea' id='block_1_11' title="bbox 330 1081 1930 1152">
    <p class='ocr_par' dir='ltr' id='par_1_11' title="bbox 330 1081 1930 1152">
     <span class='ocr_line' id='line_1_11' title="bbox 330 1081 1930 1152; baseline 0.001 -14"><span class='ocrx_word' id='word_1_71' title='bbox 330 1084 530 1139; x_wconf 92' lang='lat' dir='ltr'><strong>tiorum</strong></span> <span class='ocrx_word' id='word_1_72' title='bbox 550 1100 635 1139; x_wconf 89' lang='lat' dir='ltr'><strong>me</strong></span> <span class='ocrx_word' id='word_1_73' title='bbox 652 1085 915 1152; x_wconf 87' lang='lat' dir='ltr'><strong>solum,et</strong></span> <span class='ocrx_word' id='word_1_74' title='bbox 935 1084 980 1141; x_wconf 89' lang='lat' dir='ltr'><strong>si</strong></span> <span class='ocrx_word' id='word_1_75' title='bbox 997 1083 1186 1149; x_wconf 90' lang='lat' dir='ltr'><strong>nolim,</strong></span> <span class='ocrx_word' id='word_1_76' title='bbox 1209 1083 1522 1138; x_wconf 89' lang='lat' dir='ltr'><strong>manebunt.</strong></span> <span class='ocrx_word' id='word_1_77' title='bbox 1540 1081 1608 1138; x_wconf 87' lang='lat' dir='ltr'><strong>Et</strong></span> <span class='ocrx_word' id='word_1_78' title='bbox 1626 1082 1750 1138; x_wconf 91' lang='lat' dir='ltr'><strong>ideo</strong></span> <span class='ocrx_word' id='word_1_79' title='bbox 1772 1082 1930 1140; x_wconf 86' lang='lat' dir='ltr'><strong>vobis</strong></span> 
     </span>
    </p>
   </div>
   <div class='ocr_carea' id='block_1_12' title="bbox 328 1177 1930 1252">
    <p class='ocr_par' dir='ltr' id='par_1_12' title="bbox 328 1177 1930 1252">
     <span class='ocr_line' id='line_1_12' title="bbox 328 1177 1930 1252; baseline 0.002 -20"><span class='ocrx_word' id='word_1_80' title='bbox 328 1177 554 1249; x_wconf 86' lang='lat' dir='ltr'><strong>prodest</strong></span> <span class='ocrx_word' id='word_1_81' title='bbox 586 1194 704 1234; x_wconf 90' lang='lat' dir='ltr'><strong>mea</strong></span> <span class='ocrx_word' id='word_1_82' title='bbox 733 1179 906 1236; x_wconf 88' lang='lat' dir='ltr'><strong>velle:</strong></span> <span class='ocrx_word' id='word_1_83' title='bbox 939 1179 1066 1252; x_wconf 86' lang='lat' dir='ltr'><strong>quia</strong></span> <span class='ocrx_word' id='word_1_84' title='bbox 1091 1194 1192 1250; x_wconf 91' lang='lat' dir='ltr'><strong>ego</strong></span> <span class='ocrx_word' id='word_1_85' title='bbox 1205 1193 1328 1250; x_wconf 78' lang='lat' dir='ltr'><strong>qua:</strong></span> <span class='ocrx_word' id='word_1_86' title='bbox 1345 1187 1524 1235; x_wconf 91' lang='lat' dir='ltr'><strong>vestra</strong></span> <span class='ocrx_word' id='word_1_87' title='bbox 1553 1187 1702 1244; x_wconf 92' lang='lat' dir='ltr'><strong>sunt,</strong></span> <span class='ocrx_word' id='word_1_88' title='bbox 1727 1187 1782 1234; x_wconf 90' lang='lat' dir='ltr'><strong>et</strong></span> <span class='ocrx_word' id='word_1_89' title='bbox 1805 1177 1930 1235; x_wconf 92' lang='lat' dir='ltr'><strong>volo</strong></span> 
     </span>
    </p>
   </div>
   <div class='ocr_carea' id='block_1_13' title="bbox 327 1271 1929 1336">
    <p class='ocr_par' dir='ltr' id='par_1_13' title="bbox 327 1271 1929 1336">
     <span class='ocr_line' id='line_1_13' title="bbox 327 1271 1929 1336; baseline 0.001 -9"><span class='ocrx_word' id='word_1_90' title='bbox 327 1281 385 1327; x_wconf 78' lang='lat' dir='ltr'><strong>et</strong></span> <span class='ocrx_word' id='word_1_91' title='bbox 411 1286 528 1326; x_wconf 84' lang='lat' dir='ltr'><strong>mea</strong></span> <span class='ocrx_word' id='word_1_92' title='bbox 561 1271 822 1336; x_wconf 84' lang='lat' dir='ltr'><strong>arbitror.</strong></span> <span class='ocrx_word' id='word_1_93' title='bbox 875 1273 970 1328; x_wconf 90' lang='lat' dir='ltr'><strong>llis</strong></span> <span class='ocrx_word' id='word_1_94' title='bbox 1021 1272 1186 1328; x_wconf 88' lang='lat' dir='ltr'><strong>dictis</strong></span> <span class='ocrx_word' id='word_1_95' title='bbox 1216 1271 1494 1328; x_wconf 89' lang='lat' dir='ltr'><strong>osculatus</strong></span> <span class='ocrx_word' id='word_1_96' title='bbox 1518 1281 1601 1327; x_wconf 89' lang='lat' dir='ltr'><strong>est</strong></span> <span class='ocrx_word' id='word_1_97' title='bbox 1629 1271 1774 1328; x_wconf 92' lang='lat' dir='ltr'><strong>ﬁlios</strong></span> <span class='ocrx_word' id='word_1_98' title='bbox 1800 1315 1816 1334; x_wconf 91' lang='lat'><strong>.</strong></span> <span class='ocrx_word' id='word_1_99' title='bbox 1870 1282 1929 1328; x_wconf 91' lang='lat' dir='ltr'><strong>ut</strong></span> 
     </span>
    </p>
   </div>
   <div class='ocr_carea' id='block_1_14' title="bbox 327 1364 1927 1434">
    <p class='ocr_par' dir='ltr' id='par_1_14' title="bbox 327 1364 1927 1434">
     <span class='ocr_line' id='line_1_14' title="bbox 327 1364 1927 1434; baseline 0.001 -14"><span class='ocrx_word' id='word_1_100' title='bbox 327 1378 426 1420; x_wconf 88' lang='lat' dir='ltr'><strong>eos</strong></span> <span class='ocrx_word' id='word_1_101' title='bbox 451 1379 558 1419; x_wconf 93' lang='lat' dir='ltr'><strong>uno</strong></span> <span class='ocrx_word' id='word_1_102' title='bbox 586 1365 774 1420; x_wconf 92' lang='lat' dir='ltr'><strong>osculo</strong></span> <span class='ocrx_word' id='word_1_103' title='bbox 806 1364 1086 1421; x_wconf 89' lang='lat' dir='ltr'><strong>charitatis</strong></span> <span class='ocrx_word' id='word_1_104' title='bbox 1113 1365 1344 1421; x_wconf 85' lang='lat' dir='ltr'><strong>invicem</strong></span> <span class='ocrx_word' id='word_1_105' title='bbox 1375 1365 1480 1421; x_wconf 87' lang='lat' dir='ltr'><strong>sibi</strong></span> <span class='ocrx_word' id='word_1_106' title='bbox 1511 1372 1778 1422; x_wconf 89' lang='lat' dir='ltr'><strong>necteret.</strong></span> <span class='ocrx_word' id='word_1_107' title='bbox 1806 1365 1927 1434; x_wconf 86' lang='lat' dir='ltr'><strong>Quo</strong></span> 
     </span>
    </p>
   </div>
   <div class='ocr_carea' id='block_1_15' title="bbox 328 1456 1089 1516">
    <p class='ocr_par' dir='ltr' id='par_1_15' title="bbox 328 1456 1089 1516">
     <span class='ocr_line' id='line_1_15' title="bbox 328 1456 1089 1516; baseline 0.001 -4"><span class='ocrx_word' id='word_1_108' title='bbox 328 1456 472 1512; x_wconf 90' lang='lat' dir='ltr'><strong>facto</strong></span> <span class='ocrx_word' id='word_1_109' title='bbox 499 1469 835 1515; x_wconf 83' lang='lat' dir='ltr'><strong>conventum</strong></span> <span class='ocrx_word' id='word_1_110' title='bbox 861 1460 1089 1516; x_wconf 89' lang='lat' dir='ltr'><strong>dimisit.</strong></span> 
     </span>
    </p>
   </div>
   <div class='ocr_carea' id='block_1_16' title="bbox 927 1553 1320 1610">
    <p class='ocr_par' dir='ltr' id='par_1_16' title="bbox 927 1553 1320 1610">
     <span class='ocr_line' id='line_1_16' title="bbox 927 1553 1320 1610; baseline -0.005 0"><span class='ocrx_word' id='word_1_111' title='bbox 927 1553 1160 1610; x_wconf 80' lang='lat' dir='ltr'><strong>CAPUT</strong></span> <span class='ocrx_word' id='word_1_112' title='bbox 1207 1553 1320 1610; x_wconf 81' lang='lat' dir='ltr'><strong>XL.</strong></span> 
     </span>
    </p>
   </div>
   <div class='ocr_carea' id='block_1_17' title="bbox 401 1646 1936 1720">
    <p class='ocr_par' dir='ltr' id='par_1_17' title="bbox 401 1646 1936 1720">
     <span class='ocr_line' id='line_1_17' title="bbox 401 1646 1936 1720; baseline 0.004 -19"><span class='ocrx_word' id='word_1_113' title='bbox 401 1646 718 1703; x_wconf 88' lang='lat' dir='ltr'><strong>Discessere</strong></span> <span class='ocrx_word' id='word_1_114' title='bbox 761 1646 1006 1720; x_wconf 86' lang='lat' dir='ltr'><strong>plerique</strong></span> <span class='ocrx_word' id='word_1_115' title='bbox 1051 1647 1196 1712; x_wconf 67' lang='lat' dir='ltr'><strong>lani,</strong></span> <span class='ocrx_word' id='word_1_116' title='bbox 1245 1649 1441 1720; x_wconf 91' lang='lat' dir='ltr'><strong>quibus</strong></span> <span class='ocrx_word' id='word_1_117' title='bbox 1485 1646 1732 1718; x_wconf 86' lang='lat' dir='ltr'><strong>placebat</strong></span> <span class='ocrx_word' id='word_1_118' title='bbox 1792 1662 1936 1708; x_wconf 88' lang='lat' dir='ltr'><strong>con-.</strong></span> 
     </span>
    </p>
   </div>
   <div class='ocr_carea' id='block_1_18' title="bbox 326 1737 1924 1809">
    <p class='ocr_par' dir='ltr' id='par_1_18' title="bbox 326 1737 1924 1809">
     <span class='ocr_line' id='line_1_18' title="bbox 326 1737 1924 1809; baseline 0 -15"><span class='ocrx_word' id='word_1_119' title='bbox 326 1737 514 1795; x_wconf 89' lang='lat' dir='ltr'><strong>cordia</strong></span> <span class='ocrx_word' id='word_1_120' title='bbox 563 1739 974 1809; x_wconf 80' lang='lat' dir='ltr'><strong>germanitatis:</strong></span> <span class='ocrx_word' id='word_1_121' title='bbox 1030 1739 1128 1795; x_wconf 88' lang='lat' dir='ltr'><strong>sed</strong></span> <span class='ocrx_word' id='word_1_122' title='bbox 1192 1755 1314 1796; x_wconf 91' lang='lat' dir='ltr'><strong>cum</strong></span> <span class='ocrx_word' id='word_1_123' title='bbox 1366 1739 1625 1796; x_wconf 80' lang='lat' dir='ltr'><strong>fratribus</strong></span> <span class='ocrx_word' id='word_1_124' title='bbox 1697 1740 1924 1795; x_wconf 90' lang='lat' dir='ltr'><strong>revertit</strong></span> 
     </span>
    </p>
   </div>
   <div class='ocr_carea' id='block_1_19' title="bbox 2037 523 3631 596">
    <p class='ocr_par' dir='ltr' id='par_1_19' title="bbox 2037 523 3631 596">
     <span class='ocr_line' id='line_1_19' title="bbox 2037 523 3631 596; baseline 0 -16"><span class='ocrx_word' id='word_1_125' title='bbox 2037 524 2389 596; x_wconf 67' lang='lat' dir='ltr'><strong>praesentium</strong></span> <span class='ocrx_word' id='word_1_126' title='bbox 2418 523 2662 580; x_wconf 88' lang='lat' dir='ltr'><strong>insolens</strong></span> <span class='ocrx_word' id='word_1_127' title='bbox 2690 524 2955 580; x_wconf 76' lang='lat' dir='ltr'><strong>extollere</strong></span> <span class='ocrx_word' id='word_1_128' title='bbox 2980 537 3102 580; x_wconf 89' lang='lat' dir='ltr'><strong>sese</strong></span> <span class='ocrx_word' id='word_1_129' title='bbox 3127 536 3149 562; x_wconf 79' lang='grc' dir='ltr'><strong>ο</strong></span> <span class='ocrx_word' id='word_1_130' title='bbox 3177 533 3467 594; x_wconf 91' lang='lat' dir='ltr'><strong>occeperat</strong></span> <span class='ocrx_word' id='word_1_131' title='bbox 3493 523 3631 580; x_wconf 88' lang='lat' dir='ltr'><strong>fastu</strong></span> 
     </span>
    </p>
   </div>
   <div class='ocr_carea' id='block_1_20' title="bbox 2035 616 3633 690">
    <p class='ocr_par' dir='ltr' id='par_1_20' title="bbox 2035 616 3633 690">
     <span class='ocr_line' id='line_1_20' title="bbox 2035 616 3633 690; baseline -0.002 -15"><span class='ocrx_word' id='word_1_132' title='bbox 2035 618 2312 689; x_wconf 90' lang='lat' dir='ltr'><strong>superbo:</strong></span> <span class='ocrx_word' id='word_1_133' title='bbox 2357 633 2424 674; x_wconf 92' lang='lat' dir='ltr'><strong>eo</strong></span> <span class='ocrx_word' id='word_1_134' title='bbox 2453 617 2598 690; x_wconf 91' lang='lat' dir='ltr'><strong>quod</strong></span> <span class='ocrx_word' id='word_1_135' title='bbox 2638 618 2892 674; x_wconf 90' lang='lat' dir='ltr'><strong>omnibus</strong></span> <span class='ocrx_word' id='word_1_136' title='bbox 2935 616 3320 688; x_wconf 55' lang='lat' dir='ltr'><strong>praemineret</strong></span> <span class='ocrx_word' id='word_1_137' title='bbox 3368 619 3633 689; x_wconf 78' lang='lat' dir='ltr'><strong>prosapia:</strong></span> 
     </span>
    </p>
   </div>
   <div class='ocr_carea' id='block_1_21' title="bbox 2034 710 3630 784">
    <p class='ocr_par' dir='ltr' id='par_1_21' title="bbox 2034 710 3630 784">
     <span class='ocr_line' id='line_1_21' title="bbox 2034 710 3630 784; baseline 0.001 -18"><span class='ocrx_word' id='word_1_138' title='bbox 2034 710 2376 768; x_wconf 86' lang='lat' dir='ltr'><strong>claritudine.</strong></span> <span class='ocrx_word' id='word_1_139' title='bbox 2404 710 2592 784; x_wconf 86' lang='lat' dir='ltr'><strong>Itaque</strong></span> <span class='ocrx_word' id='word_1_140' title='bbox 2617 712 2771 784; x_wconf 91' lang='lat' dir='ltr'><strong>quasi</strong></span> <span class='ocrx_word' id='word_1_141' title='bbox 2795 711 3069 767; x_wconf 90' lang='lat' dir='ltr'><strong>dominam</strong></span> <span class='ocrx_word' id='word_1_142' title='bbox 3098 727 3159 768; x_wconf 91' lang='lat' dir='ltr'><strong>se</strong></span> <span class='ocrx_word' id='word_1_143' title='bbox 3185 711 3435 768; x_wconf 89' lang='lat' dir='ltr'><strong>omnibus</strong></span> <span class='ocrx_word' id='word_1_144' title='bbox 3459 713 3550 784; x_wconf 90' lang='lat' dir='ltr'><strong>qui</strong></span> <span class='ocrx_word' id='word_1_145' title='bbox 3577 712 3630 768; x_wconf 93' lang='lat' dir='ltr'><strong>in</strong></span> 
     </span>
    </p>
   </div>
   <div class='ocr_carea' id='block_1_22' title="bbox 2033 803 3634 878">
    <p class='ocr_par' dir='ltr' id='par_1_22' title="bbox 2033 803 3634 878">
     <span class='ocr_line' id='line_1_22' title="bbox 2033 803 3634 878; baseline 0.002 -19"><span class='ocrx_word' id='word_1_146' title='bbox 2033 804 2156 860; x_wconf 89' lang='lat' dir='ltr'><strong>aula</strong></span> <span class='ocrx_word' id='word_1_147' title='bbox 2185 814 2342 860; x_wconf 91' lang='lat' dir='ltr'><strong>erant</strong></span> <span class='ocrx_word' id='word_1_148' title='bbox 2371 806 2540 876; x_wconf 88' lang='lat' dir='ltr'><strong>regia,</strong></span> <span class='ocrx_word' id='word_1_149' title='bbox 2571 804 2926 877; x_wconf 68' lang='lat' dir='ltr'><strong>prarferebat,</strong></span> <span class='ocrx_word' id='word_1_150' title='bbox 2959 814 3166 876; x_wconf 89' lang='lat' dir='ltr'><strong>patrem</strong></span> <span class='ocrx_word' id='word_1_151' title='bbox 3193 821 3464 878; x_wconf 89' lang='lat' dir='ltr'><strong>avumque</strong></span> <span class='ocrx_word' id='word_1_152' title='bbox 3490 803 3516 842; x_wconf 75' lang='grc' dir='ltr'>ἀ</span> <span class='ocrx_word' id='word_1_153' title='bbox 3546 820 3634 862; x_wconf 81' lang='lat' dir='ltr'><strong>rc-</strong></span> 
     </span>
    </p>
   </div>
   <div class='ocr_carea' id='block_1_23' title="bbox 2032 897 3632 972">
    <p class='ocr_par' dir='ltr' id='par_1_23' title="bbox 2032 897 3632 972">
     <span class='ocr_line' id='line_1_23' title="bbox 2032 897 3632 972; baseline 0.001 -19"><span class='ocrx_word' id='word_1_154' title='bbox 2032 913 2158 969; x_wconf 90' lang='lat' dir='ltr'><strong>gem</strong></span> <span class='ocrx_word' id='word_1_155' title='bbox 2198 897 2336 964; x_wconf 89' lang='lat' dir='ltr'><strong>sibi,</strong></span> <span class='ocrx_word' id='word_1_156' title='bbox 2369 908 2424 954; x_wconf 89' lang='lat' dir='ltr'><strong>et</strong></span> <span class='ocrx_word' id='word_1_157' title='bbox 2474 901 2745 970; x_wconf 75' lang='lat' dir='ltr'><strong>prtecipue</strong></span> <span class='ocrx_word' id='word_1_158' title='bbox 2798 897 3016 954; x_wconf 90' lang='lat' dir='ltr'><strong>Darium</strong></span> <span class='ocrx_word' id='word_1_159' title='bbox 3062 898 3351 972; x_wconf 81' lang='lat' dir='ltr'><strong>Hydaspen</strong></span> <span class='ocrx_word' id='word_1_160' title='bbox 3400 901 3632 957; x_wconf 90' lang='lat' dir='ltr'><strong>materni</strong></span> 
     </span>
    </p>
   </div>
   <div class='ocr_carea' id='block_1_24' title="bbox 2031 993 3634 1066">
    <p class='ocr_par' dir='ltr' id='par_1_24' title="bbox 2031 993 3634 1066">
     <span class='ocr_line' id='line_1_24' title="bbox 2031 993 3634 1066; baseline 0.001 -18"><span class='ocrx_word' id='word_1_161' title='bbox 2031 994 2256 1064; x_wconf 81' lang='lat' dir='ltr'><strong>generis</strong></span> <span class='ocrx_word' id='word_1_162' title='bbox 2277 993 2488 1064; x_wconf 88' lang='lat' dir='ltr'><strong>apicem</strong></span> <span class='ocrx_word' id='word_1_163' title='bbox 2512 993 2676 1050; x_wconf 87' lang='lat' dir='ltr'><strong>solita</strong></span> <span class='ocrx_word' id='word_1_164' title='bbox 2698 994 2910 1065; x_wconf 88' lang='lat' dir='ltr'><strong>jactare</strong></span> <span class='ocrx_word' id='word_1_165' title='bbox 2935 995 3390 1066; x_wconf 88' lang='lat' dir='ltr'><strong>contumeliisque</strong></span> <span class='ocrx_word' id='word_1_166' title='bbox 3421 995 3634 1066; x_wconf 83' lang='lat' dir='ltr'><strong>ignobi—</strong></span> 
     </span>
    </p>
   </div>
   <div class='ocr_carea' id='block_1_25' title="bbox 2033 1084 3633 1158">
    <p class='ocr_par' dir='ltr' id='par_1_25' title="bbox 2033 1084 3633 1158">
     <span class='ocr_line' id='line_1_25' title="bbox 2033 1084 3633 1158; baseline 0.003 -18"><span class='ocrx_word' id='word_1_167' title='bbox 2033 1084 2204 1140; x_wconf 87' lang='lat' dir='ltr'><strong>litatis</strong></span> <span class='ocrx_word' id='word_1_168' title='bbox 2229 1085 2449 1142; x_wconf 88' lang='lat' dir='ltr'><strong>afﬁcere</strong></span> <span class='ocrx_word' id='word_1_169' title='bbox 2478 1085 2732 1143; x_wconf 90' lang='lat' dir='ltr'><strong>Salomen</strong></span> <span class='ocrx_word' id='word_1_170' title='bbox 2773 1086 2918 1158; x_wconf 81' lang='lat' dir='ltr'><strong>regis</strong></span> <span class='ocrx_word' id='word_1_171' title='bbox 2943 1100 3190 1143; x_wconf 86' lang='lat' dir='ltr'><strong>sororem</strong></span> <span class='ocrx_word' id='word_1_172' title='bbox 3215 1129 3230 1154; x_wconf 92' lang='lat'><strong>,</strong></span> <span class='ocrx_word' id='word_1_173' title='bbox 3254 1087 3342 1144; x_wconf 84' lang='lat' dir='ltr'><strong>vel</strong></span> <span class='ocrx_word' id='word_1_174' title='bbox 3375 1087 3633 1144; x_wconf 91' lang='lat' dir='ltr'><strong>Dosidem</strong></span> 
     </span>
    </p>
   </div>
   <div class='ocr_carea' id='block_1_26' title="bbox 2031 1177 3634 1248">
    <p class='ocr_par' dir='ltr' id='par_1_26' title="bbox 2031 1177 3634 1248">
     <span class='ocr_line' id='line_1_26' title="bbox 2031 1177 3634 1248; baseline 0.002 -15"><span class='ocrx_word' id='word_1_175' title='bbox 2031 1177 2320 1248; x_wconf 88' lang='lat' dir='ltr'><strong>conjugem</strong></span> <span class='ocrx_word' id='word_1_176' title='bbox 2344 1195 2357 1232; x_wconf 92' lang='lat'><strong>:</strong></span> <span class='ocrx_word' id='word_1_177' title='bbox 2383 1178 2528 1248; x_wconf 90' lang='lat' dir='ltr'><strong>quod</strong></span> <span class='ocrx_word' id='word_1_178' title='bbox 2555 1178 2662 1233; x_wconf 89' lang='lat' dir='ltr'><strong>illis</strong></span> <span class='ocrx_word' id='word_1_179' title='bbox 2694 1178 2903 1246; x_wconf 91' lang='lat' dir='ltr'><strong>dolori,</strong></span> <span class='ocrx_word' id='word_1_180' title='bbox 2930 1179 3032 1235; x_wconf 88' lang='lat' dir='ltr'><strong>sibi</strong></span> <span class='ocrx_word' id='word_1_181' title='bbox 3052 1178 3178 1234; x_wconf 92' lang='lat' dir='ltr'><strong>odio</strong></span> <span class='ocrx_word' id='word_1_182' title='bbox 3206 1178 3364 1236; x_wconf 89' lang='lat' dir='ltr'><strong>foret.</strong></span> <span class='ocrx_word' id='word_1_183' title='bbox 3393 1179 3634 1237; x_wconf 70' lang='lat' dir='ltr'><strong>Cmteras</strong></span> 
     </span>
    </p>
   </div>
   <div class='ocr_carea' id='block_1_27' title="bbox 2030 1268 3636 1344">
    <p class='ocr_par' dir='ltr' id='par_1_27' title="bbox 2030 1268 3636 1344">
     <span class='ocr_line' id='line_1_27' title="bbox 2030 1268 3636 1344; baseline 0.001 -21"><span class='ocrx_word' id='word_1_184' title='bbox 2030 1283 2250 1339; x_wconf 88' lang='lat' dir='ltr'><strong>quoque</strong></span> <span class='ocrx_word' id='word_1_185' title='bbox 2282 1268 2514 1325; x_wconf 79' lang='lat' dir='ltr'><strong>feminas</strong></span> <span class='ocrx_word' id='word_1_186' title='bbox 2540 1271 2792 1326; x_wconf 85' lang='lat' dir='ltr'><strong>similiter</strong></span> <span class='ocrx_word' id='word_1_187' title='bbox 2813 1285 3142 1342; x_wconf 82' lang='lat' dir='ltr'><strong>exasperare</strong></span> <span class='ocrx_word' id='word_1_188' title='bbox 3161 1315 3176 1340; x_wconf 96' lang='lat'><strong>,</strong></span> <span class='ocrx_word' id='word_1_189' title='bbox 3221 1287 3341 1341; x_wconf 72' lang='lat' dir='ltr'><strong>quae</strong></span> <span class='ocrx_word' id='word_1_190' title='bbox 3366 1273 3480 1344; x_wconf 87' lang='lat' dir='ltr'><strong>regi</strong></span> <span class='ocrx_word' id='word_1_191' title='bbox 3507 1288 3636 1344; x_wconf 88' lang='lat' dir='ltr'><strong>pro-</strong></span> 
     </span>
    </p>
   </div>
   <div class='ocr_carea' id='block_1_28' title="bbox 2029 1361 3634 1437">
    <p class='ocr_par' dir='ltr' id='par_1_28' title="bbox 2029 1361 3634 1437">
     <span class='ocr_line' id='line_1_28' title="bbox 2029 1361 3634 1437; baseline 0.004 -22"><span class='ocrx_word' id='word_1_192' title='bbox 2029 1369 2154 1432; x_wconf 88' lang='lat' dir='ltr'><strong>pter</strong></span> <span class='ocrx_word' id='word_1_193' title='bbox 2176 1361 2430 1419; x_wconf 88' lang='lat' dir='ltr'><strong>decorem</strong></span> <span class='ocrx_word' id='word_1_194' title='bbox 2451 1364 2621 1434; x_wconf 88' lang='lat' dir='ltr'><strong>magis</strong></span> <span class='ocrx_word' id='word_1_195' title='bbox 2639 1379 2800 1434; x_wconf 87' lang='lat' dir='ltr'><strong>quam</strong></span> <span class='ocrx_word' id='word_1_196' title='bbox 2819 1374 3039 1436; x_wconf 86' lang='lat' dir='ltr'><strong>propter</strong></span> <span class='ocrx_word' id='word_1_197' title='bbox 3061 1365 3398 1422; x_wconf 90' lang='lat' dir='ltr'><strong>nobilitatem</strong></span> <span class='ocrx_word' id='word_1_198' title='bbox 3417 1367 3634 1437; x_wconf 85' lang='lat' dir='ltr'><strong>generis</strong></span> 
     </span>
    </p>
   </div>
   <div class='ocr_carea' id='block_1_29' title="bbox 2029 1456 3630 1530">
    <p class='ocr_par' dir='ltr' id='par_1_29' title="bbox 2029 1456 3630 1530">
     <span class='ocr_line' id='line_1_29' title="bbox 2029 1456 3630 1530; baseline 0.003 -20"><span class='ocrx_word' id='word_1_199' title='bbox 2029 1456 2448 1527; x_wconf 90' lang='lat' dir='ltr'><strong>copulabantur.</strong></span> <span class='ocrx_word' id='word_1_200' title='bbox 2471 1457 2728 1514; x_wconf 82' lang='lat' dir='ltr'><strong>Plurimis</strong></span> <span class='ocrx_word' id='word_1_201' title='bbox 2757 1458 2901 1513; x_wconf 92' lang='lat' dir='ltr'><strong>enim</strong></span> <span class='ocrx_word' id='word_1_202' title='bbox 2931 1457 3172 1516; x_wconf 90' lang='lat' dir='ltr'><strong>llerodes</strong></span> <span class='ocrx_word' id='word_1_203' title='bbox 3198 1469 3398 1530; x_wconf 68' lang='lat' dir='ltr'><strong>praster</strong></span> <span class='ocrx_word' id='word_1_204' title='bbox 3421 1460 3630 1530; x_wconf 86' lang='lat' dir='ltr'><strong>regium</strong></span> 
     </span>
    </p>
   </div>
   <div class='ocr_carea' id='block_1_30' title="bbox 2030 1549 3632 1623">
    <p class='ocr_par' dir='ltr' id='par_1_30' title="bbox 2030 1549 3632 1623">
     <span class='ocr_line' id='line_1_30' title="bbox 2030 1549 3632 1623; baseline 0.003 -19"><span class='ocrx_word' id='word_1_205' title='bbox 2030 1563 2236 1605; x_wconf 90' lang='lat' dir='ltr'><strong>morem</strong></span> <span class='ocrx_word' id='word_1_206' title='bbox 2259 1589 2274 1616; x_wconf 93' lang='lat'><strong>,</strong></span> <span class='ocrx_word' id='word_1_207' title='bbox 2307 1549 2470 1605; x_wconf 88' lang='lat' dir='ltr'><strong>etiam</strong></span> <span class='ocrx_word' id='word_1_208' title='bbox 2499 1549 2811 1608; x_wconf 63' lang='lat' dir='ltr'><strong>indecorum</strong></span> <span class='ocrx_word' id='word_1_209' title='bbox 2846 1567 2944 1607; x_wconf 90' lang='lat' dir='ltr'><strong>usu</strong></span> <span class='ocrx_word' id='word_1_210' title='bbox 2984 1553 3140 1623; x_wconf 89' lang='lat' dir='ltr'><strong>quasi</strong></span> <span class='ocrx_word' id='word_1_211' title='bbox 3171 1551 3402 1622; x_wconf 88' lang='lat' dir='ltr'><strong>quadam</strong></span> <span class='ocrx_word' id='word_1_212' title='bbox 3429 1553 3632 1609; x_wconf 91' lang='lat' dir='ltr'><strong>erroris</strong></span> 
     </span>
    </p>
   </div>
   <div class='ocr_carea' id='block_1_31' title="bbox 2028 1642 3631 1716">
    <p class='ocr_par' dir='ltr' id='par_1_31' title="bbox 2028 1642 3631 1716">
     <span class='ocr_line' id='line_1_31' title="bbox 2028 1642 3631 1716; baseline 0.001 -18"><span class='ocrx_word' id='word_1_213' title='bbox 2028 1642 2246 1698; x_wconf 90' lang='lat' dir='ltr'><strong>licentia</strong></span> <span class='ocrx_word' id='word_1_214' title='bbox 2273 1642 2670 1710; x_wconf 89' lang='lat' dir='ltr'><strong>delectabatur,</strong></span> <span class='ocrx_word' id='word_1_215' title='bbox 2694 1645 2784 1716; x_wconf 92' lang='lat' dir='ltr'><strong>qui</strong></span> <span class='ocrx_word' id='word_1_216' title='bbox 2812 1644 3015 1716; x_wconf 89' lang='lat' dir='ltr'><strong>ﬁguras</strong></span> <span class='ocrx_word' id='word_1_217' title='bbox 3045 1644 3313 1716; x_wconf 83' lang='lat' dir='ltr'><strong>majorum</strong></span> <span class='ocrx_word' id='word_1_218' title='bbox 3341 1645 3489 1701; x_wconf 86' lang='lat' dir='ltr'><strong>vitiis</strong></span> <span class='ocrx_word' id='word_1_219' title='bbox 3518 1645 3631 1701; x_wconf 87' lang='lat' dir='ltr'><strong>suis</strong></span> 
     </span>
    </p>
   </div>
   <div class='ocr_carea' id='block_1_32' title="bbox 2026 1737 3630 1810">
    <p class='ocr_par' dir='ltr' id='par_1_32' title="bbox 2026 1737 3630 1810">
     <span class='ocr_line' id='line_1_32' title="bbox 2026 1737 3630 1810; baseline -0.001 -18"><span class='ocrx_word' id='word_1_220' title='bbox 2026 1737 2270 1792; x_wconf 87' lang='lat' dir='ltr'><strong>obtentui</strong></span> <span class='ocrx_word' id='word_1_221' title='bbox 2311 1737 2536 1792; x_wconf 91' lang='lat' dir='ltr'><strong>ducunt.</strong></span> <span class='ocrx_word' id='word_1_222' title='bbox 2568 1737 2912 1795; x_wconf 87' lang='lat' dir='ltr'><strong>Gravabatnr</strong></span> <span class='ocrx_word' id='word_1_223' title='bbox 2945 1752 3076 1810; x_wconf 90' lang='lat' dir='ltr'><strong>ergo</strong></span> <span class='ocrx_word' id='word_1_224' title='bbox 3103 1737 3415 1794; x_wconf 89' lang='lat' dir='ltr'><strong>Alexander</strong></span> <span class='ocrx_word' id='word_1_225' title='bbox 3440 1739 3630 1794; x_wconf 86' lang='lat' dir='ltr'><strong>uxoris</strong></span> 
     </span>
    </p>
   </div>
   <div class='ocr_carea' id='block_1_33' title="bbox 327 1831 3629 1916">
    <p class='ocr_par' dir='ltr' id='par_1_33' title="bbox 327 1831 3629 1916">
     <span class='ocr_line' id='line_1_33' title="bbox 327 1831 3629 1916; baseline 0 -28"><span class='ocrx_word' id='word_1_226' title='bbox 327 1832 600 1888; x_wconf 84' lang='lat' dir='ltr'><strong>dissensio</strong></span> <span class='ocrx_word' id='word_1_227' title='bbox 624 1847 798 1903; x_wconf 88' lang='lat' dir='ltr'><strong>eoque</strong></span> <span class='ocrx_word' id='word_1_228' title='bbox 841 1833 1060 1905; x_wconf 89' lang='lat' dir='ltr'><strong>gravior</strong></span> <span class='ocrx_word' id='word_1_229' title='bbox 1087 1876 1100 1899; x_wconf 90' lang='lat'><strong>,</strong></span> <span class='ocrx_word' id='word_1_230' title='bbox 1135 1833 1280 1906; x_wconf 92' lang='lat' dir='ltr'><strong>quod</strong></span> <span class='ocrx_word' id='word_1_231' title='bbox 1309 1834 1544 1907; x_wconf 79' lang='lat' dir='ltr'><strong>dignitas</strong></span> <span class='ocrx_word' id='word_1_232' title='bbox 1593 1833 1794 1904; x_wconf 91' lang='lat' dir='ltr'><strong>potior,</strong></span> <span class='ocrx_word' id='word_1_233' title='bbox 1834 1833 1922 1889; x_wconf 92' lang='lat' dir='ltr'><strong>cui</strong></span> <span class='ocrx_word' id='word_1_234' title='bbox 1957 1854 2004 1916; x_wconf 75' lang='grc' dir='ltr'><strong>Β</strong></span> <span class='ocrx_word' id='word_1_235' title='bbox 2030 1834 2321 1891; x_wconf 83' lang='lat' dir='ltr'><strong>insolentia</strong></span> <span class='ocrx_word' id='word_1_236' title='bbox 2350 1849 2364 1885; x_wconf 92' lang='lat'><strong>:</strong></span> <span class='ocrx_word' id='word_1_237' title='bbox 2411 1835 2760 1890; x_wconf 88' lang='lat' dir='ltr'><strong>Aristobulus</strong></span> <span class='ocrx_word' id='word_1_238' title='bbox 2790 1850 3006 1906; x_wconf 85' lang='lat' dir='ltr'><strong>quoque</strong></span> <span class='ocrx_word' id='word_1_239' title='bbox 3035 1833 3228 1890; x_wconf 90' lang='lat' dir='ltr'><strong>iisdem</strong></span> <span class='ocrx_word' id='word_1_240' title='bbox 3270 1832 3468 1905; x_wconf 88' lang='lat' dir='ltr'><strong>quibus</strong></span> <span class='ocrx_word' id='word_1_241' title='bbox 3505 1831 3629 1890; x_wconf 87' lang='lat' dir='ltr'><strong>Gla-</strong></span> 
     </span>
    </p>
   </div>
   <div class='ocr_carea' id='block_1_34' title="bbox 328 1925 1926 2000">
    <p class='ocr_par' dir='ltr' id='par_1_34' title="bbox 328 1925 1926 2000">
     <span class='ocr_line' id='line_1_34' title="bbox 328 1925 1926 2000; baseline 0.001 -19"><span class='ocrx_word' id='word_1_242' title='bbox 328 1925 564 1998; x_wconf 86' lang='lat' dir='ltr'><strong>amplins</strong></span> <span class='ocrx_word' id='word_1_243' title='bbox 614 1926 968 1995; x_wconf 89' lang='lat' dir='ltr'><strong>invideretur,</strong></span> <span class='ocrx_word' id='word_1_244' title='bbox 1011 1936 1068 1982; x_wconf 91' lang='lat' dir='ltr'><strong>et</strong></span> <span class='ocrx_word' id='word_1_245' title='bbox 1116 1927 1347 1984; x_wconf 89' lang='lat' dir='ltr'><strong>nocendi</strong></span> <span class='ocrx_word' id='word_1_246' title='bbox 1393 1934 1707 2000; x_wconf 85' lang='lat' dir='ltr'><strong>suppeteret</strong></span> <span class='ocrx_word' id='word_1_247' title='bbox 1752 1927 1926 1998; x_wconf 88' lang='lat' dir='ltr'><strong>major</strong></span> 
     </span>
    </p>
   </div>
   <div class='ocr_carea' id='block_1_35' title="bbox 329 2019 1926 2093">
    <p class='ocr_par' dir='ltr' id='par_1_35' title="bbox 329 2019 1926 2093">
     <span class='ocr_line' id='line_1_35' title="bbox 329 2019 1926 2093; baseline 0.001 -19"><span class='ocrx_word' id='word_1_248' title='bbox 329 2027 594 2092; x_wconf 83' lang='lat' dir='ltr'><strong>potestas.</strong></span> <span class='ocrx_word' id='word_1_249' title='bbox 624 2019 884 2076; x_wconf 83' lang='lat' dir='ltr'><strong>Dolebant</strong></span> <span class='ocrx_word' id='word_1_250' title='bbox 916 2019 1008 2076; x_wconf 87' lang='lat' dir='ltr'><strong>lilii</strong></span> <span class='ocrx_word' id='word_1_251' title='bbox 1039 2021 1368 2078; x_wconf 81' lang='lat' dir='ltr'><strong>Mariatnnes</strong></span> <span class='ocrx_word' id='word_1_252' title='bbox 1391 2031 1662 2093; x_wconf 85' lang='lat' dir='ltr'><strong>:equatum</strong></span> <span class='ocrx_word' id='word_1_253' title='bbox 1685 2021 1786 2076; x_wconf 91' lang='lat' dir='ltr'><strong>sibi</strong></span> <span class='ocrx_word' id='word_1_254' title='bbox 1817 2021 1926 2090; x_wconf 89' lang='lat' dir='ltr'><strong>pri-</strong></span> 
     </span>
    </p>
   </div>
   <div class='ocr_carea' id='block_1_36' title="bbox 330 2115 1922 2189">
    <p class='ocr_par' dir='ltr' id='par_1_36' title="bbox 330 2115 1922 2189">
     <span class='ocr_line' id='line_1_36' title="bbox 330 2115 1922 2189; baseline 0 -20"><span class='ocrx_word' id='word_1_255' title='bbox 330 2125 470 2171; x_wconf 77' lang='lat' dir='ltr'><strong>vata:</strong></span> <span class='ocrx_word' id='word_1_256' title='bbox 513 2115 682 2171; x_wconf 90' lang='lat' dir='ltr'><strong>lilium</strong></span> <span class='ocrx_word' id='word_1_257' title='bbox 731 2115 978 2173; x_wconf 90' lang='lat' dir='ltr'><strong>mulieris</strong></span> <span class='ocrx_word' id='word_1_258' title='bbox 1007 2117 1096 2188; x_wconf 92' lang='lat' dir='ltr'><strong>qui</strong></span> <span class='ocrx_word' id='word_1_259' title='bbox 1126 2117 1277 2189; x_wconf 90' lang='lat' dir='ltr'><strong>regni</strong></span> <span class='ocrx_word' id='word_1_260' title='bbox 1327 2117 1562 2173; x_wconf 90' lang='lat' dir='ltr'><strong>nesciret</strong></span> <span class='ocrx_word' id='word_1_261' title='bbox 1594 2115 1922 2188; x_wconf 86' lang='lat' dir='ltr'><strong>prosapiam.</strong></span> 
     </span>
    </p>
   </div>
   <div class='ocr_carea' id='block_1_37' title="bbox 331 2209 1928 2281">
    <p class='ocr_par' dir='ltr' id='par_1_37' title="bbox 331 2209 1928 2281">
     <span class='ocr_line' id='line_1_37' title="bbox 331 2209 1928 2281; baseline 0 -17"><span class='ocrx_word' id='word_1_262' title='bbox 331 2209 531 2265; x_wconf 81' lang='lat' dir='ltr'><strong>Contra</strong></span> <span class='ocrx_word' id='word_1_263' title='bbox 576 2211 861 2281; x_wconf 84' lang='lat' dir='ltr'><strong>Antipater</strong></span> <span class='ocrx_word' id='word_1_264' title='bbox 891 2209 1203 2267; x_wconf 80' lang='lat' dir='ltr'><strong>di5tinctam</strong></span> <span class='ocrx_word' id='word_1_265' title='bbox 1236 2210 1340 2267; x_wconf 91' lang='lat' dir='ltr'><strong>sibi</strong></span> <span class='ocrx_word' id='word_1_266' title='bbox 1370 2220 1398 2250; x_wconf 79' lang='grc' dir='ltr'>ι</span> <span class='ocrx_word' id='word_1_267' title='bbox 1422 2225 1452 2265; x_wconf 90' lang='lat' dir='ltr'><strong>a</strong></span> <span class='ocrx_word' id='word_1_268' title='bbox 1483 2209 1744 2265; x_wconf 81' lang='lat' dir='ltr'><strong>fratribus</strong></span> <span class='ocrx_word' id='word_1_269' title='bbox 1773 2209 1928 2280; x_wconf 84' lang='lat' dir='ltr'><strong>regni</strong></span> 
     </span>
    </p>
   </div>
   <div class='ocr_carea' id='block_1_38' title="bbox 329 2299 1928 2376">
    <p class='ocr_par' dir='ltr' id='par_1_38' title="bbox 329 2299 1928 2376">
     <span class='ocr_line' id='line_1_38' title="bbox 329 2299 1928 2376; baseline 0.001 -21"><span class='ocrx_word' id='word_1_270' title='bbox 329 2314 485 2372; x_wconf 90' lang='lat' dir='ltr'><strong>spem</strong></span> <span class='ocrx_word' id='word_1_271' title='bbox 525 2299 951 2372; x_wconf 53' lang='lat' dir='ltr'><strong>dedignabatur;</strong></span> <span class='ocrx_word' id='word_1_272' title='bbox 981 2311 1036 2358; x_wconf 90' lang='lat' dir='ltr'><strong>et</strong></span> <span class='ocrx_word' id='word_1_273' title='bbox 1076 2301 1354 2358; x_wconf 87' lang='lat' dir='ltr'><strong>invidebat</strong></span> <span class='ocrx_word' id='word_1_274' title='bbox 1380 2303 1703 2376; x_wconf 77' lang='lat' dir='ltr'><strong>germanis,</strong></span> <span class='ocrx_word' id='word_1_275' title='bbox 1734 2302 1928 2370; x_wconf 81' lang='lat' dir='ltr'><strong>quibus</strong></span> 
     </span>
    </p>
   </div>
   <div class='ocr_carea' id='block_1_39' title="bbox 333 2394 1930 2466">
    <p class='ocr_par' dir='ltr' id='par_1_39' title="bbox 333 2394 1930 2466">
     <span class='ocr_line' id='line_1_39' title="bbox 333 2394 1930 2466; baseline 0.001 -18"><span class='ocrx_word' id='word_1_276' title='bbox 333 2394 635 2465; x_wconf 91' lang='lat' dir='ltr'><strong>posteriora</strong></span> <span class='ocrx_word' id='word_1_277' title='bbox 690 2409 787 2465; x_wconf 89' lang='lat' dir='ltr'><strong>pro</strong></span> <span class='ocrx_word' id='word_1_278' title='bbox 831 2395 1020 2466; x_wconf 78' lang='lat' dir='ltr'><strong>primis</strong></span> <span class='ocrx_word' id='word_1_279' title='bbox 1070 2395 1156 2450; x_wconf 90' lang='lat' dir='ltr'><strong>vix</strong></span> <span class='ocrx_word' id='word_1_280' title='bbox 1207 2405 1636 2452; x_wconf 82' lang='lat' dir='ltr'><strong>reservarentur.</strong></span> <span class='ocrx_word' id='word_1_281' title='bbox 1689 2395 1796 2451; x_wconf 84' lang='lat' dir='ltr'><strong>Sed</strong></span> <span class='ocrx_word' id='word_1_282' title='bbox 1843 2395 1930 2450; x_wconf 89' lang='lat' dir='ltr'><strong>hic</strong></span> 
     </span>
    </p>
   </div>
   <div class='ocr_carea' id='block_1_40' title="bbox 333 2488 1926 2562">
    <p class='ocr_par' dir='ltr' id='par_1_40' title="bbox 333 2488 1926 2562">
     <span class='ocr_line' id='line_1_40' title="bbox 333 2488 1926 2562; baseline 0 -19"><span class='ocrx_word' id='word_1_283' title='bbox 333 2503 456 2543; x_wconf 88' lang='lat' dir='ltr'><strong>sese</strong></span> <span class='ocrx_word' id='word_1_284' title='bbox 500 2488 713 2559; x_wconf 88' lang='lat' dir='ltr'><strong>tegebat</strong></span> <span class='ocrx_word' id='word_1_285' title='bbox 754 2496 810 2544; x_wconf 92' lang='lat' dir='ltr'><strong>et</strong></span> <span class='ocrx_word' id='word_1_286' title='bbox 835 2489 1084 2556; x_wconf 89' lang='lat' dir='ltr'><strong>velabat,</strong></span> <span class='ocrx_word' id='word_1_287' title='bbox 1125 2489 1254 2545; x_wconf 92' lang='lat' dir='ltr'><strong>odio</strong></span> <span class='ocrx_word' id='word_1_288' title='bbox 1286 2490 1634 2561; x_wconf 76' lang='lat' dir='ltr'><strong>praetendens</strong></span> <span class='ocrx_word' id='word_1_289' title='bbox 1661 2490 1926 2562; x_wconf 90' lang='lat' dir='ltr'><strong>gratiam,</strong></span> 
     </span>
    </p>
   </div>
   <div class='ocr_carea' id='block_1_41' title="bbox 332 2581 1929 2652">
    <p class='ocr_par' dir='ltr' id='par_1_41' title="bbox 332 2581 1929 2652">
     <span class='ocr_line' id='line_1_41' title="bbox 332 2581 1929 2652; baseline 0 -14"><span class='ocrx_word' id='word_1_290' title='bbox 332 2581 445 2638; x_wconf 82' lang='lat' dir='ltr'><strong>illis</strong></span> <span class='ocrx_word' id='word_1_291' title='bbox 466 2582 752 2638; x_wconf 88' lang='lat' dir='ltr'><strong>consilium</strong></span> <span class='ocrx_word' id='word_1_292' title='bbox 782 2599 942 2638; x_wconf 86' lang='lat' dir='ltr'><strong>nume</strong></span> <span class='ocrx_word' id='word_1_293' title='bbox 971 2583 1026 2639; x_wconf 88' lang='lat' dir='ltr'><strong>in</strong></span> <span class='ocrx_word' id='word_1_294' title='bbox 1053 2599 1310 2640; x_wconf 89' lang='lat' dir='ltr'><strong>sermone</strong></span> <span class='ocrx_word' id='word_1_295' title='bbox 1335 2585 1553 2640; x_wconf 82' lang='lat' dir='ltr'><strong>obvium</strong></span> <span class='ocrx_word' id='word_1_296' title='bbox 1577 2625 1592 2652; x_wconf 92' lang='lat'><strong>,</strong></span> <span class='ocrx_word' id='word_1_297' title='bbox 1625 2584 1788 2640; x_wconf 85' lang='lat' dir='ltr'><strong>etiam</strong></span> <span class='ocrx_word' id='word_1_298' title='bbox 1819 2599 1929 2639; x_wconf 92' lang='lat' dir='ltr'><strong>non</strong></span> 
     </span>
    </p>
   </div>
   <div class='ocr_carea' id='block_1_42' title="bbox 333 2677 1932 2750">
    <p class='ocr_par' dir='ltr' id='par_1_42' title="bbox 333 2677 1932 2750">
     <span class='ocr_line' id='line_1_42' title="bbox 333 2677 1932 2750; baseline 0 -18"><span class='ocrx_word' id='word_1_299' title='bbox 333 2677 724 2748; x_wconf 84' lang='lat' dir='ltr'><strong>qu:erentibus.</strong></span> <span class='ocrx_word' id='word_1_300' title='bbox 761 2677 1070 2749; x_wconf 84' lang='lat' dir='ltr'><strong>Promptior</strong></span> <span class='ocrx_word' id='word_1_301' title='bbox 1109 2679 1288 2750; x_wconf 83' lang='lat' dir='ltr'><strong>lingua</strong></span> <span class='ocrx_word' id='word_1_302' title='bbox 1325 2689 1378 2734; x_wconf 92' lang='lat' dir='ltr'><strong>et</strong></span> <span class='ocrx_word' id='word_1_303' title='bbox 1423 2687 1760 2734; x_wconf 88' lang='lat' dir='ltr'><strong>secretorum</strong></span> <span class='ocrx_word' id='word_1_304' title='bbox 1803 2692 1932 2748; x_wconf 81' lang='lat' dir='ltr'><strong>pro-</strong></span> 
     </span>
    </p>
   </div>
   <div class='ocr_carea' id='block_1_43' title="bbox 334 2769 1931 2842">
    <p class='ocr_par' dir='ltr' id='par_1_43' title="bbox 334 2769 1931 2842">
     <span class='ocr_line' id='line_1_43' title="bbox 334 2769 1931 2842; baseline -0.001 -15"><span class='ocrx_word' id='word_1_305' title='bbox 334 2770 456 2842; x_wconf 89' lang='lat' dir='ltr'><strong>diga</strong></span> <span class='ocrx_word' id='word_1_306' title='bbox 477 2812 491 2836; x_wconf 95' lang='lat'><strong>,</strong></span> <span class='ocrx_word' id='word_1_307' title='bbox 515 2769 775 2841; x_wconf 90' lang='lat' dir='ltr'><strong>quidquid</strong></span> <span class='ocrx_word' id='word_1_308' title='bbox 801 2770 968 2830; x_wconf 88' lang='lat' dir='ltr'><strong>locuti</strong></span> <span class='ocrx_word' id='word_1_309' title='bbox 1000 2770 1181 2827; x_wconf 89' lang='lat' dir='ltr'><strong>forent</strong></span> <span class='ocrx_word' id='word_1_310' title='bbox 1207 2771 1348 2842; x_wconf 89' lang='lat' dir='ltr'><strong>apud</strong></span> <span class='ocrx_word' id='word_1_311' title='bbox 1377 2770 1772 2839; x_wconf 78' lang='lat' dir='ltr'><strong>Alexandrum,</strong></span> <span class='ocrx_word' id='word_1_312' title='bbox 1799 2785 1931 2828; x_wconf 83' lang='lat' dir='ltr'><strong>con-</strong></span> 
     </span>
    </p>
   </div>
   <div class='ocr_carea' id='block_1_44' title="bbox 335 2863 1930 2936">
    <p class='ocr_par' dir='ltr' id='par_1_44' title="bbox 335 2863 1930 2936">
     <span class='ocr_line' id='line_1_44' title="bbox 335 2863 1930 2936; baseline -0.001 -16"><span class='ocrx_word' id='word_1_313' title='bbox 335 2865 489 2920; x_wconf 92' lang='lat' dir='ltr'><strong>tinuo</strong></span> <span class='ocrx_word' id='word_1_314' title='bbox 527 2864 668 2935; x_wconf 88' lang='lat' dir='ltr'><strong>apud</strong></span> <span class='ocrx_word' id='word_1_315' title='bbox 711 2864 1055 2936; x_wconf 91' lang='lat' dir='ltr'><strong>Antipatrum</strong></span> <span class='ocrx_word' id='word_1_316' title='bbox 1083 2874 1235 2920; x_wconf 89' lang='lat' dir='ltr'><strong>erat:</strong></span> <span class='ocrx_word' id='word_1_317' title='bbox 1270 2864 1442 2920; x_wconf 90' lang='lat' dir='ltr'><strong>multa</strong></span> <span class='ocrx_word' id='word_1_318' title='bbox 1471 2863 1635 2920; x_wconf 88' lang='lat' dir='ltr'><strong>etiam</strong></span> <span class='ocrx_word' id='word_1_319' title='bbox 1663 2880 1783 2936; x_wconf 78' lang='lat' dir='ltr'><strong>qua:</strong></span> <span class='ocrx_word' id='word_1_320' title='bbox 1821 2879 1930 2920; x_wconf 92' lang='lat' dir='ltr'><strong>non</strong></span> 
     </span>
    </p>
   </div>
   <div class='ocr_carea' id='block_1_45' title="bbox 334 2955 1930 3029">
    <p class='ocr_par' dir='ltr' id='par_1_45' title="bbox 334 2955 1930 3029">
     <span class='ocr_line' id='line_1_45' title="bbox 334 2955 1930 3029; baseline 0 -17"><span class='ocrx_word' id='word_1_321' title='bbox 334 2955 616 3024; x_wconf 88' lang='lat' dir='ltr'><strong>dixerant,</strong></span> <span class='ocrx_word' id='word_1_322' title='bbox 645 2957 1061 3015; x_wconf 89' lang='lat' dir='ltr'><strong>simulabantur.</strong></span> <span class='ocrx_word' id='word_1_323' title='bbox 1097 2958 1367 3029; x_wconf 87' lang='lat' dir='ltr'><strong>Pleraque</strong></span> <span class='ocrx_word' id='word_1_324' title='bbox 1412 2957 1783 3013; x_wconf 90' lang='lat' dir='ltr'><strong>internuntius</strong></span> <span class='ocrx_word' id='word_1_325' title='bbox 1808 2972 1930 3014; x_wconf 91' lang='lat' dir='ltr'><strong>cum</strong></span> 
     </span>
    </p>
   </div>
   <div class='ocr_carea' id='block_1_46' title="bbox 336 3051 1932 3124">
    <p class='ocr_par' dir='ltr' id='par_1_46' title="bbox 336 3051 1932 3124">
     <span class='ocr_line' id='line_1_46' title="bbox 336 3051 1932 3124; baseline 0.001 -17"><span class='ocrx_word' id='word_1_326' title='bbox 336 3051 677 3108; x_wconf 89' lang='lat' dir='ltr'><strong>incremento</strong></span> <span class='ocrx_word' id='word_1_327' title='bbox 717 3051 1029 3123; x_wconf 84' lang='lat' dir='ltr'><strong>adjiciebat.</strong></span> <span class='ocrx_word' id='word_1_328' title='bbox 1077 3051 1430 3108; x_wconf 87' lang='lat' dir='ltr'><strong>Architectus</strong></span> <span class='ocrx_word' id='word_1_329' title='bbox 1454 3052 1697 3106; x_wconf 91' lang='lat' dir='ltr'><strong>omnium</strong></span> <span class='ocrx_word' id='word_1_330' title='bbox 1737 3051 1932 3124; x_wconf 91' lang='lat' dir='ltr'><strong>quibus</strong></span> 
     </span>
    </p>
   </div>
   <div class='ocr_carea' id='block_1_47' title="bbox 333 3145 1931 3216">
    <p class='ocr_par' dir='ltr' id='par_1_47' title="bbox 333 3145 1931 3216">
     <span class='ocr_line' id='line_1_47' title="bbox 333 3145 1931 3216; baseline -0.002 -15"><span class='ocrx_word' id='word_1_331' title='bbox 333 3155 724 3216; x_wconf 88' lang='lat' dir='ltr'><strong>appeterentur</strong></span> <span class='ocrx_word' id='word_1_332' title='bbox 783 3146 1011 3214; x_wconf 84' lang='lat' dir='ltr'><strong>fratres,</strong></span> <span class='ocrx_word' id='word_1_333' title='bbox 1069 3145 1356 3216; x_wconf 88' lang='lat' dir='ltr'><strong>Antipater</strong></span> <span class='ocrx_word' id='word_1_334' title='bbox 1405 3154 1558 3212; x_wconf 89' lang='lat' dir='ltr'><strong>erat,</strong></span> <span class='ocrx_word' id='word_1_335' title='bbox 1613 3145 1770 3215; x_wconf 89' lang='lat' dir='ltr'><strong>cujus</strong></span> <span class='ocrx_word' id='word_1_336' title='bbox 1824 3145 1931 3200; x_wconf 92' lang='lat' dir='ltr'><strong>vita</strong></span> 
     </span>
    </p>
   </div>
   <div class='ocr_carea' id='block_1_48' title="bbox 2029 1927 3626 2001">
    <p class='ocr_par' dir='ltr' id='par_1_48' title="bbox 2029 1927 3626 2001">
     <span class='ocr_line' id='line_1_48' title="bbox 2029 1927 3626 2001; baseline 0 -20"><span class='ocrx_word' id='word_1_337' title='bbox 2029 1928 2198 2001; x_wconf 83' lang='lat' dir='ltr'><strong>phyra</strong></span> <span class='ocrx_word' id='word_1_338' title='bbox 2230 1928 2572 1984; x_wconf 90' lang='lat' dir='ltr'><strong>sermonibus</strong></span> <span class='ocrx_word' id='word_1_339' title='bbox 2606 1944 2830 1984; x_wconf 83' lang='lat' dir='ltr'><strong>uxorem</strong></span> <span class='ocrx_word' id='word_1_340' title='bbox 2863 1927 3212 1985; x_wconf 86' lang='lat' dir='ltr'><strong>incessebat:</strong></span> <span class='ocrx_word' id='word_1_341' title='bbox 3245 1927 3446 1999; x_wconf 91' lang='lat' dir='ltr'><strong>dejecti</strong></span> <span class='ocrx_word' id='word_1_342' title='bbox 3479 1927 3626 1984; x_wconf 89' lang='lat' dir='ltr'><strong>illam</strong></span> 
     </span>
    </p>
   </div>
   <div class='ocr_carea' id='block_1_49' title="bbox 2027 2021 3626 2094">
    <p class='ocr_par' dir='ltr' id='par_1_49' title="bbox 2027 2021 3626 2094">
     <span class='ocr_line' id='line_1_49' title="bbox 2027 2021 3626 2094; baseline 0 -17"><span class='ocrx_word' id='word_1_343' title='bbox 2027 2031 2219 2087; x_wconf 86' lang='lat' dir='ltr'><strong>status,</strong></span> <span class='ocrx_word' id='word_1_344' title='bbox 2253 2037 2353 2079; x_wconf 91' lang='lat' dir='ltr'><strong>nec</strong></span> <span class='ocrx_word' id='word_1_345' title='bbox 2377 2021 2765 2079; x_wconf 89' lang='lat' dir='ltr'><strong>conferendam</strong></span> <span class='ocrx_word' id='word_1_346' title='bbox 2805 2023 2966 2092; x_wconf 75' lang='lat' dir='ltr'><strong>regia:</strong></span> <span class='ocrx_word' id='word_1_347' title='bbox 2997 2022 3168 2094; x_wconf 91' lang='lat' dir='ltr'><strong>proli:</strong></span> <span class='ocrx_word' id='word_1_348' title='bbox 3199 2023 3464 2093; x_wconf 90' lang='lat' dir='ltr'><strong>imparem</strong></span> <span class='ocrx_word' id='word_1_349' title='bbox 3493 2022 3626 2080; x_wconf 82' lang='lat' dir='ltr'><strong>Gla—</strong></span> 
     </span>
    </p>
   </div>
   <div class='ocr_carea' id='block_1_50' title="bbox 2031 2114 3631 2189">
    <p class='ocr_par' dir='ltr' id='par_1_50' title="bbox 2031 2114 3631 2189">
     <span class='ocr_line' id='line_1_50' title="bbox 2031 2114 3631 2189; baseline 0.003 -20"><span class='ocrx_word' id='word_1_350' title='bbox 2031 2114 2219 2187; x_wconf 69' lang='lat' dir='ltr'><strong>phyran</strong></span> <span class='ocrx_word' id='word_1_351' title='bbox 2245 2115 2456 2185; x_wconf 88' lang='lat' dir='ltr'><strong>sibique</strong></span> <span class='ocrx_word' id='word_1_352' title='bbox 2493 2129 2618 2171; x_wconf 88' lang='lat' dir='ltr'><strong>esse</strong></span> <span class='ocrx_word' id='word_1_353' title='bbox 2662 2115 2988 2186; x_wconf 87' lang='lat' dir='ltr'><strong>opprobrio,</strong></span> <span class='ocrx_word' id='word_1_354' title='bbox 3019 2116 3163 2188; x_wconf 91' lang='lat' dir='ltr'><strong>quod</strong></span> <span class='ocrx_word' id='word_1_355' title='bbox 3205 2115 3375 2174; x_wconf 89' lang='lat' dir='ltr'><strong>frater</strong></span> <span class='ocrx_word' id='word_1_356' title='bbox 3429 2118 3631 2189; x_wconf 88' lang='lat' dir='ltr'><strong>regalis</strong></span> 
     </span>
    </p>
   </div>
   <div class='ocr_carea' id='block_1_51' title="bbox 2030 2207 3634 2281">
    <p class='ocr_par' dir='ltr' id='par_1_51' title="bbox 2030 2207 3634 2281">
     <span class='ocr_line' id='line_1_51' title="bbox 2030 2207 3634 2281; baseline 0.001 -17"><span class='ocrx_word' id='word_1_357' title='bbox 2030 2209 2246 2280; x_wconf 87' lang='lat' dir='ltr'><strong>generis</strong></span> <span class='ocrx_word' id='word_1_358' title='bbox 2284 2208 2538 2281; x_wconf 90' lang='lat' dir='ltr'><strong>conjugio</strong></span> <span class='ocrx_word' id='word_1_359' title='bbox 2566 2207 2850 2278; x_wconf 89' lang='lat' dir='ltr'><strong>potiretur,</strong></span> <span class='ocrx_word' id='word_1_360' title='bbox 2885 2207 3000 2279; x_wconf 90' lang='lat' dir='ltr'><strong>ipse</strong></span> <span class='ocrx_word' id='word_1_361' title='bbox 3030 2208 3257 2280; x_wconf 69' lang='lat' dir='ltr'><strong>privata:</strong></span> <span class='ocrx_word' id='word_1_362' title='bbox 3288 2207 3475 2264; x_wconf 87' lang='lat' dir='ltr'><strong>uxoris</strong></span> <span class='ocrx_word' id='word_1_363' title='bbox 3500 2223 3634 2265; x_wconf 90' lang='lat' dir='ltr'><strong>con-</strong></span> 
     </span>
    </p>
   </div>
   <div class='ocr_carea' id='block_1_52' title="bbox 2033 2301 3654 2375">
    <p class='ocr_par' dir='ltr' id='par_1_52' title="bbox 2033 2301 3654 2375">
     <span class='ocr_line' id='line_1_52' title="bbox 2033 2301 3654 2375; baseline -0.001 -15"><span class='ocrx_word' id='word_1_364' title='bbox 2033 2305 2283 2361; x_wconf 89' lang='lat' dir='ltr'><strong>tubernio</strong></span> <span class='ocrx_word' id='word_1_365' title='bbox 2332 2304 2754 2375; x_wconf 85' lang='lat' dir='ltr'><strong>degenerasset,</strong></span> <span class='ocrx_word' id='word_1_366' title='bbox 2815 2301 3079 2368; x_wconf 90' lang='lat' dir='ltr'><strong>demens,</strong></span> <span class='ocrx_word' id='word_1_367' title='bbox 3137 2304 3226 2372; x_wconf 91' lang='lat' dir='ltr'><strong>qui</strong></span> <span class='ocrx_word' id='word_1_368' title='bbox 3276 2303 3654 2359; x_wconf 77' lang='lat' dir='ltr'><strong>conturbaret.</strong></span> 
     </span>
    </p>
   </div>
   <div class='ocr_carea' id='block_1_53' title="bbox 2031 2395 3625 2468">
    <p class='ocr_par' dir='ltr' id='par_1_53' title="bbox 2031 2395 3625 2468">
     <span class='ocr_line' id='line_1_53' title="bbox 2031 2395 3625 2468; baseline -0.001 -16"><span class='ocrx_word' id='word_1_369' title='bbox 2031 2398 2278 2454; x_wconf 83' lang='lat' dir='ltr'><strong>convicio</strong></span> <span class='ocrx_word' id='word_1_370' title='bbox 2323 2398 2572 2468; x_wconf 90' lang='lat' dir='ltr'><strong>proprias</strong></span> <span class='ocrx_word' id='word_1_371' title='bbox 2610 2407 2632 2433; x_wconf 75' lang='grc' dir='ltr'>θ</span> <span class='ocrx_word' id='word_1_372' title='bbox 2667 2396 3042 2452; x_wconf 87' lang='lat' dir='ltr'><strong>necessitates.</strong></span> <span class='ocrx_word' id='word_1_373' title='bbox 3089 2395 3298 2464; x_wconf 83' lang='lat' dir='ltr'><strong>Quibus</strong></span> <span class='ocrx_word' id='word_1_374' title='bbox 3341 2395 3625 2466; x_wconf 89' lang='lat' dir='ltr'><strong>perstricta</strong></span> 
     </span>
    </p>
   </div>
   <div class='ocr_carea' id='block_1_54' title="bbox 2032 2485 3631 2561">
    <p class='ocr_par' dir='ltr' id='par_1_54' title="bbox 2032 2485 3631 2561">
     <span class='ocr_line' id='line_1_54' title="bbox 2032 2485 3631 2561; baseline -0.003 -12"><span class='ocrx_word' id='word_1_375' title='bbox 2032 2485 2374 2549; x_wconf 80' lang='lat' dir='ltr'><strong>contumeliis</strong></span> <span class='ocrx_word' id='word_1_376' title='bbox 2415 2506 2553 2547; x_wconf 85' lang='lat' dir='ltr'><strong>uxor</strong></span> <span class='ocrx_word' id='word_1_377' title='bbox 2575 2489 2900 2554; x_wconf 82' lang='lat' dir='ltr'><strong>Aristobuli,</strong></span> <span class='ocrx_word' id='word_1_378' title='bbox 2931 2489 2997 2545; x_wconf 88' lang='lat' dir='ltr'><strong>ad</strong></span> <span class='ocrx_word' id='word_1_379' title='bbox 3041 2499 3273 2546; x_wconf 91' lang='lat' dir='ltr'><strong>matrem</strong></span> <span class='ocrx_word' id='word_1_380' title='bbox 3303 2504 3424 2545; x_wconf 88' lang='lat' dir='ltr'><strong>cum</strong></span> <span class='ocrx_word' id='word_1_381' title='bbox 3454 2489 3631 2561; x_wconf 86' lang='lat' dir='ltr'><strong>lacry—</strong></span> 
     </span>
    </p>
   </div>
   <div class='ocr_carea' id='block_1_55' title="bbox 2033 2583 3634 2654">
    <p class='ocr_par' dir='ltr' id='par_1_55' title="bbox 2033 2583 3634 2654">
     <span class='ocr_line' id='line_1_55' title="bbox 2033 2583 3634 2654; baseline -0.001 -13"><span class='ocrx_word' id='word_1_382' title='bbox 2033 2587 2138 2642; x_wconf 90' lang='lat' dir='ltr'><strong>mis</strong></span> <span class='ocrx_word' id='word_1_383' title='bbox 2175 2584 2359 2640; x_wconf 88' lang='lat' dir='ltr'><strong>omnia</strong></span> <span class='ocrx_word' id='word_1_384' title='bbox 2390 2583 2720 2653; x_wconf 84' lang='lat' dir='ltr'><strong>perferebat.</strong></span> <span class='ocrx_word' id='word_1_385' title='bbox 2754 2583 2974 2640; x_wconf 85' lang='lat' dir='ltr'><strong>Salome</strong></span> <span class='ocrx_word' id='word_1_386' title='bbox 3011 2593 3196 2640; x_wconf 88' lang='lat' dir='ltr'><strong>autem</strong></span> <span class='ocrx_word' id='word_1_387' title='bbox 3226 2593 3503 2654; x_wconf 90' lang='lat' dir='ltr'><strong>comperta</strong></span> <span class='ocrx_word' id='word_1_388' title='bbox 3535 2598 3634 2654; x_wconf 89' lang='lat' dir='ltr'><strong>per</strong></span> 
     </span>
    </p>
   </div>
   <div class='ocr_carea' id='block_1_56' title="bbox 2036 2677 3632 2750">
    <p class='ocr_par' dir='ltr' id='par_1_56' title="bbox 2036 2677 3632 2750">
     <span class='ocr_line' id='line_1_56' title="bbox 2036 2677 3632 2750; baseline -0.001 -16"><span class='ocrx_word' id='word_1_389' title='bbox 2036 2679 2199 2734; x_wconf 83' lang='lat' dir='ltr'><strong>ﬁliam</strong></span> <span class='ocrx_word' id='word_1_390' title='bbox 2233 2679 2347 2750; x_wconf 86' lang='lat' dir='ltr'><strong>regi</strong></span> <span class='ocrx_word' id='word_1_391' title='bbox 2383 2677 2581 2733; x_wconf 90' lang='lat' dir='ltr'><strong>llerodi</strong></span> <span class='ocrx_word' id='word_1_392' title='bbox 2611 2677 2996 2732; x_wconf 89' lang='lat' dir='ltr'><strong>annuntiabat:</strong></span> <span class='ocrx_word' id='word_1_393' title='bbox 3029 2687 3082 2732; x_wconf 92' lang='lat' dir='ltr'><strong>at</strong></span> <span class='ocrx_word' id='word_1_394' title='bbox 3111 2677 3204 2734; x_wconf 89' lang='lat' dir='ltr'><strong>ille</strong></span> <span class='ocrx_word' id='word_1_395' title='bbox 3231 2693 3462 2734; x_wconf 89' lang='lat' dir='ltr'><strong>monere</strong></span> <span class='ocrx_word' id='word_1_396' title='bbox 3492 2677 3632 2733; x_wconf 86' lang='lat' dir='ltr'><strong>ﬁlios</strong></span> 
     </span>
    </p>
   </div>
   <div class='ocr_carea' id='block_1_57' title="bbox 2034 2769 3631 2845">
    <p class='ocr_par' dir='ltr' id='par_1_57' title="bbox 2034 2769 3631 2845">
     <span class='ocr_line' id='line_1_57' title="bbox 2034 2769 3631 2845; baseline 0 -18"><span class='ocrx_word' id='word_1_397' title='bbox 2034 2788 2196 2845; x_wconf 91' lang='lat' dir='ltr'><strong>quam</strong></span> <span class='ocrx_word' id='word_1_398' title='bbox 2253 2771 2484 2842; x_wconf 89' lang='lat' dir='ltr'><strong>perdere</strong></span> <span class='ocrx_word' id='word_1_399' title='bbox 2535 2771 2878 2828; x_wconf 87' lang='lat' dir='ltr'><strong>commodius</strong></span> <span class='ocrx_word' id='word_1_400' title='bbox 2920 2782 3101 2836; x_wconf 89' lang='lat' dir='ltr'><strong>ratus,</strong></span> <span class='ocrx_word' id='word_1_401' title='bbox 3159 2779 3386 2827; x_wconf 87' lang='lat' dir='ltr'><strong>vocatos</strong></span> <span class='ocrx_word' id='word_1_402' title='bbox 3434 2769 3631 2841; x_wconf 90' lang='lat' dir='ltr'><strong>partim</strong></span> 
     </span>
    </p>
   </div>
   <div class='ocr_carea' id='block_1_58' title="bbox 2036 2861 3636 2936">
    <p class='ocr_par' dir='ltr' id='par_1_58' title="bbox 2036 2861 3636 2936">
     <span class='ocr_line' id='line_1_58' title="bbox 2036 2861 3636 2936; baseline -0.001 -15"><span class='ocrx_word' id='word_1_403' title='bbox 2036 2865 2390 2936; x_wconf 90' lang='lat' dir='ltr'><strong>imperatorie</strong></span> <span class='ocrx_word' id='word_1_404' title='bbox 2419 2863 2645 2932; x_wconf 90' lang='lat' dir='ltr'><strong>terruit,</strong></span> <span class='ocrx_word' id='word_1_405' title='bbox 2674 2863 2872 2935; x_wconf 89' lang='lat' dir='ltr'><strong>partim</strong></span> <span class='ocrx_word' id='word_1_406' title='bbox 2900 2861 3101 2918; x_wconf 87' lang='lat' dir='ltr'><strong>affectu</strong></span> <span class='ocrx_word' id='word_1_407' title='bbox 3127 2872 3356 2933; x_wconf 91' lang='lat' dir='ltr'><strong>paterno</strong></span> <span class='ocrx_word' id='word_1_408' title='bbox 3387 2862 3636 2919; x_wconf 86' lang='lat' dir='ltr'><strong>hortatus</strong></span> 
     </span>
    </p>
   </div>
   <div class='ocr_carea' id='block_1_59' title="bbox 2034 2953 3630 3025">
    <p class='ocr_par' dir='ltr' id='par_1_59' title="bbox 2034 2953 3630 3025">
     <span class='ocr_line' id='line_1_59' title="bbox 2034 2953 3630 3025; baseline -0.003 -11"><span class='ocrx_word' id='word_1_409' title='bbox 2034 2967 2153 3025; x_wconf 88' lang='lat' dir='ltr'><strong>est,</strong></span> <span class='ocrx_word' id='word_1_410' title='bbox 2186 2967 2244 3013; x_wconf 90' lang='lat' dir='ltr'><strong>ut</strong></span> <span class='ocrx_word' id='word_1_411' title='bbox 2277 2957 2498 3012; x_wconf 84' lang='lat' dir='ltr'><strong>fratrem</strong></span> <span class='ocrx_word' id='word_1_412' title='bbox 2521 2965 2788 3020; x_wconf 85' lang='lat' dir='ltr'><strong>amarent,</strong></span> <span class='ocrx_word' id='word_1_413' title='bbox 2822 2970 2959 3010; x_wconf 89' lang='lat' dir='ltr'><strong>neve</strong></span> <span class='ocrx_word' id='word_1_414' title='bbox 2985 2964 3040 3010; x_wconf 92' lang='lat' dir='ltr'><strong>ut</strong></span> <span class='ocrx_word' id='word_1_415' title='bbox 3071 2954 3255 3010; x_wconf 87' lang='lat' dir='ltr'><strong>hostes</strong></span> <span class='ocrx_word' id='word_1_416' title='bbox 3282 2953 3630 3023; x_wconf 90' lang='lat' dir='ltr'><strong>dissiderent,</strong></span> 
     </span>
    </p>
   </div>
   <div class='ocr_carea' id='block_1_60' title="bbox 2036 3047 3635 3120">
    <p class='ocr_par' dir='ltr' id='par_1_60' title="bbox 2036 3047 3635 3120">
     <span class='ocr_line' id='line_1_60' title="bbox 2036 3047 3635 3120; baseline -0.003 -12"><span class='ocrx_word' id='word_1_417' title='bbox 2036 3052 2253 3108; x_wconf 90' lang='lat' dir='ltr'><strong>veniam</strong></span> <span class='ocrx_word' id='word_1_418' title='bbox 2281 3050 2527 3107; x_wconf 86' lang='lat' dir='ltr'><strong>tribuens</strong></span> <span class='ocrx_word' id='word_1_419' title='bbox 2547 3049 2948 3120; x_wconf 88' lang='lat' dir='ltr'><strong>superioribus,</strong></span> <span class='ocrx_word' id='word_1_420' title='bbox 2977 3047 3312 3104; x_wconf 89' lang='lat' dir='ltr'><strong>denuntians</strong></span> <span class='ocrx_word' id='word_1_421' title='bbox 3339 3049 3635 3104; x_wconf 85' lang='lat' dir='ltr'><strong>correctio-</strong></span> 
     </span>
    </p>
   </div>
   <div class='ocr_carea' id='block_1_61' title="bbox 2037 3140 3636 3213">
    <p class='ocr_par' dir='ltr' id='par_1_61' title="bbox 2037 3140 3636 3213">
     <span class='ocr_line' id='line_1_61' title="bbox 2037 3140 3636 3213; baseline -0.002 -12"><span class='ocrx_word' id='word_1_422' title='bbox 2037 3161 2161 3202; x_wconf 89' lang='lat' dir='ltr'><strong>nem</strong></span> <span class='ocrx_word' id='word_1_423' title='bbox 2195 3144 2415 3200; x_wconf 91' lang='lat' dir='ltr'><strong>futuris.</strong></span> <span class='ocrx_word' id='word_1_424' title='bbox 2448 3143 2518 3199; x_wconf 89' lang='lat' dir='ltr'><strong>At</strong></span> <span class='ocrx_word' id='word_1_425' title='bbox 2545 3143 2618 3198; x_wconf 92' lang='lat' dir='ltr'><strong>illi</strong></span> <span class='ocrx_word' id='word_1_426' title='bbox 2641 3141 2960 3213; x_wconf 87' lang='lat' dir='ltr'><strong>compositis</strong></span> <span class='ocrx_word' id='word_1_427' title='bbox 2981 3155 3103 3197; x_wconf 90' lang='lat' dir='ltr'><strong>sese</strong></span> <span class='ocrx_word' id='word_1_428' title='bbox 3135 3140 3636 3198; x_wconf 89' lang='lat' dir='ltr'><strong>insimulationibus</strong></span> 
     </span>
    </p>
   </div>
   <div class='ocr_carea' id='block_1_62' title="bbox 334 3234 3635 3314">
    <p class='ocr_par' dir='ltr' id='par_1_62' title="bbox 334 3234 3635 3314">
     <span class='ocr_line' id='line_1_62' title="bbox 334 3234 3635 3314; baseline -0.002 -20"><span class='ocrx_word' id='word_1_429' title='bbox 334 3237 470 3294; x_wconf 83' lang='lat' dir='ltr'><strong>nihil</strong></span> <span class='ocrx_word' id='word_1_430' title='bbox 502 3239 646 3294; x_wconf 87' lang='lat' dir='ltr'><strong>aliud</strong></span> <span class='ocrx_word' id='word_1_431' title='bbox 693 3245 842 3304; x_wconf 81' lang='lat' dir='ltr'><strong>erat,</strong></span> <span class='ocrx_word' id='word_1_432' title='bbox 882 3239 983 3293; x_wconf 91' lang='lat' dir='ltr'><strong>nisi</strong></span> <span class='ocrx_word' id='word_1_433' title='bbox 1014 3238 1290 3309; x_wconf 84' lang='lat' dir='ltr'><strong>quoddam</strong></span> <span class='ocrx_word' id='word_1_434' title='bbox 1325 3239 1692 3294; x_wconf 88' lang='lat' dir='ltr'><strong>versutiarum</strong></span> <span class='ocrx_word' id='word_1_435' title='bbox 1740 3237 1924 3293; x_wconf 90' lang='lat' dir='ltr'><strong>conci-</strong></span> <span class='ocrx_word' id='word_1_436' title='bbox 1956 3252 2002 3314; x_wconf 69' lang='grc' dir='ltr'><strong>ς</strong></span> <span class='ocrx_word' id='word_1_437' title='bbox 2035 3240 2145 3311; x_wconf 91' lang='lat' dir='ltr'><strong>peti</strong></span> <span class='ocrx_word' id='word_1_438' title='bbox 2179 3238 2426 3308; x_wconf 87' lang='lat' dir='ltr'><strong>pluribus</strong></span> <span class='ocrx_word' id='word_1_439' title='bbox 2470 3237 2821 3307; x_wconf 88' lang='lat' dir='ltr'><strong>deplorantes</strong></span> <span class='ocrx_word' id='word_1_440' title='bbox 2842 3277 2858 3302; x_wconf 93' lang='lat'><strong>,</strong></span> <span class='ocrx_word' id='word_1_441' title='bbox 2892 3251 3052 3291; x_wconf 90' lang='lat' dir='ltr'><strong>orare</strong></span> <span class='ocrx_word' id='word_1_442' title='bbox 3096 3234 3261 3292; x_wconf 86' lang='lat' dir='ltr'><strong>simul</strong></span> <span class='ocrx_word' id='word_1_443' title='bbox 3290 3243 3345 3289; x_wconf 92' lang='lat' dir='ltr'><strong>et</strong></span> <span class='ocrx_word' id='word_1_444' title='bbox 3387 3234 3635 3305; x_wconf 89' lang='lat' dir='ltr'><strong>polliceri</strong></span> 
     </span>
    </p>
   </div>
   <div class='ocr_carea' id='block_1_63' title="bbox 335 3329 1927 3404">
    <p class='ocr_par' dir='ltr' id='par_1_63' title="bbox 335 3329 1927 3404">
     <span class='ocr_line' id='line_1_63' title="bbox 335 3329 1927 3404; baseline -0.001 -17"><span class='ocrx_word' id='word_1_445' title='bbox 335 3331 630 3399; x_wconf 87' lang='lat' dir='ltr'><strong>liabulum,</strong></span> <span class='ocrx_word' id='word_1_446' title='bbox 660 3347 823 3388; x_wconf 90' lang='lat' dir='ltr'><strong>scena</strong></span> <span class='ocrx_word' id='word_1_447' title='bbox 873 3332 1278 3404; x_wconf 86' lang='lat' dir='ltr'><strong>improbitatis,</strong></span> <span class='ocrx_word' id='word_1_448' title='bbox 1318 3339 1699 3402; x_wconf 86' lang='lat' dir='ltr'><strong>argumentum</strong></span> <span class='ocrx_word' id='word_1_449' title='bbox 1747 3329 1927 3386; x_wconf 88' lang='lat' dir='ltr'><strong>scele-</strong></span> 
     </span>
    </p>
   </div>
   <div class='ocr_carea' id='block_1_64' title="bbox 335 3424 1926 3498">
    <p class='ocr_par' dir='ltr' id='par_1_64' title="bbox 335 3424 1926 3498">
     <span class='ocr_line' id='line_1_64' title="bbox 335 3424 1926 3498; baseline -0.002 -15"><span class='ocrx_word' id='word_1_450' title='bbox 335 3442 481 3496; x_wconf 82' lang='lat' dir='ltr'><strong>rum,</strong></span> <span class='ocrx_word' id='word_1_451' title='bbox 512 3426 838 3498; x_wconf 85' lang='lat' dir='ltr'><strong>ﬂagitiorum</strong></span> <span class='ocrx_word' id='word_1_452' title='bbox 861 3426 888 3466; x_wconf 68' lang='grc' dir='ltr'>δ</span> <span class='ocrx_word' id='word_1_453' title='bbox 919 3427 1301 3482; x_wconf 88' lang='lat' dir='ltr'><strong>ministerium.</strong></span> <span class='ocrx_word' id='word_1_454' title='bbox 1334 3425 1672 3496; x_wconf 86' lang='lat' dir='ltr'><strong>Subjiciebat</strong></span> <span class='ocrx_word' id='word_1_455' title='bbox 1693 3424 1926 3496; x_wconf 88' lang='lat' dir='ltr'><strong>judices,</strong></span> 
     </span>
    </p>
   </div>
   <div class='ocr_carea' id='block_1_65' title="bbox 335 3516 1929 3589">
    <p class='ocr_par' dir='ltr' id='par_1_65' title="bbox 335 3516 1929 3589">
     <span class='ocr_line' id='line_1_65' title="bbox 335 3516 1929 3589; baseline -0.003 -13"><span class='ocrx_word' id='word_1_456' title='bbox 335 3520 667 3577; x_wconf 84' lang='lat' dir='ltr'><strong>subornabat</strong></span> <span class='ocrx_word' id='word_1_457' title='bbox 696 3529 864 3576; x_wconf 86' lang='lat' dir='ltr'><strong>testes</strong></span> <span class='ocrx_word' id='word_1_458' title='bbox 888 3562 902 3586; x_wconf 90' lang='lat'><strong>,</strong></span> <span class='ocrx_word' id='word_1_459' title='bbox 931 3519 1225 3576; x_wconf 90' lang='lat' dir='ltr'><strong>simulabat</strong></span> <span class='ocrx_word' id='word_1_460' title='bbox 1253 3519 1628 3574; x_wconf 86' lang='lat' dir='ltr'><strong>defensionem</strong></span> <span class='ocrx_word' id='word_1_461' title='bbox 1648 3561 1664 3586; x_wconf 93' lang='lat'><strong>,</strong></span> <span class='ocrx_word' id='word_1_462' title='bbox 1697 3517 1850 3589; x_wconf 91' lang='lat' dir='ltr'><strong>quasi</strong></span> <span class='ocrx_word' id='word_1_463' title='bbox 1875 3516 1929 3572; x_wconf 92' lang='lat' dir='ltr'><strong>in</strong></span> 
     </span>
    </p>
   </div>
   <div class='ocr_carea' id='block_1_66' title="bbox 336 3611 1928 3686">
    <p class='ocr_par' dir='ltr' id='par_1_66' title="bbox 336 3611 1928 3686">
     <span class='ocr_line' id='line_1_66' title="bbox 336 3611 1928 3686; baseline -0.003 -16"><span class='ocrx_word' id='word_1_464' title='bbox 336 3613 552 3670; x_wconf 84' lang='lat' dir='ltr'><strong>theatro</strong></span> <span class='ocrx_word' id='word_1_465' title='bbox 599 3628 888 3686; x_wconf 88' lang='lat' dir='ltr'><strong>personam</strong></span> <span class='ocrx_word' id='word_1_466' title='bbox 943 3613 1128 3668; x_wconf 88' lang='lat' dir='ltr'><strong>fratris</strong></span> <span class='ocrx_word' id='word_1_467' title='bbox 1159 3611 1586 3680; x_wconf 81' lang='lat' dir='ltr'><strong>circumferens,</strong></span> <span class='ocrx_word' id='word_1_468' title='bbox 1631 3619 1693 3666; x_wconf 91' lang='lat' dir='ltr'><strong>ut</strong></span> <span class='ocrx_word' id='word_1_469' title='bbox 1723 3611 1928 3666; x_wconf 90' lang='lat' dir='ltr'><strong>leviora</strong></span> 
     </span>
    </p>
   </div>
   <div class='ocr_carea' id='block_1_67' title="bbox 335 3701 1931 3776">
    <p class='ocr_par' dir='ltr' id='par_1_67' title="bbox 335 3701 1931 3776">
     <span class='ocr_line' id='line_1_67' title="bbox 335 3701 1931 3776; baseline -0.003 -14"><span class='ocrx_word' id='word_1_470' title='bbox 335 3715 621 3763; x_wconf 89' lang='lat' dir='ltr'><strong>excuteret</strong></span> <span class='ocrx_word' id='word_1_471' title='bbox 664 3705 911 3776; x_wconf 86' lang='lat' dir='ltr'><strong>objecta,</strong></span> <span class='ocrx_word' id='word_1_472' title='bbox 942 3704 1284 3775; x_wconf 73' lang='lat' dir='ltr'><strong>gravioribus</strong></span> <span class='ocrx_word' id='word_1_473' title='bbox 1321 3704 1572 3768; x_wconf 87' lang='lat' dir='ltr'><strong>cederet,</strong></span> <span class='ocrx_word' id='word_1_474' title='bbox 1617 3717 1728 3774; x_wconf 93' lang='lat' dir='ltr'><strong>quo</strong></span> <span class='ocrx_word' id='word_1_475' title='bbox 1757 3701 1931 3773; x_wconf 85' lang='lat' dir='ltr'><strong>magis</strong></span> 
     </span>
    </p>
   </div>
   <div class='ocr_carea' id='block_1_68' title="bbox 334 3796 1926 3872">
    <p class='ocr_par' dir='ltr' id='par_1_68' title="bbox 334 3796 1926 3872">
     <span class='ocr_line' id='line_1_68' title="bbox 334 3796 1926 3872; baseline -0.004 -16"><span class='ocrx_word' id='word_1_476' title='bbox 334 3809 542 3872; x_wconf 89' lang='lat' dir='ltr'><strong>patrem</strong></span> <span class='ocrx_word' id='word_1_477' title='bbox 576 3800 810 3865; x_wconf 88' lang='lat' dir='ltr'><strong>falleret,</strong></span> <span class='ocrx_word' id='word_1_478' title='bbox 843 3810 896 3856; x_wconf 89' lang='lat' dir='ltr'><strong>et</strong></span> <span class='ocrx_word' id='word_1_479' title='bbox 938 3799 1311 3855; x_wconf 87' lang='lat' dir='ltr'><strong>vehementius</strong></span> <span class='ocrx_word' id='word_1_480' title='bbox 1341 3799 1393 3853; x_wconf 92' lang='lat' dir='ltr'><strong>in</strong></span> <span class='ocrx_word' id='word_1_481' title='bbox 1429 3796 1628 3853; x_wconf 90' lang='lat' dir='ltr'><strong>fratres</strong></span> <span class='ocrx_word' id='word_1_482' title='bbox 1653 3803 1926 3862; x_wconf 89' lang='lat' dir='ltr'><strong>moveret;</strong></span> 
     </span>
    </p>
   </div>
   <div class='ocr_carea' id='block_1_69' title="bbox 336 3885 1930 3965">
    <p class='ocr_par' dir='ltr' id='par_1_69' title="bbox 336 3885 1930 3965">
     <span class='ocr_line' id='line_1_69' title="bbox 336 3885 1930 3965; baseline -0.006 -15"><span class='ocrx_word' id='word_1_483' title='bbox 336 3894 682 3965; x_wconf 88' lang='lat' dir='ltr'><strong>maximeque</strong></span> <span class='ocrx_word' id='word_1_484' title='bbox 725 3891 1017 3948; x_wconf 87' lang='lat' dir='ltr'><strong>acerbabat</strong></span> <span class='ocrx_word' id='word_1_485' title='bbox 1045 3899 1166 3946; x_wconf 88' lang='lat' dir='ltr'><strong>arte</strong></span> <span class='ocrx_word' id='word_1_486' title='bbox 1216 3890 1472 3945; x_wconf 90' lang='lat' dir='ltr'><strong>invidiam</strong></span> <span class='ocrx_word' id='word_1_487' title='bbox 1505 3899 1746 3959; x_wconf 67' lang='lat' dir='ltr'><strong>paternae</strong></span> <span class='ocrx_word' id='word_1_488' title='bbox 1777 3885 1930 3941; x_wconf 88' lang='lat' dir='ltr'><strong>necis</strong></span> 
     </span>
    </p>
   </div>
   <div class='ocr_carea' id='block_1_70' title="bbox 335 3977 1930 4058">
    <p class='ocr_par' dir='ltr' id='par_1_70' title="bbox 335 3977 1930 4058">
     <span class='ocr_line' id='line_1_70' title="bbox 335 3977 1930 4058; baseline -0.005 -16"><span class='ocrx_word' id='word_1_489' title='bbox 335 3995 569 4058; x_wconf 67' lang='lat' dir='ltr'><strong>paratae,</strong></span> <span class='ocrx_word' id='word_1_490' title='bbox 604 3994 663 4041; x_wconf 93' lang='lat' dir='ltr'><strong>ut</strong></span> <span class='ocrx_word' id='word_1_491' title='bbox 710 3999 934 4058; x_wconf 85' lang='lat' dir='ltr'><strong>regnum</strong></span> <span class='ocrx_word' id='word_1_492' title='bbox 979 3983 1308 4053; x_wconf 88' lang='lat' dir='ltr'><strong>eriperetur,</strong></span> <span class='ocrx_word' id='word_1_493' title='bbox 1342 3981 1465 4049; x_wconf 71' lang='lat' dir='ltr'><strong>quia</strong></span> <span class='ocrx_word' id='word_1_494' title='bbox 1495 3977 1714 4049; x_wconf 90' lang='lat' dir='ltr'><strong>regibus</strong></span> <span class='ocrx_word' id='word_1_495' title='bbox 1752 3987 1930 4034; x_wconf 90' lang='lat' dir='ltr'><strong>metus</strong></span> 
     </span>
    </p>
   </div>
   <div class='ocr_carea' id='block_1_71' title="bbox 336 4069 1930 4150">
    <p class='ocr_par' dir='ltr' id='par_1_71' title="bbox 336 4069 1930 4150">
     <span class='ocr_line' id='line_1_71' title="bbox 336 4069 1930 4150; baseline -0.004 -18"><span class='ocrx_word' id='word_1_496' title='bbox 336 4078 564 4150; x_wconf 71' lang='lat' dir='ltr'><strong>periculi</strong></span> <span class='ocrx_word' id='word_1_497' title='bbox 598 4077 945 4149; x_wconf 88' lang='lat' dir='ltr'><strong>suspeetior:</strong></span> <span class='ocrx_word' id='word_1_498' title='bbox 977 4075 1073 4130; x_wconf 90' lang='lat' dir='ltr'><strong>sed</strong></span> <span class='ocrx_word' id='word_1_499' title='bbox 1131 4089 1197 4130; x_wconf 92' lang='lat' dir='ltr'><strong>ne</strong></span> <span class='ocrx_word' id='word_1_500' title='bbox 1246 4072 1366 4130; x_wconf 88' lang='lat' dir='ltr'><strong>sine</strong></span> <span class='ocrx_word' id='word_1_501' title='bbox 1414 4071 1698 4142; x_wconf 88' lang='lat' dir='ltr'><strong>repulsore</strong></span> <span class='ocrx_word' id='word_1_502' title='bbox 1746 4069 1930 4125; x_wconf 90' lang='lat' dir='ltr'><strong>minus</strong></span> 
     </span>
    </p>
   </div>
   <div class='ocr_carea' id='block_1_72' title="bbox 338 4166 1932 4244">
    <p class='ocr_par' dir='ltr' id='par_1_72' title="bbox 338 4166 1932 4244">
     <span class='ocr_line' id='line_1_72' title="bbox 338 4166 1932 4244; baseline -0.003 -19"><span class='ocrx_word' id='word_1_503' title='bbox 338 4172 654 4244; x_wconf 82' lang='lat' dir='ltr'><strong>verisimilia</strong></span> <span class='ocrx_word' id='word_1_504' title='bbox 697 4171 810 4243; x_wconf 92' lang='lat' dir='ltr'><strong>regi</strong></span> <span class='ocrx_word' id='word_1_505' title='bbox 841 4170 1175 4236; x_wconf 88' lang='lat' dir='ltr'><strong>viderentur,</strong></span> <span class='ocrx_word' id='word_1_506' title='bbox 1205 4169 1326 4241; x_wconf 79' lang='lat' dir='ltr'><strong>ipso</strong></span> <span class='ocrx_word' id='word_1_507' title='bbox 1357 4167 1532 4237; x_wconf 91' lang='lat' dir='ltr'><strong>primo</strong></span> <span class='ocrx_word' id='word_1_508' title='bbox 1564 4166 1808 4222; x_wconf 85' lang='lat' dir='ltr'><strong>tentabat</strong></span> <span class='ocrx_word' id='word_1_509' title='bbox 1845 4181 1932 4221; x_wconf 90' lang='lat' dir='ltr'><strong>re-</strong></span> 
     </span>
    </p>
   </div>
   <div class='ocr_carea' id='block_1_73' title="bbox 332 4261 1931 4336">
    <p class='ocr_par' dir='ltr' id='par_1_73' title="bbox 332 4261 1931 4336">
     <span class='ocr_line' id='line_1_73' title="bbox 332 4261 1931 4336; baseline -0.004 -13"><span class='ocrx_word' id='word_1_510' title='bbox 332 4268 555 4333; x_wconf 90' lang='lat' dir='ltr'><strong>fellere,</strong></span> <span class='ocrx_word' id='word_1_511' title='bbox 583 4266 780 4323; x_wconf 90' lang='lat' dir='ltr'><strong>deinde</strong></span> <span class='ocrx_word' id='word_1_512' title='bbox 809 4266 1106 4336; x_wconf 89' lang='lat' dir='ltr'><strong>constringi</strong></span> <span class='ocrx_word' id='word_1_513' title='bbox 1140 4279 1201 4320; x_wconf 90' lang='lat' dir='ltr'><strong>se</strong></span> <span class='ocrx_word' id='word_1_514' title='bbox 1240 4261 1544 4320; x_wconf 86' lang='lat' dir='ltr'><strong>manifestis</strong></span> <span class='ocrx_word' id='word_1_515' title='bbox 1577 4277 1758 4318; x_wconf 91' lang='lat' dir='ltr'><strong>rerum</strong></span> <span class='ocrx_word' id='word_1_516' title='bbox 1789 4261 1931 4316; x_wconf 83' lang='lat' dir='ltr'><strong>indi-</strong></span> 
     </span>
    </p>
   </div>
   <div class='ocr_carea' id='block_1_74' title="bbox 332 4355 1929 4428">
    <p class='ocr_par' dir='ltr' id='par_1_74' title="bbox 332 4355 1929 4428">
     <span class='ocr_line' id='line_1_74' title="bbox 332 4355 1929 4428; baseline -0.006 -11"><span class='ocrx_word' id='word_1_517' title='bbox 332 4361 436 4418; x_wconf 89' lang='lat' dir='ltr'><strong>ciis</strong></span> <span class='ocrx_word' id='word_1_518' title='bbox 483 4360 702 4416; x_wconf 89' lang='lat' dir='ltr'><strong>volebat</strong></span> <span class='ocrx_word' id='word_1_519' title='bbox 748 4358 950 4426; x_wconf 89' lang='lat' dir='ltr'><strong>videri,</strong></span> <span class='ocrx_word' id='word_1_520' title='bbox 999 4366 1061 4414; x_wconf 94' lang='lat' dir='ltr'><strong>ut</strong></span> <span class='ocrx_word' id='word_1_521' title='bbox 1117 4365 1370 4428; x_wconf 87' lang='lat' dir='ltr'><strong>perorata</strong></span> <span class='ocrx_word' id='word_1_522' title='bbox 1423 4355 1676 4425; x_wconf 85' lang='lat' dir='ltr'><strong>utrinque</strong></span> <span class='ocrx_word' id='word_1_523' title='bbox 1733 4367 1929 4418; x_wconf 90' lang='lat' dir='ltr'><strong>causa,</strong></span> 
     </span>
    </p>
   </div>
   <div class='ocr_carea' id='block_1_75' title="bbox 330 4449 1930 4525">
    <p class='ocr_par' dir='ltr' id='par_1_75' title="bbox 330 4449 1930 4525">
     <span class='ocr_line' id='line_1_75' title="bbox 330 4449 1930 4525; baseline -0.004 -17"><span class='ocrx_word' id='word_1_524' title='bbox 330 4454 489 4525; x_wconf 82' lang='lat' dir='ltr'><strong>quasi</strong></span> <span class='ocrx_word' id='word_1_525' title='bbox 512 4452 647 4509; x_wconf 90' lang='lat' dir='ltr'><strong>nihil</strong></span> <span class='ocrx_word' id='word_1_526' title='bbox 665 4451 870 4523; x_wconf 90' lang='lat' dir='ltr'><strong>judicio</strong></span> <span class='ocrx_word' id='word_1_527' title='bbox 895 4451 1161 4508; x_wconf 87' lang='lat' dir='ltr'><strong>defuisset</strong></span> <span class='ocrx_word' id='word_1_528' title='bbox 1189 4449 1446 4520; x_wconf 90' lang='lat' dir='ltr'><strong>amplius,</strong></span> <span class='ocrx_word' id='word_1_529' title='bbox 1472 4457 1632 4524; x_wconf 39' lang='lat' dir='ltr'><strong>pater,</strong></span> <span class='ocrx_word' id='word_1_530' title='bbox 1657 4457 1930 4517; x_wconf 88' lang='lat' dir='ltr'><strong>tamquam</strong></span> 
     </span>
    </p>
   </div>
   <div class='ocr_carea' id='block_1_76' title="bbox 333 4539 1932 4604">
    <p class='ocr_par' dir='ltr' id='par_1_76' title="bbox 333 4539 1932 4604">
     <span class='ocr_line' id='line_1_76' title="bbox 333 4539 1932 4604; baseline -0.007 -1"><span class='ocrx_word' id='word_1_531' title='bbox 333 4548 392 4604; x_wconf 91' lang='lat' dir='ltr'><strong>in</strong></span> <span class='ocrx_word' id='word_1_532' title='bbox 421 4547 705 4602; x_wconf 89' lang='lat' dir='ltr'><strong>convictos</strong></span> <span class='ocrx_word' id='word_1_533' title='bbox 738 4545 879 4600; x_wconf 79' lang='lat' dir='ltr'><strong>filios</strong></span> <span class='ocrx_word' id='word_1_534' title='bbox 915 4546 1281 4601; x_wconf 88' lang='lat' dir='ltr'><strong>excitaretur:</strong></span> <span class='ocrx_word' id='word_1_535' title='bbox 1327 4541 1472 4598; x_wconf 87' lang='lat' dir='ltr'><strong>nulla</strong></span> <span class='ocrx_word' id='word_1_536' title='bbox 1515 4539 1666 4596; x_wconf 89' lang='lat' dir='ltr'><strong>enim</strong></span> <span class='ocrx_word' id='word_1_537' title='bbox 1698 4554 1785 4595; x_wconf 90' lang='lat' dir='ltr'><strong>res</strong></span> <span class='ocrx_word' id='word_1_538' title='bbox 1817 4553 1932 4594; x_wconf 89' lang='lat' dir='ltr'><strong>ma-</strong></span> 
     </span>
    </p>
   </div>
   <div class='ocr_carea' id='block_1_77' title="bbox 325 4634 1931 4713">
    <p class='ocr_par' dir='ltr' id='par_1_77' title="bbox 325 4634 1931 4713">
     <span class='ocr_line' id='line_1_77' title="bbox 325 4634 1931 4713; baseline -0.006 -16"><span class='ocrx_word' id='word_1_539' title='bbox 325 4640 506 4713; x_wconf 90' lang='lat' dir='ltr'><strong>jorem</strong></span> <span class='ocrx_word' id='word_1_540' title='bbox 549 4638 708 4695; x_wconf 87' lang='lat' dir='ltr'><strong>ﬁdem</strong></span> <span class='ocrx_word' id='word_1_541' title='bbox 753 4639 976 4694; x_wconf 90' lang='lat' dir='ltr'><strong>assertis</strong></span> <span class='ocrx_word' id='word_1_542' title='bbox 1019 4637 1218 4704; x_wconf 86' lang='lat' dir='ltr'><strong>dabat,</strong></span> <span class='ocrx_word' id='word_1_543' title='bbox 1250 4651 1413 4708; x_wconf 88' lang='lat' dir='ltr'><strong>quam</strong></span> <span class='ocrx_word' id='word_1_544' title='bbox 1453 4634 1596 4704; x_wconf 90' lang='lat' dir='ltr'><strong>quod</strong></span> <span class='ocrx_word' id='word_1_545' title='bbox 1644 4634 1931 4705; x_wconf 85' lang='lat' dir='ltr'><strong>Antipater</strong></span> 
     </span>
    </p>
   </div>
   <div class='ocr_carea' id='block_1_78' title="bbox 331 4725 1932 4798">
    <p class='ocr_par' dir='ltr' id='par_1_78' title="bbox 331 4725 1932 4798">
     <span class='ocr_line' id='line_1_78' title="bbox 331 4725 1932 4798; baseline -0.006 -9"><span class='ocrx_word' id='word_1_546' title='bbox 331 4731 559 4789; x_wconf 90' lang='lat' dir='ltr'><strong>fratrum</strong></span> <span class='ocrx_word' id='word_1_547' title='bbox 586 4729 842 4787; x_wconf 90' lang='lat' dir='ltr'><strong>defensor</strong></span> <span class='ocrx_word' id='word_1_548' title='bbox 869 4729 1262 4786; x_wconf 75' lang='lat' dir='ltr'><strong>aeStimabatur.</strong></span> <span class='ocrx_word' id='word_1_549' title='bbox 1299 4728 1410 4784; x_wconf 87' lang='lat' dir='ltr'><strong>Hac</strong></span> <span class='ocrx_word' id='word_1_550' title='bbox 1444 4727 1630 4782; x_wconf 79' lang='lat' dir='ltr'><strong>fraude</strong></span> <span class='ocrx_word' id='word_1_551' title='bbox 1669 4725 1932 4798; x_wconf 91' lang='lat' dir='ltr'><strong>plurimo-</strong></span> 
     </span>
    </p>
   </div>
   <div class='ocr_carea' id='block_1_79' title="bbox 328 4809 1931 4898">
    <p class='ocr_par' dir='ltr' id='par_1_79' title="bbox 328 4809 1931 4898">
     <span class='ocr_line' id='line_1_79' title="bbox 328 4809 1931 4898; baseline -0.004 -13"><span class='ocrx_word' id='word_1_552' title='bbox 328 4843 454 4885; x_wconf 83' lang='lat' dir='ltr'><strong>rum</strong></span> <span class='ocrx_word' id='word_1_553' title='bbox 496 4826 750 4898; x_wconf 79' lang='lat' dir='ltr'><strong>captabat</strong></span> <span class='ocrx_word' id='word_1_554' title='bbox 790 4826 1058 4898; x_wconf 87' lang='lat' dir='ltr'><strong>gratiam,</strong></span> <span class='ocrx_word' id='word_1_555' title='bbox 1101 4825 1268 4896; x_wconf 89' lang='lat' dir='ltr'><strong>ipsius</strong></span> <span class='ocrx_word' id='word_1_556' title='bbox 1303 4809 1728 4896; x_wconf 74' lang='lat' dir='ltr'><strong>quoqucpatris</strong></span> <span class='ocrx_word' id='word_1_557' title='bbox 1775 4823 1829 4878; x_wconf 92' lang='lat' dir='ltr'><strong>in</strong></span> <span class='ocrx_word' id='word_1_558' title='bbox 1871 4837 1931 4879; x_wconf 89' lang='lat' dir='ltr'><strong>se</strong></span> 
     </span>
    </p>
   </div>
   <div class='ocr_carea' id='block_1_80' title="bbox 330 4915 1930 4990">
    <p class='ocr_par' dir='ltr' id='par_1_80' title="bbox 330 4915 1930 4990">
     <span class='ocr_line' id='line_1_80' title="bbox 330 4915 1930 4990; baseline -0.004 -13"><span class='ocrx_word' id='word_1_559' title='bbox 330 4928 574 4978; x_wconf 83' lang='lat' dir='ltr'><strong>mentem</strong></span> <span class='ocrx_word' id='word_1_560' title='bbox 607 4919 922 4977; x_wconf 88' lang='lat' dir='ltr'><strong>inclinabat.</strong></span> <span class='ocrx_word' id='word_1_561' title='bbox 951 4917 1218 4990; x_wconf 86' lang='lat' dir='ltr'><strong>Quidquid</strong></span> <span class='ocrx_word' id='word_1_562' title='bbox 1249 4916 1491 4989; x_wconf 89' lang='lat' dir='ltr'><strong>quotidie</strong></span> <span class='ocrx_word' id='word_1_563' title='bbox 1527 4915 1791 4970; x_wconf 91' lang='lat' dir='ltr'><strong>fratribus</strong></span> <span class='ocrx_word' id='word_1_564' title='bbox 1828 4915 1930 4970; x_wconf 81' lang='lat' dir='ltr'><strong>mi-</strong></span> 
     </span>
    </p>
   </div>
   <div class='ocr_carea' id='block_1_81' title="bbox 332 5007 1932 5085">
    <p class='ocr_par' dir='ltr' id='par_1_81' title="bbox 332 5007 1932 5085">
     <span class='ocr_line' id='line_1_81' title="bbox 332 5007 1932 5085; baseline -0.006 -12"><span class='ocrx_word' id='word_1_565' title='bbox 332 5015 623 5082; x_wconf 87' lang='lat' dir='ltr'><strong>nuebatur,</strong></span> <span class='ocrx_word' id='word_1_566' title='bbox 653 5016 721 5071; x_wconf 90' lang='lat' dir='ltr'><strong>de</strong></span> <span class='ocrx_word' id='word_1_567' title='bbox 755 5014 956 5072; x_wconf 90' lang='lat' dir='ltr'><strong>affectu</strong></span> <span class='ocrx_word' id='word_1_568' title='bbox 996 5025 1224 5085; x_wconf 85' lang='lat' dir='ltr'><strong>paterno</strong></span> <span class='ocrx_word' id='word_1_569' title='bbox 1262 5012 1316 5066; x_wconf 92' lang='lat' dir='ltr'><strong>in</strong></span> <span class='ocrx_word' id='word_1_570' title='bbox 1357 5011 1535 5082; x_wconf 91' lang='lat' dir='ltr'><strong>ipsum</strong></span> <span class='ocrx_word' id='word_1_571' title='bbox 1585 5007 1932 5064; x_wconf 88' lang='lat' dir='ltr'><strong>transfunde-</strong></span> 
     </span>
    </p>
   </div>
   <div class='ocr_carea' id='block_1_82' title="bbox 333 5105 1932 5177">
    <p class='ocr_par' dir='ltr' id='par_1_82' title="bbox 333 5105 1932 5177">
     <span class='ocr_line' id='line_1_82' title="bbox 333 5105 1932 5177; baseline -0.004 -11"><span class='ocrx_word' id='word_1_572' title='bbox 333 5113 515 5168; x_wconf 88' lang='lat' dir='ltr'><strong>batur.</strong></span> <span class='ocrx_word' id='word_1_573' title='bbox 567 5110 885 5166; x_wconf 88' lang='lat' dir='ltr'><strong>Abducebat</strong></span> <span class='ocrx_word' id='word_1_574' title='bbox 933 5108 1138 5164; x_wconf 88' lang='lat' dir='ltr'><strong>amicos</strong></span> <span class='ocrx_word' id='word_1_575' title='bbox 1193 5105 1407 5177; x_wconf 90' lang='lat' dir='ltr'><strong>regios,</strong></span> <span class='ocrx_word' id='word_1_576' title='bbox 1459 5112 1824 5176; x_wconf 89' lang='lat' dir='ltr'><strong>parentesque</strong></span> <span class='ocrx_word' id='word_1_577' title='bbox 1875 5110 1932 5159; x_wconf 86' lang='lat' dir='ltr'><strong>et</strong></span> 
     </span>
    </p>
   </div>
   <div class='ocr_carea' id='block_1_83' title="bbox 329 5198 1930 5277">
    <p class='ocr_par' dir='ltr' id='par_1_83' title="bbox 329 5198 1930 5277">
     <span class='ocr_line' id='line_1_83' title="bbox 329 5198 1930 5277; baseline -0.006 -15"><span class='ocrx_word' id='word_1_578' title='bbox 329 5205 610 5277; x_wconf 75' lang='lat' dir='ltr'><strong>pnecipue</strong></span> <span class='ocrx_word' id='word_1_579' title='bbox 655 5205 878 5260; x_wconf 84' lang='lat' dir='ltr'><strong>fratrem</strong></span> <span class='ocrx_word' id='word_1_580' title='bbox 930 5203 1074 5273; x_wconf 90' lang='lat' dir='ltr'><strong>regis</strong></span> <span class='ocrx_word' id='word_1_581' title='bbox 1117 5216 1436 5272; x_wconf 87' lang='lat' dir='ltr'><strong>germanum</strong></span> <span class='ocrx_word' id='word_1_582' title='bbox 1484 5198 1826 5264; x_wconf 89' lang='lat' dir='ltr'><strong>Pheroram,</strong></span> <span class='ocrx_word' id='word_1_583' title='bbox 1875 5206 1930 5252; x_wconf 91' lang='lat' dir='ltr'><strong>et</strong></span> 
     </span>
    </p>
   </div>
   <div class='ocr_carea' id='block_1_84' title="bbox 331 5292 1924 5370">
    <p class='ocr_par' dir='ltr' id='par_1_84' title="bbox 331 5292 1924 5370">
     <span class='ocr_line' id='line_1_84' title="bbox 331 5292 1924 5370; baseline -0.008 -12"><span class='ocrx_word' id='word_1_584' title='bbox 331 5301 591 5358; x_wconf 83' lang='lat' dir='ltr'><strong>Salomon</strong></span> <span class='ocrx_word' id='word_1_585' title='bbox 628 5299 747 5370; x_wconf 83' lang='lat' dir='ltr'><strong>ejus</strong></span> <span class='ocrx_word' id='word_1_586' title='bbox 788 5312 1036 5355; x_wconf 89' lang='lat' dir='ltr'><strong>sororem</strong></span> <span class='ocrx_word' id='word_1_587' title='bbox 1065 5297 1274 5352; x_wconf 83' lang='lat' dir='ltr'><strong>ali&#39;enos</strong></span> <span class='ocrx_word' id='word_1_588' title='bbox 1301 5310 1333 5350; x_wconf 92' lang='lat' dir='ltr'><strong>a</strong></span> <span class='ocrx_word' id='word_1_589' title='bbox 1371 5294 1660 5366; x_wconf 91' lang='lat' dir='ltr'><strong>nepotibus</strong></span> <span class='ocrx_word' id='word_1_590' title='bbox 1691 5292 1924 5361; x_wconf 87' lang='lat' dir='ltr'><strong>fecerat,</strong></span> 
     </span>
    </p>
   </div>
   <div class='ocr_carea' id='block_1_85' title="bbox 333 5390 1932 5459">
    <p class='ocr_par' dir='ltr' id='par_1_85' title="bbox 333 5390 1932 5459">
     <span class='ocr_line' id='line_1_85' title="bbox 333 5390 1932 5459; baseline -0.005 -7"><span class='ocrx_word' id='word_1_591' title='bbox 333 5405 396 5453; x_wconf 91' lang='lat' dir='ltr'><strong>ut</strong></span> <span class='ocrx_word' id='word_1_592' title='bbox 422 5411 529 5452; x_wconf 92' lang='lat' dir='ltr'><strong>non</strong></span> <span class='ocrx_word' id='word_1_593' title='bbox 558 5393 719 5450; x_wconf 90' lang='lat' dir='ltr'><strong>modo</strong></span> <span class='ocrx_word' id='word_1_594' title='bbox 744 5409 841 5450; x_wconf 89' lang='lat' dir='ltr'><strong>eos</strong></span> <span class='ocrx_word' id='word_1_595' title='bbox 857 5407 965 5449; x_wconf 93' lang='lat' dir='ltr'><strong>non</strong></span> <span class='ocrx_word' id='word_1_596' title='bbox 992 5391 1374 5459; x_wconf 88' lang='lat' dir='ltr'><strong>defenderent,</strong></span> <span class='ocrx_word' id='word_1_597' title='bbox 1396 5390 1492 5446; x_wconf 90' lang='lat' dir='ltr'><strong>sed</strong></span> <span class='ocrx_word' id='word_1_598' title='bbox 1515 5391 1679 5446; x_wconf 90' lang='lat' dir='ltr'><strong>etiam</strong></span> <span class='ocrx_word' id='word_1_599' title='bbox 1704 5394 1932 5459; x_wconf 81' lang='lat' dir='ltr'><strong>appete-</strong></span> 
     </span>
    </p>
   </div>
   <div class='ocr_carea' id='block_1_86' title="bbox 331 5481 1928 5560">
    <p class='ocr_par' dir='ltr' id='par_1_86' title="bbox 331 5481 1928 5560">
     <span class='ocr_line' id='line_1_86' title="bbox 331 5481 1928 5560; baseline -0.006 -14"><span class='ocrx_word' id='word_1_600' title='bbox 331 5498 458 5546; x_wconf 88' lang='lat' dir='ltr'><strong>rent</strong></span> <span class='ocrx_word' id='word_1_601' title='bbox 507 5497 668 5560; x_wconf 88' lang='lat' dir='ltr'><strong>atque</strong></span> <span class='ocrx_word' id='word_1_602' title='bbox 722 5487 986 5544; x_wconf 90' lang='lat' dir='ltr'><strong>odissent.</strong></span> <span class='ocrx_word' id='word_1_603' title='bbox 1035 5483 1344 5543; x_wconf 84' lang='lat' dir='ltr'><strong>Accedebat</strong></span> <span class='ocrx_word' id='word_1_604' title='bbox 1396 5483 1644 5541; x_wconf 89' lang='lat' dir='ltr'><strong>odiorum</strong></span> <span class='ocrx_word' id='word_1_605' title='bbox 1702 5481 1928 5540; x_wconf 76' lang='lat' dir='ltr'><strong>materia</strong></span> 
     </span>
    </p>
   </div>
   <div class='ocr_carea' id='block_1_87' title="bbox 407 5625 1055 5700">
    <p class='ocr_par' dir='ltr' id='par_1_87' title="bbox 407 5625 1055 5700">
     <span class='ocr_line' id='line_1_87' title="bbox 407 5625 1055 5700; baseline 0.005 -20"><span class='ocrx_word' id='word_1_606' title='bbox 407 5649 438 5680; x_wconf 77' lang='grc' dir='ltr'>ι</span> <span class='ocrx_word' id='word_1_607' title='bbox 475 5629 549 5700; x_wconf 70' lang='lat' dir='ltr'><strong>Ae</strong></span> <span class='ocrx_word' id='word_1_608' title='bbox 578 5626 852 5700; x_wconf 64' lang='lat' dir='ltr'><strong>fratribus1</strong></span> <span class='ocrx_word' id='word_1_609' title='bbox 885 5625 1055 5683; x_wconf 73' lang='lat' dir='ltr'><strong>Baan.</strong></span> 
     </span>
    </p>
   </div>
   <div class='ocr_carea' id='block_1_88' title="bbox 405 5698 910 5772">
    <p class='ocr_par' dir='ltr' id='par_1_88' title="bbox 405 5698 910 5772">
     <span class='ocr_line' id='line_1_88' title="bbox 405 5698 910 5772; baseline 0.004 -21"><span class='ocrx_word' id='word_1_610' title='bbox 405 5709 437 5751; x_wconf 66' lang='grc' dir='ltr'>δ</span> <span class='ocrx_word' id='word_1_611' title='bbox 478 5698 810 5772; x_wconf 60' lang='lat' dir='ltr'><strong>ﬁlytleriun}.</strong></span> <span class='ocrx_word' id='word_1_612' title='bbox 833 5698 910 5754; x_wconf 84' lang='lat' dir='ltr'><strong>ID.</strong></span> 
     </span>
    </p>
   </div>
   <div class='ocr_carea' id='block_1_89' title="bbox 409 5769 1050 5835">
    <p class='ocr_par' dir='ltr' id='par_1_89' title="bbox 409 5769 1050 5835">
     <span class='ocr_line' id='line_1_89' title="bbox 409 5769 1050 5835; baseline -0.002 -10"><span class='ocrx_word' id='word_1_613' title='bbox 409 5775 434 5803; x_wconf 78' lang='grc'><strong><em>⁸³</em></strong></span> <span class='ocrx_word' id='word_1_614' title='bbox 476 5769 727 5835; x_wconf 70' lang='grc' dir='ltr'><strong>(Ϊὼρεναι.</strong></span> <span class='ocrx_word' id='word_1_615' title='bbox 760 5770 837 5827; x_wconf 83' lang='lat' dir='ltr'><strong>In.</strong></span> <span class='ocrx_word' id='word_1_616' title='bbox 913 5831 915 5835; x_wconf 15' lang='lat'><strong><em>1</em></strong></span> <span class='ocrx_word' id='word_1_617' title='bbox 1047 5830 1050 5834; x_wconf 55' lang='grc'>,</span> 
     </span>
    </p>
   </div>
   <div class='ocr_carea' id='block_1_90' title="bbox 406 5835 1093 5917">
    <p class='ocr_par' dir='ltr' id='par_1_90' title="bbox 406 5835 1093 5917">
     <span class='ocr_line' id='line_1_90' title="bbox 406 5835 1093 5917; baseline -0.001 -19"><span class='ocrx_word' id='word_1_618' title='bbox 406 5835 432 5874; x_wconf 66' lang='grc'><strong>(³</strong></span> <span class='ocrx_word' id='word_1_619' title='bbox 473 5835 608 5901; x_wconf 75' lang='lat' dir='ltr'><strong>Cod.</strong></span> <span class='ocrx_word' id='word_1_620' title='bbox 640 5841 784 5912; x_wconf 82' lang='lat' dir='ltr'><strong>Vet.,</strong></span> <span class='ocrx_word' id='word_1_621' title='bbox 819 5856 983 5917; x_wconf 79' lang='lat' dir='ltr'><strong>rcges.</strong></span> <span class='ocrx_word' id='word_1_622' title='bbox 1018 5840 1093 5898; x_wconf 72' lang='lat' dir='ltr'><strong>la.</strong></span> 
     </span>
    </p>
   </div>
   <div class='ocr_carea' id='block_1_91' title="bbox 2032 3327 3631 3405">
    <p class='ocr_par' dir='ltr' id='par_1_91' title="bbox 2032 3327 3631 3405">
     <span class='ocr_line' id='line_1_91' title="bbox 2032 3327 3631 3405; baseline -0.004 -15"><span class='ocrx_word' id='word_1_623' title='bbox 2032 3334 2288 3405; x_wconf 89' lang='lat' dir='ltr'><strong>operibus</strong></span> <span class='ocrx_word' id='word_1_624' title='bbox 2337 3333 2503 3404; x_wconf 90' lang='lat' dir='ltr'><strong>ipsis,</strong></span> <span class='ocrx_word' id='word_1_625' title='bbox 2537 3331 2590 3386; x_wconf 93' lang='lat' dir='ltr'><strong>in</strong></span> <span class='ocrx_word' id='word_1_626' title='bbox 2635 3331 2905 3402; x_wconf 91' lang='lat' dir='ltr'><strong>reliquum</strong></span> <span class='ocrx_word' id='word_1_627' title='bbox 2954 3331 3189 3402; x_wconf 80' lang='lat' dir='ltr'><strong>propriae</strong></span> <span class='ocrx_word' id='word_1_628' title='bbox 3237 3327 3396 3386; x_wconf 87' lang='lat' dir='ltr'><strong>fidem</strong></span> <span class='ocrx_word' id='word_1_629' title='bbox 3446 3329 3631 3385; x_wconf 73' lang='lat' dir='ltr'><strong>defcn~</strong></span> 
     </span>
    </p>
   </div>
   <div class='ocr_carea' id='block_1_92' title="bbox 2033 3421 3638 3493">
    <p class='ocr_par' dir='ltr' id='par_1_92' title="bbox 2033 3421 3638 3493">
     <span class='ocr_line' id='line_1_92' title="bbox 2033 3421 3638 3493; baseline -0.004 -11"><span class='ocrx_word' id='word_1_630' title='bbox 2033 3427 2173 3483; x_wconf 89' lang='lat' dir='ltr'><strong>sioni</strong></span> <span class='ocrx_word' id='word_1_631' title='bbox 2220 3426 2445 3482; x_wconf 91' lang='lat' dir='ltr'><strong>daturos</strong></span> <span class='ocrx_word' id='word_1_632' title='bbox 2485 3442 2500 3480; x_wconf 91' lang='lat'><strong>:</strong></span> <span class='ocrx_word' id='word_1_633' title='bbox 2549 3421 2929 3480; x_wconf 88' lang='lat' dir='ltr'><strong>tantummodo</strong></span> <span class='ocrx_word' id='word_1_634' title='bbox 2981 3423 3178 3478; x_wconf 86' lang='lat' dir='ltr'><strong>factum</strong></span> <span class='ocrx_word' id='word_1_635' title='bbox 3231 3430 3386 3493; x_wconf 92' lang='lat' dir='ltr'><strong>pater</strong></span> <span class='ocrx_word' id='word_1_636' title='bbox 3441 3435 3638 3492; x_wconf 83' lang='lat' dir='ltr'><strong>exspe-</strong></span> 
     </span>
    </p>
   </div>
   <div class='ocr_carea' id='block_1_93' title="bbox 2032 3514 3638 3590">
    <p class='ocr_par' dir='ltr' id='par_1_93' title="bbox 2032 3514 3638 3590">
     <span class='ocr_line' id='line_1_93' title="bbox 2032 3514 3638 3590; baseline -0.004 -13"><span class='ocrx_word' id='word_1_637' title='bbox 2032 3530 2237 3590; x_wconf 88' lang='lat' dir='ltr'><strong>ctaret,</strong></span> <span class='ocrx_word' id='word_1_638' title='bbox 2269 3537 2336 3576; x_wconf 92' lang='lat' dir='ltr'><strong>ne</strong></span> <span class='ocrx_word' id='word_1_639' title='bbox 2363 3529 2569 3576; x_wconf 91' lang='lat' dir='ltr'><strong>temere</strong></span> <span class='ocrx_word' id='word_1_640' title='bbox 2611 3517 2810 3573; x_wconf 88' lang='lat' dir='ltr'><strong>auditis</strong></span> <span class='ocrx_word' id='word_1_641' title='bbox 2837 3516 3122 3574; x_wconf 89' lang='lat' dir='ltr'><strong>crederet:</strong></span> <span class='ocrx_word' id='word_1_642' title='bbox 3155 3531 3263 3572; x_wconf 91' lang='lat' dir='ltr'><strong>non</strong></span> <span class='ocrx_word' id='word_1_643' title='bbox 3306 3516 3452 3573; x_wconf 89' lang='lat' dir='ltr'><strong>enim</strong></span> <span class='ocrx_word' id='word_1_644' title='bbox 3483 3514 3638 3570; x_wconf 86' lang='lat' dir='ltr'><strong>defu-</strong></span> 
     </span>
    </p>
   </div>
   <div class='ocr_carea' id='block_1_94' title="bbox 2033 3615 3636 3687">
    <p class='ocr_par' dir='ltr' id='par_1_94' title="bbox 2033 3615 3636 3687">
     <span class='ocr_line' id='line_1_94' title="bbox 2033 3615 3636 3687; baseline -0.003 -12"><span class='ocrx_word' id='word_1_645' title='bbox 2033 3627 2183 3675; x_wconf 91' lang='lat' dir='ltr'><strong>turos</strong></span> <span class='ocrx_word' id='word_1_646' title='bbox 2209 3617 2482 3674; x_wconf 89' lang='lat' dir='ltr'><strong>delatores</strong></span> <span class='ocrx_word' id='word_1_647' title='bbox 2509 3616 2786 3687; x_wconf 89' lang='lat' dir='ltr'><strong>improbos</strong></span> <span class='ocrx_word' id='word_1_648' title='bbox 2804 3657 2819 3680; x_wconf 92' lang='lat'><strong>,</strong></span> <span class='ocrx_word' id='word_1_649' title='bbox 2843 3615 3105 3685; x_wconf 91' lang='lat' dir='ltr'><strong>quamdiu</strong></span> <span class='ocrx_word' id='word_1_650' title='bbox 3131 3617 3351 3672; x_wconf 84' lang='lat' dir='ltr'><strong>auditor</strong></span> <span class='ocrx_word' id='word_1_651' title='bbox 3379 3615 3636 3672; x_wconf 89' lang='lat' dir='ltr'><strong>credulus</strong></span> 
     </span>
    </p>
   </div>
   <div class='ocr_carea' id='block_1_95' title="bbox 2031 3709 3635 3783">
    <p class='ocr_par' dir='ltr' id='par_1_95' title="bbox 2031 3709 3635 3783">
     <span class='ocr_line' id='line_1_95' title="bbox 2031 3709 3635 3783; baseline -0.002 -14"><span class='ocrx_word' id='word_1_652' title='bbox 2031 3711 2432 3783; x_wconf 90' lang='lat' dir='ltr'><strong>suppeditaret.</strong></span> <span class='ocrx_word' id='word_1_653' title='bbox 2457 3710 2554 3766; x_wconf 85' lang='lat' dir='ltr'><strong>His</strong></span> <span class='ocrx_word' id='word_1_654' title='bbox 2594 3719 2649 3764; x_wconf 89' lang='lat' dir='ltr'><strong>et</strong></span> <span class='ocrx_word' id='word_1_655' title='bbox 2679 3709 2881 3764; x_wconf 90' lang='lat' dir='ltr'><strong>talibus</strong></span> <span class='ocrx_word' id='word_1_656' title='bbox 2905 3709 3148 3766; x_wconf 90' lang='lat' dir='ltr'><strong>cmollito</strong></span> <span class='ocrx_word' id='word_1_657' title='bbox 3176 3720 3330 3780; x_wconf 91' lang='lat' dir='ltr'><strong>patre</strong></span> <span class='ocrx_word' id='word_1_658' title='bbox 3348 3751 3364 3776; x_wconf 91' lang='lat'><strong>,</strong></span> <span class='ocrx_word' id='word_1_659' title='bbox 3387 3711 3635 3780; x_wconf 86' lang='lat' dir='ltr'><strong>quamvis</strong></span> 
     </span>
    </p>
   </div>
   <div class='ocr_carea' id='block_1_96' title="bbox 2033 3801 3632 3875">
    <p class='ocr_par' dir='ltr' id='par_1_96' title="bbox 2033 3801 3632 3875">
     <span class='ocr_line' id='line_1_96' title="bbox 2033 3801 3632 3875; baseline -0.002 -15"><span class='ocrx_word' id='word_1_660' title='bbox 2033 3820 2102 3861; x_wconf 91' lang='lat' dir='ltr'><strong>eo</strong></span> <span class='ocrx_word' id='word_1_661' title='bbox 2131 3816 2377 3875; x_wconf 86' lang='lat' dir='ltr'><strong>tempore</strong></span> <span class='ocrx_word' id='word_1_662' title='bbox 2403 3803 2776 3859; x_wconf 89' lang='lat' dir='ltr'><strong>imminentem</strong></span> <span class='ocrx_word' id='word_1_663' title='bbox 2805 3801 3119 3872; x_wconf 87' lang='lat' dir='ltr'><strong>depulerint</strong></span> <span class='ocrx_word' id='word_1_664' title='bbox 3157 3811 3357 3858; x_wconf 87' lang='lat' dir='ltr'><strong>metum</strong></span> <span class='ocrx_word' id='word_1_665' title='bbox 3376 3843 3390 3869; x_wconf 88' lang='lat'><strong>,</strong></span> <span class='ocrx_word' id='word_1_666' title='bbox 3421 3803 3632 3859; x_wconf 73' lang='lat' dir='ltr'><strong>mmsti-</strong></span> 
     </span>
    </p>
   </div>
   <div class='ocr_carea' id='block_1_97' title="bbox 2035 3895 3636 3966">
    <p class='ocr_par' dir='ltr' id='par_1_97' title="bbox 2035 3895 3636 3966">
     <span class='ocr_line' id='line_1_97' title="bbox 2035 3895 3636 3966; baseline -0.001 -14"><span class='ocrx_word' id='word_1_667' title='bbox 2035 3900 2162 3953; x_wconf 90' lang='lat' dir='ltr'><strong>tiam</strong></span> <span class='ocrx_word' id='word_1_668' title='bbox 2208 3909 2386 3952; x_wconf 88' lang='lat' dir='ltr'><strong>tamen</strong></span> <span class='ocrx_word' id='word_1_669' title='bbox 2433 3906 2858 3961; x_wconf 89' lang='lat' dir='ltr'><strong>coacervarunt,</strong></span> <span class='ocrx_word' id='word_1_670' title='bbox 2890 3897 3033 3966; x_wconf 89' lang='lat' dir='ltr'><strong>quod</strong></span> <span class='ocrx_word' id='word_1_671' title='bbox 3075 3896 3258 3966; x_wconf 92' lang='lat' dir='ltr'><strong>urgeri</strong></span> <span class='ocrx_word' id='word_1_672' title='bbox 3290 3909 3412 3950; x_wconf 91' lang='lat' dir='ltr'><strong>sese</strong></span> <span class='ocrx_word' id='word_1_673' title='bbox 3436 3910 3466 3950; x_wconf 90' lang='lat' dir='ltr'><strong>a</strong></span> <span class='ocrx_word' id='word_1_674' title='bbox 3497 3895 3636 3950; x_wconf 81' lang='lat' dir='ltr'><strong>Phe-</strong></span> 
     </span>
    </p>
   </div>
   <div class='ocr_carea' id='block_1_98' title="bbox 2034 3985 3631 4058">
    <p class='ocr_par' dir='ltr' id='par_1_98' title="bbox 2034 3985 3631 4058">
     <span class='ocr_line' id='line_1_98' title="bbox 2034 3985 3631 4058; baseline -0.001 -14"><span class='ocrx_word' id='word_1_675' title='bbox 2034 4002 2157 4044; x_wconf 90' lang='lat' dir='ltr'><strong>rora</strong></span> <span class='ocrx_word' id='word_1_676' title='bbox 2207 3996 2262 4043; x_wconf 91' lang='lat' dir='ltr'><strong>et</strong></span> <span class='ocrx_word' id='word_1_677' title='bbox 2307 3989 2525 4043; x_wconf 89' lang='lat' dir='ltr'><strong>Salome</strong></span> <span class='ocrx_word' id='word_1_678' title='bbox 2575 3987 2864 4043; x_wconf 88' lang='lat' dir='ltr'><strong>videbant:</strong></span> <span class='ocrx_word' id='word_1_679' title='bbox 2906 4003 3139 4058; x_wconf 89' lang='lat' dir='ltr'><strong>quorum</strong></span> <span class='ocrx_word' id='word_1_680' title='bbox 3184 3985 3324 4042; x_wconf 91' lang='lat' dir='ltr'><strong>alter</strong></span> <span class='ocrx_word' id='word_1_681' title='bbox 3366 3996 3631 4057; x_wconf 85' lang='lat' dir='ltr'><strong>patruus,</strong></span> 
     </span>
    </p>
   </div>
   <div class='ocr_carea' id='block_1_99' title="bbox 2033 4079 3638 4150">
    <p class='ocr_par' dir='ltr' id='par_1_99' title="bbox 2033 4079 3638 4150">
     <span class='ocr_line' id='line_1_99' title="bbox 2033 4079 3638 4150; baseline -0.001 -13"><span class='ocrx_word' id='word_1_682' title='bbox 2033 4081 2204 4137; x_wconf 88' lang='lat' dir='ltr'><strong>altera</strong></span> <span class='ocrx_word' id='word_1_683' title='bbox 2250 4095 2410 4136; x_wconf 89' lang='lat' dir='ltr'><strong>soror</strong></span> <span class='ocrx_word' id='word_1_684' title='bbox 2443 4079 2888 4150; x_wconf 76' lang='lat' dir='ltr'><strong>patris,,quil)us</strong></span> <span class='ocrx_word' id='word_1_685' title='bbox 2915 4079 3220 4136; x_wconf 88' lang='lat' dir='ltr'><strong>defensioni</strong></span> <span class='ocrx_word' id='word_1_686' title='bbox 3264 4095 3388 4137; x_wconf 90' lang='lat' dir='ltr'><strong>esse</strong></span> <span class='ocrx_word' id='word_1_687' title='bbox 3433 4079 3638 4136; x_wconf 88' lang='lat' dir='ltr'><strong>debue-</strong></span> 
     </span>
    </p>
   </div>
   <div class='ocr_carea' id='block_1_100' title="bbox 2036 4173 3634 4244">
    <p class='ocr_par' dir='ltr' id='par_1_100' title="bbox 2036 4173 3634 4244">
     <span class='ocr_line' id='line_1_100' title="bbox 2036 4173 3634 4244; baseline -0.003 -12"><span class='ocrx_word' id='word_1_688' title='bbox 2036 4186 2180 4244; x_wconf 88' lang='lat' dir='ltr'><strong>rant,</strong></span> <span class='ocrx_word' id='word_1_689' title='bbox 2215 4175 2645 4232; x_wconf 75' lang='lat' dir='ltr'><strong>insidiabantur:</strong></span> <span class='ocrx_word' id='word_1_690' title='bbox 2671 4173 2968 4230; x_wconf 86' lang='lat' dir='ltr'><strong>accedebat</strong></span> <span class='ocrx_word' id='word_1_691' title='bbox 2997 4174 3139 4230; x_wconf 92' lang='lat' dir='ltr'><strong>enim</strong></span> <span class='ocrx_word' id='word_1_692' title='bbox 3171 4173 3403 4229; x_wconf 90' lang='lat' dir='ltr'><strong>formido</strong></span> <span class='ocrx_word' id='word_1_693' title='bbox 3422 4173 3634 4244; x_wconf 87' lang='lat' dir='ltr'><strong>gravis,</strong></span> 
     </span>
    </p>
   </div>
   <div class='ocr_carea' id='block_1_101' title="bbox 2035 4267 3638 4340">
    <p class='ocr_par' dir='ltr' id='par_1_101' title="bbox 2035 4267 3638 4340">
     <span class='ocr_line' id='line_1_101' title="bbox 2035 4267 3638 4340; baseline 0.001 -18"><span class='ocrx_word' id='word_1_694' title='bbox 2035 4269 2176 4340; x_wconf 88' lang='lat' dir='ltr'><strong>quod</strong></span> <span class='ocrx_word' id='word_1_695' title='bbox 2204 4269 2493 4340; x_wconf 89' lang='lat' dir='ltr'><strong>plurimum</strong></span> <span class='ocrx_word' id='word_1_696' title='bbox 2526 4277 2780 4339; x_wconf 89' lang='lat' dir='ltr'><strong>poterant</strong></span> <span class='ocrx_word' id='word_1_697' title='bbox 2811 4267 2953 4338; x_wconf 88' lang='lat' dir='ltr'><strong>apud</strong></span> <span class='ocrx_word' id='word_1_698' title='bbox 2985 4277 3213 4338; x_wconf 89' lang='lat' dir='ltr'><strong>patrem.</strong></span> <span class='ocrx_word' id='word_1_699' title='bbox 3250 4267 3382 4323; x_wconf 86' lang='lat' dir='ltr'><strong>Nam</strong></span> <span class='ocrx_word' id='word_1_700' title='bbox 3411 4278 3638 4338; x_wconf 89' lang='lat' dir='ltr'><strong>accepto</strong></span> 
     </span>
    </p>
   </div>
   <div class='ocr_carea' id='block_1_102' title="bbox 2035 4360 3636 4431">
    <p class='ocr_par' dir='ltr' id='par_1_102' title="bbox 2035 4360 3636 4431">
     <span class='ocr_line' id='line_1_102' title="bbox 2035 4360 3636 4431; baseline 0 -15"><span class='ocrx_word' id='word_1_701' title='bbox 2035 4361 2348 4417; x_wconf 90' lang='lat' dir='ltr'><strong>diademate</strong></span> <span class='ocrx_word' id='word_1_702' title='bbox 2375 4403 2390 4427; x_wconf 95' lang='lat'><strong>,</strong></span> <span class='ocrx_word' id='word_1_703' title='bbox 2422 4374 2590 4430; x_wconf 89' lang='lat' dir='ltr'><strong>prope</strong></span> <span class='ocrx_word' id='word_1_704' title='bbox 2632 4361 2942 4416; x_wconf 86' lang='lat' dir='ltr'><strong>universam</strong></span> <span class='ocrx_word' id='word_1_705' title='bbox 2985 4361 3137 4430; x_wconf 85' lang='lat' dir='ltr'><strong>regni</strong></span> <span class='ocrx_word' id='word_1_706' title='bbox 3181 4360 3482 4431; x_wconf 73' lang='lat' dir='ltr'><strong>potentiam</strong></span> <span class='ocrx_word' id='word_1_707' title='bbox 3512 4375 3636 4416; x_wconf 91' lang='lat' dir='ltr'><strong>cum</strong></span> 
     </span>
    </p>
   </div>
   <div class='ocr_carea' id='block_1_103' title="bbox 2035 4453 3636 4526">
    <p class='ocr_par' dir='ltr' id='par_1_103' title="bbox 2035 4453 3636 4526">
     <span class='ocr_line' id='line_1_103' title="bbox 2035 4453 3636 4526; baseline 0 -16"><span class='ocrx_word' id='word_1_708' title='bbox 2035 4455 2202 4512; x_wconf 89' lang='lat' dir='ltr'><strong>fratre</strong></span> <span class='ocrx_word' id='word_1_709' title='bbox 2246 4470 2348 4510; x_wconf 90' lang='lat' dir='ltr'><strong>suo</strong></span> <span class='ocrx_word' id='word_1_710' title='bbox 2393 4455 2638 4512; x_wconf 90' lang='lat' dir='ltr'><strong>Herodes</strong></span> <span class='ocrx_word' id='word_1_711' title='bbox 2684 4455 3138 4526; x_wconf 86' lang='lat' dir='ltr'><strong>participaverat,</strong></span> <span class='ocrx_word' id='word_1_712' title='bbox 3184 4470 3283 4510; x_wconf 91' lang='lat' dir='ltr'><strong>nec</strong></span> <span class='ocrx_word' id='word_1_713' title='bbox 3328 4453 3636 4511; x_wconf 86' lang='lat' dir='ltr'><strong>mediocres</strong></span> 
     </span>
    </p>
   </div>
   <div class='ocr_carea' id='block_1_104' title="bbox 2037 4548 3639 4620">
    <p class='ocr_par' dir='ltr' id='par_1_104' title="bbox 2037 4548 3639 4620">
     <span class='ocr_line' id='line_1_104' title="bbox 2037 4548 3639 4620; baseline 0.002 -17"><span class='ocrx_word' id='word_1_714' title='bbox 2037 4551 2252 4620; x_wconf 91' lang='lat' dir='ltr'><strong>utrique</strong></span> <span class='ocrx_word' id='word_1_715' title='bbox 2280 4550 2590 4606; x_wconf 87' lang='lat' dir='ltr'><strong>contulerat</strong></span> <span class='ocrx_word' id='word_1_716' title='bbox 2619 4565 2786 4620; x_wconf 89' lang='lat' dir='ltr'><strong>opes,</strong></span> <span class='ocrx_word' id='word_1_717' title='bbox 2819 4559 2872 4618; x_wconf 84' lang='lat' dir='ltr'><strong>et</strong></span> <span class='ocrx_word' id='word_1_718' title='bbox 2901 4550 3138 4606; x_wconf 87' lang='lat' dir='ltr'><strong>maxime</strong></span> <span class='ocrx_word' id='word_1_719' title='bbox 3163 4548 3440 4606; x_wconf 72' lang='lat' dir='ltr'><strong>Plterom.</strong></span> <span class='ocrx_word' id='word_1_720' title='bbox 3473 4548 3639 4606; x_wconf 91' lang='lat' dir='ltr'><strong>Deni-</strong></span> 
     </span>
    </p>
   </div>
   <div class='ocr_carea' id='block_1_105' title="bbox 1957 4641 3637 4719">
    <p class='ocr_par' dir='ltr' id='par_1_105' title="bbox 1957 4641 3637 4719">
     <span class='ocr_line' id='line_1_105' title="bbox 1957 4641 3637 4719; baseline 0.002 -23"><span class='ocrx_word' id='word_1_721' title='bbox 1957 4658 2012 4719; x_wconf 77' lang='lat'><strong>1)</strong></span> <span class='ocrx_word' id='word_1_722' title='bbox 2037 4657 2142 4713; x_wconf 90' lang='lat' dir='ltr'><strong>que</strong></span> <span class='ocrx_word' id='word_1_723' title='bbox 2181 4641 2263 4697; x_wconf 88' lang='lat' dir='ltr'><strong>his</strong></span> <span class='ocrx_word' id='word_1_724' title='bbox 2304 4657 2484 4698; x_wconf 88' lang='lat' dir='ltr'><strong>annua</strong></span> <span class='ocrx_word' id='word_1_725' title='bbox 2529 4643 2729 4698; x_wconf 88' lang='lat' dir='ltr'><strong>talenta</strong></span> <span class='ocrx_word' id='word_1_726' title='bbox 2759 4651 2976 4698; x_wconf 90' lang='lat' dir='ltr'><strong>centum</strong></span> <span class='ocrx_word' id='word_1_727' title='bbox 3031 4643 3402 4710; x_wconf 85' lang='lat' dir='ltr'><strong>recondebat,</strong></span> <span class='ocrx_word' id='word_1_728' title='bbox 3435 4653 3637 4714; x_wconf 67' lang='lat' dir='ltr'><strong>prmtcr</strong></span> 
     </span>
    </p>
   </div>
   <div class='ocr_carea' id='block_1_106' title="bbox 2034 4734 3634 4807">
    <p class='ocr_par' dir='ltr' id='par_1_106' title="bbox 2034 4734 3634 4807">
     <span class='ocr_line' id='line_1_106' title="bbox 2034 4734 3634 4807; baseline 0 -15"><span class='ocrx_word' id='word_1_729' title='bbox 2034 4750 2153 4792; x_wconf 87' lang='lat' dir='ltr'><strong>eam</strong></span> <span class='ocrx_word' id='word_1_730' title='bbox 2187 4734 2498 4807; x_wconf 89' lang='lat' dir='ltr'><strong>regionem,</strong></span> <span class='ocrx_word' id='word_1_731' title='bbox 2527 4751 2649 4806; x_wconf 71' lang='lat' dir='ltr'><strong>qua:</strong></span> <span class='ocrx_word' id='word_1_732' title='bbox 2678 4738 2816 4796; x_wconf 89' lang='lat' dir='ltr'><strong>ultra</strong></span> <span class='ocrx_word' id='word_1_733' title='bbox 2848 4735 3182 4806; x_wconf 88' lang='lat' dir='ltr'><strong>Euphratem</strong></span> <span class='ocrx_word' id='word_1_734' title='bbox 3213 4735 3336 4803; x_wconf 91' lang='lat' dir='ltr'><strong>sita,</strong></span> <span class='ocrx_word' id='word_1_735' title='bbox 3363 4736 3634 4792; x_wconf 90' lang='lat' dir='ltr'><strong>redituum</strong></span> 
     </span>
    </p>
   </div>
   <div class='ocr_carea' id='block_1_107' title="bbox 2035 4827 3637 4900">
    <p class='ocr_par' dir='ltr' id='par_1_107' title="bbox 2035 4827 3637 4900">
     <span class='ocr_line' id='line_1_107' title="bbox 2035 4827 3637 4900; baseline -0.001 -14"><span class='ocrx_word' id='word_1_736' title='bbox 2035 4829 2220 4900; x_wconf 90' lang='lat' dir='ltr'><strong>copias</strong></span> <span class='ocrx_word' id='word_1_737' title='bbox 2261 4828 2676 4900; x_wconf 88' lang='lat' dir='ltr'><strong>multiplicabat.</strong></span> <span class='ocrx_word' id='word_1_738' title='bbox 2706 4827 3038 4885; x_wconf 86' lang='lat' dir='ltr'><strong>Tetrarches</strong></span> <span class='ocrx_word' id='word_1_739' title='bbox 3069 4843 3285 4900; x_wconf 87' lang='lat' dir='ltr'><strong>quoque</strong></span> <span class='ocrx_word' id='word_1_740' title='bbox 3327 4829 3498 4899; x_wconf 90' lang='lat' dir='ltr'><strong>petitu</strong></span> <span class='ocrx_word' id='word_1_741' title='bbox 3529 4829 3637 4886; x_wconf 82' lang='lat' dir='ltr'><strong>Ile-</strong></span> 
     </span>
    </p>
   </div>
   <div class='ocr_carea' id='block_1_108' title="bbox 2037 4921 3635 4988">
    <p class='ocr_par' dir='ltr' id='par_1_108' title="bbox 2037 4921 3635 4988">
     <span class='ocr_line' id='line_1_108' title="bbox 2037 4921 3635 4988; baseline -0.001 -9"><span class='ocrx_word' id='word_1_742' title='bbox 2037 4921 2186 4979; x_wconf 90' lang='lat' dir='ltr'><strong>rodis</strong></span> <span class='ocrx_word' id='word_1_743' title='bbox 2227 4936 2256 4976; x_wconf 91' lang='lat' dir='ltr'><strong>a</strong></span> <span class='ocrx_word' id='word_1_744' title='bbox 2299 4921 2518 4978; x_wconf 70' lang='lat' dir='ltr'><strong>Caesare</strong></span> <span class='ocrx_word' id='word_1_745' title='bbox 2565 4921 2745 4978; x_wconf 85' lang='lat' dir='ltr'><strong>fuerat</strong></span> <span class='ocrx_word' id='word_1_746' title='bbox 2782 4923 3146 4988; x_wconf 90' lang='lat' dir='ltr'><strong>constitutus,</strong></span> <span class='ocrx_word' id='word_1_747' title='bbox 3184 4921 3421 4978; x_wconf 88' lang='lat' dir='ltr'><strong>donatus</strong></span> <span class='ocrx_word' id='word_1_748' title='bbox 3470 4922 3635 4977; x_wconf 90' lang='lat' dir='ltr'><strong>etiam</strong></span> 
     </span>
    </p>
   </div>
   <div class='ocr_carea' id='block_1_109' title="bbox 2036 5015 3637 5088">
    <p class='ocr_par' dir='ltr' id='par_1_109' title="bbox 2036 5015 3637 5088">
     <span class='ocr_line' id='line_1_109' title="bbox 2036 5015 3637 5088; baseline 0 -16"><span class='ocrx_word' id='word_1_749' title='bbox 2036 5016 2234 5088; x_wconf 90' lang='lat' dir='ltr'><strong>regalis</strong></span> <span class='ocrx_word' id='word_1_750' title='bbox 2272 5015 2521 5088; x_wconf 90' lang='lat' dir='ltr'><strong>conjugis</strong></span> <span class='ocrx_word' id='word_1_751' title='bbox 2549 5015 2987 5082; x_wconf 66' lang='lat' dir='ltr'><strong>necessitudine,</strong></span> <span class='ocrx_word' id='word_1_752' title='bbox 3026 5016 3148 5085; x_wconf 90' lang='lat' dir='ltr'><strong>quia</strong></span> <span class='ocrx_word' id='word_1_753' title='bbox 3179 5029 3424 5072; x_wconf 90' lang='lat' dir='ltr'><strong>sororem</strong></span> <span class='ocrx_word' id='word_1_754' title='bbox 3469 5016 3637 5087; x_wconf 75' lang='lat' dir='ltr'><strong>regia:</strong></span> 
     </span>
    </p>
   </div>
   <div class='ocr_carea' id='block_1_110' title="bbox 2036 5106 3638 5180">
    <p class='ocr_par' dir='ltr' id='par_1_110' title="bbox 2036 5106 3638 5180">
     <span class='ocr_line' id='line_1_110' title="bbox 2036 5106 3638 5180; baseline -0.001 -15"><span class='ocrx_word' id='word_1_755' title='bbox 2036 5108 2284 5180; x_wconf 90' lang='lat' dir='ltr'><strong>conjugis</strong></span> <span class='ocrx_word' id='word_1_756' title='bbox 2307 5108 2360 5163; x_wconf 92' lang='lat' dir='ltr'><strong>in</strong></span> <span class='ocrx_word' id='word_1_757' title='bbox 2382 5107 2637 5163; x_wconf 90' lang='lat' dir='ltr'><strong>connubii</strong></span> <span class='ocrx_word' id='word_1_758' title='bbox 2660 5107 2746 5163; x_wconf 91' lang='lat' dir='ltr'><strong>sui</strong></span> <span class='ocrx_word' id='word_1_759' title='bbox 2769 5119 2975 5164; x_wconf 87' lang='lat' dir='ltr'><strong>sortem</strong></span> <span class='ocrx_word' id='word_1_760' title='bbox 2999 5106 3461 5163; x_wconf 87' lang='lat' dir='ltr'><strong>adsciverat.Post</strong></span> <span class='ocrx_word' id='word_1_761' title='bbox 3484 5108 3638 5178; x_wconf 91' lang='lat' dir='ltr'><strong>cujus</strong></span> 
     </span>
    </p>
   </div>
   <div class='ocr_carea' id='block_1_111' title="bbox 2037 5200 3637 5273">
    <p class='ocr_par' dir='ltr' id='par_1_111' title="bbox 2037 5200 3637 5273">
     <span class='ocr_line' id='line_1_111' title="bbox 2037 5200 3637 5273; baseline -0.002 -15"><span class='ocrx_word' id='word_1_762' title='bbox 2037 5203 2244 5258; x_wconf 91' lang='lat' dir='ltr'><strong>obitum</strong></span> <span class='ocrx_word' id='word_1_763' title='bbox 2285 5202 2614 5273; x_wconf 87' lang='lat' dir='ltr'><strong>desponsata</strong></span> <span class='ocrx_word' id='word_1_764' title='bbox 2641 5200 2744 5256; x_wconf 91' lang='lat' dir='ltr'><strong>sibi</strong></span> <span class='ocrx_word' id='word_1_765' title='bbox 2773 5201 2991 5256; x_wconf 87' lang='lat' dir='ltr'><strong>seniore</strong></span> <span class='ocrx_word' id='word_1_766' title='bbox 3017 5201 3160 5271; x_wconf 81' lang='lat' dir='ltr'><strong>regis</strong></span> <span class='ocrx_word' id='word_1_767' title='bbox 3185 5201 3290 5255; x_wconf 87' lang='lat' dir='ltr'><strong>filia</strong></span> <span class='ocrx_word' id='word_1_768' title='bbox 3332 5202 3384 5255; x_wconf 94' lang='lat' dir='ltr'><strong>in</strong></span> <span class='ocrx_word' id='word_1_769' title='bbox 3409 5201 3637 5272; x_wconf 88' lang='lat' dir='ltr'><strong>gratiam</strong></span> 
     </span>
    </p>
   </div>
   <div class='ocr_carea' id='block_1_112' title="bbox 2034 5295 3642 5368">
    <p class='ocr_par' dir='ltr' id='par_1_112' title="bbox 2034 5295 3642 5368">
     <span class='ocr_line' id='line_1_112' title="bbox 2034 5295 3642 5368; baseline -0.001 -14"><span class='ocrx_word' id='word_1_770' title='bbox 2034 5309 2378 5355; x_wconf 88' lang='lat' dir='ltr'><strong>successerat</strong></span> <span class='ocrx_word' id='word_1_771' title='bbox 2404 5297 2628 5368; x_wconf 89' lang='lat' dir='ltr'><strong>generi,</strong></span> <span class='ocrx_word' id='word_1_772' title='bbox 2663 5297 2766 5352; x_wconf 88' lang='lat' dir='ltr'><strong>nisi</strong></span> <span class='ocrx_word' id='word_1_773' title='bbox 2793 5311 2981 5352; x_wconf 89' lang='lat' dir='ltr'><strong>amore</strong></span> <span class='ocrx_word' id='word_1_774' title='bbox 3009 5304 3202 5368; x_wconf 89' lang='lat' dir='ltr'><strong>captus</strong></span> <span class='ocrx_word' id='word_1_775' title='bbox 3230 5295 3499 5352; x_wconf 74' lang='lat' dir='ltr'><strong>ancillula:</strong></span> <span class='ocrx_word' id='word_1_776' title='bbox 3519 5338 3534 5362; x_wconf 93' lang='lat'><strong>,</strong></span> <span class='ocrx_word' id='word_1_777' title='bbox 3555 5312 3642 5352; x_wconf 92' lang='lat' dir='ltr'><strong>re-</strong></span> 
     </span>
    </p>
   </div>
   <div class='ocr_carea' id='block_1_113' title="bbox 2034 5389 3640 5462">
    <p class='ocr_par' dir='ltr' id='par_1_113' title="bbox 2034 5389 3640 5462">
     <span class='ocr_line' id='line_1_113' title="bbox 2034 5389 3640 5462; baseline 0 -18"><span class='ocrx_word' id='word_1_778' title='bbox 2034 5390 2172 5462; x_wconf 88' lang='lat' dir='ltr'><strong>galis</strong></span> <span class='ocrx_word' id='word_1_779' title='bbox 2201 5390 2402 5462; x_wconf 79' lang='lat' dir='ltr'><strong>puellae</strong></span> <span class='ocrx_word' id='word_1_780' title='bbox 2419 5390 2673 5460; x_wconf 90' lang='lat' dir='ltr'><strong>copulam</strong></span> <span class='ocrx_word' id='word_1_781' title='bbox 2703 5389 3110 5446; x_wconf 89' lang='lat' dir='ltr'><strong>declinavisset.</strong></span> <span class='ocrx_word' id='word_1_782' title='bbox 3141 5389 3256 5457; x_wconf 83' lang='lat' dir='ltr'><strong>Qua</strong></span> <span class='ocrx_word' id='word_1_783' title='bbox 3283 5396 3640 5458; x_wconf 88' lang='lat' dir='ltr'><strong>exasperatus</strong></span> 
     </span>
    </p>
   </div>
   <div class='ocr_carea' id='block_1_114' title="bbox 2037 5481 3641 5554">
    <p class='ocr_par' dir='ltr' id='par_1_114' title="bbox 2037 5481 3641 5554">
     <span class='ocr_line' id='line_1_114' title="bbox 2037 5481 3641 5554; baseline 0 -16"><span class='ocrx_word' id='word_1_784' title='bbox 2037 5481 2284 5540; x_wconf 85' lang='lat' dir='ltr'><strong>Herodes</strong></span> <span class='ocrx_word' id='word_1_785' title='bbox 2319 5484 2682 5550; x_wconf 87' lang='lat' dir='ltr'><strong>contumelia,</strong></span> <span class='ocrx_word' id='word_1_786' title='bbox 2711 5482 2765 5538; x_wconf 92' lang='lat' dir='ltr'><strong>ei</strong></span> <span class='ocrx_word' id='word_1_787' title='bbox 2795 5481 2814 5521; x_wconf 68' lang='grc' dir='ltr'><strong>ί</strong></span> <span class='ocrx_word' id='word_1_788' title='bbox 2849 5483 3018 5540; x_wconf 90' lang='lat' dir='ltr'><strong>lilintn</strong></span> <span class='ocrx_word' id='word_1_789' title='bbox 3054 5482 3305 5548; x_wconf 87' lang='lat' dir='ltr'><strong>tradidit,</strong></span> <span class='ocrx_word' id='word_1_790' title='bbox 3332 5481 3423 5554; x_wconf 80' lang='lat' dir='ltr'><strong>qui</strong></span> <span class='ocrx_word' id='word_1_791' title='bbox 3454 5493 3641 5552; x_wconf 88' lang='lat' dir='ltr'><strong>postea</strong></span> 
     </span>
    </p>
   </div>
   <div class='ocr_carea' id='block_1_115' title="bbox 2117 5620 2740 5678">
    <p class='ocr_par' dir='ltr' id='par_1_115' title="bbox 2117 5620 2740 5678">
     <span class='ocr_line' id='line_1_115' title="bbox 2117 5620 2740 5678; baseline 0.003 -2"><span class='ocrx_word' id='word_1_792' title='bbox 2117 5633 2141 5660; x_wconf 80' lang='grc' dir='ltr'><strong>ο</strong></span> <span class='ocrx_word' id='word_1_793' title='bbox 2183 5620 2625 5678; x_wconf 78' lang='lat' dir='ltr'><strong>Necessitudines.</strong></span> <span class='ocrx_word' id='word_1_794' title='bbox 2662 5621 2740 5678; x_wconf 87' lang='lat' dir='ltr'><strong>In.</strong></span> 
     </span>
    </p>
   </div>
   <div class='ocr_carea' id='block_1_116' title="bbox 2115 5690 3644 5765">
    <p class='ocr_par' dir='ltr' id='par_1_116' title="bbox 2115 5690 3644 5765">
     <span class='ocr_line' id='line_1_116' title="bbox 2115 5690 3644 5765; baseline 0.002 -19"><span class='ocrx_word' id='word_1_795' title='bbox 2115 5692 2136 5732; x_wconf 73' lang='grc' dir='ltr'><strong>ί</strong></span> <span class='ocrx_word' id='word_1_796' title='bbox 2184 5692 2398 5750; x_wconf 85' lang='lat' dir='ltr'><strong>Filiam.</strong></span> <span class='ocrx_word' id='word_1_797' title='bbox 2428 5693 2651 5764; x_wconf 84' lang='lat' dir='ltr'><strong>Joseph.</strong></span> <span class='ocrx_word' id='word_1_798' title='bbox 2696 5694 2762 5748; x_wconf 81' lang='lat' dir='ltr'><strong>de</strong></span> <span class='ocrx_word' id='word_1_799' title='bbox 2805 5691 2945 5750; x_wconf 83' lang='lat' dir='ltr'><strong>Bell.</strong></span> <span class='ocrx_word' id='word_1_800' title='bbox 2997 5692 3090 5751; x_wconf 89' lang='lat' dir='ltr'><strong>lib.</strong></span> <span class='ocrx_word' id='word_1_801' title='bbox 3134 5708 3171 5763; x_wconf 87' lang='lat' dir='ltr'><strong>t,</strong></span> <span class='ocrx_word' id='word_1_802' title='bbox 3220 5706 3342 5765; x_wconf 90' lang='lat' dir='ltr'><strong>cap.</strong></span> <span class='ocrx_word' id='word_1_803' title='bbox 3390 5690 3496 5758; x_wconf 77' lang='lat' dir='ltr'><strong>l7;</strong></span> <span class='ocrx_word' id='word_1_804' title='bbox 3536 5691 3644 5749; x_wconf 77' lang='lat' dir='ltr'><strong>An-</strong></span> 
     </span>
    </p>
   </div>
   <div class='ocr_carea' id='block_1_117' title="bbox 2033 5764 2874 5838">
    <p class='ocr_par' dir='ltr' id='par_1_117' title="bbox 2033 5764 2874 5838">
     <span class='ocr_line' id='line_1_117' title="bbox 2033 5764 2874 5838; baseline 0.002 -20"><span class='ocrx_word' id='word_1_805' title='bbox 2033 5764 2125 5836; x_wconf 79' lang='lat' dir='ltr'><strong>tiq.</strong></span> <span class='ocrx_word' id='word_1_806' title='bbox 2160 5765 2252 5822; x_wconf 89' lang='lat' dir='ltr'><strong>lib.</strong></span> <span class='ocrx_word' id='word_1_807' title='bbox 2283 5781 2394 5837; x_wconf 69' lang='lat' dir='ltr'><strong>xvn,</strong></span> <span class='ocrx_word' id='word_1_808' title='bbox 2421 5781 2541 5838; x_wconf 79' lang='lat' dir='ltr'><strong>cap.</strong></span> <span class='ocrx_word' id='word_1_809' title='bbox 2577 5765 2664 5823; x_wconf 77' lang='lat' dir='ltr'><strong>ll.</strong></span> <span class='ocrx_word' id='word_1_810' title='bbox 2705 5765 2874 5822; x_wconf 68' lang='grc' dir='ltr'><strong>ΒΑΜ.</strong></span> 
     </span>
    </p>
   </div>
  </div>
