4112 6350
579 267 716 340 20H

1904 293 2150 354 SANOTI
2187 295 2519 361 ικθιιυθη

3720 317 3840 390 sals

580 379 832 440 Parthico
861 386 1002 444 bello
1035 393 1259 450 occidit.
1293 395 1668 457 [insimulatum
1713 413 1892 460 tamen
1935 407 2079 477 apud
2107 423 2168 465 se
2195 415 2248 476 Α
2274 410 2742 474 irreConciliabilis
2763 461 2776 485 ,
2809 423 2999 478 amicis
3029 425 3338 485 incredulus
3358 472 3374 499 ,
3403 427 3736 498 familiaribus
3765 447 3840 499 su.

580 472 868 499 hl.....-..-_.-
935 497 1021 499 -,,,,
1053 483 1067 499 ι
1280 488 1291 499 .
1516 493 1526 499 .
1570 493 1583 499 -
1723 494 1739 499 -
1857 498 1864 499 ,

578 472 896 545 Pheroram,
926 483 1067 552 quod
1098 488 1323 544 venenis
1348 493 1702 561 appetivisset
1715 494 1898 553 fratris
1915 472 2170 558 salutem.

577 567 693 636 Qua
721 574 1031 642 suspicione
1071 594 1140 634 ne
1178 581 1392 638 vivente
1423 585 1641 654 quidem
1683 603 1935 646 caruerat
1962 610 2168 652 uxore:

575 662 931 732 plurimorum
958 669 1157 740 primo,
1188 675 1326 729 etad
1361 687 1693 746 postremum
1724 686 2023 742 amicorum
2053 689 2172 759 ejus

575 758 880 823 quaestione
901 764 1160 829 exercita,
1185 781 1411 824 vacuum
1435 772 1556 842 ejus
1571 775 1723 844 cujus
1745 779 2073 848 arguebatur
2097 783 2173 838 fa-

577 847 781 904 cinoris
803 851 1084 910 inventum
1122 859 1311 915 volens
1339 862 1610 920 absolvit:
1637 866 1775 923 dans
1807 847 1974 927 etiam
2033 872 2173 944 fugas

577 945 789 998 veniam
809 987 824 1012 ,
855 948 998 1017 quod
1024 962 1175 1021 rapta
1206 971 1366 1022 quam
1401 957 1658 1030 diligebat
1676 965 1911 1032 ancilla,
1958 976 1983 1008 α
2005 969 2173 1039 depo-

576 1035 792 1092 sitionis
814 1040 984 1109 initae,
1011 1053 1068 1100 ut
1092 1047 1159 1101 ad
1191 1047 1422 1107 Parthos
1449 1055 1800 1127 confugeret,
1824 1061 2171 1121 similiarium'

573 1143 797 1186 suorum
821 1137 1254 1197 conleSsionibus
1278 1145 1498 1201 modum
1521 1148 1828 1221 detegebat.
1846 1153 2174 1226 Respirave-

573 1223 1066 1295 rataliquautulum
1089 1233 1419 1304 Alexander,
1448 1239 1575 1295 dum
1595 1242 1864 1301 Pheroras
1886 1255 2172 1307 accusatus

574 1311 864 1372 incessitur
882 1361 898 1386 ,
920 1328 974 1375 et
997 1321 1112 1393 ipse
1143 1324 1366 1383 incessit
1395 1330 1689 1402 Salomeu,
1720 1341 1749 1382 b
1773 1337 1913 1407 quod
1937 1355 2174 1411 spopon-

575 1403 746 1462 disset
796 1417 1011 1480 nuptias
1052 1431 1179 1472 suas
1225 1419 1429 1478 Obodae
1461 1425 1680 1498 Sylaco,
1726 1403 1817 1500 qui
1863 1403 1983 1488 erai
2025 1403 2172 1508 regis

572 1499 786 1556 Arabia:
818 1517 1169 1574 procurator,
1213 1511 1408 1570 Herodi
1459 1499 1886 1579 inimicissimus.
1930 1525 2038 1582 Sed
2086 1544 2172 1582 re-

575 1591 743 1648 tuisso
791 1595 1062 1670 utrimque
1103 1606 1333 1662 crimine
1364 1615 1661 1681 tempestas
1701 1614 1896 1672 domus
1925 1619 1980 1674 in
2011 1619 2170 1674 Alex-

573 1685 801 1742 andrum
850 1683 1127 1761 incubuit,
1181 1709 1344 1772 atque
1403 1702 1583 1774 ipsum
1628 1709 1779 1778 gravi
1825 1713 2173 1781 periculoin-

572 1777 740 1833 volvit
784 1796 798 1835 :
827 1781 1042 1840 furebat
1068 1791 1210 1845 enim
1242 1810 1384 1849 saeva
1417 1801 1616 1877 pestis,
1638 1777 1703 1856 iet
1731 1805 1967 1872 procella
2002 1807 2170 1862 t0tius

571 1870 708 1925 aula:
750 1870 1057 1946 Antipater.
1097 1853 1690 1959 Omnibusque'modis
1731 1853 1791 1950 et
1833 1906 1855 1934 ο
1894 1908 2167 1955 conventu
2198 1853 2244 1929 Β

571 1960 733 2016 etiam
763 1969 1192 2040 propinquorum
1225 1977 1515 2050 ingravans
1551 1984 1808 2053 fratrem,
1851 1987 1923 2042 ita
1960 2000 2016 2044 ut
2053 2000 2168 2047 tur-

571 2053 698 2111 bato
732 2062 932 2118 mentis
979 2068 1181 2124 sobriae
1220 2081 1391 2141 statu,
1426 2075 1635 2135 instare
1665 2081 1767 2136 sibi
1799 2084 2169 2143 Alexandrum

569 2161 689 2203 cum
721 2152 903 2222 gladio
934 2167 1086 2226 pater
1108 2167 1317 2235 magnis
1349 2171 1575 2228 vocibus
1614 2183 2028 2244 protestaretur.
2068 2179 2172 2236 Ve-

570 2255 726 2299 nerat
766 2247 817 2302 in
856 2250 1094 2308 medium
1137 2273 1300 2314 scena
1330 2259 1672 2335 hujusmodi,
1705 2271 1849 2341 quod
1887 2274 2170 2331 eunuchos

567 2346 709 2420 tres,
758 2357 988 2410 quorum
1032 2365 1168 2406 unus
1216 2357 1408 2424 pocula
1451 2360 1565 2428 regi
1613 2365 1930 2423 ministrare
1974 2369 2171 2428 Solitus

567 2429 744 2499 foret,
795 2437 937 2492 alius
988 2439 1192 2499 fercula
1244 2463 1415 2505 C(BIIIB
1460 2453 1690 2521 inferre,
1749 2461 1940 2517 tertius
1992 2474 2167 2520 lorum

566 2523 862 2583 observare
892 2535 1122 2603 regium,
1153 2555 1252 2595 nec
1293 2557 1548 2614 umquam
1595 2548 1882 2609 discedere
1904 2593 1918 2619 ,
1953 2571 2076 2611 cum
2108 2573 2169 2615 se

565 2615 808 2677 Herodes
856 2623 1059 2682 lectulo
1113 2639 1551 2706 composuisset,
1603 2643 1762 2701 donis
1825 2649 2168 2708 uberioribus

565 2709 834 2772 illexisset
877 2721 1186 2781 Alexander
1217 2728 1284 2786 ad
1319 2733 1402 2786 sui
1433 2736 1666 2804 gratiam
1696 2748 1751 2793 et
1784 2742 1956 2812 turpis
1980 2742 2165 2815 ﬂagitii

565 2810 906 2870 societatem.
934 2817 1053 2883 Quo
1083 2823 1320 2890 prodito,
1351 2828 1635 2898 suppliciis
1664 2831 1840 2890 adacti
1870 2810 2165 2904 spadones.

564 2901 817 2960 obscena:
864 2908 1098 2966 ludibria
1137 2914 1378 2973 libidinis
1419 2921 1869 2993 manifestarunt,
1896 2901 2164 2998 prouiiSsa

562 2995 726 3052 etiam
756 3005 1014 3058 amatoria
1043 3013 1229 3078 tegere
1258 3027 1630 3084 nequeuntes,
1661 3019 1860 3090 quibus
1890 3025 2162 3079 sermoni-

563 3089 663 3148 bus
691 3096 966 3154 sollicitati
998 3099 1160 3173 hujus
1183 3107 1326 3161 modi
1361 3109 1560 3176 lorent,
1595 3121 1651 3167 et
1679 3089 1784 3183 qua
1815 3117 1992 3187 stupri
2023 3133 2166 3174 mer-

563 3184 695 3240 cede
733 3197 1127 3259 rctexueruut,
1167 3204 1226 3251 ut
1273 3199 1578 3256 involutum
1627 3203 1899 3262 dedecore
1938 3210 2164 3279 parrici-

559 3275 708 3332 dium
733 3281 1069 3350 crederetur,
1101 3288 1282 3346 incsse
1307 3291 1408 3347 sibi
1433 3295 1675 3364 juventh
1697 3302 1951 3368 gratiam,
1973 3301 2162 3358 fortine

559 3368 836 3440 decorem,
868 3376 1035 3433 robur
1064 3383 1242 3437 anatis
1267 3425 1281 3450 ,
1312 3398 1502 3443 contra
1535 3389 1829 3448 invalidum
1858 3394 2159 3463 Herodem,

561 3473 614 3516 et
654 3463 767 3533 jam
810 3480 1025 3524 senecta
1074 3488 1324 3544 gravem,
1371 3479 1462 3546 qui
1499 3483 1754 3550 capillum
1802 3486 2042 3543 inliceret
2094 3505 2163 3544 ne

561 3565 774 3612 aetatem
806 3561 1098 3631 proderet,
1129 3582 1160 3620 e
1187 3584 1292 3638 quo
1323 3587 1444 3627 cum
1475 3575 1637 3631 vellet
1681 3582 1945 3648 regnandi
1981 3583 2070 3653 jus
2107 3584 2160 3640 in

559 3663 620 3703 se
664 3655 1101 3725 transfunderet,
1135 3663 1461 3736 praemiaque
1504 3668 1752 3738 polliceri
1794 3672 2036 3744 ingentia
2065 3695 2078 3732 :
2107 3688 2162 3734 et

558 3739 685 3795 ideo
714 3759 808 3800 eos
837 3746 887 3801 in
907 3747 1112 3819 juvene
1134 3769 1287 3824 spent
1317 3773 1469 3814 suam
1499 3767 1835 3820 constituere
1871 3783 2124 3838 oportere
2143 3809 2159 3840 ,

559 3853 666 3891 non
695 3837 749 3895 in
781 3841 1060 3915 decrepito
1089 3863 1222 3906 sene
1252 3853 1338 3906 cui
1379 3853 1490 3924 ipsa
1523 3867 1713 3915 natura
1743 3859 1908 3918 linem
1949 3868 2161 3923 accele-

561 3943 724 3988 raret.
753 3938 881 4004 Qtuc
907 3942 1144 4010 graviter
1165 3945 1381 4016 quidem
1407 3948 1682 4008 Herodem
1715 3958 2036 4014 movebant:
2062 3962 2157 4018 sed

559 4025 694 4080 illud
751 4044 862 4100 pra:
909 4040 1166 4105 cmteris,
1217 4041 1361 4111 quod
1404 4045 1724 4116 conSpirare
1765 4050 1814 4104 ei
1866 4052 2156 4110 militarem

561 4135 778 4201 manum
818 4123 1094 4198 ducesque
1133 4135 1436 4200 exercitus,
1481 4147 1534 4192 et
1575 4144 1929 4200 centuriones
1961 4149 2160 4217 spado-

559 4227 685 4267 num
719 4216 918 4272 indicio
948 4233 1287 4293 compertum
1320 4226 1581 4286 haberet:
1609 4231 1846 4305 denique
1868 4235 1941 4292 ita
1972 4216 2159 4309 exagi-

559 4313 701 4364 tatus
726 4319 811 4365 est
828 4352 843 4379 ,
867 4322 918 4367 ut
944 4315 1147 4370 nullum
1175 4321 1404 4375 saevitia:
1421 4338 1596 4393 genus
1625 4331 2153 4396 prietermittendnm

558 4412 805 4472 putaret,
849 4410 977 4464 nulli
1023 4413 1302 4482 crederet,
1342 4431 1534 4473 omnes
1576 4432 1862 4491 suspectos
1903 4427 2152 4485 haberet.-

560 4494 872 4556 Velociores
911 4515 1069 4560 erant
1108 4522 1285 4578 pinnae
1313 4503 1474 4581 quam
1517 4514 1969 4587 interrogationes
2004 4521 2157 4593 ﬂagi—

556 4593 754 4648 tiorum
774 4635 788 4658 ,
821 4607 878 4670 et
901 4597 1162 4667 judicium
1194 4607 1562 4673 praeveniebat
1598 4625 1786 4666 eorum
1817 4615 2013 4672 exitus.
2048 4616 2154 4673 Ra-
2178 4649 2232 4713 Ι)

559 4688 840 4713 λῖ.ιιιιι.ιιι-...
870 4698 1060 4713 __--A,-,,.
1154 4698 1165 4713 ι
1339 4701 1369 4713 ιι
1413 4702 1420 4710 -
1789 4708 1822 4713 --
1979 4711 1987 4713 _

558 4688 841 4756 piebantur
870 4698 1069 4762 passim
1102 4698 1165 4751 ad
1194 4701 1520 4771 supplicium
1541 4743 1556 4770 ,
1590 4720 1730 4776 quos
1754 4708 1933 4779 aliqua
1978 4711 2152 4768 inces-

553 4783 707 4838 sebat
737 4788 995 4857 suspicio.
1028 4789 1334 4850 Fervebaut
1361 4799 1682 4864 calumniae;
1716 4803 1872 4858 multi
1907 4806 2153 4864 volentes

556 4875 666 4945 regi
715 4877 949 4947 placere,
979 4881 1296 4942 deferebant
1334 4904 1496 4945 reos:
1533 4892 1628 4947 sed
1658 4893 1806 4950 illico
1835 4899 2002 4952 etiam
2048 4900 2152 4970 ipsi

552 4969 641 5038 qui
670 4970 807 5026 alios
837 4972 1166 5040 detulerant.
1197 4980 1598 5051 deferebantur,
1625 4998 1680 5042 et
1728 5003 1852 5042 cum
1886 4992 1994 5046 reis
2036 4969 2152 5049 suis

551 5062 890 5122 ducebantur
915 5070 983 5126 ad
1025 5071 1202 5128 locum
1231 5090 1423 5145 pteuze.
1457 5079 1531 5134 Ita
1556 5080 1878 5139 efferaverat
1904 5085 2150 5145 Herodes

550 5155 602 5210 in
645 5158 961 5229 universos,
1017 5163 1160 5222 dubi
1207 5171 1252 5224 si
1302 5169 1499 5241 aliquis
1556 5188 1747 5229 eorum
1796 5189 2149 5249 superesset,

547 5265 831 5324 suspectus
865 5256 1022 5314 foret.
1056 5261 1228 5318 Aliter
1249 5279 1342 5319 rex
1373 5281 1482 5321 non
1507 5277 1701 5337 putans
1742 5283 1802 5325 se
1832 5285 1949 5327 esse
1972 5288 2147 5331 seen-

553 5362 708 5416 rum,
761 5354 864 5410 nisi
912 5355 1170 5411 deficeret
1212 5371 1384 5426 genus
1435 5363 1752 5421 humanum.
1811 5365 2146 5427 insimulatis

624 5529 652 5556 ι
691 5509 1082 5578 Dispositiouis.
1115 5515 1284 5573 BARR.

633 5591 663 5632 ι»
719 5585 963 5646 Restituo
992 5606 1054 5646 ex
1083 5593 1354 5721 Joseglio:
1384 5599 1524 5664 quod
1557 5598 1917 5670 spopondisset
1942 5601 2149 5683 nuptias

633 5673 682 5711 ru
713 5656 920 5721 Sulca.
943 5665 1033 5721 aui
1062 5675 1170 5721 erat
1251 5664 1396 5721 bodi:
1427 5671 1564 5721 renis
1591 5671 1796 5721 Αηιόὶω
1822 5681 2142 5721 mecm-ator-

558 5670 682 5711 suae
713 5656 920 5731 Sylwo,
943 5665 1033 5734 qui
1062 5675 1170 5722 erat
1202 5656 1407 5723 Obodc'
1427 5671 1564 5742 regis
1581 5656 1796 5728 Ἀἆαόὶω
1820 5656 2142 5806 grai-utor.

631 5812 656 5844 σ
695 5801 796 5862 Ms.
825 5817 1090 5880 concentu.
1121 5810 1199 5880 ιφ.
1895 5809 1897 5811 ’

2275 509 2511 577 perbus,
2547 511 2768 570 immitis
2802 517 2943 584 reis,
2988 517 3222 588 pavidus
3248 525 3313 580 ad
3356 529 3530 583 otnnia
3555 573 3567 596 ,
3601 542 3655 588 ut
3675 537 3844 595 crebro

2275 601 2434 658 sedes
2479 611 2753 672 mutaret,
2807 621 2997 668 noctes
3060 615 3182 672 sine
3233 635 3423 675 somno
3476 623 3710 682 (incert-1.
3756 631 3842 700 Qui

2275 696 2528 753 omnibus
2555 701 2908 772 exasperatus
2940 715 3166 776 repente
3197 710 3566 770 Alexandrum
3596 719 3842 790 alligatum

2277 789 2512 845 vinculis
2542 797 2714 864 sepsit
2740 797 3035 867 cuswdiis,
3070 807 3124 855 et
3151 804 3356 858 amicos
3383 805 3497 876 ejus
3531 810 3579 864 in
3614 789 3846 878 quasue-

2277 896 2373 937 nes
2422 887 2654 941 vocavit.
2692 888 2791 958 Qui
2828 893 3134 963 negabant,
3172 897 3314 951 inter
3355 902 3614 971 supplicia
3665 910 3846 963 morie-

2275 976 2490 1033 bantur.
2520 978 2725 1037 Rnrsus
2767 994 3042 1054 tacentes;
3075 990 3199 1059 quia
3245 993 3379 1049 nillil
3410 997 3553 1064 quod
3594 1011 3730 1054 esset
3771 1009 3846 1058 sit.

2275 1070 2606 1139 spicionibus
2658 1079 3087 1135 consentaneum
3133 1084 3555 1154 confitebantur,
3590 1107 3751 1162 nsque
3789 1091 3845 1151 ad

2276 1167 2504 1222 niortem
2554 1177 2864 1236 supremam
2915 1173 3239 1232 exulcerati.
3289 1184 3313 1213 °
3358 1177 3559 1238 Tamen
3608 1185 3761 1254 aliqui
3802 1187 3845 1242 vi

2276 1266 2670 1319 tormentorum
2711 1274 2766 1320 et
2810 1272 3090 1335 pmnaruni
3135 1271 3259 1327 victi
3303 1276 3635 1346 aceibitale,
3671 1287 3844 1350 propo-

2274 1353 2435 1408 situm
2463 1355 2906 1416 adolescentibus
2935 1365 3254 1419 asserebant
3279 1407 3292 1432 ,
3322 1371 3662 1426 utveuation'i
3692 1374 3844 1427 ihlen4

2274 1455 2386 1504 tum
2429 1452 2743 1508 occiderent
2774 1466 3024 1524 patrem,
3055 1467 3111 1512 et
3156 1459 3222 1514 ad
3263 1463 3450 1517 urbem
3498 1464 3714 1520 Romani
3743 1467 3846 1521 sine

2273 1557 2424 1598 mora
2470 1557 2759 1616 pergerent
2810 1559 2870 1603 ut
2911 1545 3093 1622 emtin
3143 1555 3300 1619 paena
3353 1556 3678 1614 cluderetur.
3709 1561 3842 1627 Quod

2273 1638 2374 1690 etsi
2407 1638 2557 1693 nullo
2585 1650 2908 1710 argumento
2942 1644 3288 1716 fulciebatur,
3314 1657 3495 1705 tamen
3519 1653 3584 1707 ad
3614 1654 3841 1710 solzitiinn

2273 1729 2437 1786 studii
2483 1734 2678 1788 ferocis
2728 1735 3015 1792 derivabat
3057 1748 3231 1808 pater,
3285 1744 3475 1798 volens
3525 1747 3841 1804 vinculorum

2274 1821 2370 1878 ﬁlii
2395 1839 2590 1880 causas
2606 1827 2782 1896 justas
2817 1829 3042 1886 habere.
3079 1834 3446 1892 Considerans
3484 1840 3662 1911 itaque
3689 1841 3836 1898 Alcit-

2269 1915 2442 1970 auder
2491 1918 2776 1974 obseratas
2819 1937 2980 1978 aures
3010 1927 3180 1994 patris
3215 1928 3282 1982 ad
3315 1936 3533 1985 omnem
3566 1935 3644 1988 sui
3671 1934 3838 1990 dereli-

2272 2007 2520 2074 sionem,
2554 2024 2652 2066 uec
2683 2011 2797 2066 ullo
2820 2015 2984 2070 modo
3012 2027 3128 2072 rem
3163 2033 3322 2089 posse
3352 2021 3582 2091 deduci,
3608 2029 3661 2079 ut
3689 2028 3750 2081 de
3776 2027 3845 2082 in-

2273 2100 2523 2153 nocentia
2560 2113 2657 2155 sua
2706 2116 3098 2173 praesumeret,
3142 2111 3236 2179 qui
3282 2114 3448 2168 tantis
3477 2116 3843 2172 calumniarum

2273 2193 2510 2250 molibus
2531 2203 2918 2266 appetcrctur;
2945 2201 3111 2256 simili
3140 2214 3260 2260 arte
3291 2209 3640 2277 aequissimis
3660 2211 3843 2266 delato-

2272 2287 2422 2342 ribus
2450 2293 2850 2362 occurrendum
2891 2297 3138 2364 putavit,
3171 2307 3230 2352 ut
3271 2300 3646 2358 fraudulentos
3685 2311 3734 2357 et
3771 2311 3844 2358 ca-

2270 2380 2492 2438 lumniae
2521 2383 2928 2442 machinatores
2973 2388 3112 2444 dolis
3139 2393 3601 2462 circumveniret,
3627 2403 3774 2466 atque
3800 2397 3842 2450 in
3934 2466 3936 2469 ι

2269 2473 2597 2532 calumniam
2626 2485 2749 2532 re‘os
2792 2492 3047 2549 vocaret,
3081 2497 3312 2552 quorum
3355 2497 3416 2540 se
3446 2488 3725 2542 calumniis
3767 2505 3843 2542 ηιμ

2270 2567 2384 2636 geri
2421 2569 2670 2626 credidit.
2698 2571 2931 2644 Scripsit
2961 2575 3126 2646 igitur
3154 2588 3388 2648 quatuor
3416 2581 3649 2650 libellos,
3673 2585 3844 2654 quibus

2269 2671 2635 2718 commentum
2678 2666 2910 2722 sceleris
2953 2684 3063 2738 quo
3108 2680 3390 2740 paternam
3430 2675 3657 2731 Salutem
3700 2685 3844 2746 appe-

2270 2755 2436 2821 tierit,
2457 2759 2836 2825 conﬁteretur,
2868 2769 3035 2833 atque
3058 2762 3379 2821 insidiarum
3413 2767 3843 2838 hujusinudicon-

2268 2848 2412 2903 scius
2461 2852 2747 2924 plerosque
2799 2871 2987 2911 eorum
3028 2871 3057 2909 a
3093 2859 3294 2928 quibus
3343 2860 3464 2932 ipse
3505 2872 3841 2936 appetcrctur,

2267 2945 2555 3011 exposuit:
2597 2954 2760 3014 atque
2804 2947 2996 3002 iisdem
3041 2948 3320 3020 inscripsit
3364 2951 3550 3022 libris,
3601 2957 3842 3026 prmcip‘ue

2269 3035 2565 3092 i‘hcroram
2608 3039 2972 3097 etSalomen:
3013 3043 3155 3112 quod
3198 3057 3263 3100 ea
3286 3061 3505 3117 quoque
3548 3051 3840 3120 intempesta

2270 3141 2426 3185 nocte
2466 3128 2486 3168 ί
2521 3141 2681 3201 rupto
2723 3132 3094 3190 adolescentis
3134 3135 3186 3189 in
3219 3152 3328 3206 quo
3375 3137 3677 3206 habitaret,
3707 3141 3840 3195 cubi-

2267 3223 2390 3276 cnlo
2412 3263 2427 3288 ,
2464 3222 2699 3278 illexerit
2727 3206 2956 3280 invitum
2981 3267 2996 3291 ,
3036 3236 3088 3282 et
3120 3228 3450 3285 reluctancti
3482 3233 3753 3288 extorserit
3795 3241 3843 3287 ut

2269 3316 2534 3372 incestum
2587 3329 2847 3388 patraret.
2889 3319 3220 3377 Transmisit
3265 3324 3331 3378 ad
3385 3341 3569 3396 regem
3619 3327 3838 3389 libellos,

2266 3411 2411 3466 velut
2447 3411 2650 3468 indices
2693 3412 3022 3483 ﬂagitiorum
3065 3431 3288 3471 suorum
3315 3459 3328 3482 ,
3364 3421 3562 3488 quibus
3609 3422 3842 3491 potentis-

2264 3503 2432 3558 siiuos
2461 3519 2707 3574 quosque
2754 3507 3056 3562 involverat
3085 3512 3228 3578 regis
3265 3512 3502 3570 comites
3535 3515 3691 3585 atque
3725 3514 3840 3568 ami-

2262 3610 2378 3649 cos.
2408 3595 2463 3649 Iit
2497 3606 2744 3668 tempore
2767 3598 2860 3652 illo
2885 3598 3188 3654 Archelaus
3221 3603 3271 3655 in
3307 3601 3554 3660 Juda‘am
3582 3601 3840 3678 properaio

2262 3686 2520 3742 advenit:
2553 3697 2610 3742 ut
2637 3689 2681 3744 si
2710 3691 2837 3760 quid
2884 3701 3100 3760 posset,
3132 3708 3337 3764 genero
3370 3712 3436 3751 ac
3475 3699 3598 3754 filiae
3625 3702 3735 3768 apis
3756 3715 3839 3753 au-

2264 3781 2486 3852 xiliique
2533 3780 2720 3837 ferret.
2759 3782 2865 3838 Sed
2915 3784 3222 3854 prtevidens
3270 3789 3415 3857 apud
3460 3791 3837 3847 infestissimum

2263 3885 2472 3944 patrem
2500 3877 2815 3933 obstructos
2846 3879 2950 3933 sibi
2991 3880 3203 3945 aditus,
3234 3881 3494 3953 legitimae
3537 3887 3840 3943 defensionis

2261 3979 2376 4021 arte
2424 3971 2848 4026 commotionem
2901 3959 3021 4040 ejus
3071 3977 3357 4044 repressit.
3410 3977 3544 4034 Nam
3595 3981 3744 4036 simul
3790 3985 3839 4034 ut

2260 4060 2440 4114 aulam
2484 4061 2763 4133 ingressus
2801 4063 3005 4134 regiam
3036 4075 3153 4130 est,
3189 4081 3382 4138 magna
3433 4087 3565 4128 voce
3593 4089 3708 4127 cum
3744 4075 3835 4142 jam

2259 4159 2539 4216 audiretur
2563 4173 2619 4218 et
2650 4163 2920 4221 videretur
2942 4165 3011 4221 ab
3040 4167 3278 4233 Herode,
3307 4166 3460 4225 velut
3491 4171 3670 4226 furens
3691 4165 3836 4224 animi

2261 4250 2546 4309 vociferari
2585 4259 2784 4327 ccepit:
2815 4245 2961 4312 Vivit
2986 4274 3055 4314 ne
3094 4259 3270 4315 adhuc
3317 4263 3414 4318 ille
3446 4262 3715 4319 veneficus
3749 4273 3833 4329 ge-

2259 4357 2355 4401 ner
2385 4361 2566 4414 meus,
2591 4359 2646 4406 et
2675 4352 2847 4420 carpit
2871 4352 3010 4408 hanc
3041 4355 3252 4409 lucem?
3278 4351 3374 4412 Ubi
3406 4367 3595 4427 quaeso
3623 4353 3730 4410 est?
3751 4352 3834 4408 libi

2261 4439 2583 4506 parricidale
2606 4442 2732 4499 illud
2761 4447 3028 4512 reperiam
3053 4455 3244 4517 caput,
3274 4457 3329 4501 ut
3355 4449 3606 4512 manibus
3627 4456 3650 4494 ε
3671 4459 3836 4502 θιεετι

2260 4545 2382 4600 pain
2416 4533 2586 4588 meis?
2615 4535 2914 4591 Parricidio
2948 4539 3130 4607 perire
3158 4540 3355 4606 debet,
3386 4541 3478 4611 qui
3513 4537 3835 4611 parricidium

2262 4623 2428 4678 voluit
2473 4627 2716 4697 implere.
2757 4630 2897 4695 Quid
2946 4631 3201 4686 facturus
3227 4643 3312 4687 est
3355 4647 3589 4700 socero,
3631 4634 3713 4703 qui
3742 4644 3834 4685 non

2258 4723 2502 4789 pepercit
2527 4724 2862 4793 patri?,Quis
2899 4728 3297 4783 demonstrabit
3328 4731 3498 4784 eum?
3531 4726 3834 4785 Eviscerabo

2258 4816 2433 4884 primo
2462 4818 2754 4874 scelesunu
2779 4862 2792 4884 ,
2823 4820 3074 4890 adjiciam
3109 4823 3274 4877 lilium
3315 4825 3458 4879 bono
3488 4838 3714 4895 sponso:
3742 4818 3834 4874 etsi

2255 4909 2481 4964 sceleris
2509 4924 2613 4964 non
2646 4909 2747 4966 fuit
2777 4913 3034 4981 conscia,
3067 4929 3174 4969 non
3202 4924 3287 4970 est
3317 4925 3500 4971 tamen
3524 4917 3699 4972 aliena
3723 4928 3836 4969 con-

2257 5003 2382 5070 tagii
2400 5019 2520 5072 qua:
2546 5005 2832 5074 parricidae
2855 5009 3111 5080 conjugio
3130 5009 3460 5082 potiebatur.
3481 5011 3597 5065 Non
3621 5011 3835 5082 agnosco

2257 5092 2427 5150 ﬁliam
2469 5112 2682 5163 meam,
2724 5115 2847 5170 quae
2891 5111 3040 5156 artes
3079 5117 3185 5156 non
3228 5103 3589 5173 deprehendit
3637 5100 3830 5163 mariti,

2254 5203 2375 5259 qua:
2397 5203 2456 5245 se
2487 5205 2594 5245 non
2621 5191 2782 5248 talem
2817 5194 3067 5250 exhibuit
3103 5210 3298 5250 socero
3327 5204 3548 5257 nurum,
3582 5205 3642 5250 ut
3666 5192 3829 5261 subje-

2253 5293 2400 5335 ctum
2432 5281 2600 5338 l'ilium
2633 5288 2768 5354 patri
2796 5285 3072 5342 redderet.
3102 5289 3214 5357 Ego
3238 5288 3388 5342 illam
3413 5304 3520 5344 non
3546 5289 3612 5343 ad
3633 5284 3833 5342 sceleris

2251 5375 2611 5430 ministerium
2634 5376 2796 5447 junxi
2819 5420 2834 5446 ,
2863 5379 2961 5435 sed
2998 5380 3068 5435 ad
3106 5382 3444 5436 consortium
3490 5377 3829 5440 matrimonii;

2329 5509 2356 5549 d
2401 5509 2508 5549 [an
2560 5517 2614 5549 ιλιι
2646 5517 2690 5549 ρέ

2331 5509 2356 5549 α
2575 5517 2578 5519 λ
2676 5517 2690 5530 .

2331 5595 2356 5622 ο
2642 5505 3067 5648 ‘Ifesldiibmdum
3089 5593 3474 5650 existimarim.
3501 5593 3762 5650 GALLA'ND.

2332 5654 2350 5693 ί
2393 5656 2635 5732 ΙΑνναρΙο.
2667 5661 2832 5717 ΒΑΜ.

2333 5740 2359 5777 8
2399 5729 2725 5806 Discerpam.
2757 5734 2829 5827 in.
