4112 6350
421 274 576 354 an.

1304 295 1575 354 tus'rott.
1621 295 1708 350 DE
1751 279 2031 351 exorato
2069 281 2345 352 lllEitOS.
2391 291 2614 352 URBIS.
2659 294 2792 350 LIB.
2833 293 2874 349 l.

3591 287 3734 352 10M

436 411 495 463 ut
523 399 864 463 coltmredeui
895 407 1082 476 gratia:
1121 407 1469 477 praestarent,
1503 411 1609 461 non
1642 405 1887 462 criminis
1927 405 2027 460 ad-
2056 406 2109 469 Α
2134 409 2188 462 et
2222 407 2388 461 totius
2413 411 2593 462 scena:
2620 398 2955 462 architecwr
2982 400 3381 476 exponebatur.
3407 406 3510 475 Qui
3540 407 3734 464 vidttns

429 502 706 575 jittricem.
753 495 832 559 Te
875 502 1065 571 miror,
1108 501 1382 564 Herodes,
1414 501 1458 556 si
1484 499 1658 555 adhuc
1687 499 1820 554 vivit
1866 499 2030 556 Alea-

435 596 604 651 ander
658 595 752 651 ille
801 593 1086 651 insidiator
1124 595 1311 664 patris.
1347 593 1610 649 Putabam
1653 592 1828 664 justas
1874 592 2028 647 illum

429 690 539 758 jam
600 699 786 760 patrias
817 688 1064 752 dedisse,
1104 703 1265 759 quem
1317 686 1520 743 deferri
1562 702 1668 742 non
1717 684 2026 756 oportebat.

432 781 571 849 Quid
613 783 759 836 cnim
789 779 996 836 diutius
1039 788 1351 836 servaretur
1382 779 1688 847 ctutfessor,
1723 791 1813 835 aut
1857 782 2030 850 parri-

435 873 554 929 cida
606 873 763 928 talis?
802 873 908 930 Sed
942 874 1172 929 fortasse
1219 875 1321 929 hoc
1365 887 1582 944 quoque
1621 873 1821 929 divinae
1869 871 2030 928 fuerit

434 969 820 1040 providentiae,
871 979 928 1023 ut
978 968 1262 1024 amborum
1313 978 1594 1038 parentum
1639 967 1847 1038 judicio
1891 983 2026 1022 con-

431 1062 802 1127 demnaretitr,
830 1062 922 1132 qui
953 1062 1003 1115 in
1035 1071 1086 1117 te
1121 1062 1259 1117 laesit
1288 1063 1567 1130 utriusque
1599 1062 1876 1131 pietatem.
1909 1060 2026 1115 Non

432 1169 522 1210 me
556 1155 765 1226 negabo
792 1155 1046 1219 ultorem,
1070 1155 1159 1224 qui
1190 1165 1274 1209 me
1296 1154 1518 1208 ultionis
1540 1161 1747 1208 cincta:
1770 1152 2028 1223 praedica-

433 1255 605 1303 torem
630 1248 909 1319 parabam;
929 1248 1022 1302 sed
1053 1263 1121 1303 ne
1140 1246 1302 1301 filiam
1331 1247 1569 1316 etcipio,
1593 1255 1753 1317 quam
1779 1244 2027 1301 infaustis

433 1339 634 1410 nuptiis
663 1340 780 1410 ipse
832 1340 1128 1408 despondi,
1175 1343 1226 1394 te
1266 1345 1587 1410 sponsorem
1629 1347 1846 1394 secutus
1874 1356 1886 1394 :
1918 1353 2026 1393 non

430 1433 575 1486 enim
599 1447 698 1502 ego
721 1431 868 1488 illam
901 1431 1079 1486 mariti
1107 1433 1371 1498 moribus,
1392 1431 1488 1488 sed
1520 1431 1643 1487 iidei
1673 1441 1780 1487 tute
1803 1431 2024 1488 tradidi.

433 1523 643 1580 Reddat
693 1539 926 1590 causas,
982 1524 1124 1594 quod
1173 1523 1363 1580 tradem
1418 1533 1574 1578 suum
1624 1523 2025 1592 dissimulavit,

430 1617 683 1672 maritum
731 1623 888 1671 stium
935 1616 1145 1672 dilexit.
1181 1617 1255 1672 De
1297 1626 1528 1688 utroque
1569 1629 1709 1670 nunc
1745 1616 1899 1670 vobis
1940 1615 2029 1686 ju-

430 1712 630 1768 dicium
678 1719 801 1767 est:
843 1711 889 1766 si
938 1712 1124 1766 ﬁrmus
1169 1713 1456 1766 exsecutor
1497 1710 1629 1764 tanti
1677 1709 1881 1764 doloris
1925 1724 2024 1777 es,

2135 509 2317 571 regem
2351 501 2622 556 Archelao
2646 508 2883 556 mentem
2908 501 3254 556 inclinavl'sse
3280 508 3456 569 suam,
3491 509 3652 572 atque
3675 499 3732 558 itt

2132 607 2254 648 eum
2292 601 2400 664 prae
2431 593 2648 649 caeteris
2705 592 3124 664 prmpouderare
3170 594 3400 665 gratiam
3457 593 3734 652 interioris

2133 688 2407 754 auiicitire,
2432 688 2498 743 ad
2558 689 2735 758 ipsum
2769 703 2829 744 se
2867 689 3120 755 contulit,
3152 689 3452 745 obsecrans
3499 696 3556 744 ttt
3606 688 3727 743 ani-

2132 799 2278 837 ntum
2303 782 2404 838 sibi
2433 783 2578 854 regis
2608 783 2954 838 conciliatum
2980 781 3254 838 redderet.
3289 782 3491 838 Veritm
3523 783 3612 837 ille
3647 784 3728 838 illo

2131 889 2327 930 nexum
2363 876 2614 946 plurimis
2645 875 2916 930 scelerum
2944 875 3202 940 vinculis,
3231 875 3426 947 quibus
3451 876 3731 933 evidenter

2129 967 2244 1038 regi
2277 979 2500 1035 parasse
2531 967 2756 1022 insidias
2784 969 3219 1035 convinceretur,
3265 979 3426 1040 atque
3456 972 3732 1038 appetisse

2130 1061 2559 1127 adolescentem,
2612 1062 2810 1116 nullam
2863 1062 3060 1117 habere
3105 1063 3279 1116 venire
3326 1066 3478 1134 spem
3525 1062 3727 1128 aiebat,

2131 1153 2237 1208 nisi
2289 1153 2534 1224 deposita
2586 1151 2863 1207 inliciandi
2904 1151 3168 1219 versutia,
3226 1169 3347 1223 quae
3386 1152 3596 1222 objecta
3627 1153 3729 1209 sibi

2132 1247 2366 1314 fuerant,
2401 1248 2649 1302 couiiteri
2681 1261 2946 1318 germano
2975 1247 3057 1301 sui
3097 1247 3320 1314 amanti,
3354 1255 3516 1318 atque
3540 1241 3608 1302 ait
3633 1263 3728 1302 eo-

2129 1343 2252 1399 dem
2301 1353 2525 1412 poscere
2577 1341 2678 1395 sibi
2727 1339 3116 1412 indulgentiam
3169 1355 3276 1396 non
3330 1340 3725 1414 dubitavisset:

2133 1436 2442 1506 huiusmodi
2474 1449 2596 1491 sese
2635 1433 2860 1501 actioni,
2889 1434 3083 1504 quibus
3133 1446 3322 1504 posset
3369 1434 3587 1499 studiis,
3619 1449 3728 1490 non

2129 1527 2469 1583 defuturum.
2505 1526 2709 1582 Mutata
2759 1526 2938 1596 itaque
2983 1533 3153 1593 veste,
3185 1525 3405 1581 suﬂ‘usis
3452 1524 3728 1598 lacrymis,

2129 1621 2314 1692 specie
2361 1617 2904 1675 miserabili.fratris
2953 1618 3228 1674 inhaerens
3259 1617 3521 1688 vestigiis,
3569 1632 3732 1674 orare

2131 1714 2372 1778 veniam,
2407 1712 2812 1782 improbitatem
2865 1711 3044 1777 fateri,
3074 1711 3255 1765 omnia
3298 1710 3365 1765 de
3413 1711 3610 1781 quibus
3640 1721 3731 1766 ar.

428 1809 716 1878 accingere
763 1817 938 1876 pater,
988 1813 1268 1876 aequestra
1323 1810 1621 1874 pietatem:
1672 1819 1779 1858 non
1833 1811 2026 1873 optan-
2055 1807 2408 1878 Bgueretur,
2465 1821 2570 1858 non
2620 1805 2884 1871 abnuere,
2933 1805 3028 1858 sed
3063 1818 3455 1871 recognoscere
3503 1804 3729 1859 demeti-

428 1901 555 1957 dum
615 1901 831 1972 quidem
895 1898 1133 1955 officium
1197 1901 1478 1970 patrlbtts,
1539 1898 1632 1954 sed
1690 1913 1796 1953 non
1863 1897 2026 1952 dissi-

429 1995 768 2050 mulandum.
819 1993 874 2052 Si
919 2005 970 2050 te
1019 1995 1194 2064 pictas
1237 1992 1450 2058 mollit,
1503 1990 1732 2046 inflectit
1797 1997 2023 2055 natura,

428 2097 702 2144 mutemus
755 2089 938 2152 vices,
981 2096 1040 2142 ut
1079 2099 1180 2157 ego
1231 2085 1285 2140 in
1347 2091 1439 2140 tuo
1492 2085 1643 2148 tilio,
1687 2093 1742 2138 tu
1798 2084 1853 2138 in
1903 2094 2026 2138 meo

430 2181 654 2255 pignore
686 2181 970 2237 ministerii
1013 2181 1184 2236 mutui
1214 2181 1386 2234 simus
1419 2190 1791 2234 exsecutores.
1825 2177 2024 2248 Hujus.

429 2278 571 2332 modi
619 2277 918 2332 orationem
958 2275 1407 2331 circttmfremens
1448 2275 1684 2329 traduxit
1715 2273 2022 2339 ilerodetu,

426 2380 586 2441 atque
633 2381 663 2424 a
735 2369 919 2425 furore
965 2369 1131 2424 animi
1182 2369 1438 2438 paulatim
1497 2368 1854 2422 intentionem
1907 2366 2026 2436 ejus

427 2464 714 2532 etnollivit,
739 2469 796 2520 ut
823 2464 975 2534 quasi
999 2463 1356 2533 cot‘upatienti
1401 2472 1562 2532 atque
1591 2461 1849 2516 unanimo
1899 2475 2024 2516 sese

426 2557 702 2626 crederet,
723 2567 775 2612 ct
803 2555 959 2613 daret
983 2556 1033 2612 ei
1059 2556 1278 2612 libellos
1305 2555 1585 2624 legendos,
1619 2567 1754 2624 quos
1779 2554 2023 2608 Alexan-

426 2650 525 2706 der
544 2648 1040 2722 composuerat..At
1082 2648 1178 2704 ille
1220 2648 1430 2717 singula
1459 2657 1686 2717 quaeque
1713 2645 2022 2713 advertens,

427 2743 515 2798 ubi
548 2743 819 2798 intellexit
850 2743 1020 2812 magis
1049 2742 1239 2797 dolore
1267 2748 1547 2810 congesta,
1581 2751 1742 2810 quam
1774 2739 1882 2794 fide
1911 2739 2025 2793 suf-

428 2837 585 2901 fulta,
613 2835 883 2906 proiundo
904 2834 1134 2890 consilio
1182 2835 1430 2888 minuere
1473 2832 1731 2903 paulatim
1765 2832 2020 2886 invidiam

432 2930 754 2984 tentantettti
785 2923 1145 2998 parricidalis,
1177 2937 1339 2997 atque
1369 2925 1707 2996 objecuirum
1753 2939 1944 2980 causas
1969 2926 2020 2980 in

425 3036 521 3076 eos
550 3020 641 3091 qui
668 3019 922 3090 descripti
979 3018 1214 3084 fuerant,
1262 3028 1314 3074 et
1348 3018 1589 3085 maxime
1638 3019 1691 3072 in
1726 3017 2019 3072 Pheroram

424 3113 590 3182 C(Bpit
613 3113 1014 3167 transfundere.
1042 3111 1226 3182 Itaque
1258 3111 1346 3166 ubi
1379 3107 1615 3165 advertit
1660 3122 1840 3181 regem
1865 3125 1891 3162 a
1923 3115 2018 3163 sua

2127 1900 2258 1956 tiam
2284 1899 2387 1953 sibi
2433 1913 2652 1952 causam
2685 1896 2854 1952 fuisse
2878 1905 3043 1950 tantae
3076 1897 3462 1966 prolapsionis,
3506 1911 3612 1966 quo
3642 1895 3730 1951 ni-

2127 1993 2269 2047 mius
2310 1991 2364 2046 itt
2394 2007 2460 2046 eo
2492 1990 2643 2045 furor
2672 2004 2862 2045 amore
2888 1989 2990 2043 sibi
3039 1988 3252 2044 dilecta:
3303 1989 3553 2044 mulieris
3579 2004 3729 2045 exte-

2125 2096 2383 2144 Stuasset.
2419 2085 2612 2142 Statuo
2644 2085 2824 2155 itaque
2851 2082 3094 2137 Pherora
3125 2089 3346 2137 suorum
3379 2081 3723 2153 ﬂagitiorum

2124 2180 2456 2236 accersitore
2480 2180 2681 2249 pariter
2711 2193 2775 2232 ac
2825 2186 2983 2238 teste.
3018 2185 3293 2246 tamquam
3324 2191 3426 2247 pro
3473 2176 3729 2233 mercede

2124 2273 2434 2342 compositi,
2476 2271 2618 2341 quod
2653 2272 2705 2325 in
2741 2283 2870 2326 usus
2916 2284 3049 2335 suos
3089 2269 3314 2324 caderet
3371 2269 3678 2339 argumenti
3712 2287 3724 2324 :

2127 2367 2394 2424 Herodem
2445 2365 2746 2423 Archelaus
2799 2365 3220 2436 dcpreCahatur,
3272 2372 3329 2418 ot
3359 2375 3565 2420 natura:
3596 2381 3730 2420 con-

2127 2463 2480 2531 templatione
2505 2460 2741 2515 molliret
2784 2461 2940 2526 iram,-
2973 2459 3240 2529 l'ratriqne
3271 2459 3602 2530 ignosceret,
3631 2459 3726 2515 sb-

2127 2569 2218 2627 pra
2248 2557 2544 2611 vindictam
2571 2556 2913 2611 constituens
2938 2555 3028 2625 jus
3070 2559 3304 2610 naturae.
3327 2554 3437 2610 Nec
3491 2556 3718 2624 mirum,

2125 2655 2170 2710 si
2202 2653 2256 2710 in
2302 2654 2552 2708 maximis
2595 2651 2801 2723 regnis,
2855 2660 3126 2721 tamquam
3159 2652 3212 2706 in
3245 2651 3455 2722 magnis
3481 2649 3726 2722 corpori-

2126 2748 2225 2804 bus
2253 2748 2277 2778 ⁸
2310 2763 2457 2818 saepe
2488 2746 2667 2817 aliqua
2701 2745 2946 2800 mentbra
2969 2744 3241 2812 ferveant,
3271 2758 3393 2816 qua:
3433 2761 3543 2799 non
3583 2744 3724 2800 inci-

2124 2841 2322 2908 dend,
2355 2840 2448 2895 sed
2490 2839 2835 2894 mollioribus
2863 2839 2971 2893 sint
3006 2838 3247 2893 curanda
3279 2837 3716 2893 medicamentis.

2124 2935 2486 3009 Sibianoque
2529 2937 2698 2990 multo
2727 2935 3008 3007 graviores
3035 2935 3366 3004 compoSitas
3405 2949 3432 2988 a
3460 2941 3722 3004 germano

2125 3032 2374 3097 insidias,
2399 3031 2496 3087 sed
2528 3030 2809 3086 remisisse
2839 3041 2899 3085 se
2927 3029 3312 3084 necessitudini
3364 3029 3506 3098 quod
3552 3028 3722 3084 debe-

2125 3126 2284 3180 batur
2306 3125 2480 3181 dolori
2507 3141 2520 3189 ;
2550 3133 2607 3179 ut
2633 3139 2739 3194 quo
2768 3124 2940 3194 magis
2991 3131 3207 3193 poenam
3262 3122 3469 3178 levaret
3499 3123 3718 3194 ingrati,

423 3207 691 3261 sententia
754 3219 860 3261 non
894 3206 1235 3261 abhorrere:
1280 3205 1772 3272 Considerandum,
1819 3205 2014 3275 inquit,

2121 3234 2186 3273 co
2213 3219 2452 3289 amplius
2471 3193 2694 3272 causam
2719 3193 2993 3287 gravaret.
3021 3216 3156 3271 Cum
3186 3215 3306 3270 haec
3333 3223 3498 3285 atque
3528 3214 3718 3285 ltnjus-

425 3317 492 3354 nc
516 3298 656 3355 forte
681 3299 1002 3355 adolescens
1032 3301 1204 3371 magis
1225 3309 1500 3355 tantorum
1539 3300 1912 3370 improborum
1938 3299 2018 3353 in-

423 3397 578 3452 sidiis
603 3397 872 3466 appetitus
893 3397 1033 3467 apud
1067 3397 1119 3452 te
1147 3397 1236 3462 sit,
1271 3403 1430 3466 quam
1464 3402 1517 3450 ttt
1547 3397 1615 3451 ab
1645 3395 2014 3451 adolescente.

420 3489 559 3559 Quid
583 3491 726 3546 enim
758 3495 936 3546 causa!
965 3499 1101 3554 erat,
1127 3494 1186 3544 ut
1215 3494 1360 3545 ttiatu
1409 3497 1692 3560 appeteret
1718 3491 1904 3554 vitam,
1927 3489 2012 3544 c'ui

420 3584 571 3653 regni
604 3583 865 3639 honorent
917 3593 1292 3650 concesseras,
1342 3585 1606 3653 regnandi
1642 3585 1732 3656 jus
1765 3592 2012 3639 reServa-

422 3679 516 3731 bas
569 3685 622 3733 et
653 3693 804 3746 Spem
851 3678 1274 3733 successionis?
1317 3679 1458 3744 Quid
1510 3680 1658 3734 enim
1709 3687 2011 3749 appeteret,

418 3771 562 3842 quod
587 3772 820 3827 habebat
844 3771 869 3825 ?
894 3777 987 3827 aut
1017 3760 1476 3842 quemadmodum
1511 3773 1674 3828 tantis
1697 3773 2015 3828 muneribus

417 3865 660 3934 ingratus
690 3863 867 3919 foret?
896 3863 1110 3931 Quidve
1139 3863 1282 3919 aliud
1313 3871 1498 3935 ageret
1525 3863 1576 3918 itt
1604 3872 1693 3919 tua
1723 3877 1873 3928 nece,
1908 3864 2012 3919 nisi

417 3968 476 4012 ut
499 3972 651 4011 suum
701 3955 976 4012 affectarat
1008 3957 1306 4027 periculum
1330 3957 1353 4010 ‘l
1379 3956 1521 4027 quod
1542 3965 1592 4012 te
1620 3957 1741 4012 vivo
1772 3965 2014 4013 metuere

418 4065 524 4104 non
559 4060 762 4120 posset,
783 4050 1038 4105 detoneto
1068 4052 1306 4117 timeret,
1335 4051 1403 4106 ab
1435 4050 1517 4105 bis
1540 4052 1725 4120 utique
1757 4067 1785 4105 a
1817 4051 2013 4121 quibus

414 4143 579 4197 etiam
610 4141 717 4196 sui)
749 4155 900 4212 patre
940 4141 1168 4212 positus,
1204 4145 1438 4213 propriae
1493 4144 1683 4199 salutis
1731 4144 2008 4200 excidium

414 4237 880 4307 peritorreSccret.
909 4238 1060 4293 Patet
1090 4239 1190 4292 ista
1233 4247 1368 4294 atas
1401 4237 1650 4307 fallaciae,
1679 4240 1837 4296 facile
1858 4240 2008 4296 decl-

415 4332 576 4402 pitur,
607 4339 660 4386 et
690 4331 1151 4387 fraudulentorum
1180 4330 1386 4386 insidiis
1417 4333 1866 4399 circumvenitur,
1918 4333 2009 4389 vix

413 4424 615 4479 resistit
647 4425 788 4480 dolis
842 4433 971 4481 tctus
1015 4421 1204 4481 senilis
1240 4441 1252 4480 :
1287 4425 1607 4498 plerumque
1638 4434 1820 4483 tamen
1848 4437 1905 4482 et
1931 4439 2011 4484 se-

414 4531 541 4571 num
561 4517 845 4586 prudentia
860 4518 1427 4573 circntnscribentium
1451 4520 1683 4574 versutis
1703 4519 1918 4575 inSidiis
1935 4522 2007 4574 ir-

2122 3310 2268 3365 modi
2291 3310 2394 3364 alia
2424 3310 2758 3376 subtexeret,
2792 3307 3057 3379 mitigavit
3087 3308 3307 3378 quidem
3334 3301 3625 3374 Herodem,
3663 3315 3721 3365 ut

2117 3417 2376 3474 germano
2418 3407 2745 3472 remitteret,
2787 3405 2882 3458 sed
2920 3405 3040 3473 ipse
3091 3411 3364 3473 tamquam
3413 3403 3720 3460 inexorabi-

2118 3499 2188 3554 lis
2216 3507 2422 3567 genero
2470 3499 2745 3553 manebat.
2769 3497 3012 3568 Denique
3053 3497 3426 3562 minitabatur,
3460 3498 3604 3568 quod
3631 3497 3716 3552 di-

2119 3591 2348 3647 velleret
2373 3592 2533 3645 ab‘e‘o
2572 3591 2766 3656 filiam,-
2800 3591 3076 3664 tamisque
3104 3589 3368 3644 fremebat
3391 3590 3716 3661 indignatio-

2117 3683 2203 3737 nis
2233 3693 2349 3736 sute
2369 3682 2625 3746 motibus,
2661 3685 2718 3736 ιη
2746 3682 2864 3750 ipse
2889 3679 3134 3736 Herodes
3157 3682 3290 3735 satis
3317 3680 3592 3750 expiatum
3622 3679 3716 3735 filii
3767 3750 3780 3756 _

2116 3777 2408 3831 adversum
2441 3791 2502 3831 se
2555 3771 2768 3830 facinus
2810 3776 3191 3841 arbitraretur,
3221 3776 3560 3846 ultoremque
3587 3789 3711 3829 sua-

2115 3881 2234 3923 rum
2283 3869 2600 3938 injuriarom
2656 3877 2911 3937 rogaret,
2956 3877 3117 3937 atque
3166 3867 3283 3936 ipse
3340 3882 3440 3937 pro
3473 3880 3566 3920 reo
3611 3881 3712 3921 suo

2115 3963 2256 4033 apud
2304 3969 2552 4018 socerum
2601 3962 2980 4027 interveniret,
3013 3974 3120 4030 quo
3150 3961 3219 4016 de
3249 3962 3462 4032 integro
3489 3971 3718 4016 renova-

2115 4068 2199 4111 ret
2225 4055 2464 4125 uuptias.
2516 4055 2909 4111 Perseverabat
2936 4054 3262 4121 Archelaus,
3289 4055 3377 4109 cui
3408 4055 3572 4110 vellet
3601 4055 3710 4110 ile-

2115 4149 2278 4204 rodes
2328 4149 2422 4204 alii
2477 4164 2672 4204 nurum
2725 4161 2876 4202 suam
2920 4147 3191 4218 iungeret,
3243 4157 3442 4217 praeter
3472 4146 3711 4202 Alexan-

2114 4242 2276 4297 drum
2306 4259 2320 4297 :
2355 4241 2509 4308 cuius
2548 4242 2714 4296 etiam
2743 4247 2907 4296 causa
2938 4255 3074 4294 uxor
3126 4239 3522 4305 traduceretur,
3549 4248 3712 4308 atque

2113 4349 2174 4387 ea
2203 4345 2324 4389 arte
2377 4333 2550 4388 multo
2586 4332 2819 4404 amplius
2868 4332 3180 4404 impellebat
3212 4331 3506 4395 Herodem,
3541 4340 3597 4384 ut
3622 4331 3712 4386 ille

2114 4429 2214 4483 sibi
2244 4428 2418 4483 lilium
2451 4427 2726 4484 redditum
2754 4437 2990 4498 putaret,
3022 4427 3066 4480 si
3095 4424 3405 4494 coniugium
3457 4423 3575 4493 ejus
3600 4420 3710 4479 non

2111 4523 2414 4578 solveretur
2448 4537 2462 4577 :
2493 4523 2649 4591 Quod
2680 4523 2774 4577 ille
2816 4531 3044 4577 uxorem
3075 4521 3324 4588 impense
3343 4519 3612 4588 diligeret,
3641 4531 3709 4573 ex

412 4611 620 4666 retitur.
660 4611 798 4680 Ergo
825 4612 871 4666 si
895 4611 1160 4666 maturior
1181 4616 1310 4666 dsus
1327 4618 1476 4681 Stﬁpe
1501 4611 1852 4668 labefactatus
1880 4622 1962 4668 est
1989 4630 2004 4678 ;
2033 4587 2088 4649 Ῑ)
2113 4629 2216 4687 qua
2245 4617 2411 4671 etiam
2441 4587 2587 4670 illius
2642 4613 2998 4684 suscepisset,
3044 4611 3230 4666 dulces
3258 4626 3383 4678 avo,
3407 4587 3590 4681 gratos
3619 4625 3711 4680 pa-

415 4705 546 4774 quid
599 4704 819 4770 mirum,
852 4704 898 4759 si
928 4712 1059 4760 tetas
1089 4705 1435 4761 immaturio'r
1462 4705 1654 4762 adesse
1681 4720 1788 4762 non
1837 4703 2009 4777 potuit

410 4798 537 4864 sibi,
572 4811 695 4852 cum
747 4797 1118 4854 insidiantitttu
1149 4799 1383 4854 catervis
1413 4809 1802 4870 pcrurgeretur
1827 4800 1850 4854 Τ
1879 4800 2010 4858 illos

409 4885 573 4962 igitur
618 4892 1024 4960 perturbatores
1055 4894 1216 4963 regiae
1264 4893 1458 4949 domus
1501 4907 1642 4958 esse,
1673 4895 2013 4951 illosincita-

408 4995 555 5040 tores
582 4986 1030 5054 adolescentium,
1059 4987 1419 5043 seminatores
1463 4987 1882 5056 discordiarum,
1910 4989 2004 5059 qui

408 5079 460 5132 in
490 5077 926 5147 deSperationem
978 5079 1166 5134 salutis
1193 5079 1526 5135 deduxerint
1571 5080 1998 5148 adolescentem,

405 5179 463 5226 ut
489 5174 772 5228 stomacho
795 5173 964 5243 magis
996 5173 1301 5239 indulserit,
1330 5183 1385 5229 et
1415 5173 1608 5230 ultioni
1640 5177 1817 5246 potius
1839 5190 1998 5246 quam

405 5259 732 5319 absolutioni
758 5265 1291 5334 intenderit,aliquid
1319 5267 1822 5335 etiamimpartierit
1848 5279 2002 5323 cont-

405 5357 652 5411 motioni.
688 5356 898 5426 Quibus
936 5359 1193 5428 paulatim
1227 5358 1426 5415 inﬂecti
1461 5358 1702 5416 Herodes
1731 5369 1996 5430 creuerat,

402 5459 459 5506 ct
489 5451 704 5506 mollire
726 5452 1150 5522 indignationem
1179 5454 1323 5508 circa
1351 5454 1748 5511 Alexandrum.
1774 5459 1846 5511 At
1866 5472 1999 5514 vero

401 5544 456 5599 itt
506 5543 800 5600 Plteroraut
846 5549 1182 5602 commoveri
1227 5546 1647 5614 vehementius,
1697 5549 1844 5619 quod
1892 5550 1998 5605 illis

400 5648 630 5709 quatuor
679 5639 880 5695 libellis
933 5640 1052 5712 ipse
1095 5639 1334 5695 omnium
1365 5629 1692 5713 ﬂagitiorum
1721 5643 1996 5712 minister,

494 5815 522 5850 ⁸
548 5809 606 5882 In
626 5812 754 5888 vet.
782 5811 935 5888 ϐοῶ,
964 5815 1101 5887 mite
1125 5812 1303 5886 aliqua
1331 5821 1453 5887 pars
1482 5815 1698 5888 ferveat.
1724 5814 1893 5889 ΒΑΜ.

2112 4708 2396 4773 renti-bus;
2445 4706 2551 4761 hoc
2604 4721 2801 4760 munus
2841 4703 3082 4759 restituti
3129 4702 3234 4758 sibi
3259 4701 3357 4757 ﬁlii
3412 4701 3550 4767 fore,
3581 4700 3712 4773 quia

2113 4815 2218 4856 non
2247 4800 2509 4854 mediocri
2537 4813 2604 4852 ex
2637 4808 2791 4868 parte
2820 4797 2958 4850 bona
3009 4810 3144 4850 uxor
3181 4795 3282 4849 viri
3333 4795 3414 4848 sui
3449 4795 3713 4865 reprime-

2112 4906 2196 4950 ret
2224 4909 2462 4960 errores,
2488 4901 2581 4947 aut
2624 4897 3007 4961 compensarct
3040 4890 3239 4944 ofﬁciis
3268 4889 3527 4944 invidiam
3561 4886 3713 4958 ﬂagi-

2106 4988 2326 5044 tiorum.
2350 4986 2480 5054 Qutc
2508 4987 2553 5041 si
2580 4987 2650 5044 ab
2671 5002 2736 5041 eo
2753 4984 3130 5048 divelleretur,
3164 4982 3372 5037 nullum
3401 4981 3708 5037 remedium

2106 5083 2221 5136 viro
2272 5081 2532 5147 futurum,
2584 5081 2714 5150 quin
2768 5091 3012 5148 praeceps
3044 5078 3096 5130 itt
3129 5091 3293 5132 omne
3325 5086 3504 5131 rueret
3533 5075 3707 5131 nefas.

2103 5177 2374 5232 Molliores
2403 5177 2548 5231 enim
2576 5175 2692 5230 fieri
2717 5174 2899 5228 solere
2925 5173 3194 5228 scelerum
3229 5171 3704 5240 praesumptiones,

2103 5283 2224 5335 qua:
2247 5268 2563 5323 dotnesticis
2593 5266 2878 5323 ail‘ectibus
2910 5275 3325 5321 revocarentur.
3361 5263 3457 5317 Vix
3489 5262 3705 5317 tandem

2103 5363 2406 5420 Archelaus
2432 5363 2692 5430 innexus,
2726 5363 3110 5419 reconciliatur
3138 5362 3238 5432 ipsi
3283 5371 3512 5428 genero,
3539 5366 3702 5428 atque

2105 5457 2278 5512 eidem
2313 5457 2637 5513 reconciliat
2687 5466 2916 5528 patrem.
2979 5456 3092 5511 Hoc
3122 5454 3353 5511 consilio
3381 5452 3581 5523 eripuit

2105 5569 2294 5608 uerum
2321 5554 2460 5622 neci,
2495 5561 2556 5608 ttt
2583 5569 2683 5630 pro
2713 5551 2968 5608 mercede
3019 5551 3294 5620 acciperet
3323 5549 3440 5619 ejus
3484 5547 3702 5602 absolu-

2105 5649 2333 5717 tionem,
2383 5649 2514 5706 du‘m
2540 5648 2912 5712 condemnare
2937 5660 2998 5702 se
3027 5647 3208 5720 potius
3247 5642 3492 5711 simulat,
3539 5653 3701 5716 quam
