4016 6550
136 398 280 456 2017

995 383 1265 446 lllSTOll.
1309 383 1403 442 DE
1445 380 1725 442 EXCIDIO
1761 379 2040 442 BIEROS.
2083 378 2309 440 URBIS.
2350 375 2483 437 LIB.
2521 375 2565 433 1.

3301 371 3446 430 2018

141 510 396 565 habetur.
449 506 679 577 Dignum
710 510 815 570 est,
848 515 951 558 nec
979 514 1102 556 eum
1133 498 1319 564 silere,
1346 498 1440 569 qui
1493 497 1744 568 Euryclis
1771 501 1820 562 Α
1851 511 2019 566 prona
2071 495 2353 551 hominum
2409 489 2730 549 conditione
2777 488 2843 545 ad
2899 485 3330 544 misericordiam
3385 490 3459 544 il-

145 614 394 673 tempore
423 601 738 658 inludmam
762 594 1117 652 transmissus
1146 601 1262 648 erat
1283 589 1580 646 ﬁdissimus
1610 589 1743 643 ami-

139 710 332 751 corum
359 691 678 757 Alexandri,
707 704 871 761 quem
916 701 1012 744 rex
1040 686 1194 757 quasi
1242 684 1521 740 conscium
1566 692 1747 739 tenta-

1856 591 1964 645 lico
1991 589 2406 645 absolverentur
2433 603 2446 641 :
2476 584 2711 640 maxime
2741 581 2831 638 ubi
2859 579 3123 636 naturalis
3144 588 3292 634 esset
3320 593 3458 648 gra-

1849 686 1938 739 tia:
1991 683 2373 755 prmrogativa.
2421 677 2629 735 Deinde
2668 677 2714 732 si
2747 676 2855 733 ulla
2909 673 3066 744 coliia
3117 671 3456 729 defensionis

143 797 454 844 mentorum
487 785 633 842 illius
678 780 1120 854 interrogandum
1176 778 1418 849 putavit:
1448 784 1632 832 utrum
1678 788 1748 831 ne
1847 774 2160 832 Alexandro
2184 773 2616 846 permitteretur,
2632 783 2742 842 quo
2763 766 2982 838 objecta
3008 765 3166 822 facile
3187 763 3458 821 dissolve-

143 891 532 956 congruerent,
564 895 686 950 quae
712 878 1014 950 Spartiates
1051 874 1119 929 de
1140 870 1586 928 adolescentibus
1612 884 1750 925 nun-
1849 879 1952 927 ret.
1981 870 2174 940 Itaque
2195 868 2457 941 relegatis
2478 865 2590 922 illis
2611 867 2665 922 in
2695 865 2872 921 vicum
2899 861 3274 956 Sidoniorum,
3297 858 3457 931 quasi

146 975 625 1036 tiavisset.Verum
657 973 748 1029 ille
772 969 907 1028 nihil
937 984 997 1027 se
1026 967 1094 1024 de
1134 967 1241 1022 illis
1283 964 1576 1036 quidquam
1608 961 1754 1032 ejus-

148 1071 296 1130 modi
313 1069 658 1142 cognovisse,
683 1074 1026 1123 sacramento
1048 1060 1373 1132 interposito
1392 1059 1551 1115 tidem
1574 1056 1706 1114 fecit
1733 1069 1749 1112 :

149 1167 244 1224 sed
277 1163 720 1222 adolescentibus
753 1160 888 1217 nihil
918 1157 1138 1230 profuit.
1186 1157 1230 1211 Α
1279 1170 1340 1211 se
1396 1153 1752 1225 quaestionem

151 1261 385 1332 depulit,
437 1275 506 1317 ne
554 1259 826 1313 minueret
865 1253 1156 1311 delationis
1206 1251 1491 1316 invidiam,
1520 1257 1577 1305 et
1627 1262 1756 1302 eva-

151 1363 346 1411 cuaret
382 1351 637 1424 Euryclis
682 1345 1121 1411 fraudulentiam,
1155 1343 1200 1400 si
1230 1341 1474 1398 severius
1527 1340 1760 1396 interro-

153 1455 312 1516 gatns
342 1452 585 1516 negaret.
619 1440 784 1509 Quasi
817 1439 1068 1509 indignus
1098 1437 1261 1508 igitur
1299 1434 1386 1489 cui
1416 1431 1756 1496 crederetur,

154 1540 225 1594 ab
276 1535 493 1593 Herode
542 1533 874 1592 excluditur.
910 1530 1091 1586 Bonus
1141 1529 1284 1585 enim
1320 1535 1471 1598 pater
1513 1524 1760 1580 accusari

160 1633 306 1688 filios
336 1631 574 1686 libenter
602 1627 889 1694 audiebat,
932 1640 1038 1680 non
1067 1622 1278 1679 sinebat
1307 1619 1524 1674 defendi
1559 1636 1573 1673 :
1607 1617 1760 1674 dele-

160 1727 434 1790 ctabatur,
465 1739 590 1779 cum
614 1728 1036 1793 appeterentur;
1065 1713 1465 1780 offendebatur,
1493 1713 1538 1767 si
1569 1725 1765 1782 purga-

161 1827 375 1874 rentur.
406 1817 647 1885 Denique
666 1813 694 1844 “
727 1813 952 1883 Spartes
980 1809 1183 1865 ditatus
1206 1806 1480 1878 regalibus
1503 1802 1762 1874 praemiis,

1852 963 1906 1018 in
1923 972 2218 1034 praesentes
2240 961 2516 1018 accusatio
2530 955 3313 1030 dirigebatur.0bjiciebantur
3327 968 3356 1009 a
3373 968 3460 1024 pa-

1853 1064 1937 1110 tre
1959 1053 2168 1108 insidiae
2198 1054 2300 1109 sibi
2325 1061 2530 1124 parata:
2556 1069 2572 1119 ;
2608 1051 2763 1108 nulla
2795 1049 3050 1122 probatio
3079 1047 3450 1115 deferebatur,

1855 1147 1999 1202 nulla
2014 1145 2209 1201 indicia
2227 1143 2959 1210 tentamentorum;h:erebat
2981 1150 3455 1212 accusator,quem

1857 1242 2046 1319 nullus
2073 1241 2454 1313 redarguebat.
2479 1244 2502 1273 ε
2536 1241 2833 1297 Destitutos
2862 1239 3106 1312 undique
3151 1253 3455 1312 congrega-

1859 1336 1950 1392 bat
1973 1335 2240 1391 invidiam
2257 1334 3075 1404 contumeliarum,iniuriarum
3089 1349 3316 1407 genera,
3337 1349 3459 1404 qua:

1857 1428 2104 1499 graviora
2129 1436 2307 1483 morte
2334 1427 2402 1482 ab
2425 1427 2508 1482 his
2531 1426 2625 1498 qui
2647 1425 2999 1482 considerant
3021 1427 3453 1483 mstimarcntur.

1864 1521 1970 1578 Sed
2021 1537 2180 1578 nemo
2225 1521 2572 1588 discutiebat,
2617 1537 2780 1579 nemo
2818 1522 3134 1579 examinare
3187 1521 3453 1591 audebat,

1863 1612 2009 1684 quod
2037 1629 2068 1668 a
2097 1622 2250 1684 patre
2279 1613 2628 1685 arguebatur,
2658 1629 2686 1667 a
2718 1628 2848 1684 rege
2881 1612 3271 1684 imperabatur.
3307 1613 3456 1668 Prae-

1859 1705 2138 1777 judicabat
2160 1707 2377 1778 pietatis
2402 1707 2632 1778 species,
2663 1706 2900 1762 terrebat
2923 1705 3008 1777 jus
3039 1707 3344 1776 potestatis,
3376 1708 3458 1762 in-

1875 1801 2187 1871 terrogabat
2213 1801 2512 1855 sententias
2541 1814 2767 1855 securus
2794 1799 3060 1866 victoriae,
3090 1798 3303 1856 nescius
3325 1798 3469 1871 quod

162 1913 254 1966 ubi
291 1922 473 1966 tamen
533 1907 794 1983 Achaiam
855 1904 1052 1975 attigit,
1084 1900 1474 1957 calumniarum
1528 1896 1765 1968 pretium
1795 1905 1844 1967 Β
1872 1893 1923 1948 in
1956 1894 2225 1964 ejusmodi
2266 1894 2470 1965 judicio
2509 1896 2871 1951 :erumnosior
2893 1905 3043 1951 esset
3072 1894 3162 1966 qui
3194 1895 3472 1964 vinceret,

166 2005 285 2061 luit.
310 2003 531 2060 Salome
557 2016 680 2056 cum
714 2012 950 2069 purgare
979 2009 1101 2051 sese
1130 1989 1558 2064 nequiret,quod
1590 1988 1772 2060 Sylan

169 2096 336 2153 Arabi
371 2094 686 2166 pepegisset
715 2090 952 2161 nuptias,
987 2088 1085 2166 ubi
1108 2085 1298 2158 generi
1330 2095 1605 2139 secretum
1644 2096 1772 2153 pro-

174 2190 334 2256 didit,
364 2165 635 2244 monentis
663 2193 722 2240 ut
746 2181 1053 2240 consuleret
1075 2165 1189 2234 .sibi
1239 2192 1348 2248 quo
1397 2176 1582 2231 fratris
1628 2188 1777 2230 com-

173 2285 472 2341 motionem
504 2280 778 2346 evaderet,
803 2292 870 2334 eo
899 2274 1044 2348 quod
1075 2289 1172 2344 spe
1215 2271 1412 2327 futura:
1436 2268 1779 2340 conjunctio-

170 2377 258 2432 nis
286 2375 514 2432 consilia
542 2372 684 2444 regis
713 2366 907 2425 Arabis
935 2366 1265 2422 annuntiare
1294 2373 1548 2434 suspeeta
1579 2376 1777 2417 accer-

169 2480 410 2534 seretur,
442 2465 623 2521 delicti
650 2463 884 2535 gratiam
913 2459 1130 2521 meruit,
1177 2467 1233 2513 et
1281 2471 1500 2513 omnem
1558 2453 1780 2508 szevitia:

170 2560 371 2628 regalis
437 2559 489 2612 in
539 2555 920 2611 adolescentes
977 2549 1276 2623 procellam
1339 2547 1599 2613 intorsit,
1672 2559 1782 2616 quo

172 2647 371 2708 ultimo
417 2662 581 2721 atque
631 2645 932 2702 inevitabili
982 2642 1264 2713 naufragio
1295 2638 1534 2696 demersi
1591 2651 1784 2708 ptenas

174 2744 469 2801 dederunt.
505 2739 830 2796 Vinciuntur
858 2739 1142 2807 itaque,et
1185 2731 1330 2804 quod
1383 2730 1518 2801 ipsis
1543 2737 1664 2784 erat
1688 2727 1787 2783 dn—

178 2840 296 2896 rius
327 2835 582 2901 vinculis,
602 2849 628 2887 a
661 2848 721 2889 se
751 2831 946 2886 fratres
967 2835 1331 2898 separantur;
1361 2823 1654 2894 missisque
1682 2820 1789 2876 Vo-

178 2930 394 2990 lumnio
433 2928 641 2983 militia:
690 2923 972 2995 magistro,
1005 2930 1167 2991 atque
1217 2917 1474 2990 Olympio
1506 2931 1576 2973 ex
1600 2915 1791 2971 amicis

179 3026 352 3096 regiis
379 3022 498 3078 viro
529 3026 828 3092 arguuntur
881 3015 1024 3087 apud
1064 3013 1336 3070 Caesarem
1368 3030 1382 3066 :
1416 3021 1470 3066 at
1501 3009 1593 3066 illc
1621 3007 1792 3065 oil’en-

182 3136 284 3176 sus
314 3119 462 3184 licet,
487 3113 609 3186 quia
635 3113 871 3168 filiorum
910 3107 1178 3181 supplicia
1211 3116 1364 3179 pater
1395 3112 1667 3177 posceret,
1698 3117 1796 3158 nc-

177 3214 421 3286 gandum
456 3220 633 3265 tamen
682 3208 823 3278 patri
856 3221 968 3262 non
1023 3204 1324 3261 arbitratus
1357 3208 1706 3272 potestatem,
1739 3199 1791 3253 in

1872 2002 2032 2058 quam
2066 1987 2145 2042 illi
2174 1987 2266 2058 qui
2305 1997 2412 2042 tam
2453 1987 2649 2046 acerbe
2696 1987 3100 2045 addicerentur.
3144 1988 3471 2045 Saturninus

1874 2081 2202 2138 condemnat
2227 2081 2625 2148 adolescentes,
2647 2082 2775 2154 quia
2803 2083 2947 2138 aliud
2977 2098 3084 2138 non
3115 2082 3331 2139 licebat.
3363 2082 3474 2138 Sed

1877 2175 2196 2232 moderatur
2227 2177 2578 2242 sententiam,
2609 2177 2910 2234 cavendum
2943 2191 3218 2245 asserens,
3251 2193 3320 2234 ne
3351 2192 3477 2249 per-

1877 2270 2077 2341 emptis
2117 2270 2330 2326 duobus
2359 2287 2425 2326 ex
2457 2271 2630 2327 tribus
2671 2270 2960 2340 fratribus,
2995 2271 3158 2328 tertio
3189 2269 3341 2327 fratri
3388 2286 3480 2327 as-

1879 2365 2184 2421 criberetur
2215 2379 2364 2421 mors
2390 2365 2643 2420 duorum.
2680 2363 2896 2420 Timide
2929 2364 3146 2436 quidem
3172 2381 3187 2424 :
3227 2363 3324 2420 sed
3353 2378 3483 2419 can-

1881 2472 1998 2518 sam
2031 2457 2244 2513 locutns
2273 2468 2356 2513 est
2375 2499 2390 2524 ,
2418 2457 2563 2528 quod
2592 2457 2685 2513 ille
2711 2467 2857 2513 esset
2886 2456 3146 2512 fratribus
3172 2466 3363 2512 auctor
3387 2471 3482 2527 pe-

1885 2549 2064 2604 riculi.
2098 2549 2283 2606 Secuti
2308 2559 2433 2605 sunt
2452 2565 2576 2605 eum
2601 2549 2754 2620 pauci
2778 2564 2844 2606 ex
2866 2548 3132 2620 pluribus.
3161 2547 3486 2605 Volumnius

1885 2651 2067 2699 autem
2121 2641 2332 2700 funesta
2381 2644 2788 2710 immurmurat,
2846 2653 2903 2700 et
2952 2653 3076 2715 post
3120 2658 3245 2700 eum
3291 2657 3487 2700 omnes

1888 2733 2144 2792 “volente
2175 2752 2323 2808 rege,
2359 2737 2450 2792 tali
2473 2746 2699 2794 auctore
2729 2747 3023 2809 pensantes
3052 2735 3246 2792 mortis
3267 2745 3491 2793 senten-

1890 2829 2042 2896 tiam,
2073 2827 2294 2883 diverso
2319 2828 2538 2900 quidem
2564 2829 2783 2894 affectu,
2823 2829 2920 2886 sed
2963 2830 3076 2900 pari
3108 2838 3259 2886 sorte
3286 2843 3488 2900 expro-

1892 2930 2065 2984 munt,
2097 2920 2294 2991 quibus
2321 2920 2424 2976 hoc
2449 2929 2540 2976 aut
2575 2919 2815 2976 adulatio
2842 2928 3151 2977 extorserat
3178 2929 3276 2977 aut
3302 2920 3490 2978 odium

1894 3010 2190 3078 inluderat,
2235 3021 2412 3066 utaut
2441 3012 2585 3084 regis
2638 3012 2985 3070 aﬂ‘ectaretur
3013 3013 3211 3085 gratia,
3253 3004 3346 3070 aut
3373 3029 3497 3086 par-

1897 3103 2081 3159 ricida:
2110 3103 2408 3160 crudelitas
2447 3106 2700 3176 graviore
2740 3120 2898 3177 paena
2929 3105 3270 3174 afficeretur,
3298 3107 3389 3178 qui
3441 3106 3496 3162 in

1896 3197 2124 3252 victoria
2149 3212 2244 3252 sua
2287 3207 2393 3252 tam
2426 3212 2672 3253 amarqu
2713 3198 2783 3254 de
2831 3215 2891 3256 se
2931 3199 3265 3270 triumphum
3306 3214 3498 3272 repor-

183 3306 394 3362 libez‘os
415 3315 544 3358 suos
566 3299 714 3355 dedit
738 3297 1034 3363 licentiam,
1062 3293 1158 3350 sed
1189 3293 1475 3349 consilium
1507 3289 1790 3360 adiunxit:
1823 3297 1870 3362 ο
1903 3290 2149 3345 tavisset.
2180 3289 2354 3346 Nemo
2386 3301 2566 3347 tamen
2591 3292 2746 3363 quasi
2776 3292 2976 3349 factam
3005 3293 3239 3360 horruit,
3263 3303 3317 3351 et
3343 3293 3501 3366 quasi

186 3411 452 3456 asserens
500 3394 694 3450 melius
747 3391 1146 3457 consulturum,
1179 3387 1228 3444 si
1259 3387 1629 3459 proximorum
1652 3383 1798 3456 regis

186 3504 496 3561 eorumque
527 3487 619 3558 qui
642 3492 945 3556 przeessent
992 3480 1310 3553 provinciis,
1339 3479 1631 3535 concilium
1663 3493 1798 3534 con-

188 3593 543 3659 gregaretur,
576 3589 630 3635 et
655 3577 864 3649 judicio
890 3575 1169 3632 communi
1214 3573 1536 3644 procederet
1564 3573 1801 3627 interro-

188 3676 344 3749 gatio
371 3691 386 3730 :
420 3681 602 3728 utrum
635 3666 729 3725 ne‘
755 3669 953 3739 aliqua:
983 3667 1121 3738 patri
1154 3664 1365 3721 insidize
1393 3673 1594 3736 parata,-
1626 3679 1654 3718 a
1679 3661 1804 3718 filiis

193 3773 380 3826 forent
410 3783 426 3834 ;
455 3751 581 3823 etsi
612 3763 1073 3821 convincerentur
1120 3759 1376 3816 intentati
1403 3759 1694 3830 parricidii,
1729 3757 1808 3813 fe-

197 3863 444 3918 rirentur
475 3876 489 3925 ;
521 3859 604 3914 sin
657 3873 790 3913 vero
816 3855 955 3927 fuga:
1012 3862 1106 3910 aut
1147 3851 1570 3923 levioriS'culpre
1615 3865 1808 3922 argue-

196 3966 417 4020 rentur,
444 3962 594 4009 esset
623 3950 870 4006 vindicta
896 3947 1246 4004 moderatior.
1280 3945 1392 4000 llac
1415 3943 1678 4015 permissa
1705 3941 1808 4024 sibi

201 4047 454 4106 llerodes
488 4043 768 4117 parricidii
817 4049 1110 4112 potestate,
1136 4039 1231 4094 sed
1260 4038 1453 4109 judicii
1497 4034 1813 4092 conditione

201 4143 371 4200 etiam
405 4135 799 4194 moderationis
823 4130 1240 4198 admonitus,ad
1267 4131 1454 4186 urbem
1487 4128 1633 4184 illico
1660 4126 1815 4183 Beri-

204 4235 341 4291 thon
375 4239 653 4306 properat,
687 4244 849 4300 quam
875 4226 1088 4297 judicio
1115 4222 1445 4280 celebrando
1471 4223 1652 4278 Caesar
1674 4237 1816 4292 prte-

207 4330 528 4400 scripserat.
590 4322 936 4379 Conveniunt
987 4318 1248 4389 praesules
1307 4317 1706 4389 provinciarum
1730 4330 1814 4370 se-

209 4421 452 4479 cundum
483 4418 682 4489 scripta
713 4415 782 4472 ad
822 4430 882 4472 se
908 4413 1036 4470 data
1085 4427 1116 4468 a
1145 4409 1391 4483 principe
1434 4409 1678 4467 Romano
1699 4408 1814 4465 Cae-

211 4530 359 4572 sare.
397 4512 724 4569 Saturninus
755 4508 1030 4580 legatique
1056 4505 1371 4572 considunt,
1405 4505 1546 4561 inter
1592 4519 1728 4576 quos
1755 4513 1812 4561 et

216 4615 543 4679 procurator
575 4601 894 4660 Volumnius
929 4598 1166 4655 :deiude
1197 4597 1414 4670 cognati
1443 4597 1712 4668 amicique
1733 4613 1820 4653 re-

1901 3391 2208 3439 commotus
2257 3385 2644 3454 pronuntiavit.
2697 3385 2891 3442 Sceute
2919 3388 3068 3444 enim
3105 3391 3320 3458 species
3350 3397 3502 3459 erat,

1902 3494 2006 3532 non
2031 3477 2214 3547 judicii
2238 3478 2525 3550 disciplina
2549 3479 2915 3537 condemnare
2938 3481 3216 3549 absentes,
3242 3483 3498 3541 condem-

1902 3585 2033 3627 nare
2059 3572 2177 3627 sine
2209 3583 2368 3642 teste,
2402 3574 2519 3630 sine
2548 3571 2746 3639 indice,
2797 3575 2916 3630 solo
2947 3583 3158 3631 naturae
3191 3577 3502 3649 privilegio,

1906 3663 2052 3734 quod
2083 3664 2151 3720 ad
2179 3665 2407 3721 salutem
2444 3667 2618 3737 magis
2644 3682 2804 3738 quam
2831 3667 2899 3723 ad
2933 3668 3231 3737 periculum
3261 3669 3507 3726 derivari

1906 3757 2133 3814 soleret.
2164 3760 2427 3832 Stupebat
2457 3760 2633 3816 omnis
2654 3761 2808 3832 Syria
2831 3771 2994 3832 atque
3015 3762 3199 3818 omnis
3221 3762 3432 3831 Judaza,
3457 3771 3515 3820 et

1908 3854 2159 3908 attonitis
2199 3854 2472 3910 mentibus
2505 3863 2669 3910 tanta!
2697 3857 2977 3927 tragmdia:
3010 3857 3131 3911 linis
3159 3856 3515 3926 exspectaba-

1912 3953 2019 4000 tur.
2061 3947 2320 4014 Quamvis
2367 3947 2535 4002 etiam
2577 3959 2704 4003 nota
2734 3957 2881 4004 esset
2917 3948 3147 4004 Herodis
3189 3948 3506 4016 crudelitas,

1913 4051 2078 4092 nemo
2112 4047 2290 4092 tamen
2320 4037 2550 4094 credere
2580 4047 2816 4109 poterat,
2859 4038 3003 4110 quod
3037 4055 3209 4110 usque
3238 4038 3305 4095 ad
3341 4039 3518 4111 parri-

1914 4129 2116 4185 cidium
2150 4141 2551 4198 perseveraret.
2585 4129 2656 4186 At
2685 4131 2736 4186 in
2769 4130 2864 4186 illo
2901 4130 3067 4187 etl‘era
3106 4130 3186 4186 vis
3214 4131 3379 4187 animi
3411 4147 3514 4188 nec

1915 4223 2077 4289 mari,
2125 4237 2228 4280 nec
2267 4232 2412 4280 terra
2458 4224 2836 4281 cohibebatur.
2878 4223 3064 4295 itaque
3103 4233 3375 4295 tamquam
3419 4240 3518 4281 usu

1919 4316 2391 4388 triumphantium,
2423 4327 2478 4373 ut
2503 4332 2598 4387 per
2617 4316 2833 4373 diversa
2859 4316 3002 4372 filios
3026 4317 3288 4386 traheret,
3314 4316 3518 4390 Tyrum

1919 4412 2109 4467 urbem
2141 4411 2398 4482 inclytam
2425 4411 2577 4482 petit,
2612 4409 2739 4466 inde
2767 4411 2819 4466 in
2843 4408 3148 4466 Caesaream
3173 4410 3516 4475 transmittit,

1922 4505 2136 4576 navigio
2183 4505 2548 4575 spectaculum
2597 4506 2861 4561 miserum
2913 4504 3190 4574 parricidii
3229 4504 3522 4562 circumfe-

1922 4615 2074 4664 rens,
2118 4598 2292 4654 donec
2326 4598 2478 4654 color
2503 4596 2648 4654 ullus
2680 4597 3054 4654 acerbissima:
3095 4597 3246 4654 necis
3273 4597 3396 4654 filiis
3439 4597 3524 4654 in-

217 4698 556 4772 gis,Salome
576 4694 738 4750 etiam
756 4701 811 4749 et
833 4693 1124 4760 Pheroras,
1153 4699 1210 4746 et
1236 4689 1409 4762 Syriae
1425 4690 1820 4761 primores.Ar-
1845 4703 1897 4764 Ι)
1923 4691 2224 4747 veniretur.
2250 4689 2566 4747 Movebatur
2595 4690 2776 4747 omnis
2809 4693 3107 4759 exercitus,
3145 4691 3242 4748 sed
3270 4701 3416 4749 metu
3440 4692 3523 4749 in-

216 4790 448 4846 ehelaus
500 4788 653 4844 solus
679 4785 954 4857 excipitur
980 4789 1011 4829 δ
1042 4799 1108 4840 ex
1159 4781 1525 4854 Cappadocia,
1554 4793 1822 4854 suspecta:

224 4882 278 4937 in
308 4895 567 4950 generum
598 4879 895 4935 arcessitus
925 4877 1136 4950 gratiae,
1166 4891 1292 4932 cum
1316 4885 1666 4932 accusatores
1687 4875 1823 4931 ado-

226 4971 556 5029 lescentium
585 4971 1040 5043 insidiatoresque
1056 4968 1318 5040 judicium
1347 4975 1825 5040 reprmsentarent.

225 5064 333 5123 Sed
362 5060 688 5133 quazjudicii
716 5062 950 5132 species,
986 5062 1075 5118 ubi
1101 5062 1182 5118 rei
1208 5063 1400 5118 adesse
1431 5061 1535 5116 sibi
1571 5077 1676 5115 non
1707 5075 1828 5130 per-

229 5156 614 5224 mittebantur,
635 5164 690 5211 et
718 5156 974 5210 absentes
1026 5154 1470 5211 accusabantur?
1501 5151 1832 5209 Advertebat

229 5249 376 5308 enim
401 5245 664 5314 Herodes,
701 5245 956 5317 quoniam
984 5247 1030 5302 si
1061 5247 1435 5303 tantummodo
1486 5245 1823 5312 viderentur,

305 5395 332 5423 ⁸
362 5384 674 5450 Spartiates.
708 5382 876 5437 BARR.

307 5455 338 5495 ι»
365 5456 482 5510 Rea:
509 5454 876 5525 Cappadociae.
900 5453 978 5510 Io.

312 5542 332 5564 ιτ
365 5528 452 5584 AI.
497 5527 756 5581 destitutis
784 5566 798 5589 ,
832 5538 925 5580 aut
966 5527 1011 5582 si
1066 5526 1237 5582 mavis
1262 5528 1318 5581 in
1339 5526 1630 5595 destitutos,
1656 5525 1840 5582 minus

240 5599 560 5658 oll‘eu;ionis
587 5597 814 5654 haberet
840 5599 1038 5653 oratio.
1073 5597 1149 5652 In.

308 5669 336 5709 ιι
368 5671 464 5725 Ms.
515 5669 787 5725 volentiam
843 5671 998 5742 regis.
1053 5669 1224 5742 ΒΑΜ.
1255 5698 1327 5742 —_-
1366 5666 1699 5742 Gronovius,
1721 5667 1843 5742 Mo-

243 5743 416 5800 uobib.
454 5756 574 5811 pag.
604 5742 729 5807 H5,
756 5756 824 5796 ex
862 5739 1195 5797 membranis
1226 5740 1342 5797 suis
1371 5739 1574 5809 Optime
1604 5739 1844 5794 restituit

240 5814 464 5880 volentia
515 5810 642 5883 regi.
675 5811 873 5867 lterum
920 5813 1080 5883 infra
1104 5826 1226 5881 cap.
1258 5812 1358 5867 44:
1403 5810 1641 5883 credidit_
1672 5811 1844 5879 itaque

242 5886 408 5958 magis
437 5879 678 5940 volentia.
727 5883 990 5942 Nimirum
1038 5879 1248 5940 Excidii
1289 5889 1481 5956 auctor
1522 5879 1844 5938 Ambrosius

1925 4784 2293 4856 dignationem
2321 4785 2624 4855 premebat.
2655 4785 2786 4841 Erat
2810 4786 2865 4842 in
2891 4787 3135 4843 exercitu
3153 4789 3305 4859 regio
3327 4789 3530 4847 veteris

1927 4878 2136 4932 militiae
2163 4877 2246 4932 vir
2271 4877 2417 4951 Tyro
2448 4878 2690 4945 nomine,
2722 4878 2893 4936 ﬁlium
2937 4881 3146 4938 habens
3170 4881 3526 4954 coniunctum

1929 4967 2265 5038 Alexandro,
2302 4969 2814 5041 indulgentissimus
2847 4982 3020 5043 pater,
3053 4983 3219 5046 atque
3261 4975 3333 5033 ob
3358 4991 3421 5033 ea
3447 4977 3536 5048 pi-

1930 5062 2087 5134 gnori
2111 5078 2294 5132 carus,
2327 5064 2584 5136 quoniam
2624 5064 2901 5135 popularis
2929 5065 3174 5137 quaedam
3208 5067 3425 5138 pietatis
3450 5075 3548 5126 est

1932 5157 2127 5227 gratia,
2171 5165 2227 5213 et
2272 5159 2506 5214 maxime
2556 5157 2612 5212 in
2659 5171 2790 5213 suos
2830 5157 2957 5213 illex
3002 5158 3329 5216 dilectionis.
3376 5160 3535 5218 Circa

1935 5249 2316 5307 adolescentes
2357 5265 2578 5321 quoque
2612 5249 2753 5307 tilios
2789 5251 2934 5324 regis
2971 5251 3156 5308 studio
3193 5253 3540 5324 pr0pensior,

1945 5383 2153 5458 eadem,
2173 5387 2355 5456 phrasi
2385 5386 2622 5442 utiturin
2652 5387 2810 5458 epist.
2837 5387 2946 5456 24,
2978 5388 3044 5445 ad
3073 5388 3543 5458 Valentinianum,

1943 5472 1999 5535 ηε
2040 5473 2086 5511 t:
2125 5457 2269 5532 Satis
2300 5460 2433 5514 enim
2465 5457 2893 5535 inquit,_;clqruit
2936 5477 2996 5515 eo
3030 5462 3141 5535 ipso
3185 5462 3323 5530 quod
3347 5457 3552 5532 aliquot

1942 5529 2056 5582 dies
2089 5529 2317 5612 retentus
2347 5547 2460 5584 sum
2493 5531 2633 5612 intra
2659 5531 2864 5612 Callias
2885 5574 2901 5600 ,
2932 5549 3016 5588 me
3044 5529 3304 5612 vocalius
3334 5529 3546 5612 uxrio

1944 5616 2046 5655 non
2072 5602 2355 5671 recepisse.
2392 5610 2499 5657 etc.
2540 5602 2696 5669 Quod
2728 5603 2950 5674 quidem
2983 5614 3038 5659 et
3076 5602 3330 5659 Sallustio
3357 5613 3412 5658 et
3442 5604 3551 5659 Ta-

1945 5671 2053 5726 cito
2080 5670 2242 5745 debet
2261 5672 2583 5745 Arnbrosius
2605 5692 2619 5730 :
2642 5689 2872 5745 quorum
2901 5675 2993 5730 ille
3033 5673 3270 5745 Valentia
3305 5673 3441 5745 plebi
3465 5674 3549 5742 [a-

1945 5757 2061 5817 cere
2080 5742 2254 5817 dixit:
2279 5743 2417 5817 alter
2438 5743 2600 5817 Plebi
2614 5742 2836 5802 volentia
2854 5746 3030 5817 fuere;
3050 5753 3104 5801 et
3127 5742 3280 5811 alibi,
3301 5742 3548 5802 Muciano

1944 5814 2172 5870 volentia
2198 5815 2526 5889 rescripsere.
2555 5816 2797 5875 Mazocu.
