4112 6350
575 298 719 368 ante

1945 289 2192 354 SAHC'I’I
2229 281 2556 352 AMBROSII

3709 281 3831 346 ξορα

573 421 717 492 quad
741 421 807 478 ab
833 419 918 480 his
941 433 1071 476 suus
1104 415 1243 473 (ilius
1264 408 1600 484 diligeretur.
1627 409 1730 479 Qui
1757 422 1918 478 supra
1950 406 2169 464 modum
2200 408 2251 471 Α
2279 409 2411 474 ﬁlia,
2445 405 2693 463 Herodes
2717 414 2770 462 et
2797 403 3034 476 Agrippa
3063 409 3226 475 atque
3253 401 3584 460 Aristobulus
3606 408 3822 476 supersti-

572 521 835 584 eoncepta
859 509 1256 582 indignatione,
1285 505 1534 561 turbatus
1563 502 1730 558 animi
1755 499 2043 556 vociferari
2068 513 2180 555 cte-

575 609 654 678 pit
684 625 697 661 :
723 606 954 677 opprimi
974 603 1262 673 justitiam,
1286 599 1568 658 veritatem
1599 595 1834 658 excludi,
1861 593 2063 654 aboleri
2093 607 2179 646 re-

573 699 852 770 ligionem,
878 695 1136 756 confundi
1156 693 1278 764 jura
1304 688 1796 760 necessitudinum,
1825 696 2031 744 uaturze
2055 698 2182 754 gra-

577 794 704 858 tiam
727 834 742 859 ,
787 789 1125 861 superfluere
1171 784 1504 857 iniquitates.
1549 780 1634 838 Ad
1669 789 2002 851 postremum
2033 777 2084 840 in
2120 788 2182 829 os

571 887 744 957 ipsius
771 886 916 956 regis
947 881 1324 954 progrediens,
1356 877 1638 949 ingerebat
1669 875 1932 934 miserum
1965 885 2086 926 esse
2117 867 2178 924 il-

571 981 707 1047 lum,
750 979 842 1050 qui
867 979 1161 1034 adversum
1190 973 1334 1032 ﬁlios
1365 985 1496 1036 suos
1521 967 1853 1024 credendum
1892 961 2180 1033 improbis-

567 1075 722 1132 simis
745 1073 1138 1130 arbitraretur:
1161 1067 1460 1128 Phcroram
1485 1073 1539 1124 et
1560 1063 1818 1123 Salomon
1845 1057 2058 1116 consilii
2092 1070 2182 1110 ar-

571 1168 743 1230 bitros
773 1166 934 1236 regis.
966 1166 1139 1231 Quam
1171 1161 1332 1224 fidem
1365 1160 1434 1222 ab
1465 1158 1549 1220 his
1577 1155 1767 1216 referri
1794 1168 1974 1228 posse,
1999 1151 2091 1222 qui
2119 1164 2183 1205 so.

574 1260 964 1326 condemnatos
990 1256 1183 1327 capitis
1220 1270 1250 1314 a
1295 1268 1423 1324 rege
1450 1248 1894 1321 frequentissime
1916 1257 2180 1314 recogno-

575 1353 823 1422 scebant,
841 1360 936 1412 aut
955 1349 1084 1422 quid
1108 1362 1204 1410 eos
1228 1347 1379 1411 aliud
1405 1360 1591 1416 agere,
1621 1341 1726 1400 nisi
1749 1339 2036 1398 consulere
2063 1337 2181 1391 vln-
2225 1405 2228 1409 ἴ

574 1445 734 1518 dicta:
775 1453 834 1514 ut
871 1445 1161 1500 destitutus
1199 1439 1412 1502 idoneis
1441 1434 1853 1498 successoribus
1897 1432 1964 1490 ad
2011 1443 2179 1488 unum

576 1537 864 1606 inclinaret
879 1535 1090 1602 cateris
1120 1531 1474 1600 infirmiorem
1497 1531 1519 1583 ?
1542 1529 1642 1597 Qui
1669 1527 1826 1590 facile
1847 1524 2182 1588 subducere-

579 1638 688 1696 tur,
739 1627 880 1700 quod.
907 1627 1024 1698 ipse
1068 1625 1251 1698 regius
1291 1627 1566 1688 exercitus
1611 1620 1738 1680 odio
1791 1627 2180 1689 persecuturus

578 1733 725 1776 esset
766 1735 910 1788 eum,
952 1718 1039 1775 cui
1080 1733 1226 1786 mors
1263 1716 1440 1774 soluta
1477 1723 1624 1776 esset
1650 1714 1878 1774 fratrum
1917 1710 2176 1772 duorum.

2282 510 2365 557 tes
2396 508 2718 556 manerent:
2753 499 3013 554 Herodias
3044 512 3260 569 quoque
3289 506 3343 553 et
3370 498 3670 564 Mariamne,
3701 498 3829 564 ﬁliae,

2281 610 2416 664 quas
2439 609 2604 648 sexus
2626 609 2734 647 non
2755 591 3062 661 impediret,
3091 601 3141 645 et
3166 591 3312 660 regni
3339 585 3528 659 cupido
3549 591 3833 660 exagitaret.

2281 689 2644 758 Queis't‘ebus
2669 687 2990 758 perterritus
3023 687 3323 755 Antipater,
3365 684 3415 738 in
3445 684 3626 740 fraudo
3647 699 3703 738 ac
3729 700 3834 740 rer-

2281 783 2424 838 sntia
2454 787 2606 851 spem
2631 781 2989 845 constituere,
3022 789 3076 835 et
3103 778 3262 833 donis
3282 787 3334 834 et
3370 776 3668 832 muneribus
3684 777 3839 848 singu-

2281 876 2365 930 los
2399 875 2504 938 sibi
2534 873 2706 942 magis
2738 874 3017 944 magisque
3046 872 3407 941 oppignerare
3429 911 3442 932 ,
3473 870 3629 923 etiam
3661 869 3840 924 amicos

2281 979 2332 1024 et
2382 966 2714 1024 domesticos
2734 963 2968 1020 Caesaris
2996 964 3202 1019 illicere
3240 962 3307 1017 ad
3338 963 3420 1017 sui
3449 960 3664 1033 gratiam
3691 961 3842 1032 pretio

2283 1061 2543 1118 tentahat.
2585 1059 2691 1116 Sed
2720 1068 2911 1114 contra
2952 1057 3034 1112 illi
3064 1057 3248 1119 etiam,
3282 1072 3403 1126 qua:
3429 1055 3570 1110 domi
3599 1065 3766 1118 erant,
3795 1055 3840 1109 in

2280 1153 2567 1213 adversum
2593 1152 2875 1209 sedebant.
2898 1149 3032 1206 Nam
3061 1166 3155 1204 rex
3185 1149 3440 1218 paulatim
3466 1163 3710 1218 processu
3735 1156 3844 1202 tem-

2282 1247 2431 1319 poris
2461 1262 2586 1316 erga
2619 1255 2846 1314 nepotes
2868 1260 2993 1300 suus
3017 1241 3336 1300 Alexandro
3364 1252 3415 1296 et
3449 1241 3746 1296 Aristobulo
3765 1254 3843 1308 ge-

2281 1343 2428 1402 nitos
2458 1341 2823 1405 molliebatur,
2848 1348 2902 1395 et
2923 1339 3046 1394 facti
3075 1336 3451 1408 paenitentiam
3485 1335 3841 1406 praetendebat,

2282 1450 2405 1492 cum
2429 1448 2617 1490 eorum
2641 1449 2873 1504 quorum
2903 1439 3154 1500 parentes
3181 1429 3472 1492 occiderat,
3506 1428 3842 1482 misereretur.

2283 1528 2526 1597 Denique
2551 1526 2892 1596 congregatis
2919 1524 3107 1580 amicis
3125 1532 3176 1578 ct
3202 1522 3464 1589 proximis
3491 1521 3615 1582 suis,
3641 1519 3843 1591 quadam

2282 1619 2372 1676 die
2402 1619 2660 1689 lacrytnis
2700 1617 2934 1674 suffusus
2963 1601 3078 1683 ora,
3109 1617 3245 1671 dixit
3273 1616 3341 1669 ad
3371 1631 3501 1670 eos:
3542 1614 3702 1669 Video
3732 1612 3844 1668 mihi

2283 1720 2500 1770 aetatem
2521 1711 2834 1782 procedere.
2865 1718 2921 1765 et
2945 1711 3061 1764 sine
3084 1710 3340 1782 lacrymis
3359 1710 3601 1779 aspicere
3625 1723 3720 1761 non
3738 1722 3844 1776 pos.

578 1813 864 1882 Neminem
911 1828 1031 1880 esse
1074 1827 1235 1887 ouem
1287 1825 1393 1865 non
1442 1808 1679 1874 innoxia:
1722 1804 1900 1870 aetatis
1935 1811 2180 1873 tangeret
2209 1807 2259 1868 B
2284 1821 2402 1862 sum
2443 1805 2699 1875 parvulas
2727 1803 2830 1859 hos
2865 1803 3159 1862 infelicium
3201 1804 3446 1874 germina
3485 1812 3708 1872 patrum,
3747 1801 3847 1870 qui-

577 1907 968 1976 tnisericordia.
1001 1906 1295 1976 Plerosque
1317 1913 1498 1964 autem
1521 1901 1717 1965 ducum
1744 1897 2177 1969 indignationem

575 2021 729 2074 suam
764 2018 869 2066 non
895 2002 1007 2076 jam
1048 2015 1318 2072 premere,
1351 1998 1449 2054 sed
1479 1995 1785 2064 divulgare.
1811 1992 2054 2061 Quorum
2087 2005 2179 2044 vo-

576 2097 772 2165 cabula
823 2097 1054 2158 locutus,
1106 2092 1268 2160 tinent
1316 2089 1531 2158 dicendi
1583 2087 1729 2152 fecit.
1779 2085 1985 2154 Quibus
2033 2082 2181 2140 illico

577 2205 702 2258 eum
748 2188 964 2261 Tyrone
1008 2185 1296 2256 correptis,
1335 2180 1594 2252 Tryphon
1631 2194 1698 2235 ex
1744 2176 2004 2242 ministris
2040 2175 2181 2236 aula:

584 2283 788 2364 regite,
850 2281 936 2336 cui
992 2278 1254 2342 tondendi
1310 2291 1400 2338 ars
1465 2281 1626 2345 atque
1686 2286 1816 2334 usus
1867 2267 2182 2340 suppedita-

589 2359 709 2442 ret,
755 2375 934 2434 subito
983 2371 1215 2445 quadam
1246 2367 1436 2444 animi
1491 2366 1726 2432 vattitate
1783 2361 2042 2424 iudicium
2095 2359 2181 2438 sui

579 2472 711 2532 facit
737 2471 1096 2544 compositum
1114 2484 1145 2524 a
1161 2466 1379 2539 Tyrone
1403 2477 1679 2530 asserens,
1707 2460 1921 2530 sibique
1962 2469 2181 2528 persua-

587 2582 732 2632 sum,
763 2573 822 2626 ut
851 2579 972 2622 cum
995 2577 1063 2620 ex
1093 2575 1246 2616 more
1275 2558 1495 2612 barbam
1528 2552 1728 2622 Herodi
1753 2552 1990 2617 raderet,
2019 2563 2187 2615 nora-

582 2663 759 2726 culam
779 2657 980 2732 gutturi
1008 2656 1124 2726 ejus
1150 2653 1506 2723 itttpriuteret.
1527 2664 1633 2720 quo
1655 2653 1935 2718 perageret
1954 2656 2143 2706 necem
2165 2659 2178 2694 :

583 2748 748 2826 idque
789 2754 840 2812 ei
871 2752 1105 2816 maximo
1139 2749 1510 2810 emolumento
1561 2742 1678 2808 fore
1703 2783 1718 2808 ,
1760 2740 1902 2811 quod
1950 2738 2020 2800 de
2066 2751 2184 2800 ntu-

590 2847 811 2914 nctibus
832 2843 1126 2914 Atexandri
1171 2840 1538 2912 polliceretur.
1571 2837 1833 2900 Statuitur
1862 2832 2008 2903 Tyro
2057 2844 2184 2892 cum

596 2940 734 3003 (ilio;
798 2947 1086 3006 exercetur
1134 2932 1334 2999 deinde
1393 2933 1554 2992 simul
1617 2928 1868 3000 (ptaestio.
1925 2923 2179 2994 Neganti-

588 3032 690 3086 bus
722 3031 861 3095 illis,
903 3030 1009 3098 isto
1038 3028 1170 3094 nihil
1200 3027 1431 3097 amplius
1470 3022 1773 3088 deferente,
1819 3035 1943 3080 cum
1971 3018 2188 3073 deesset

587 3124 873 3194 manifesta
898 3138 1079 3190 rerum
1109 3121 1265 3188 ﬁdes,
1307 3119 1515 3184 nullum
1546 3123 1863 3186 suppeteret
1893 3125 2184 3182 argumen-

2280 1898 2380 1955 bns
2413 1915 2516 1969 ego
2547 1913 2666 1953 sum
2711 1905 2902 1952 auctor
2928 1896 3156 1962 doloris,
3193 1911 3261 1952 ne
3293 1895 3479 1966 pejnre
3512 1910 3605 1950 eos
3635 1893 3846 1950 derelin-

2278 2008 2439 2064 quam
2471 1991 2783 2046 conditione
2808 2033 2824 2056 ,
2857 2004 3019 2061 quam
3053 1997 3308 2058 parentes
3336 1988 3573 2043 abstuli:
3620 1986 3709 2044 sed
3745 1986 3848 2039 illos

2280 2082 2414 2140 mihi
2444 2083 2690 2155 quaedam
2737 2082 2939 2153 eripuit
2963 2097 3239 2147 :er-umna;
3273 2082 3372 2135 hos
3411 2079 3540 2135 mihi
3571 2078 3730 2150 magis
3755 2093 3850 2132 ma-

2281 2179 2473 2249 gisque
2505 2175 2853 2232 commendat
2891 2184 3080 2230 natura
3119 2183 3174 2230 et
3217 2171 3625 2229 misericordia:
3672 2171 3847 2234 altera,

2281 2270 2405 2339 quia
2441 2278 2666 2340 nepotes
2693 2286 2708 2334 ;
2735 2268 2928 2335 altera,
2960 2269 3088 2338 quia
3113 2267 3357 2322 destituti
3386 2267 3696 2338 parentibus
3724 2274 3847 2320 sunt.

2285 2363 2622 2418 Erraverunt
2653 2367 2705 2417 in
2743 2369 2952 2431 patrem
2984 2359 3100 2423 ﬁlii,
3139 2360 3266 2431 quid
3293 2359 3539 2424 fecerunt
3566 2373 3663 2414 aro
3702 2369 3848 2424 nepo-

2288 2467 2374 2512 tes
2401 2456 2586 2510 ?Satis
2619 2455 2804 2513 infelix
2831 2464 2984 2524 pater
3015 2453 3088 2508 fui
3115 2471 3128 2518 ;
3162 2469 3295 2508 avus
3323 2469 3447 2509 esse
3473 2453 3642 2509 debeo
3671 2451 3849 2507 sollici-

2286 2550 2410 2605 tior.
2446 2550 2690 2604 Tentabo
2727 2557 2850 2617 post
2876 2564 2962 2604 me
2992 2547 3282 2603 consulere
3319 2547 3630 2618 nepotibus,
3670 2529 3850 2601 utinam

2285 2653 2341 2698 et
2385 2643 2439 2697 in
2470 2643 2592 2697 ﬁliis
2620 2641 2753 2696 mihi
2792 2641 3231 2697 consuluissem:
3266 2657 3456 2696 verum
3503 2640 3555 2695 in
3596 2639 3708 2696 illos
3727 2653 3852 2694 ecut-

2287 2737 2466 2792 munis
2497 2736 2667 2800 hostis
2707 2744 2870 2805 atque
2909 2733 3116 2790 inimici
3142 2734 3452 2802 obrepserit
3495 2732 3848 2789 fraudulentia.

2286 2826 2596 2884 Cavendum
2624 2836 2708 2882 est
2729 2842 2944 2897 quoque
2963 2869 2977 2892 ,
3011 2843 3079 2882 ne
3106 2827 3213 2882 bos
3232 2826 3453 2888 illorum
3483 2824 3743 2881 involvam
3774 2838 3852 2894 pe-

2287 2921 2479 2985 ricula,
2510 2931 2672 2991 atque
2709 2936 2814 2974 uno
2845 2920 3071 2974 vulnere
3096 2919 3256 2984 simul
3288 2919 3436 2974 ﬁlios
3478 2903 3770 2978 amiserim,
3807 2923 3854 2971 et

2291 3023 2515 3082 nepotes
2544 3023 2569 3052 ⁸
2599 3011 2952 3083 perdiderim.
2996 3011 3390 3066 Provideamus
3423 3012 3509 3067 bis
3549 3011 3852 3074 defensores,

2288 3105 2484 3175 quibus
2507 3103 2810 3160 ademimus
2835 3121 2848 3159 :
2871 3103 3218 3173 desponsabo
3249 3105 3434 3174 itaque
3456 3104 3650 3160 seniori
3667 3118 3727 3157 ex
3753 3099 3858 3155 ﬁliis

587 3229 721 3288 tum,
747 3218 958 3286 nullum
986 3216 1243 3282 iudicium
1277 3215 1752 3279 documentorum,
1785 3209 1932 3280 Tyro
1965 3205 2187 3276 iubetur
2211 3193 2260 3258 C
2291 3199 2586 3256 Alexandri
2612 3209 2781 3264 tuam,
2816 3199 2888 3253 mi
2918 3197 3184 3263 Pherora,
3215 3199 3379 3252 tiliam
3401 3241 3415 3260 ,
3445 3209 3501 3254 et
3528 3207 3582 3254 te
3607 3198 3654 3254 ei
3683 3193 3855 3252 consti-

585 3311 1088 3379 veltementioribus
1116 3308 1404 3376 tormentis
1428 3305 1756 3366 excruciari.
1782 3301 1940 3362 Tune
1964 3299 2192 3356 misera-

587 3415 672 3470 tus
703 3406 844 3472 titius
863 3404 1127 3476 supplicia
1162 3403 1353 3472 patris,
1381 3399 1614 3470 spondet
1636 3408 1948 3467 aperturum
1976 3408 2037 3450 se
2068 3407 2186 3446 om-

589 3499 698 3574 nia,
742 3498 786 3553 si
829 3498 997 3568 patris
1027 3497 1174 3564 salus
1202 3494 1307 3550 sibi
1335 3493 1764 3558 condonaretur,
1790 3497 1954 3558 atque
1993 3501 2025 3539 a
2065 3499 2191 3555 rege

590 3593 852 3666 promissa
871 3591 1024 3659 venia
1041 3591 1298 3661 suggerit,
1314 3587 1457 3658 quod
1483 3587 1748 3656 impulsus
1768 3583 1836 3642 ab
1856 3579 2187 3644 Alexandro,

589 3698 742 3763 pater
766 3701 958 3754 necem
982 3684 1094 3755 regi
1119 3688 1383 3753 parasset.
1414 3680 1583 3750 ldq‘ue
1612 3669 1860 3748 plerique
1887 3673 1954 3730 ad
1979 3683 2193 3741 tempus

592 3781 954 3854 compositum
981 3779 1104 3843 rati,
1136 3785 1192 3842 ut
1223 3777 1316 3840 tali
1342 3776 1582 3846 pignoris,
1606 3773 1807 3830 iudicio
1829 3769 2031 3843 Tyroni
2063 3783 2193 3824 eon-

589 3877 892 3940 suleretur:
936 3873 1024 3928 alii
1077 3884 1174 3942 pro
1219 3883 1348 3926 vero
1389 3867 1627 3928 edictum
1665 3863 2044 3935 loquebantur.
2084 3857 2194 3918 Sed

589 3966 843 4034 Herodes,
867 3963 1034 4032 dubia
1065 3978 1161 4034 pro
1195 3961 1362 4030 certis
1391 3955 1742 4029 adiudicavit,
1775 3965 2051 4025 tamquam
2081 3967 2194 4007 tne-

590 4069 774 4132 tuens,
821 4076 890 4129 ne
920 4056 1195 4129 parricidii
1226 4055 1326 4120 sibi
1362 4053 1592 4116 facultas
1629 4050 1851 4120 periret.
1882 4046 2195 4111 Convocato

592 4157 776 4229 itaque
804 4155 1023 4227 populo,
1055 4163 1109 4210 et
1133 4149 1476 4223 congregatis
1497 4145 1749 4212 ducibus,
1776 4144 1846 4200 de
1870 4141 2079 4201 insidiis
2099 4141 2194 4198 de-

599 4251 886 4324 prehensis
908 4256 1056 4304 motu
1071 4244 1390 4317 gravissimo
1412 4240 1610 4319 promit
1633 4237 1938 4310 querelam,
1960 4234 2192 4304 atquein

594 4358 828 4408 mortem
854 4360 1047 4408 eorum
1068 4342 1281 4413 plebem
1302 4337 1532 4399 excitat:
1556 4336 1740 4404 ibique
1769 4331 1912 4403 Tyro
1936 4345 2060 4386 cum
2086 4327 2196 4383 filio

593 4446 792 4517 pariter
811 4451 973 4513 atque
989 4447 1213 4502 tonsore
1229 4477 1241 4498 ,
1258 4435 1405 4493 saxis
1431 4446 1494 4486 ae
1524 4429 1754 4488 fustibus
1773 4424 2190 4492 interficiuntur.

1175 4525 1405 4588 CAP-UT
1434 4523 1596 4582 XLII.

2294 3300 2439 3352 tuam
2471 3303 2676 3362 patrem
2704 3310 2716 3345 :
2752 3300 2844 3346 tuo
2870 3299 3082 3357 autem,
3111 3290 3418 3356 Antipater,
3452 3290 3566 3346 filio
3593 3285 3857 3344 Aristobuli

2293 3384 2487 3446 ﬁliam,
2525 3393 2582 3439 ut
2611 3382 2714 3441 hoc
2752 3382 2915 3438 modo
2946 3382 3043 3438 ﬁas
3088 3382 3306 3453 pupilla:
3355 3395 3528 3454 pater.
3561 3382 3855 3457 Gertnanam

2293 3491 2510 3547 quoque
2551 3476 2670 3545 ejus
2715 3476 2947 3544 accipiet
2991 3475 3235 3531 Herodes
3276 3491 3466 3542 meus,
3497 3492 3563 3531 ex
3595 3474 3859 3530 Mariamne

2295 3568 2528 3640 Hyrcani
2583 3578 2908 3637 susceptus,
2958 3568 3161 3635 filiam:
3215 3568 3365 3635 haec,
3413 3570 3724 3641 inquit,est
3758 3579 3858 3620 mea

2293 3663 2599 3728 sententiam,
2631 3670 2692 3718 ut
2721 3663 2954 3718 invicem
2983 3663 3088 3719 sibi
3129 3673 3365 3720 coeunte
3388 3665 3583 3734 copula
3601 3666 3859 3734 iungantur

2293 3757 2636 3829 posteritatis
2673 3772 2808 3812 mere
2836 3756 3247 3824 successiones;
3279 3773 3390 3828 quo
3421 3774 3582 3814 nemo
3608 3763 3858 3826 suspectus

2294 3848 2454 3904 alteri
2481 3849 2584 3912 sit,
2615 3859 2671 3905 et
2696 3848 2815 3919 ipse
2845 3849 3316 3919 tranquillior-ibus
3343 3850 3521 3905 oculis
3546 3850 3744 3904 videam
3785 3856 3861 3900 ne.

2297 3951 2450 4012 potes
2480 3957 2662 4006 meos,
2683 3939 2853 4012 'quam
2892 3941 3001 3998 vidi
3053 3956 3244 3997 eorum
3273 3953 3548 4012 parentes.
3581 3941 3773 4009 Quibus
3797 3937 3863 3992 di-

2296 4037 2421 4103 ctis,
2441 4036 2621 4106 junxit
2643 4046 3070 4092 memoratarum
3097 4035 3375 4101 dexteras,
3404 4047 3461 4093 et
3483 4038 3747 4093 osculatus
3771 4035 3864 4088 sin-

2295 4131 2473 4200 gulos,
2495 4129 2878 4202 illacrymavit.
2908 4129 3066 4198 Quod
3088 4130 3397 4200 Antipater,
3421 4131 3723 4186 natantibus
3738 4127 3860 4189 aliis,

2298 4224 2372 4278 ita
2402 4225 2644 4294 graviter
2673 4223 2917 4293 accepit,
2951 4231 3011 4277 ut
3039 4222 3222 4277 statim
3262 4222 3510 4277 dolorem
3548 4239 3697 4277 suum
3723 4221 3863 4274 etiam

2298 4317 2450 4372 vultu
2488 4317 2781 4387 proderet,
2815 4315 2958 4370 haud
2985 4314 3244 4371 mediocri
3268 4317 3602 4372 constrictus
3632 4312 3865 4369 sollicitu-

2297 4409 2426 4472 dine
2441 4452 2455 4476 ,
2478 4409 2624 4482 quod
2650 4407 2945 4468 Alexandri
2975 4407 3099 4464 ﬁliis
3120 4407 3374 4470 Archelai
3396 4409 3542 4480 regis
3562 4417 3617 4463 et
3642 4407 3867 4461 Pberorte

2264 4549 2268 4553 λ
2297 4502 2393 4574 qui
2421 4502 2772 4566 tetrarchiam
2815 4501 3077 4566 tenebat,
3109 4500 3361 4571 suffragia
3394 4508 3685 4572 suppetere
3705 4508 3866 4552 eerne-

659 4630 968 4693 Alexander
997 4641 1216 4698 quoque
1241 4633 1297 4680 et
1329 4585 1675 4678 dristobnlus
1703 4615 1858 4673 missi
1878 4613 1948 4670 ad
2000 4610 2188 4667 urbem

2297 4606 2417 4662 ret,
2450 4595 2670 4652 caeteris
2694 4592 2986 4652 validiora.
3021 4591 3359 4648 Advertebat
3388 4591 3518 4648 odia
3556 4591 3638 4646 sui
3680 4599 3868 4643 cresce-
3956 4608 3966 4624 ι

595 4727 863 4789 Sebasten
899 4737 1022 4793 quae
1064 4735 1172 4784 non
1202 4719 1366 4789 longe
1408 4715 1598 4774 aberat
1633 4711 1708 4769 ab,
1747 4709 1886 4768 urbe
1919 4705 2190 4771 Czesarea,

593 4818 998 4892 strangulantur
1030 4814 1260 4885 imperio
1302 4810 1494 4881 patris.
1538 4806 1692 4866 Hunc
1744 4805 1912 4862 ﬁnem
1957 4799 2198 4856 habuere

595 4915 688 4972 filii
711 4913 1056 4977 Mariatnnoa,
1078 4921 1306 4980 quorum
1330 4905 1552 4962 interitu
1581 4917 1690 4956 non
1719 4899 1939 4968 longum
1957 4894 2193 4958 ltelatus,

595 5010 996 5072 successionem
1034 5001 1138 5061 sibi
1182 4998 1409 5056 remotis
1449 4995 1554 5050 illis
1596 4992 1888 5063 Antipater
1912 4987 2060 5043 baud
2097 4985 2202 5040 du-.

595 5103 684 5159 bie
727 5097 1144 5158 hlandiebatur:
1189 5091 1290 5151 sed
1315 5091 1368 5146 in
1395 5104 1519 5146 eum
1544 5087 1710 5144 totius
1729 5084 1906 5156 gentis
1931 5097 2058 5138 mox
2085 5097 2194 5142 non

597 5198 718 5255 leve
756 5193 946 5260 odium
985 5187 1212 5254 exarsit,
1257 5187 1381 5259 quia
1419 5183 1561 5256 apud
1593 5195 1787 5249 omnes
1826 5178 2046 5249 patebat
2075 5175 2193 5245 ejus

596 5292 831 5348 faetioue
863 5286 1061 5348 fratres,
1085 5281 1422 5348 occubuisse.
1453 5276 1728 5340 Successit
1753 5273 1916 5330 etiam
1945 5285 2050 5326 non
2080 5284 2194 5325 me-

598 5385 796 5457 diocris
836 5385 999 5452 timor
1027 5376 1440 5448 consideranti,
1465 5388 1630 5452 quam
1663 5369 1946 5440 multiplex
1989 5365 2045 5421 in
2079 5364 2202 5457 dies

599 5456 934 5542 adolesceret
980 5472 1389 5532 interfectorum
1423 5466 1696 5537 prosapia,
1729 5478 1856 5519 eum
1889 5456 2202 5516 Alexander

599 5593 665 5633 ex
703 5573 974 5644 Glaphyra
1013 5568 1227 5644 genitos
1257 5562 1363 5619 sibi
1407 5545 1696 5644 Tigranem
1728 5566 1784 5626 et
1824 5551 2200 5624 Alexandrum

600 5668 738 5726 ﬁlios
779 5649 1186 5745 dereliquissett
1206 5654 1530 5730 Aristobulo
1554 5666 1621 5724 et
1651 5647 1916 5722 Beronise
1943 5645 2198 5718 Saburra

599 5869 601 5871 ‘
676 5857 699 5888 ⁸
747 5853 1082 5914 Perculm’m.
1109 5851 1275 5909 Ban.

2298 4707 2356 4749 re
2379 4732 2394 4755 ,
2431 4692 2717 4762 nepotibus
2737 4698 2916 4744 autem
2939 4686 3266 4757 adstipulari
3303 4683 3748 4741 misericordiam.
3774 4677 3866 4733 Nec

2298 4793 2512 4858 poterat
2534 4782 2831 4839 Aristobuli
2861 4781 3027 4838 ﬁliam
3054 4781 3303 4851 recipere
3342 4779 3542 4844 dotoo,
3566 4793 3636 4832 ne
3671 4770 3870 4830 sceleris

2297 4869 2556 4937 indicium
2612 4876 2886 4934 diuturnis
2950 4875 3074 4946 ejus.
3129 4872 3444 4942 aspectibus
3507 4869 3866 4928 oﬂ‘enderetur.

2299 4974 2464 5031 Adire
2496 4989 2602 5029 nou
2650 4971 2888 5027 audebat
2921 4981 3128 5040 patrem
3150 5012 3164 5033 ,
3198 4983 3270 5025 ne
3299 4968 3370 5022 ad
3413 4981 3608 5023 omnes
3644 4961 3870 5020 mobilem

2304 5065 2644 5136 suspiciones
2701 5063 3037 5134 exagitaret,
3093 5062 3138 5117 si
3189 5060 3642 5132 eomplaeitarum
3692 5051 3869 5111 ftedera

2303 5156 2620 5229 nuptiarum
2667 5154 2928 5210 solvenda
2979 5153 3342 5210 existimaret.
3389 5152 3673 5208 Subtiliter
3714 5156 3871 5201 tamen

2304 5251 2652 5322 prmsupmsit
2681 5264 2839 5306 orare
2859 5291 2873 5314 ,
2907 5259 2963 5303 ut
2985 5247 3299 5304 consuleret
3327 5247 3376 5310 ei
3399 5253 3586 5322 pater,
3609 5257 3674 5304 ne
3692 5237 3871 5296 adrer-

2297 5359 2391 5399 sus
2427 5344 2658 5399 duorum
2683 5343 2986 5414 potentium
3017 5357 3150 5412 opes
3179 5341 3325 5413 regis
3353 5323 3410 5404 et
3435 5336 3724 5404 tetrarchae
3749 5328 3871 5391 nudo

2300 5438 2452 5506 regni
2492 5438 2716 5500 nomine
2755 5435 3028 5491 invalidus
3057 5441 3441 5504 exponeretur.
3472 5431 3703 5485 Foveret
3740 5432 3870 5484 certe

2298 5531 2601 5594 honorem,
2635 5545 2795 5614 quem
2840 5528 3326 5587 confoederaudum
3357 5525 3471 5598 filio
3498 5523 3784 5602 iudicaret,
3814 5528 3872 5572 ne

2299 5627 2512 5704 species
2551 5612 2709 5708 regni
2735 5625 2805 5688 ad
2833 5640 2990 5702 eum,
3024 5631 3270 5702 potestas,
3305 5621 3378 5688 ad
3401 5621 3530 5680 illos
3566 5612 3868 5691 perveniret.
