4112 6350
599 321 746 380 2025

1910 328 2162 390 SANCTI
2199 330 2521 391 AMBROSII

3734 351 3851 409 202i

600 451 825 493 necesse
847 434 1073 494 haberet
1110 451 1334 510 regnum
1368 437 1660 496 refundere
1693 449 1738 494 τι.
1764 440 1950 514 Itaque
1992 461 2099 500 non
2135 445 2201 501 ad
2231 460 2282 520 Α
2310 446 2508 518 flagitia
2540 448 2821 505 confitenti
2862 452 2981 509 fore
3016 472 3027 506 :
3058 462 3113 511 at
3152 455 3715 520 intlciantiacervanda
3741 481 3848 536 sup-

604 530 839 588 fructum
897 532 999 587 sibi
1056 533 1208 603 regni
1256 548 1408 603 spem
1459 534 1680 603 datam,
1729 536 1827 592 scd
1872 538 1938 592 ad
1982 539 2200 609 pericu-

603 622 747 691 lum,
781 636 839 680 ut
863 624 1006 682 esset
1032 626 1309 683 decessori
1324 634 1637 699 Suspectus,
1662 632 1963 687 successori
1995 634 2198 703 gravis.

603 715 889 772 Postremo
920 718 1094 788 ipsum
1144 734 1326 789 regem
1359 719 1515 792 longa
1547 730 1831 779 senectute
1874 724 2113 781 vividum
2147 735 2202 782 et

603 807 875 864 intentum
902 808 1143 865 caedibus
1166 826 1415 879 suorum,
1445 813 1529 868 sui
1562 828 1686 870 esse
1707 818 2020 872 testamenti
2047 832 2201 874 exse-

604 913 852 960 cutorem
880 921 900 958 τ
932 912 990 959 ut
1019 918 1180 960 nemo
1209 915 1524 977 superesset
1548 908 1636 976 qui
1664 917 1852 975 posset
1880 909 2196 978 succedere,

601 992 889 1051 ferri'udio
918 997 1068 1067 gravi
1100 996 1154 1052 in
1200 996 1341 1053 filios
1368 1037 1383 1064 ,
1429 1013 1530 1054 nec
1570 998 1635 1054 in
1670 1000 1892 1057 fratrem
1944 1002 2156 1060 minore
2180 1043 2196 1070 ,

600 1090 694 1161 qui
720 1090 822 1146 sibi
848 1088 876 1129 δ
907 1090 1132 1147 dederat
1157 1099 1377 1147 centum
1411 1092 1614 1149 talenta
1639 1135 1655 1162 ,
1705 1110 1805 1150 nec
1832 1110 1956 1151 cum
2006 1105 2199 1165 patruo

603 1196 705 1237 suo
734 1196 1041 1239 sermonem
1096 1183 1344 1241 haberet.
1378 1184 1447 1241 Et
1493 1187 1863 1255 respondente
1908 1186 2147 1243 Pherora
2180 1204 2195 1243 :

603 1273 661 1328 ln
690 1288 799 1345 quo
828 1275 974 1331 enim
1006 1290 1129 1332 eum
1162 1275 1451 1332 laesimns?
1479 1276 1616 1332 Num
1639 1279 1801 1334 etiam
1833 1278 1951 1349 ipse
1983 1293 2201 1335 succes-

602 1383 696 1425 sor
722 1370 888 1425 sum?
940 1371 1194 1427 retulisse
1240 1371 1631 1442 Antipatrum,
1678 1373 2197 1430 nounullashabere

601 1478 725 1518 eum
757 1478 952 1520 causas
1000 1464 1339 1522 offensionis.
1373 1465 1592 1523 Utinam
1635 1468 1852 1524 amissis
1898 1468 2149 1523 omnibus
2175 1510 2189 1535 ,

598 1558 792 1615 liceret
817 1558 1107 1616 oﬂensioni
1132 1575 1192 1616 se
1231 1562 1408 1631 ipsum
1451 1576 1783 1633 componere
1825 1580 1837 1616 ε
1873 1561 2041 1618 feram
2072 1576 2196 1618 esse

600 1650 829 1708 bestiam
855 1693 870 1718 ,
900 1667 1022 1724 quae
1074 1668 1142 1708 ne
1186 1654 1455 1711 mortibus
1480 1654 1702 1725 quidem
1730 1656 2025 1711 satiaretur
2049 1698 2062 1721 ,
2095 1670 2198 1713 nec

598 1752 784 1814 posset
828 1745 1035 1816 perpeti
1085 1745 1249 1801 ullam
1296 1745 1439 1802 inter
1492 1747 1827 1819 propinquos
1871 1747 2193 1803 charitatem

2304 542 2489 612 plicia,
2518 542 2690 614 ipsam
2720 560 2934 618 quoque
2963 550 3305 619 sepulturam
3338 554 3650 624 negandam.
3687 558 3751 614 At
3776 559 3851 614 illa

2305 635 2394 689 ubi
2417 650 2477 691 se
2497 638 2790 709 resumpsit
2813 640 3093 709 paululum
3122 660 3135 696 :
3161 641 3232 699 Et
3250 645 3358 710 cui,
3384 645 3573 717 inquit,
3594 648 3752 704 adhuc
3769 666 3853 722 ego

2305 737 2644 785 secretorum
2671 732 2900 789 servabo
2921 730 2949 771 ἀ
2975 734 3215 802 silentia,
3245 736 3502 805 Pherora,
3532 742 3765 797 mortuo?
3786 741 3852 799 llli

2305 820 2459 876 enim-
2482 822 2646 878 debui
2696 824 2857 880 fidem
2889 827 3143 897 tacendi,
3190 844 3290 900 pro
3333 846 3439 901 quo
3478 832 3721 902 supplicia
3766 848 3853 890 non

2305 930 2645 986 recusarem,
2678 919 2723 975 si
2754 922 3063 977 necessaria
3092 923 3292 980 forent.
3325 924 3434 982 Sed
3465 924 3554 982 ille
3591 942 3725 983 nunc
3742 926 3856 985 liber

2304 1024 2333 1064 a
2362 1011 2712 1080 cruciatibus,
2743 1022 2800 1067 et
2821 1015 2865 1070 si
2897 1023 2920 1051 θ
2951 1014 3241 1072 veniabilis
3268 1018 3470 1074 erroris
3493 1020 3744 1076 correctio
3767 1029 3853 1088 est,

2305 1101 2443 1159 liber
2469 1119 2499 1159 a
2530 1105 2714 1177 culpa.
2742 1107 2882 1174 Quid
2912 1108 3079 1180 igitur
3108 1111 3387 1168 involvere
3419 1113 3692 1170 veritatem
3727 1129 3855 1170 men-

2302 1196 2472 1255 daciis
2498 1198 2518 1238 ί
2550 1200 2784 1273 cogitem
2809 1244 2824 1270 ,
2855 1210 2916 1258 ut
2946 1205 3233 1277 Antipatro
3263 1222 3470 1263 morem
3500 1210 3707 1279 geram?
3743 1209 3855 1265 Par-

2301 1305 2419 1347 cam
2452 1308 2584 1365 ergo
2630 1286 2740 1362 illi,
2783 1311 2889 1352 non
2937 1312 3156 1369 parcam
3208 1300 3381 1357 mihi?
3425 1301 3697 1374 Egregiam
3738 1319 3849 1375 ergo

2302 1388 2610 1443 mercedem
2638 1389 2899 1447 debemus
2932 1392 3081 1461 viro,
3125 1396 3214 1463 qui
3249 1410 3346 1450 nos
3376 1410 3565 1454 omnes
3588 1397 3854 1454 sceleribus

2300 1479 2415 1534 suis
2445 1480 2494 1533 in
2531 1479 2649 1537 haec
2675 1483 2942 1554 supplicia
2982 1485 3228 1541 deduxit.
3262 1487 3402 1544 Audi
3435 1504 3528 1544 rex
3552 1530 3566 1551 .
3613 1488 3716 1544 Deo
3742 1503 3857 1559 pra:—

2301 1573 2423 1630 sule
2450 1616 2465 1643 ,
2498 1574 2592 1645 qui
2622 1576 2775 1631 solus
2803 1579 2933 1634 mihi
2970 1578 3218 1637 veritatis
3247 1581 3449 1637 arbiter
3479 1590 3560 1637 est
3588 1598 3600 1636 :
3634 1582 3856 1653 praposui

2301 1666 2445 1721 enim
2480 1668 2615 1722 nihil
2646 1668 2834 1726 fallere
2867 1689 2879 1725 :
2909 1670 3036 1727 audi
3073 1673 3291 1744 inquam
3321 1716 3335 1741 ,
3366 1673 3461 1730 sed
3493 1674 3635 1744 prius
3661 1683 3854 1745 repete,

2302 1760 2758 1829 quemadmodum
2805 1763 3082 1821 assederis
3123 1765 3432 1838 lacrymans
3461 1781 3711 1839 germano
3738 1767 3857 1838 peri-

601 1837 860 1893 manere!
894 1836 1074 1908 Atque
1113 1838 1320 1893 utinam
1352 1838 1569 1894 amissis
1595 1839 1851 1895 omnibus
1894 1839 2105 1907 liceret,
2140 1848 2190 1894 ut

2302 1852 2533 1921 clitanti,
2563 1863 2619 1909 ut
2642 1855 2954 1926 impleveris
2980 1858 3158 1913 omnia
3182 1860 3327 1915 circa
3363 1860 3652 1917 Pberoram
3692 1860 3849 1918 munia

597 1929 729 1985 nudi
773 1945 897 1987 eum
940 1930 1317 1986 tantummodo
1359 1932 1605 1988 viventes
1654 1932 2051 1999 evaderemus,
2099 1931 2197 1988 sed
2227 1922 2273 1983 B
2304 1952 2329 1990 κ
2358 1944 2443 2014 pia
2471 1922 2876 2017 germaniiaiis;
2908 1950 3107 2020 quibus
3153 1952 3244 2009 me
3292 1952 3546 2021 innexus,
3569 1952 3654 2009 ubi
3682 1952 3856 2009 disces-

595 2022 953 2093 impossibile.
996 2023 1229 2096 Ideoque
1259 2025 1365 2081 sibi
1412 2025 1621 2081 occulta
1654 2026 1722 2082 ad
1772 2034 1988 2098 tempus
2026 2026 2200 2082 collo:

592 2118 740 2188 quia.
771 2117 1148 2174 Necessarium
1190 2127 1373 2175 autem
1416 2118 1533 2175 fore
1562 2130 1774 2191 tempus
1794 2163 1809 2189 ,
1838 2136 1948 2193 quo
1978 2131 2198 2177 uteren—

595 2220 684 2265 tur
710 2210 853 2266 virili
900 2212 1097 2268 mentis
1122 2211 1341 2284 vigore,
1376 2223 1431 2269 et
1456 2214 1674 2269 consilii
1704 2214 1997 2271 vivacitate
2018 2256 2034 2281 ,
2065 2215 2199 2271 dex-

597 2312 732 2360 terae
761 2320 976 2376 quoque
1020 2305 1249 2362 vindicis
1281 2306 1608 2363 ministerio.
1662 2308 1790 2365 Hzec
1835 2323 1865 2362 a
1907 2307 2197 2379 mancipiis

598 2397 654 2453 in
691 2399 957 2470 supplicio
1011 2399 1202 2470 positis
1250 2400 1764 2472 respondebantur,
1818 2411 1875 2458 et
1925 2401 2197 2473 mancipio

598 2492 859 2548 credebat
890 2492 1162 2559 Herodes,
1197 2494 1436 2550 maxime
1465 2494 1588 2565 quia
1619 2493 1687 2550 de
1711 2504 1931 2551 centum
1974 2495 2196 2551 talentis

596 2584 699 2641 soli
732 2585 1021 2657 Antipatro
1055 2585 1305 2652 dixerat,
1342 2602 1443 2643 nec
1472 2586 1614 2643 ullus
1643 2589 1915 2643 sermonis
1946 2587 2065 2658 ejus
2093 2588 2195 2643 ad-

599 2677 779 2735 fuerat
803 2680 1096 2750 interpres.
1119 2679 1426 2737 Succensus
1459 2682 1640 2752 itaque
1671 2680 2045 2751 indignatione
2064 2722 2079 2748 ,
2109 2696 2196 2735 ra-

598 2773 677 2843 pit
697 2772 763 2828 ad
794 2773 1119 2845 supplicium
1150 2773 1439 2845 plerosque
1465 2783 1521 2829 et
1547 2774 1833 2840 innoxios,
1866 2789 1933 2830 ne
1972 2774 2094 2845 quis
2124 2774 2194 2830 de

596 2865 847 2922 obnoxiis
878 2867 1298 2938 relinqueretur.
1333 2869 1649 2924 Accersitur
1677 2868 1745 2924 ad
1774 2869 2040 2940 supplicia
2083 2869 2195 2925 An-

596 2960 794 3030 tipater
826 2961 1202 3019 Samaritanus
1227 3001 1243 3028 ,
1277 2976 1344 3018 eo
1370 2961 1515 3033 quod
1561 2973 1710 3019 esset
1750 2961 2023 3033 Antipatri
2068 2977 2195 3033 pro-

593 3063 835 3119 curator,
866 3064 922 3111 et
951 3053 1185 3111 diversis
1215 3053 1560 3111 excruciatur
1596 3055 1793 3112 modis.
1821 3055 2010 3111 Prodit
2040 3070 2193 3126 qua:-

592 3147 738 3215 stiu,
787 3148 1009 3204 missum
1057 3164 1129 3205 cx
1174 3148 1413 3222 Egypto
1460 3164 1737 3207 venenum
1782 3165 1881 3221 per
1924 3148 2191 3220 Antiphili

591 3240 881 3311 quemdam
937 3242 1455 3311 conturbernalem,
1516 3243 1680 3315 idque
1732 3244 1801 3300 ab
1859 3243 1954 3300 illo
2002 3242 2188 3298 datum

2301 2038 2457 2106 sisti,
2488 2041 2749 2096 continuo
2775 2058 2862 2098 me
2883 2043 2949 2098 ad
2975 2058 3096 2101 sese
3126 2045 3373 2113 vocavit,
3404 2056 3461 2103 et
3493 2048 3566 2103 ait
3594 2064 3606 2100 :
3634 2046 3739 2103 Non
3765 2046 3857 2103 exi-
3950 2048 3961 2065 ‘

2299 2146 2463 2203 guum
2486 2148 2589 2205 ego
2613 2136 2858 2191 muliera
2883 2136 3069 2194 fratris
3100 2140 3295 2196 affectu
3328 2150 3381 2196 et
3411 2141 3589 2197 studio
3618 2141 3855 2207 deerravi,

2300 2225 2394 2295 qui
2425 2227 2504 2281 sic
2532 2228 2757 2285 oderam
2786 2243 3061 2287 amantem
3109 2235 3247 2302 mei,
3284 2244 3340 2291 et
3369 2235 3617 2293 volebam
3643 2235 3857 2293 occidere

2302 2328 2409 2374 tam
2437 2321 2809 2393 impatientem
2841 2324 3048 2381 doloris
3073 2328 3124 2382 in
3151 2330 3410 2398 periculis
3431 2332 3564 2387 meis
3590 2348 3603 2385 :
3628 2331 3761 2387 ferre
3784 2331 3857 2387 illc

2300 2428 2407 2470 non
2431 2424 2611 2485 potest
2631 2414 2937 2488 fortuitum,
2963 2420 3107 2491 quod
3132 2436 3233 2492 ego
3260 2424 3521 2495 urgebam
3547 2425 3816 2481 indebitum
3842 2442 3854 2480 :

2298 2508 2704 2589 circumventus
2744 2526 2865 2567 sum
2907 2513 3085 2569 fateor
3118 2513 3391 2587 Antipatri
3421 2517 3562 2574 dolis
3582 2561 3597 2588 ,
3629 2515 3760 2575 sed'h
3782 2532 3858 2573 co-

2297 2603 2577 2672 gitationis
2605 2604 2724 2675 ejus
2764 2620 2864 2676 ego
2896 2607 3128 2675 pretium
3161 2607 3275 2663 fero
3310 2626 3323 2661 :
3360 2618 3418 2664 tu
3457 2610 3598 2681 quod
3629 2609 3778 2666 babes
3802 2608 3857 2665 ab

2298 2710 2366 2752 eo
2392 2712 2658 2753 venenum
2685 2699 2933 2754 relictum
2953 2741 2968 2765 ,
2999 2699 3133 2755 mihi
3173 2705 3281 2757 cito
3309 2702 3496 2773 perfer
3515 2745 3531 2771 ,
3552 2712 3605 2760 et
3630 2703 3722 2759 sub
3744 2702 3857 2758 meis

2298 2790 2475 2847 oculis
2500 2790 2738 2856 effunde,
2776 2802 2834 2849 ut
2864 2792 2948 2848 vel
2980 2794 3049 2848 ad
3074 2796 3278 2851 inferos
3311 2811 3422 2851 non
3454 2795 3620 2852 feram
3648 2797 3856 2852 animum

2298 2885 2677 2956 parricidalem
2729 2904 2741 2939 :
2786 2887 3109 2957 pmnituisse
3162 2890 3527 2947 correctionis
3582 2893 3685 2959 sit,
3734 2888 3855 2962 quod

2297 2979 2652 3034 criminosum
2700 2989 2782 3034 est
2810 2983 3205 3052 przeparavisse
3238 3000 3252 3037 :
3296 2983 3457 3050 Cito,
3490 2986 3730 3057 inquam,
3758 2998 3857 3040 mu-

2298 3070 2514 3137 lier,ut
2542 3072 2625 3127 vel
2673 3082 2905 3129 mortem
2951 3077 3322 3147 prteveniam,
3370 3080 3626 3150 quoniam
3671 3078 3854 3149 culpam

2298 3166 2536 3235 nequivi.
2585 3165 2721 3222 Tum
2750 3183 2852 3239 ego
2882 3167 3049 3225 detuli
3080 3186 3352 3227 venenum
3381 3215 3394 3239 ,
3430 3183 3484 3229 et
3518 3174 3569 3228 in
3599 3178 3857 3242 conspectu

2300 3258 2418 3329 ejus
2444 3259 2715 3316 exinauivi
2740 3302 2753 3324 ,
2778 3277 2970 3332 parum
3003 3273 3185 3321 tamen
3213 3281 3280 3321 ex
3320 3281 3387 3321 eo
3422 3266 3683 3323 reservavi
3709 3263 3819 3320 mihi
3839 3304 3853 3331 ,

590 3332 899 3390 Theudioni
924 3336 1100 3391 amico
1124 3337 1422 3407 Antipatri,
1452 3353 1549 3408 per
1576 3339 1752 3409 ipsum
1780 3337 2041 3395 Pherora:
2067 3337 2187 3395 red-

2294 3369 2416 3424 qua:
2445 3365 2498 3410 te
2525 3363 2822 3411 metuerem
2848 3399 2862 3422 ,
2902 3366 2959 3412 ut
2986 3368 3134 3415 esset
3165 3359 3469 3417 remedium
3497 3362 3543 3417 si
3572 3360 3856 3429 proderetur

592 3427 788 3494 ditum,
812 3429 900 3484 cui
929 3430 1072 3500 regis
1104 3429 1248 3486 filius
1278 3431 1566 3500 Antipater
1598 3432 2012 3488 exsecutionem
2044 3446 2192 3488 com-

593 3521 835 3588 miserat,
867 3530 927 3576 ut
957 3523 1085 3577 dum
1120 3522 1234 3592 ipse
1268 3524 1322 3577 in
1356 3523 1492 3577 urbe
1538 3522 1709 3577 Roma
1740 3523 2007 3595 degeret,
2039 3532 2190 3595 pater

589 3614 707 3686 ejus
735 3614 980 3672 Herodes
1008 3616 1468 3686 exstingueretur.
1508 3617 1628 3686 Quo
1657 3625 1902 3688 tempore
1944 3618 2091 3673 nulla
2120 3618 2189 3675 de

589 3708 819 3766 absente
842 3719 864 3748 ο
899 3719 1104 3781 parata:
1130 3709 1279 3767 necis
1310 3710 1548 3781 suspicio
1573 3710 1717 3767 foret
1743 3728 1757 3765 :
1789 3712 1886 3767 sed
1917 3711 2189 3768 Pheroras

587 3817 711 3861 cum
751 3802 809 3859 in
839 3811 1090 3875 tempore
1118 3819 1388 3861 venenum
1429 3813 1714 3876 acceptum
1760 3806 1912 3862 uxori
1957 3807 2187 3877 propriae

588 3897 1118 3966 commendavisset,
1165 3900 1399 3956 recurrit
1446 3901 1619 3957 altera
1674 3902 1729 3956 in
1774 3916 1996 3958 uxorem
2048 3902 2188 3959 Phe-

588 4008 729 4048 τοι-ω
750 3992 947 4049 veneni
968 3992 1168 4049 invidia
1197 4012 1211 4049 :
1237 3993 1394 4065 jubet
1435 3993 1583 4051 illico
1623 4009 1720 4050 rex
1749 3994 2006 4051 Pherorre
2052 4010 2187 4051 uxo-

587 4102 701 4143 rem
730 4101 999 4141 venenum
1030 4086 1271 4143 deferre.
1305 4087 1595 4158 Egreditur
1637 4088 1835 4144 mulier
1861 4089 2015 4159 quasi
2064 4104 2185 4158 per-

584 4180 759 4235 latura
786 4180 926 4254 quod
958 4178 1269 4249 petebatur,
1302 4190 1357 4235 et
1391 4194 1511 4235 sese
1539 4180 1608 4236 de
1634 4180 1848 4252 fastigio
1880 4181 2184 4252 praecipitat

581 4272 938 4329 aedificiorum
968 4314 983 4340 ,
1015 4287 1123 4343 quo
1150 4272 1355 4343 gemini
1388 4272 1598 4342 pondus
1641 4273 1888 4330 criminis
1912 4276 2144 4330 evitaret
2166 4316 2179 4341 ,

579 4380 743 4443 atque
787 4370 942 4425 obitu
991 4368 1319 4441 prtnveniret
1346 4369 1606 4425 iudicium
1654 4371 1734 4426 rei
1763 4371 1818 4426 et
1864 4373 2181 4442 quaestionis

578 4464 955 4521 acerbitatem.
984 4462 1091 4520 Sed
1117 4463 1242 4534 quia
1273 4461 1653 4518 maturabatur
1678 4465 1969 4534 Antipatro
1994 4464 2180 4520 feralis

577 4559 711 4616 ultio
738 4559 1046 4631 parricidii,
1072 4574 1181 4615 non
1208 4575 1371 4631 supra
1399 4558 1659 4615 verticem
1688 4558 1882 4628 capitis
1909 4560 2039 4629 ruit,
2069 4575 2178 4631 quo

579 4668 708 4709 casu
738 4652 896 4708 facile
920 4652 1389 4723 exStingueretur,
1417 4652 1511 4708 sed
1541 4652 1593 4707 in
1625 4651 1787 4707 aliam
1820 4660 2027 4723 partem
2057 4667 2179 4708 cor-

580 4749 728 4819 poris
752 4746 990 4814 decidit,
1022 4754 1084 4803 ut
1116 4762 1265 4802 mors
1299 4747 1666 4818 protelaretur
1699 4765 1711 4801 :
1748 4749 2030 4819 consopita
2059 4756 2181 4804 erat

581 4851 761 4898 tamen
785 4855 948 4913 atque
974 4842 1203 4897 attonita
1231 4842 1427 4897 mulier
1449 4884 1463 4910 ,
1495 4843 1621 4914 quia
1661 4860 1725 4898 ex
1766 4844 1878 4900 alto
1904 4843 2180 4900 deciderat

576 4936 719 4991 loco.
758 4935 919 4992 Jubet
965 4950 1085 4991 eam
1116 4936 1392 5007 paulisper
1440 4938 1680 4994 recreari
1716 4938 1957 4996 Herodes
2000 4939 2176 4997 donec

575 5029 645 5084 ad
683 5044 743 5086 se
772 5028 1002 5098 rediret;
1039 5029 1270 5100 spondet
1301 5030 1518 5085 veniam
1540 5073 1555 5097 ,
1588 5031 1632 5086 si
1682 5030 2006 5102 simpliciter
2045 5048 2177 5105 ape-

575 5122 709 5180 riret
733 5132 1006 5195 gestorum
1034 5123 1282 5179 ordinem
1314 5141 1328 5178 :
1361 5140 1468 5178 non
1511 5123 1580 5179 de
1625 5123 1797 5179 nihilo
1827 5139 1952 5182 esse
1978 5168 1992 5193 ,
2026 5128 2170 5198 quod

573 5232 697 5276 sese
728 5218 1181 5289 praecipitaverit,
1214 5217 1310 5275 sed
1341 5218 1523 5289 magni
1574 5218 1825 5273 criminis
1852 5221 2129 5278 consciam
2159 5265 2173 5290 ,

572 5311 953 5383 compendium
973 5311 1224 5383 supplicii
1248 5312 1544 5382 quaesisse;
1574 5311 1840 5383 impunita
1861 5313 1967 5371 sibi
1988 5316 2171 5372 omnia

598 5438 607 5450 ⁸
647 5461 673 5490 ⁸
713 5452 1079 5510 Substitaeret.
1114 5449 1283 5505 ΒΑΜ.

575 5547 597 5562 κ
645 5522 673 5562 ι’
712 5523 949 5579 Dederit.
976 5522 1053 5577 ID.

647 5606 669 5635 α
714 5595 965 5651 Ραιναιω.
996 5594 1073 5650 In.

640 5662 667 5704 δ
708 5666 1008 5725 Silentium.
1041 5665 1116 5723 In.

644 5747 668 5777 ε
706 5739 815 5796 Pro
861 5740 1009 5796 venia
1053 5738 1231 5814 digni,
1265 5747 1323 5795 ut
1367 5738 1585 5795 veniatis
1613 5738 1757 5810 apttd
1803 5740 2157 5869 Macrtlibium.

1981 5824 2057 5869 »Α

1981 5824 2057 5871 D.'.

642 5882 663 5924 τ
704 5881 888 5957 Cogit?
916 5900 984 5939 an
1012 5890 1071 5938 ut
1095 5883 1368 5958 Antipatro
1394 5898 1586 5940 morem
1618 5884 1831 5955 geram?
1862 5884 1943 5943 In.
2048 5872 2058 5886 ’

2293 3457 2541 3516 paratum
2575 3447 2643 3503 ad
2678 3448 2775 3504 hos
2806 3466 2935 3504 usus
2963 3466 3256 3507 venenum.
3302 3452 3402 3510 His
3446 3454 3605 3509 dictis
3634 3452 3852 3527 pyxidem

2290 3553 2413 3595 cum
2446 3555 2513 3595 co
2545 3542 2689 3611 quod
2730 3543 3006 3599 resederat
3034 3546 3230 3602 veneni
3251 3588 3265 3611 ,
3302 3548 3531 3618 protulit
3562 3565 3574 3602 :
3603 3546 3854 3617 subjicitur

2290 3632 2574 3702 quaestioni
2608 3642 2785 3690 mater
2828 3634 3095 3706 Antiphili
3120 3645 3177 3693 et
3209 3636 3222 3675 ί
3258 3638 3459 3707 fratres
3487 3641 3670 3711 ipsius.
3700 3636 3853 3694 Conli-

2292 3737 2475 3785 tentur
2520 3745 2587 3785 ex
2628 3730 2865 3804 Egypto
2920 3733 3258 3804 Antiphilqu
3318 3734 3587 3793 detulisse
3632 3733 3850 3807 pyxidem

2288 3821 2500 3893 plenam
2544 3840 2760 3882 veneno
2785 3868 2799 3893 ,
2846 3827 2991 3899 quod
3037 3829 3128 3885 ille
3176 3831 3481 3901 accepisset
3515 3848 3547 3887 a
3586 3831 3741 3887 fratre
3778 3826 3852 3898 qui

2284 3916 2631 3975 Alexandria:
2655 3932 3095 3978 commoraretur
3115 3923 3219 3979 sub
3247 3926 3535 3982 medicina:
3558 3923 3849 3997 professors.

2287 4009 2726 4081 Deprehenditur
2752 4014 2917 4070 etiam
2963 4016 3286 4074 Mariamnes
3317 4018 3428 4075 filia
3459 4018 3720 4090 pontificis
3745 4015 3853 4071 insi—

2285 4103 2497 4159 diarum
2528 4107 2745 4162 conscia
2773 4149 2789 4173 ,
2821 4123 2941 4179 qua:
2969 4121 3296 4180 pararentur
3327 4113 3558 4181 marito,
3589 4112 3739 4182 idque
3761 4108 3852 4162 fra-

2287 4196 2463 4253 tribus
2491 4199 2611 4269 ejus
2639 4199 2785 4256 inter
2816 4202 3080 4273 supplicia
3126 4206 3520 4263 confitentibus
3565 4202 3853 4261 manifesta-

2286 4298 2396 4345 tur.
2428 4290 2587 4348 Unde
2616 4293 2860 4350 Herodes
2880 4295 3067 4366 junior
3089 4307 3350 4354 materna:
3381 4300 3621 4356 audacia:
3649 4297 3850 4369 pretium

2285 4382 2419 4449 luit,
2452 4400 2613 4455 quem
2655 4386 2711 4441 in
2758 4388 2911 4458 regni
2959 4391 3367 4448 successionem
3420 4392 3703 4464 Antipatro
3745 4386 3854 4444 sub-

2283 4479 2532 4533 stitutum
2564 4479 2705 4536 idem
2733 4482 2747 4532 i
2787 4497 2946 4553 quem
2978 4484 3375 4557 subrogaverat
3406 4497 3589 4557 pater,
3621 4485 3685 4540 de
3712 4490 3852 4538 testa-

2280 4582 2465 4629 mento
2492 4572 2785 4631 delendum
2835 4579 3066 4648 putavit.
3098 4578 3168 4635 Et
3214 4580 3301 4637 hic
3336 4581 3560 4653 quidem
3607 4595 3711 4636 non
3756 4593 3851 4632 tne-

2283 4664 2487 4721 diocris
2516 4681 2674 4723 error
2722 4669 2953 4726 Herodis
3000 4672 3232 4729 senioris
3260 4715 3275 4740 ,
3307 4683 3367 4729 ut
3418 4674 3645 4730 ulterius
3671 4667 3850 4740 ﬂagitio

2282 4758 2659 4831 deprehenso,
2708 4765 2848 4821 alter
2874 4767 3252 4825 mulctaretur.
3288 4769 3395 4827 Sed
3439 4770 3604 4827 etiam
3645 4763 3851 4825 Herodis

2274 4853 2510 4925 junioris
2541 4873 2649 4913 non
2690 4859 2888 4928 injusta
2922 4863 3203 4921 mulctatio
3230 4883 3243 4919 :
3275 4880 3399 4920 nam
3434 4865 3691 4921 divinitus
3730 4873 3851 4932 pra:-

2280 4958 2497 5004 Cautum
2530 4950 2744 5007 videtur
2767 4993 2781 5017 ,
2819 4964 2880 5009 ut
2929 4954 3058 5013 licet
3086 4958 3325 5012 nondum
3356 4957 3483 5014 facti
3525 4959 3608 5014 sui
3638 4953 3849 5015 merito,

2282 5050 2462 5098 tamen
2494 5043 2565 5099 ob
2600 5046 2828 5113 pretium
2859 5045 3057 5103 futura:
3109 5050 3472 5121 improbitatis
3524 5062 3687 5121 regno
3719 5042 3849 5099 abdi-

2278 5141 2516 5209 caretur.
2550 5134 2683 5191 Nam
2717 5136 2839 5209 quis
2865 5153 2989 5194 eum
3018 5130 3201 5211 regem
3229 5143 3440 5213 perpeti
3470 5140 3749 5212 potuisset,
3769 5131 3849 5206 qui

2281 5227 2552 5284 tetrarcba
2602 5238 2709 5285 tam
2759 5231 3001 5288 insolens
3041 5233 3179 5303 fuit,
3230 5244 3289 5291 ut
3320 5235 3541 5292 tolerari
3580 5226 3848 5302 nequiret?

2276 5319 2546 5394 Adjicitur
2570 5325 2739 5381 etiam
2767 5326 2915 5383 aliud
2940 5328 3185 5386 veneficii
3214 5344 3405 5401 genus,
3433 5327 3580 5401 quod
3607 5321 3846 5383 Batliillus

2348 5470 2373 5534 β
2414 5460 2529 5534 Bias
2556 5464 2931 5534 germanitatis.
2960 5465 3041 5522 Ib.

2345 5528 2371 5569 ιι
2415 5532 2536 5589 Vet.
2556 5528 2717 5605 cod.,
2744 5538 3085 5610 contagionis.
3106 5538 3229 5595 Mox
3250 5554 3399 5609 vero,
3432 5539 3648 5612 pretium
3664 5539 3842 5660 lferam.

3688 5622 3738 5661 υ.

2346 5682 2396 5753 i_
2411 5675 2601 5753 Frater
2632 5680 2837 5753 rectius
2867 5696 2935 5738 ex
2965 5691 3077 5739 vet.
3109 5676 3331 5753 codice,
3367 5690 3423 5741 et
3448 5679 3686 5752 Josepho
3715 5674 3799 5733 lib.
3828 5684 3844 5726 t

2268 5746 2337 5805 de
2361 5748 2499 5806 Bell.
2527 5766 2652 5822 cap.
2681 5752 2772 5810 i9.
2800 5753 2876 5810 In.

2344 5818 2359 5869 i
2409 5820 2533 5887 Qui.
2566 5822 2644 5881 In.
