4112 6350
324 299 462 357 2025

1182 299 1454 362 IIISTOR.
1494 302 1586 360 DE
1623 303 1905 363 EXCIDIO
1946 304 2216 363 HIEROS.
2258 306 2465 365 URBIS
2504 305 2636 364 LIB.
2675 306 2718 363 I.

3477 317 3620 375 2020

325 413 584 486 Antipatri
634 413 866 472 libertus
911 413 1166 474 Pherorae
1216 428 1272 476 et
1320 422 1436 491 ejus
1486 423 1642 477 uxori
1683 423 1916 490 detulit,
1949 430 1994 486 Α
2025 424 2163 478 dalis
2212 424 2317 480 sibi
2344 425 2616 480 sublatum
2664 421 3096 495 ingemiscebat,
3147 440 3248 485 nec
3291 431 3467 488 solum
3515 452 3624 493 non

321 509 678 582 compositum
725 526 789 566 ex
820 513 998 569 succis
1044 524 1359 587 serpentum
1387 558 1402 582 ,
1436 525 1489 572 et
1534 532 1746 572 veneno
1773 517 1921 588 aspi-

322 603 448 660 dum
476 643 492 671 ,
533 613 594 659 ut
637 605 684 660 si
717 603 954 676 primum
999 623 1110 662 non
1151 609 1528 665 convaluisset
1569 609 1636 665 ad
1685 619 1916 666 mortem

321 696 573 768 Ilerodis,
604 698 844 755 secundo
871 710 1180 756 uteremur.

898 793 1128 853 CAPUT
1157 795 1344 854 XLIV.

395 888 759 960 Reperiuntur
784 889 950 945 etiam
982 890 1180 947 litterae
1208 891 1470 948 adversus
1497 893 1827 950 Archelaum
1866 902 1923 948 et

320 980 630 1054 Philippum
674 982 876 1039 fratres
921 985 1240 1056 composita:
1283 1007 1297 1042 :
1331 986 1387 1041 hi
1417 987 1565 1058 regis
1589 995 1749 1043 erant
1779 986 1878 1041 ﬁlii
1902 1027 1918 1055 ,

316 1079 413 1148 qui
454 1077 644 1133 Romae
691 1076 1152 1147 instituebantur,
1205 1093 1342 1149 quos
1390 1078 1678 1150 Antipater
1723 1094 1787 1134 ea
1835 1079 1920 1135 vel

319 1173 558 1230 maxime
595 1187 762 1229 causa
809 1173 1134 1244 appetebat,
1188 1175 1333 1246 quod
1380 1174 1600 1231 videbat
1650 1190 1759 1231 non
1810 1190 1926 1231 mc-

318 1269 493 1324 diucri
528 1268 785 1339 praeditos
827 1269 1090 1340 sapientia
1113 1310 1129 1338 ,
1160 1284 1326 1342 super
1363 1285 1500 1341 quos
1544 1284 1644 1326 rex
1688 1267 1921 1340 patrium

317 1365 561 1427 animum
593 1363 916 1421 reclinahat.
949 1365 1191 1435 Denique
1219 1373 1546 1422 evocaverat
1575 1379 1672 1420 cos
1701 1362 1922 1433 litteris,

320 1469 381 1512 ut
413 1458 674 1513 maturius
721 1457 942 1513 domum
974 1458 1418 1530 regrederentur.
1475 1457 1706 1515 Obstare
1741 1459 1925 1531 itaque

319 1567 420 1608 eos
469 1552 580 1608 suis
626 1551 951 1609 utilitatibus
1000 1553 1286 1623 Antipater
1322 1553 1726 1623 arbitrabatur,
1759 1562 1924 1626 atque

319 1645 644 1702 incumbere
665 1647 780 1702 suis
802 1646 1011 1702 artibus
1031 1688 1046 1714 ,
1077 1655 1138 1703 ut
1167 1662 1263 1719 spe
1293 1647 1722 1704 adolescentium
1755 1649 1925 1704 simu-

318 1741 432 1797 lata
464 1784 478 1809 ,
511 1743 694 1798 omnia
751 1741 1003 1797 factionis
1043 1758 1156 1798 sua:
1215 1742 1392 1798 studia
1444 1743 1919 1800 obumbrarentur.

320 1837 618 1908 Componit
662 1838 844 1910 itaque
879 1835 1141 1908 epistolas
1185 1838 1406 1895 nomine
1437 1839 1679 1894 virorum
1727 1847 1923 1909 poten-

318 1932 456 1987 tium
481 1975 497 2000 ,
528 1948 664 2004 quos
692 1932 882 1989 Romae
905 1943 931 1971 ει
964 1946 1166 2005 posrtos
1211 1932 1264 1988 in
1298 1948 1451 1989 suam
1482 1933 1776 1990 amicitiam
1806 1933 1925 1990 ille-

319 2036 480 2081 xerat
510 2043 522 2079 :
553 2026 676 2081 aliis
697 2042 913 2099 quoque
946 2028 1122 2098 pretio
1148 2034 1450 2095 extortum,
1498 2035 1555 2082 ut
1580 2027 1922 2096 scriberent,

321 2122 468 2194 quod
505 2123 887 2180 adolescentes
916 2122 1128 2179 infestis
1157 2131 1366 2194 patrem
1390 2121 1529 2178 odiis
1558 2130 1843 2193 urgerent,
1874 2129 1929 2178 et

322 2217 498 2272 nimio
520 2227 718 2290 questu
757 2227 990 2275 mortem
1040 2217 1337 2274 Alexandri
1367 2225 1423 2273 et
1467 2215 1770 2273 Aristobuli
1825 2217 1924 2273 de-

322 2299 633 2384 ploraretit.
667 2312 738 2369 Et
781 2328 906 2370 cum
939 2312 1252 2384 hujusmodi
1282 2311 1547 2384 epistolas
1575 2310 1928 2367 clandestinis

329 2407 544 2462 artibus
583 2421 679 2478 per
707 2406 917 2464 aulicos
946 2406 1173 2462 sceleris
1200 2406 1284 2462 sui
1325 2404 1641 2473 ministros,
1674 2405 1814 2477 patri
1847 2405 1930 2460 in-

321 2510 573 2574 gereret,
606 2502 796 2558 eadem
846 2503 1086 2559 versutia
1107 2543 1122 2570 ,
1156 2517 1262 2574 qua
1293 2517 1459 2574 supra
1500 2501 1792 2558 simulabat
1820 2499 1930 2556 fra-

323 2607 473 2655 trum
497 2599 946 2667 intercessorem,
980 2606 1038 2654 ut
1064 2605 1332 2668 prmlento
1355 2597 1574 2666 pietatis
1598 2594 1926 2668 patrocinio,

324 2691 621 2763 impietatis
650 2693 966 2749 subtexeret
1003 2691 1376 2764 parricidium.
1425 2690 1632 2759 Quibus
1677 2689 1932 2746 omnibus

325 2788 385 2844 in
418 2789 656 2845 medium
689 2789 940 2846 deductis
969 2805 1093 2845 cum
1129 2789 1554 2862 quaestionibus,
1588 2788 1758 2860 patris
1782 2789 1892 2844 vita
1913 2829 1929 2858 ,

327 2883 576 2954 epistolis
599 2928 614 2954 ,
647 2899 796 2940 mors
826 2884 1052 2940 fratrum
1094 2884 1334 2954 appetita
1365 2882 1773 2940 evidentissime
1801 2896 1934 2954 pan-

328 2979 557 3036 deretur
591 2998 604 3035 :
637 2978 666 3017 b
697 2978 986 3035 consilium
1017 2977 1287 3035 difﬁnitur
1311 3019 1327 3048 ,
1361 2977 1430 3035 de
1471 2985 1697 3035 auctore
1727 2975 1935 3049 suppli-

329 3073 475 3129 cium
507 3073 836 3130 sumendum
862 3114 878 3142 ,
903 3074 993 3145 qui
1029 3073 1336 3145 posteriora
1364 3073 1695 3144 prodidisset
1719 3072 1934 3131 calum-

329 3169 444 3236 nia,
478 3169 623 3239 quod
653 3183 946 3242 germanos
974 3183 1106 3226 suos
1133 3184 1242 3226 non
1271 3169 1428 3240 quasi
1465 3166 1769 3241 parricidas
1792 3209 1807 3234 ,
1838 3165 1934 3223 sed

2023 517 2356 588 processisse
2385 516 2610 573 sceleris
2645 527 2963 588 apparatum
2995 559 3007 583 ,
3041 533 3230 575 vermn
3261 522 3426 580 etiam
3454 541 3620 584 vene-

2022 625 2150 667 num
2183 626 2243 668 se
2269 610 2484 668 dedisse
2527 611 2722 667 terrori
2750 620 2903 679 erat,
2935 627 3006 669 ne
3027 612 3070 683 ξο
3103 617 3378 684 quomodo
3418 619 3485 674 ad
3534 635 3618 676 co-

2021 704 2324 777 gnitionem
2354 704 2521 776 Regis
2549 705 2890 776 perveniret,
2917 715 2971 761 et
2997 706 3088 764 ille
3125 723 3345 766 scenam
3375 712 3623 770 criminis

2024 798 2353 871 publicaret.
2387 799 2604 856 Transit
2629 800 2810 871 itaque
2837 802 2892 856 in
2920 810 3134 871 portum
3162 803 3426 861 Caesareae
3455 806 3625 864 haud-

2023 910 2294 968 quaquam
2346 910 2550 953 vacuus
2579 895 2845 967 gravioris
2895 912 3042 952 curae
3090 912 3155 954 ac
3195 899 3622 968 sollicitudinis,

2024 1003 2150 1045 cum
2188 987 2214 1026 ἀ
2248 989 2296 1045 ei
2337 990 2501 1046 etiam
2551 999 2726 1046 mater
2771 1005 2879 1047 non
2927 991 3202 1050 mediocre
3253 995 3623 1066 prtejudicium

2024 1083 2404 1140 condemnatae
2451 1084 2659 1141 sobolis
2685 1084 2858 1141 daret.
2905 1085 3011 1143 Sed
3054 1089 3374 1160 urgentibus
3395 1091 3586 1147 amicis
3609 1134 3624 1159 ,

2029 1177 2124 1247 qui
2154 1177 2344 1247 patria:
2375 1177 2670 1249 cupiditate
2707 1182 3081 1250 postponenda
3112 1183 3293 1238 omnia
3322 1199 3441 1256 qua:
3468 1185 3626 1241 Anti-

2023 1279 2179 1340 patro
2227 1270 2623 1338 conducerent,
2669 1274 3066 1330 arbitrarentur
3109 1292 3123 1329 :
3166 1286 3188 1313 ο
3245 1277 3481 1350 denique
3534 1297 3626 1335 ex-

2025 1370 2275 1433 spectato
2301 1363 2418 1437 ejus
2451 1365 2690 1436 ingenio,
2720 1381 2828 1438 quo
2851 1367 2937 1423 vel
2966 1383 3215 1424 aversum
3250 1379 3457 1440 patrem
3486 1387 3514 1427 a
3543 1374 3626 1427 sui

2025 1458 2198 1527 gratia
2230 1458 2388 1514 facile
2429 1459 2671 1516 consiliis
2705 1459 2817 1516 suis
2847 1459 3070 1518 flectere
3095 1464 3288 1520 solitus
3317 1476 3461 1533 erat,
3498 1465 3628 1522 hor-

2026 1551 2265 1608 tantibus
2285 1560 2343 1608 ut
2361 1567 2482 1609 sese
2507 1553 2646 1624 patri
2671 1563 2728 1609 et
2747 1555 3134 1624 praedestinato
3161 1558 3263 1614 sibi
3285 1573 3454 1630 regno
3478 1560 3630 1616 ocius

2026 1654 2464 1717 repraesentaret,
2490 1647 2634 1718 quod
2666 1663 2828 1704 nemo
2858 1648 3084 1705 auderet
3111 1665 3178 1707 eo
3200 1662 3470 1722 praesente
3493 1668 3630 1709 cou-

2027 1751 2110 1798 tra
2140 1743 2237 1799 niti
2268 1760 2280 1797 :
2320 1743 2416 1800 sed
2449 1743 2664 1799 occasio
2695 1743 2960 1800 absentia:
2990 1745 3110 1816 ejus
3137 1747 3250 1803 sola
3281 1749 3523 1820 arserit,
3573 1760 3635 1807 ut

1954 1868 1999 1930 Β
2028 1837 2205 1892 averti
2250 1851 2413 1908 posse
2455 1835 2527 1893 ab
2573 1851 2639 1894 eo
2674 1837 2820 1908 regis
2868 1837 3083 1895 animus
3129 1841 3519 1898 aestimaretur.
3566 1844 3634 1900 Et

2028 1931 2153 1988 ideo
2200 1930 2648 2003 praeveniendum
2690 1941 2905 1988 mature
2931 1973 2947 2000 ,
2983 1948 3052 1989 ne
3096 1935 3434 1993 demorando
3464 1937 3636 2010 magis

2028 2035 2123 2080 aut
2146 2023 2551 2082 desiderantem
2582 2024 2915 2094 offenderet,
2949 2034 3043 2082 aut
3067 2037 3380 2099 suspectum
3410 2046 3634 2088 exacer-

2028 2119 2216 2188 baret,
2263 2133 2388 2175 cum
2419 2118 2777 2176 diffidentiam
2818 2122 2900 2177 sui
2935 2121 3215 2193 proderet.
3249 2121 3495 2182 Credidit
3524 2125 3632 2182 ita-

2029 2228 2138 2286 que
2165 2211 2386 2284 magisf
2423 2213 2667 2270 volentia
2694 2230 2857 2285 quam
2901 2217 3214 2272 necessaria
3255 2218 3633 2278 suadentibus.

2030 2306 2232 2364 Verum
2258 2307 2352 2363 ubi
2393 2316 2609 2378 portum
2633 2308 2912 2380 ingressus
2939 2318 3024 2366 cst
3043 2353 3057 2379 ,
3086 2326 3265 2382 neque
3295 2328 3624 2384 quemquam

2031 2401 2139 2458 sibi
2174 2402 2392 2458 obvium
2424 2403 2934 2475 circumspectavit,
2984 2413 3041 2461 et
3086 2407 3241 2476 quasi
3287 2416 3494 2478 pestem
3539 2409 3639 2464 ali-

2033 2508 2196 2565 quam
2229 2496 2402 2551 sensit
2437 2510 2590 2551 suam
2623 2497 2977 2567 praesentiam
3006 2497 3310 2567 declinari,
3340 2499 3392 2554 in
3426 2515 3636 2557 summa

2017 2588 2281 2645 locorum
2314 2590 2626 2662 frequentia
2654 2591 2943 2646 maximam
2969 2591 3320 2648 solitudinem
3344 2633 3360 2660 ,
3387 2609 3513 2649 cum
3541 2609 3636 2650 oc-

2034 2697 2260 2740 currere
2304 2699 2467 2743 nemo
2497 2684 2728 2742 auderet
2760 2705 2773 2742 :
2804 2686 3172 2743 metuentibus
3204 2686 3358 2755 aliis,
3388 2689 3511 2744 aliis
3540 2689 3640 2745 ad-

2032 2778 2413 2848 versantibus,
2447 2779 2652 2835 etenim
2691 2778 2746 2835 id
2778 2781 3042 2851 temporis
3073 2787 3128 2835 et
3155 2779 3280 2836 odia
3306 2795 3417 2852 quo
3458 2781 3639 2838 minus

2035 2883 2099 2928 se
2131 2878 2414 2942 tegerent,
2450 2873 2832 2930 auctoritatem
2864 2884 3218 2944 acceperant,
3254 2883 3511 2945 reputare
3546 2891 3634 2932 se-

2035 2978 2162 3021 cum
2193 2965 2407 3022 scelera
2433 2981 2532 3022 sua
2559 2965 2756 3037 coepit,
2789 2973 2846 3022 et
2873 2968 3221 3023 conscientia:
3246 2969 3481 3024 stimulis
3508 2985 3637 3026 exa-

2037 3057 2217 3130 gitari,
2246 3058 2453 3114 nullum
2478 3058 2618 3130 fugae
2641 3059 2820 3115 locum
2845 3076 3022 3131 neque
3044 3061 3315 3118 evadendi
3338 3061 3640 3119 subsidium

2040 3152 2146 3208 sibi
2203 3151 2499 3208 relictum:
2533 3153 2968 3210 circumventum
3016 3170 3076 3211 se
3120 3155 3272 3211 velut
3317 3156 3642 3226 quibusdam

331 3263 491 3333 quasi
516 3261 776 3334 legitimae
818 3262 1186 3319 successionis
1210 3261 1437 3319 aemulos
1463 3268 1887 3332 persequeretur
1917 3274 1930 3313 :
1965 3285 2012 3353 ο
2043 3248 2254 3305 felibus
2298 3256 2352 3304 εἴ
2379 3256 2598 3320 εθιτιυηι
2636 3250 2813 3306 teneri
2847 3267 2861 3304 ε
2905 3249 3158 3306 ηάιιοίοῐη
3187 3266 3406 3309 omnem
3438 3268 3650 3309 3550m-

329 3373 446 3414 non
473 3373 581 3429 quo
610 3369 818 3431 patrem
841 3357 1186 3427 defenderet,
1219 3358 1316 3416 sed
1347 3373 1416 3414 ne
1446 3364 1756 3414 consortem
1783 3356 1939 3429 regni

329 3451 584 3510 haberet.
635 3453 852 3512 Interea
901 3469 1027 3511 cum
1090 3463 1300 3526 septem
1349 3454 1618 3510 mensium
1668 3451 1939 3509 curricula

331 3549 482 3605 inter
529 3549 857 3607 documenta
898 3550 1269 3623 ﬂagitiorum,
1299 3559 1355 3608 et
1384 3550 1619 3608 reditum
1669 3551 1939 3621 Antipatri

332 3642 838 3713 concluderentur,
885 3644 1036 3700 nulla
1080 3646 1368 3701 innotuere
1411 3643 1702 3716 Antipatro
1742 3642 1940 3699 indicia

333 3752 525 3793 rerum
551 3747 851 3810 gestarum,
888 3748 1035 3795 tanta
1066 3739 1209 3796 circa
1242 3754 1367 3795 eum
1399 3739 1785 3794 universorum
1818 3735 1945 3791 odia

333 3832 648 3890 fervebant.
677 3831 927 3890 Incertus
954 3833 1118 3905 igitur
1159 3834 1442 3901 omnium,
1483 3831 1672 3888 scribit
1715 3846 1780 3887 ex
1809 3829 1945 3885 urbe

333 3927 512 3984 Roma
541 3928 802 3986 continuo
824 3945 883 3986 se
911 3929 1102 3986 adfore
1131 3971 1146 3999 ,
1171 3942 1498 4000 summoque
1529 3941 1588 3984 se
1621 3925 1831 3982 honore
1857 3923 1942 3979 di-

331 4023 568 4078 missum
595 4039 626 4080 a
653 4022 871 4080 Caesare
916 4041 930 4078 :
961 4025 1160 4095 quibus
1204 4023 1400 4079 litteris
1451 4021 1645 4088 lectis,
1692 4018 1950 4077 rescribit

329 4118 589 4175 Herodes
636 4129 909 4178 maturato
935 4136 1060 4178 eum
1089 4118 1428 4177 contendere
1468 4123 1727 4189 oportere
1747 4155 1762 4182 ,
1791 4128 1948 4171 secu-

332 4229 463 4271 rum
505 4213 732 4272 affectus
777 4215 1022 4287 paterni,
1051 4214 1138 4270 cui
1179 4227 1286 4269 non
1318 4211 1494 4271 solum
1523 4208 1660 4265 nihil
1692 4208 1948 4264 imminu-

334 4319 457 4365 tum
489 4325 585 4381 per
620 4310 923 4368 absentiam
965 4310 1137 4375 foret,
1171 4323 1360 4364 verum
1391 4307 1557 4364 etiam
1607 4312 1754 4360 tanta
1792 4317 1951 4359 acce-

333 4403 504 4460 deret
529 4405 724 4476 gratia,
755 4414 817 4462 ut
842 4405 962 4476 ejus
1005 4404 1251 4461 contuitu
1283 4403 1476 4459 matris
1503 4399 1709 4457 offensa
1738 4400 1949 4454 minue-

337 4501 515 4549 retur.
547 4496 682 4552 Nam
707 4497 900 4554 iterum
929 4496 1092 4554 domo
1126 4511 1246 4553 eam
1275 4493 1676 4566 deprehensam
1710 4493 1762 4546 in
1803 4501 1952 4547 artes

339 4587 448 4642 filii
472 4593 780 4646 consentire
801 4635 818 4657 ,
849 4592 1130 4649 consortio
1157 4600 1382 4648 exutam
1411 4589 1576 4661 regite
1606 4586 1952 4645 liberalitatis

2045 3346 2155 3416 psit
2181 3359 2250 3401 ex
2273 3343 2608 3416 impudentia
2636 3386 2651 3412 ,
2680 3355 2740 3401 ut
2778 3343 3132 3402 dissimulatis
3155 3347 3410 3403 omnibus
3443 3347 3649 3419 impro-

2047 3441 2222 3495 visum
2251 3455 2312 3496 se
2343 3439 2483 3510 patri
2505 3438 2764 3508 offerret,
2813 3440 2868 3496 in
2913 3443 3231 3514 amplexum
3281 3451 3496 3512 rueret,
3528 3444 3646 3514 pic-

2044 3534 2173 3590 tatis
2196 3532 2373 3589 officia
2403 3532 2792 3604 prmtenderet.
2826 3533 3026 3590 Verum
3073 3535 3162 3591 ille
3191 3537 3438 3592 extensis
3477 3536 3650 3591 mani-

2045 3624 2150 3681 bus
2182 3625 2520 3697 ingerentem
2543 3640 2667 3682 sese
2694 3627 2972 3698 repellens
3001 3636 3059 3684 et
3086 3628 3361 3684 reclinans
3389 3639 3550 3699 caput
3583 3645 3651 3685 ne

2046 3717 2335 3788 parricidae
2383 3717 2572 3773 osculo
2618 3719 3032 3791 contingeretur
3057 3761 3070 3786 ,
3102 3720 3430 3776 exclamavit
3469 3720 3652 3777 ethoc

2048 3825 2172 3867 esse
2201 3811 2456 3867 amentiae
2492 3811 2837 3883 parricidalis
2861 3853 2876 3876 ,
2909 3822 2968 3867 ut
3005 3813 3318 3885 amplexum
3343 3825 3496 3886 petas
3521 3856 3535 3881 ,
3565 3816 3653 3870 cui

2048 3901 2283 3960 invisum
2323 3913 2376 3960 te
2405 3907 2753 3976 recognoscis
2777 3947 2794 3975 ,
2828 3915 2889 3961 ut
2928 3906 3158 3962 horrore
3199 3906 3278 3962 tui
3325 3906 3533 3964 afﬁcias
3560 3923 3656 3979 pa-

2051 4006 2219 4068 trem,
2249 4007 2308 4055 et
2341 4007 2596 4056 contactu
2628 4001 2778 4056 noxii
2807 4002 3054 4071 corporis
3081 4001 3298 4058 vivendi
3331 4002 3654 4059 suavitatem

2051 4102 2405 4166 extorqueas.
2432 4093 2512 4152 Ne
2535 4094 2700 4167 igitur
2730 4097 3027 4169 contigeris
3050 4139 3066 4166 ,
3100 4113 3170 4154 ne
3199 4099 3615 4155 attaminaveris
3641 4142 3654 4167 ,

2049 4202 2213 4260 quem
2260 4187 2471 4244 scelere
2501 4187 2709 4259 petisti.
2757 4189 2934 4262 Purga
2983 4199 3133 4246 certe
3171 4191 3327 4262 prius
3365 4192 3410 4246 si
3455 4200 3612 4262 potes
3637 4232 3652 4256 ,

2052 4287 2390 4358 deprehensa
2423 4288 2571 4344 dilue
2605 4305 2619 4342 :
2647 4286 2914 4359 judicium
2953 4302 3062 4342 non
3092 4285 3358 4359 refugiam
3382 4329 3396 4355 ,
3425 4301 3529 4344 nec
3556 4303 3656 4343 au-

2055 4384 2318 4441 dientiam
2350 4383 2452 4440 tibi
2484 4382 2673 4454 negari
2704 4383 2911 4454 patiar,
2935 4397 3039 4439 nec
3077 4381 3212 4438 mihi
3244 4383 3358 4453 ipse
3385 4396 3658 4438 assumant

2054 4480 2462 4552 cognitionem,
2513 4493 2613 4535 nec
2661 4475 3082 4549 argumentandi
3157 4475 3252 4533 tibi
3312 4476 3660 4533 occasionem

2055 4574 2390 4646 relinquam.
2423 4574 2744 4645 Opportune
2773 4572 2932 4629 adest
2961 4570 3135 4627 Varus
3161 4611 3176 4638 ,
3207 4569 3348 4642 apud
3375 4585 3539 4642 quem
3569 4570 3661 4626 dc-

340 4681 690 4752 compcndiis
719 4680 1126 4750 cumulaverat.
1155 4687 1244 4742 cui
1295 4701 1356 4742 se
1407 4684 1765 4742 remissurum
1806 4681 1951 4737 indi-
1975 4698 2031 4759 Β
2056 4670 2362 4730 fensionem
2387 4672 2463 4727 tui
2483 4670 2875 4743 prmpara.Nec
2897 4669 3180 4727 differendi
3205 4669 3359 4726 locus
3386 4688 3397 4725 :
3422 4671 3661 4727 crastina

339 4777 666 4848 gnationem
693 4775 1022 4846 scriptorum
1050 4776 1234 4847 specie
1265 4777 1669 4844 manifestarct,
1704 4783 1952 4831 metuens

342 4884 425 4926 nc
471 4879 747 4940 comperta
794 4869 986 4924 matris
1034 4857 1392 4939 expulsione,
1441 4868 1780 4937 suspiciones
1827 4880 1955 4922 suas

341 4963 639 5033 Antipater
670 4963 736 5018 ad
767 4962 1073 5019 cavendum
1099 4962 1481 5020 exsuscitaret.
1514 4960 1826 5017 Adveniens
1855 4960 1958 5017 ita-

340 5073 490 5130 que,
524 5056 743 5112 Tarenti
777 5058 1010 5128 primum
1050 5056 1117 5113 de
1147 5055 1409 5114 Pherorte
1457 5056 1610 5112 obitu
1660 5054 1954 5125 cognovit,

340 5152 538 5224 ibique
569 5153 770 5208 luctum
800 5167 1054 5224 magnum
1077 5154 1360 5221 exercuit,
1394 5151 1538 5222 quod
1569 5166 1598 5205 a
1631 5149 1954 5222 quihusdam

340 5245 571 5317 pietatis
601 5244 819 5301 affectui
849 5246 1036 5301 datum
1058 5286 1073 5311 ,
1105 5261 1173 5301 eo
1208 5244 1352 5316 quod
1381 5245 1559 5316 patrui
1585 5252 1820 5299 mortem
1848 5243 1956 5298 im-

339 5339 630 5410 patienter
654 5338 886 5396 doleret.
917 5338 1012 5396 Ille
1035 5347 1220 5397 autem
1243 5339 1555 5396 ministrum
1579 5339 1694 5396 ausi
1726 5336 1958 5410 parrici-

429 5517 452 5544 α
495 5505 729 5561 Positus.
761 5503 933 5559 Bann.

426 5577 455 5618 Β
495 5578 748 5634 Concilio.
782 5577 852 5631 Et
879 5591 1004 5630 mox
1030 5575 1332 5646 posteriore.
1359 5573 1436 5630 In.

431 5663 454 5691 ο
500 5651 717 5718 Quoque
747 5647 924 5703 modo.
956 5648 1032 5703 in.

429 5721 456 5761 ά
500 5723 687 5796 Ejecta
711 5732 779 5776 et.
801 5719 878 5775 In.

432 5807 454 5834 ο
496 5789 698 5850 D'einde
737 5801 970 5866 experto.
1007 5793 1069 5848 Et
1100 5793 1263 5864 paulo
1299 5799 1426 5864 post
1446 5789 1705 5866 :arriserit
1733 5802 1833 5861 pro
1867 5804 1958 5845 ar-

345 5870 500 5932 serit.
536 5869 612 5925 in.

801 5965 1075 6027 Pnnoc.
1126 5962 1269 6024 XV.

2057 4765 2146 4822 die
2173 4805 2188 4832 ,
2240 4766 2490 4835 quamvis
2519 4764 2660 4820 dolis
2716 4772 2776 4820 et
2829 4762 3108 4819 fraudibus
3141 4762 3402 4833 praeditus
3427 4805 3442 4830 ,
3493 4761 3662 4819 habes

2060 4860 2322 4932 purgandi
2373 4859 2452 4914 tui
2499 4860 2736 4931 copiam.
2790 4857 2862 4914 At
2904 4858 2994 4913 ille
3035 4857 3446 4930 obstupefactus
3497 4867 3663 4914 tantae

2059 4950 2448 5008 commotionis
2479 4967 2680 5024 pavore
2705 4991 2719 5020 ,
2749 4951 2827 5007 nil
2854 4961 2939 5007 est
2976 4965 3141 5006 ausus
3173 4952 3399 5018 referre,
3432 4967 3534 5008 nec
3571 4966 3669 5024 po-

2063 5049 2164 5104 tttit
2194 5065 2207 5102 :
2238 5046 2334 5104 sed
2355 5061 2609 5119 egressus
2634 5048 2778 5103 foras
2804 5045 3101 5103 fluctuabat
3123 5048 3327 5114 animo,
3356 5048 3500 5118 quod
3533 5047 3668 5103 nihil

2063 5142 2288 5210 omnino
2328 5157 2393 5199 ex
2422 5141 2508 5197 his
2539 5158 2659 5214 qua!
2701 5150 2852 5213 gesta
2879 5149 3039 5198 erant
3064 5150 3119 5197 et
3145 5139 3354 5211 prodita
3385 5139 3529 5212 apud
3574 5155 3669 5212 pa—

2066 5250 2206 5297 trem
2237 5249 2603 5311 compererat.
2638 5238 3010 5295 Advenientes
3032 5246 3214 5292 autem
3238 5236 3304 5292 ad
3330 5252 3452 5293 eum
3481 5245 3669 5308 postea

2068 5343 2244 5392 mater
2271 5346 2328 5391 et
2356 5350 2498 5391 uxor
2540 5342 2878 5406 aperuerunt
2907 5333 3111 5390 omnia.
3149 5332 3355 5402 Quibus
3392 5332 3623 5404 cognitis
3650 5373 3665 5398 ,

2142 5496 2163 5536 τ
2207 5495 2301 5552 Sic
2337 5492 2646 5551 rectissime
2689 5492 2954 5549 Gronovii
2991 5491 3345 5549 membranze.
3392 5490 3458 5546 At
3501 5490 3665 5548 editio

2069 5569 2242 5641 prima
2265 5583 2390 5625 cum
2414 5565 2771 5641 sequentibus
2795 5566 3045 5641 volenda‘,
3087 5562 3232 5635 quod
3254 5577 3338 5618 ma
3346 5577 3444 5641 _rg_o
3471 5563 3666 5641 editio:

2067 5635 2196 5699 itum
2242 5647 2415 5696 mutat
2444 5635 2769 5693 in'vt'ofentia
2793 5680 2808 5705 ,
2851 5646 2908 5692 ut
2938 5639 3010 5692 sit
3051 5651 3080 5689 a
3113 5643 3264 5690 recto
3308 5635 3521 5689 violens.
3555 5635 3663 5692 Sed

2068 5715 2255 5770 nullus
2295 5712 2386 5767 hic
2435 5710 2708 5766 violentiae
2758 5711 2932 5766 locus.
2967 5709 3216 5764 Mazocn.
3276 5705 3400 5761 Vid.
3436 5707 3490 5762 in
3514 5707 3657 5766 hanc

2065 5782 2538 5858 vocemgsnperius
2563 5791 2814 5838 annotata
2839 5781 2905 5837 ad
2936 5789 3098 5852 caput
3123 5782 3216 5836 4f.
3237 5779 3518 5836 GALLAND.

3034 5948 3114 6009 ‘27
