4112 6350
573 291 714 352 ευξτ

1941 286 2192 346 SANCTI
2227 283 2557 347 AMBROSII

3709 285 3829 348 209.8

571 428 695 468 sese
731 409 990 482 colligere
1025 421 1332 480 praeparare
1377 405 1562 462 animo
1599 403 1784 474 erepit,
1831 403 2031 475 quibus
2058 419 2174 460 mo-
2200 406 2253 468 Α
2282 414 2519 462 trecenta
2581 403 2809 460 Romam
2865 403 3228 475 proﬁciscenti
3280 404 3448 461 dedi:
3491 410 3831 465 commendavi

573 508 658 563 dis
675 505 1040 562 criminationi
1057 508 1396 568 occurreret,
1409 499 1809 555 confessionem
1827 508 2170 554 extenuaret.

575 600 836 671 Sequenti
867 598 956 653 die
978 608 1378 668 congregantur
1407 610 1600 649 omnes
1633 595 1777 663 regis
1801 593 2090 663 propinqui
2120 602 2176 648 et

575 692 739 748 amici
789 690 1059 761 Antipatri
1104 707 1118 744 :
1169 690 1441 744 intersunt
1489 686 1724 742 examini
1775 686 2010 740 universi
2041 702 2054 737 :
2085 683 2177 754 qui

577 784 794 841 diversa
827 784 894 838 de
925 783 1212 852 Antipatro
1242 781 1593 851 prodiderant
1624 779 1802 834 induci
1851 779 2175 848 praecipiun-

579 889 686 935 tur.
735 878 1014 949 Leguntur
1051 875 1217 932 etiam
1259 877 1504 946 epistolae
1548 876 1736 930 matris
1777 872 2092 945 Antipatri,
2125 873 2177 928 in

579 972 776 1044 quibus
808 971 897 1025 illa
930 969 997 1025 ad
1029 970 1198 1026 lilium
1239 971 1556 1041 scripserat,
1586 980 1642 1024 ιιι
1668 980 2027 1040 cognosceret
2052 984 2179 1039 pro-

574 1065 742 1120 ditam
763 1065 903 1136 patri
934 1079 1158 1120 suorum
1191 1078 1410 1119 scenam
1433 1064 1761 1134 ﬂagitiorum
1791 1082 1806 1118 ε
1835 1077 2180 1134 nequaquam

576 1176 700 1217 eum
732 1160 935 1216 debere
956 1159 1184 1227 adesse,
1215 1159 1316 1214 nisi
1340 1174 1371 1213 a
1398 1158 1617 1214 timeare
1641 1158 1823 1227 aliqua
1857 1173 2050 1213 ntauus
2089 1173 2182 1212 ac—

549 1239 907 1320 cerseretur,
930 1254 1085 1324 cujus
1115 1268 1176 1308 se
1204 1253 1460 1322 pratsidio
1485 1253 1928 1309 circumvallaret
1954 1293 1970 1319 ,
2001 1266 2180 1322 neque

577 1364 635 1405 se
659 1348 866 1421 judicio
889 1348 1282 1413 committeret,
1311 1347 1402 1418 qui
1431 1355 1704 1402 tantorum
1742 1345 2181 1402 confessionibus

575 1441 930 1514 appetebatur
955 1484 970 1506 ,
1003 1442 1097 1498 sed
1128 1439 1295 1497 armis
1343 1443 1600 1497 muniret.
1652 1441 1747 1496 llis
1779 1441 1847 1496 ad
1893 1440 2179 1510 superiora

576 1538 798 1602 additis,
830 1540 1109 1609 ingressus
1137 1537 1449 1607 Antipater,
1477 1547 1534 1594 et
1573 1553 1695 1594 sese
1731 1539 1798 1593 ad
1828 1539 2054 1608 vestigia
2083 1536 2179 1592 de-

571 1631 768 1702 jiciens
815 1633 987 1702 patris
1016 1633 1309 1699 obsecrat,
1343 1647 1414 1688 ne
1454 1648 1514 1689 se
1559 1632 1986 1703 praedamnatum
2012 1632 2178 1688 liabe-

577 1742 692 1796 ret;
724 1731 1001 1786 conlidere
1029 1745 1090 1785 se
1111 1769 1127 1796 ,
1174 1730 1219 1786 si
1269 1728 1548 1786 deferatur
1577 1730 1851 1787 audientis
1877 1772 1893 1797 ,
1945 1744 2176 1785 vacuum

2278 503 2478 558 (lassari
2534 500 2688 572 quasi
2732 501 2906 554 solum
2953 501 3164 556 lilium:
3209 501 3339 556 nihil
3388 501 3515 556 milii
3564 503 3830 571 reservavi,

2277 598 2420 667 quod
2453 596 2708 651 deberem
2740 596 3067 666 parricidam
3103 598 3294 651 timere
3321 609 3333 650 :‘
3359 596 3454 651 sed
3479 603 3575 651 hoc
3596 612 3708 651 cum
3738 615 3836 653 ma-

2279 690 2361 761 gis
2388 690 2452 744 ad
2486 691 2832 758 parricidium
2863 691 3113 752 armavit,
3143 691 3287 761 quod
3328 707 3387 747 se
3429 691 3561 746 meis
3589 693 3836 751 beneficiis

2283 787 2617 857 superiorem
2649 787 2881 841 videret:
2913 785 3051 856 Quid
3097 795 3304 842 tantum
3336 787 3554 842 sceleris
3580 790 3839 845 commise-

2285 887 2409 934 runt
2438 879 2634 935 fratres
2663 881 2807 950 ejus,
2837 895 2973 950 quas
3005 882 3072 934 ad
3104 891 3334 936 mortem
3367 881 3572 952 coegit?
3597 881 3694 937 Aut
3735 900 3838 952 qua:

2283 971 2590 1026 istiusmodi
2647 972 2933 1029 adversum
2984 974 3105 1028 illos
3151 974 3348 1030 indicia
3405 975 3631 1042 detecta,
3682 978 3840 1046 qualia

2283 1062 2441 1119 iStius
2498 1064 3019 1131 deprehenduntur?
3078 1065 3186 1121 Sed
3250 1065 3639 1128 interrumpere
3699 1079 3841 1139 atque

2284 1154 2602 1225 obstrepere
2628 1157 2791 1211 audet
2822 1157 3086 1226 parricida
3127 1168 3184 1213 et
3221 1159 3364 1214 dolis
3396 1168 3566 1215 tentat
3591 1162 3842 1217 veritatem

2286 1250 3021 1318 inVolvere?Caveas,Vare,
3052 1253 3341 1319 admoneo,
3372 1264 3560 1310 careas
3589 1255 3842 1310 simulatas

2283 1344 2402 1412 ejus
2427 1344 2714 1416 lacrymas,
2747 1357 2800 1400 et
2820 1347 3054 1416 gemitus
3092 1359 3208 1402 arte
3231 1349 3584 1416 compositos.
3618 1364 3712 1404 nec
3749 1349 3844 1404 ullo

2283 1454 2574 1509 expressos
2613 1439 2821 1496 dolore.
2855 1441 2951 1496 Hic
2978 1444 3181 1514 estqui
3213 1444 3344 1498 mihi
3369 1444 3581 1515 pietatis
3620 1443 3841 1499 allectum

2284 1532 2690 1598 abstulit,cum
2737 1552 2764 1586 a
2815 1534 2944 1590 ficto
3002 1548 3146 1592 metu
3203 1538 3503 1592 cavendum
3560 1538 3846 1593 admoneret

2285 1626 2829 1692 Alexandrum,cum
2874 1629 2968 1682 illo
3018 1638 3227 1684 mentes
3277 1631 3628 1700 plurimorum
3674 1645 3846 1687 conve-

2283 1719 2426 1786 nire,
2449 1735 2704 1776 asserens
2737 1736 2846 1777 no"
2879 1734 3083 1778 temere
3112 1725 3557 1780 committendam
3609 1727 3847 1782 universis

577 1827 824 1884 criminis
856 1826 976 1881 fore
997 1865 1014 1893 ,
1045 1825 1089 1880 si
1121 1833 1278 1896 pale,
1319 1825 1484 1882 νειιοι
1526 1844 1539 1881 τ
1568 1826 1725 1896 iube;
1772 1834 1925 1895 pater
1971 1824 2134 1880 silere
2157 1864 2174 1892 ,
2207 1821 2256 1881 Β
2286 1816 2627 1883 praesentiam
2658 1832 2854 1870 meam.
2877 1815 3178 1873 Simulabat
3205 1833 3263 1874 se
3284 1821 3728 1888 circumSpectare
3747 1837 3847 1874 om-

577 1927 742 1987 atque
765 1935 888 1974 eum
919 1918 1224 1975 istiusmodi
1262 1933 1516 1974 sermone
1535 1920 1800 1989 praevenit
1824 1935 1838 1972 :
1861 1917 2017 1985 Quod
2049 1915 2184 1971 nulli

571 2013 722 2082 justo
744 2011 1031 2069 veniabilis
1062 2013 1302 2081 nequitia
1334 2011 1602 2082 Antipatri
1634 2013 1803 2083 possit
1845 2011 2022 2067 videri
2049 2011 2183 2066 satis

577 2117 787 2162 certum
818 2116 903 2164 est
923 2149 937 2171 ,
970 2106 1065 2163 sed
1090 2121 1156 2162 eo
1184 2107 1354 2178 magis
1385 2106 1597 2178 gravari
1628 2123 1716 2162 me
1736 2106 1880 2177 apud
1907 2116 1981 2172 te,
2017 2105 2181 2175 Vare,

579 2200 836 2255 arbitror.
893 2199 1104 2256 Vereor
1151 2200 1298 2255 enim
1327 2242 1342 2267 ,
1382 2215 1451 2255 ne
1477 2201 1643 2254 etiam
1693 2210 1780 2256 me
1820 2199 2002 2255 oderis
2027 2241 2042 2264 ,
2090 2199 2185 2270 qui

580 2293 882 2365 parricidas
906 2293 1165 2364 generavi
1197 2294 1338 2348 ﬁlios
1361 2335 1377 2359 ,
1421 2293 1621 2364 quibus
1662 2309 1770 2347 non
1807 2303 1993 2362 posset
2019 2292 2182 2348 etiam

581 2403 808 2456 parcere
839 2399 991 2456 pater
1026 2406 1038 2442 :
1075 2388 1203 2443 licet
1246 2388 1347 2443 hoc
1385 2403 1602 2458 quoque
1643 2387 1986 2442 miserandus
2013 2388 2186 2458 magis

578 2482 682 2538 sim
723 2481 837 2548 ita,
895 2481 1042 2552 quod
1092 2491 1142 2536 et
1198 2482 1336 2538 tales
1390 2480 1586 2536 amavi.
1633 2480 1738 2536 Sed
1768 2479 1837 2536 de
1866 2480 1974 2536 illis
2029 2490 2185 2538 taceo

580 2589 720 2646 quos
741 2574 857 2645 ipse
882 2575 1210 2645 exasperari
1236 2615 1250 2636 ,
1285 2583 1342 2630 et
1375 2575 1550 2645 justas
1578 2573 1846 2629 adversus
1876 2573 2020 2630 hunc
2051 2575 2188 2630 alle—

581 2670 828 2740 gationes
871 2684 1062 2725 eorum
1113 2671 1318 2740 respui.
1369 2669 1557 2725 Nullas
1598 2669 1745 2724 enim
1796 2671 1852 2724 hi
1896 2669 2186 2725 adversum

586 2777 674 2820 me
710 2763 1015 2819 habuerunt
1043 2778 1239 2818 causas
1290 2762 1533 2828 doloris,
1579 2763 1682 2817 nisi
1723 2762 1868 2833 quod
1901 2762 1987 2818 his
2034 2764 2192 2818 Anti-

589 2865 741 2927 pater
779 2855 1204 2928 praeferebatur,
1237 2865 1296 2912 et
1337 2858 1601 2913 consortii
1629 2858 1828 2928 regalis
1877 2859 2194 2928 praerogati-

2285 1911 2396 1976 nia,
2423 1925 2596 1980 usque
2618 1911 2686 1966 ad
2718 1912 2919 1967 lectum
2948 1912 3242 1981 deducere,
3273 1915 3544 1972 discutere
3571 1927 3722 1987 atque
3741 1930 3848 1972 exa-

2285 2008 2496 2060 minare
2525 2006 2791 2077 singulos.
2829 2007 2926 2061 Hic
2960 2019 3075 2062 erat
3106 2009 3285 2064 somni
3314 2010 3652 2081 dispensator
3677 2019 3725 2066 et
3762 2011 3848 2064 mi-

2288 2100 2458 2156 nister
2484 2101 2816 2169 securitatis,
2843 2103 2894 2156 in
2919 2119 3026 2173 quo
3056 2119 3158 2175 ego
3184 2105 3440 2160 solatium
3465 2105 3848 2168 constituebam,

2286 2205 2450 2267 atque
2472 2198 2592 2266 ejus
2620 2197 2816 2253 otﬁciis
2845 2199 3087 2254 levabam
3136 2201 3204 2256 de
3247 2200 3549 2258 interfectis
3587 2203 3808 2257 dolorem
3836 2219 3847 2255 :

2287 2291 2592 2345 arbitrabar
2645 2292 2790 2362 quod
2828 2303 2885 2348 et
2923 2293 3046 2349 illos
3077 2294 3211 2349 ntihi
3258 2295 3549 2361 redderet,
3594 2311 3852 2352 maerorem

2287 2381 2548 2450 auferret,
2599 2384 2854 2453 pietatem
2901 2387 3242 2442 obtenderet.
3301 2389 3398 2444 llic
3450 2397 3568 2442 erat
3612 2399 3853 2458 protector

2291 2491 2480 2542 meus,
2535 2478 2622 2532 cui
2684 2479 2973 2534 credebam
3023 2481 3270 2550 corporis
3324 2482 3514 2538 senilis
3560 2482 3850 2537 custodiam.

2291 2567 2575 2635 Quomodo
2614 2572 2792 2626 vivam
2822 2572 3028 2638 nescio,
3064 2575 3337 2643 quomodo
3369 2586 3575 2632 tantum
3609 2577 3855 2631 insidiato-

2291 2679 2409 2719 rem
2431 2667 2720 2732 evaserim,
2752 2668 2948 2737 quibus
2979 2685 3064 2724 me
3091 2668 3525 2726 circumvenerat
3563 2671 3857 2727 delinimcn-

2293 2762 2382 2824 tis,
2415 2759 2610 2830 quibus
2639 2759 2922 2817 fraudibus
2963 2765 3202 2818 vinctum
3255 2765 3501 2832 tenebat,
3531 2777 3587 2819 ut
3629 2765 3722 2820 soli
3751 2763 3856 2817 huic

2293 2870 2380 2910 me
2407 2855 2712 2921 crederem,
2742 2874 2901 2928 quem
2943 2859 3119 2913 solum
3147 2859 3333 2915 caveri
3360 2863 3620 2931 oportuit.
3650 2859 3857 2916 incredi-

585 2962 708 3003 vam
750 2959 1086 3018 acceperat,
1118 2949 1208 3017 qui
1263 2961 1424 3004 natus
1449 2959 1475 2986 ει
1509 2965 1676 3021 regno
1719 2965 1826 3004 non
1858 2957 2016 3006 erat:
2043 2961 2197 3021 pttta-
2297 2947 2405 3004 bile
2455 2949 2586 3003 mini
2618 2961 2704 3005 est
2743 2951 2888 3020 quod
2934 2955 3104 3019 evasi,
3137 2970 3238 3009 nec
3277 2954 3466 3010 vittere
3511 2956 3636 3010 mihi
3676 2955 3855 3019 videor,

585 3042 706 3098 bam
736 3049 914 3096 tamen
940 3041 1082 3112 qttod
1102 3040 1360 3112 majorem
1394 3053 1522 3097 natu
1554 3044 1857 3100 minoribus
1877 3043 1944 3099 ad
1971 3044 2194 3100 tutelam

587 3135 972 3191 adsciscerent.
991 3133 1096 3191 Sed
1115 3135 1322 3190 hostem
1348 3135 1534 3192 induxi
1558 3139 1648 3207 qui
1669 3136 1938 3193 invideret
1964 3138 2195 3194 nobilio-

2296 3042 2390 3096 sed
2423 3044 2697 3099 somnium
2727 3055 2877 3115 puto.
2921 3048 3052 3113 Quis
3096 3050 3244 3103 enim
3285 3049 3561 3115 crederet,
3607 3061 3695 3105 aut
3732 3050 3860 3104 illum

2298 3146 2405 3191 tam
2457 3139 2728 3210 ingratum
2767 3139 3034 3210 futurum,
3060 3143 3148 3198 cui
3179 3143 3231 3198 in
3279 3160 3365 3199 tne
3412 3156 3722 3215 potestatem
3764 3159 3862 3198 om-

587 3229 759 3293 ribus,
783 3230 1046 3284 excitaret
1067 3230 1352 3298 puerulos,
1375 3229 1623 3286 infirmos
1636 3232 2086 3298 circumveniret,
2106 3233 2188 3287 in-
2220 3219 2265 3282 C
2299 3245 2424 3285 nem
2457 3233 2864 3295 commiserant.
2889 3245 2984 3288 aut
3011 3252 3100 3290 me
3123 3251 3286 3306 posse
3313 3239 3573 3300 evadere.
3603 3239 3646 3293 si
3669 3238 3863 3306 Antipa-

589 3334 776 3378 catttos
791 3322 1062 3393 proderet.
1089 3323 1157 3378 La
1167 3339 1292 3393 psos
1311 3341 1415 3378 non
1436 3339 1592 3394 nego,
1613 3325 1708 3380 sed
1725 3340 1819 3380 eos
1833 3327 2082 3381 excusari
2097 3342 2194 3397 po-

594 3418 722 3484 tius,
749 3432 909 3485 quam
935 3417 1113 3486 urgeri
1137 3418 1394 3484 oportuit.
1421 3418 1706 3486 Antipater
1729 3418 1816 3472 ltic
1839 3417 1966 3474 tnilti
1992 3427 2043 3474 et
2070 3420 2192 3475 illos
2227 3455 2229 3457 ι

591 3509 836 3574 abstulit,
873 3507 962 3564 hic
999 3507 1127 3562 mihi
1155 3518 1208 3564 et
1235 3509 1356 3563 illos
1389 3509 1505 3562 fieri
1540 3511 1886 3566 insidiatores
1905 3514 2190 3582 compulit.

592 3604 776 3671 Dolui,
799 3603 997 3670 fateor,
1017 3602 1159 3672 quod
1181 3602 1217 3658 ii
1234 3602 1430 3673 quibus
1448 3603 1598 3674 regni
1614 3618 1766 3674 spem
1779 3603 2060 3672 dederam,
2077 3607 2196 3675 qui-

596 3698 698 3752 bus
741 3696 1147 3753 successionem
1189 3709 1596 3752 reservaverant
1624 3740 1639 3764 ,
1663 3697 1950 3753 adversum
1978 3715 2064 3754 me
2094 3703 2193 3755 itii-

595 3791 763 3862 proba
793 3789 1234 3845 machinarentur
1264 3806 1276 3842 :
1307 3789 1402 3844 sed
1430 3805 1573 3845 nunc
1601 3805 1706 3844 non
1728 3793 2069 3862 patretu,sed
2091 3802 2194 3849 An~

595 3886 848 3954 tipatrttm
868 3883 1419 3939 oderant.Perieruut
1448 3884 1629 3953 itaque
1659 3884 1723 3938 ad
1753 3884 1999 3940 dolorem
2031 3887 2191 3957 patri,

595 3978 884 4048 Antipatro
901 3977 967 4032 ad
988 3975 1242 4031 fructum.
1277 3977 1506 4044 Quaeris,
1533 3976 1693 4044 Vare,
1718 3979 1840 4048 quis
1857 3994 1954 4033 eos
1975 3979 2192 4036 occide-

597 4073 706 4130 rit?
725 4070 1006 4144 Cognosce
1035 4071 1119 4126 cui
1151 4085 1298 4126 mors
1318 4086 1504 4126 eorum
1527 4072 1835 4142 profecerit.
1855 4071 1882 4110 b
1913 4073 2091 4127 Vacua
2113 4081 2198 4128 est

597 4169 792 4224 domus
838 4180 1083 4221 noverca:
1133 4163 1267 4229 lilio,
1303 4163 1475 4235 patuit
1505 4165 1625 4219 aula
1661 4165 1756 4220 uni
1800 4165 1865 4220 ad
1901 4167 2198 4222 succeden-

597 4262 749 4326 dum,
782 4278 902 4333 quae
933 4259 1132 4315 multos
1183 4274 1534 4316 successores
1577 4259 1830 4317 habebat.
1874 4261 1983 4317 Nec
2013 4265 2198 4333 exple-

599 4367 685 4412 tus
707 4365 790 4412 est
815 4365 992 4410 morte
1017 4353 1243 4408 fratrum
1277 4362 1534 4409 cruentus
1564 4354 1780 4411 animus
1809 4364 1864 4411 et
1909 4373 2062 4412 mens
2093 4359 2196 4412 im-

599 4453 709 4524 pia.
767 4451 1058 4520 Postquam
1115 4463 1220 4504 non
1277 4448 1464 4504 habuit
1507 4447 1704 4506 fratres
1751 4466 1889 4520 quos
1946 4452 2194 4521 odisset,

600 4555 813 4616 patrem
856 4541 1305 4614 persequebatur.
1357 4541 1572 4610 Reputo
1629 4558 1879 4612 mecum,
1926 4546 2017 4617 qui
2072 4547 2199 4603 huic

599 4639 994 4693 munimentum
1020 4636 1352 4691 ltmreditatis
1381 4640 1566 4706 paravi
1594 4656 1605 4690 :
1643 4639 1788 4694 visus
1815 4656 1933 4695 sum
1957 4651 2006 4696 et
2037 4653 2057 4680 ο
2085 4643 2199 4712 ipse
2229 4632 2278 4693 D

600 4732 693 4788 diu
719 4731 901 4786 vivere
937 4729 1312 4785 decessionem
1357 4730 1650 4786 fastidienti
1680 4749 1693 4785 :
1720 4731 1878 4787 docui
1928 4733 2058 4804 quid
2086 4735 2201 4790 vel-

602 4829 699 4894 let,
730 4827 818 4882 cui
848 4824 1212 4881 successionis
1260 4826 1650 4895 competitores
1695 4826 2009 4882 ademeram
2046 4844 2203 4885 :mo-

602 4931 813 4977 rantem
843 4933 950 4974 non
1003 4933 1196 4987 passus
1238 4927 1362 4973 est:
1396 4934 1498 4973 nec
1548 4921 1890 4990 exspectavit
1947 4936 2198 4992 regnum,

599 5011 705 5070 nisi
747 5023 804 5068 ut
848 5012 1140 5086 parricidio
1192 5011 1604 5080 adipisceretur.
1645 5012 1905 5068 Reddidit
1956 5014 2089 5068 mihi
2121 5015 2200 5070 vi-

599 5126 744 5174 cem,
773 5109 899 5180 quia
929 5108 1226 5177 projecmm
1255 5105 1605 5176 colle-geram,
1637 5114 1692 5160 et
1721 5107 2065 5176 pra-tuleram
2101 5127 2199 5164 no-

600 5206 906 5264 bilioribus.
936 5203 1033 5259 Cui
1067 5201 1210 5259 enim
1245 5209 1456 5256 tantum
1491 5217 1556 5256 ex
1589 5200 1699 5255 illis
1722 5243 1736 5265 ,
1767 5212 2027 5271 quantum
2070 5204 2197 5262 huic

598 5299 840 5355 contuli?
870 5297 968 5354 Cui
1017 5296 1130 5366 ipse
1172 5294 1366 5348 vivens
1420 5301 1686 5362 potestate
1739 5308 2044 5360 cesserant,
2090 5306 2199 5352 tes-

602 5401 841 5449 tamento
883 5395 1075 5461 aperto
1101 5379 1372 5442 ltatrcdem
1414 5386 1854 5456 designaveram,
1884 5390 2025 5457 quod
2058 5391 2198 5447 solet

599 5501 722 5543 esse
753 5485 1115 5556 periculosum
1149 5480 1392 5549 regibus,
1424 5489 1486 5534 ut
1509 5480 1704 5551 aliquis
1726 5493 1786 5537 se
1815 5493 2198 5541 successurum

602 5583 838 5637 noverit.
872 5575 1273 5650 Quinquaginta
1300 5574 1357 5629 to
1389 5574 1656 5633 fructibus
1691 5579 1894 5636 talenta
1920 5583 2196 5653 concessi,

675 5777 700 5839 ξ
814 5781 992 5839 regno.
1018 5755 1189 5839 paul.

671 5834 702 5877 δ
736 5834 981 5893 νασιιὶιια.
1018 5835 1094 5893 in.

2299 3333 2382 3379 ter
2410 3325 2614 3381 nollet?
2647 3327 2924 3384 Tutioreut
2961 3339 3140 3385 tamen
3169 3333 3338 3400 gratia
3371 3349 3462 3389 me
3506 3335 3698 3388 factum
3727 3341 3860 3402 puta-

2295 3420 2442 3477 bam.
2480 3420 2586 3476 Sed
2619 3438 2739 3492 quae
2773 3421 3008 3493 (malum
3031 3426 3084 3493 ι)
3106 3424 3421 3494 infelicitas,
3451 3444 3559 3497 me,
3585 3438 3670 3482 aut
3698 3427 3860 3482 adver-

2297 3529 2420 3571 smn
2451 3533 2538 3572 me
2567 3532 2664 3574 eos
2712 3519 2872 3574 faciat
2911 3520 3216 3592 insurgere.
3248 3539 3387 3592 quos
3429 3526 3547 3592 plus
3576 3521 3860 3580 dilexerim?

2300 3610 2534 3680 Deploro
2555 3628 2853 3669 aerumnam
2883 3615 3077 3670 domus
3107 3631 3266 3683 tuere,-
3311 3617 3477 3685 Vare,
3511 3620 3677 3675 deﬂeo
3703 3618 3863 3673 solitu-

2296 3707 2502 3775 dinem,
2536 3708 2830 3779 ingemisco
2856 3713 2960 3765 vim
2987 3713 3121 3767 tanti
3148 3713 3373 3770 doloris.
3407 3717 3514 3771 Sed
3544 3723 3861 3772 tamentanta

2297 3809 2381 3854 est
2409 3801 2680 3856 acerbitas
2703 3805 2926 3859 sceleris
2968 3807 3331 3876 parricidalis,
3359 3821 3423 3865 ut
3463 3812 3724 3866 neminem
3755 3805 3863 3862 mihi

2301 3893 2475 3963 patiar
2501 3895 2758 3960 evadere,
2781 3898 3109 3970 quicumque
3130 3903 3327 3957 sitierit
3354 3906 3672 3976 sanguinem
3689 3917 3860 3965 meum,

2299 3987 2513 4041 etiamsi
2547 3989 2598 4042 itt
2629 4005 2820 4044 omnes
2851 3992 2991 4047 filios
3030 4011 3179 4049 meos
3215 3995 3455 4053 affectati
3496 4000 3754 4069 parricidii
3797 3998 3866 4052 in-

2299 4077 2437 4133 dicia
2469 4091 2808 4149 promantur.
2838 4084 2970 4138 Cum
2994 4084 3111 4140 haec
3152 4088 3381 4154 diceret,
3415 4093 3768 4163 indignatione
3789 4103 3866 4158 pa-

2301 4175 2437 4230 riter
2461 4191 2524 4231 ac
2564 4177 2755 4235 dolore
2801 4181 3098 4253 intercepta
3131 4200 3233 4239 vox
3261 4194 3347 4240 est
3381 4187 3668 4258 loquentis.
3707 4183 3868 4241 Conti-

2302 4285 2410 4324 nuo
2459 4271 2744 4342 Antipater
2784 4275 3005 4331 elevans
3043 4287 3228 4346 caput,
3273 4280 3427 4335 velut
3475 4283 3613 4338 ictus
3657 4279 3786 4335 enim
3821 4282 3867 4330 et

2301 4362 2518 4418 saucius
2549 4367 2771 4422 vulnere
2803 4367 3019 4438 jacebat
3063 4380 3193 4427 ante
3243 4373 3410 4442 pedes
3452 4377 3641 4445 patris,
3683 4388 3773 4429 nec
3797 4384 3870 4424 ass

2301 4472 2528 4529 surgere
2555 4461 2808 4531 audebat,
2835 4467 3172 4533 exclamans,
3197 4470 3271 4524 ait
3296 4487 3309 4526 ε
3338 4472 3444 4538 'l‘u,
3475 4473 3686 4542 quidem
3717 4477 3863 4536 paler,

2306 4563 2363 4609 ιιι
2395 4555 2562 4611 iratus
2608 4574 2854 4624 accusas,-
2897 4562 2992 4617 sed
3040 4564 3171 4618 mihi
3222 4566 3368 4620 nulla
3419 4568 3592 4632 major
3629 4561 3865 4625 defensio,

2303 4663 2462 4718 qnam
2519 4651 2892 4709 testimonium
2941 4658 3301 4712 accusationis
3346 4664 3476 4719 tuae,
3529 4658 3650 4726 quia
3679 4666 3868 4722 semper

2303 4741 2382 4797 fui
2427 4758 2613 4800 custos
2667 4757 2770 4802 tuac
2814 4750 3024 4803 salutis.
3075 4747 3457 4806 Defensionem
3492 4755 3652 4824 igitur
3679 4767 3771 4824 pro
3798 4762 3868 4802 me

2303 4846 2432 4891 voto
2461 4838 2769 4892 accusantis
2799 4839 3116 4900 adhibuisti.
3142 4843 3427 4911 Quomodo
3458 4849 3601 4901 enim
3633 4841 3868 4917 parricida

2304 4944 2427 4997 es”.
2461 4946 2622 4997 quem
2655 4932 2770 5001 ipse
2802 4943 2950 4990 tuum
2985 4949 3345 5006 protectorem
3380 4944 3597 4999 lateris?
3633 4945 3731 4998 Attt
3757 4953 3871 5011 quo-

2306 5023 2469 5078 modo
2489 5025 2915 5098 circumsticctns
2941 5041 3102 5103 atque
3131 5044 3363 5103 astutus,
3391 5054 3552 5107 quem
3570 5045 3871 5093 commenta-

2304 5127 2480 5173 torem
2528 5122 2709 5192 arguis
2759 5126 3067 5193 parricidii?
3113 5145 3234 5183 cmn
3283 5141 3547 5188 extrema:
3577 5128 3868 5200 insipientia:

2304 5213 2376 5267 sit
2402 5216 2690 5285 cogitasse,
2720 5220 2862 5284 quod
2897 5234 2952 5276 et
2973 5225 3114 5292 apud
3156 5227 3406 5285 homines
3435 5231 3763 5286 exsecrabile
3789 5227 3863 5293 sit,

2305 5318 2360 5363 et
2386 5311 2527 5380 apud
2557 5312 2726 5367 Deum
2749 5313 2986 5373 inultum
3015 5333 3139 5376 esse
3168 5339 3276 5378 non
3307 5328 3498 5391 possit.
3531 5325 3628 5382 Vel
3669 5323 3866 5378 fratrum

2305 5405 2556 5474 exctttplo
2583 5405 2763 5462 doceri
2796 5413 2968 5478 potui,
3001 5415 3206 5470 nullum
3233 5421 3366 5472 tanti
3395 5420 3623 5474 sceleris
3643 5417 3868 5487 effugium

2305 5495 2444 5563 fore,
2479 5500 2622 5569 quod
2655 5504 2834 5562 scelus
2877 5508 3185 5566 istiusmodi
3228 5529 3329 5571 nec
3369 5514 3630 5571 latebram
3661 5510 3870 5568 inveniat

2307 5605 2409 5647 nec
2429 5607 2640 5663 poenam
2671 5600 3334 5678 evadat,quandoqttidem
3359 5618 3416 5666 et
3440 5608 3522 5665 illi
3548 5624 3643 5682 pro
3670 5618 3800 5664 tanta
3822 5602 3873 5657 in

2384 5787 2405 5815 ο
2440 5776 2648 5850 Ipsi...
2678 5783 3018 5844 decessorem.
3055 5787 3134 5846 In.
