4112 6350
339 264 468 327 θοᾶθ

1186 266 1460 329 HISTOR.
1501 268 1593 327 DE
1633 266 1911 326 EXCIDIO
1949 260 2221 328 HIEROS.
2263 262 2468 327 URBIS
2505 265 2636 328 LIB.
2680 262 2720 325 l.

3480 252 3627 327 1636

341 395 385 443 le
438 381 819 443 malevolentia
866 397 1059 459 pinnas
1085 381 1383 440 'dederunt
1411 399 1425 438 :
1458 392 1512 436 at
1545 382 1666 437 illos
1716 380 1920 437 invidia
1951 394 2004 454 Α
2028 395 2189 451 quem
2213 381 2389 436 solum
2427 390 2629 438 noeere
2656 378 2977 450 potuissem.
3014 378 3356 450 Testiﬂeare,
3380 381 3624 457 inquam,

338 481 577 554 quaedam
605 480 703 554 (ut
732 480 907 551 dicis)
952 479 1231 550 impulerit
1262 479 1330 533 ad
1370 476 1738 548 parricidium,
1773 476 1921 548 quod

340 592 418 632 me
451 577 550 632 sibi
602 576 842 647 pr.eferri
886 575 1141 631 videbam
1163 615 1179 641 ,
1209 572 1407 644 quibus
1438 570 1673 627 materni
1704 570 1924 641 generis

340 669 588 726 nobilitas
618 670 831 726 animos
853 669 1038 735 dabat,
1059 678 1118 724 ut
1134 682 1360 739 regnum
1393 667 1547 735 quasi
1571 680 1637 721 ex
1669 674 1920 719 materna

337 764 678 820 successione
705 765 811 821 sibi
843 764 1087 820 debitum
1124 761 1487 819 vindicarent.
1514 769 1570 815 et
1595 758 1794 830 quibus
1815 772 1846 812 a
1873 763 1926 812 te

339 866 575 928 ereptum
631 864 1005 929 reposcerent.
1055 854 1197 925 Quid
1248 854 1357 909 tale
1407 868 1531 923 ego,
1583 852 1675 923 qui
1720 849 1926 906 nescivi

338 967 557 1022 regnum
589 951 692 1007 nisi
720 951 791 1007 de
817 962 872 1008 te
897 964 1147 1017 Sperare,
1184 958 1336 1004 tuum
1355 946 1623 1017 judicium
1652 958 1925 1015 quaerere,

339 1044 427 1099 tibi
460 1044 563 1100 soli
596 1044 854 1113 placere?
875 1043 1014 1111 Quid
1056 1051 1240 1098 autem
1266 1049 1405 1105 erat,
1436 1038 1582 1110 quod
1613 1053 1701 1093 me
1732 1037 1927 1091 adver-

337 1155 453 1195 sum
488 1152 634 1195 tuatn
679 1139 910 1196 salutem
957 1136 1164 1193 audere
1211 1135 1418 1207 aliquid
1471 1131 1817 1204 impelleret?
1846 1133 1926 1187 An

335 1232 488 1304 regni
517 1231 748 1304 cupido?
775 1232 871 1287 sed
915 1230 1210 1302 regnabam
1242 1246 1255 1284 :
1285 1244 1354 1283 an
1384 1226 1495 1284 odii
1528 1224 1805 1296 suspicio?
1832 1223 1928 1280 sed

336 1326 598 1397 diligebar
623 1346 637 1381 :
665 1341 734 1382 an
765 1326 978 1396 injuriae
1000 1324 1191 1380 dolor?
1219 1322 1314 1379 sed
1346 1320 1699 1394 praefereliar.
1726 1320 1783 1376 Si
1809 1320 1931 1374 illos

334 1422 449 1477 sola
480 1420 715 1477 formido
742 1419 1083 1491 pratiationis
1110 1434 1247 1474 meae
1272 1417 1570 1472 armaverit
1596 1415 1664 1470 ad
1698 1414 1928 1485 parrici-

334 1515 481 1572 dium
503 1556 519 1582 ,
550 1530 652 1586 ego
690 1515 944 1570 absolvar
973 1530 986 1567 :
1011 1512 1135 1584 quia
1176 1512 1429 1568 nesciunt
1457 1509 1666 1580 praelati
1698 1507 1929 1578 parrici-

335 1608 485 1665 dium
511 1609 780 1679 cogitare,
815 1606 959 1663 llsed
996 1607 1204 1661 odisse.
1239 1605 1354 1660 Nisi
1380 1603 1523 1659 forte
1551 1601 1749 1672 aliquis
1784 1616 1851 1656 ex
1880 1612 1935 1656 te

334 1716 423 1757 me
452 1711 627 1757 metus
654 1699 939 1769 compulit.
984 1697 1192 1755 Verum
1239 1712 1364 1769 ego,
1411 1703 1473 1751 ut
1524 1694 1659 1749 mihi
1688 1710 1790 1747 vox
1841 1703 1931 1746 tua

2030 474 2188 542 mihi,
2221 477 2311 545 qui
2354 474 2422 530 de
2458 476 2583 530 aliis
2619 476 3092 546 pronuntiaveras.
3123 476 3236 533 Nec
3277 476 3628 536 dissimulan-

2028 566 2157 623 dum
2204 568 2585 638 parricidium,
2628 568 2725 624 sed
2781 569 3164 642 inquirendum
3222 573 3447 641 putasti.
3495 574 3541 630 0
3580 577 3627 631 si

2029 659 2162 715 mihi
2212 662 2480 729 asltiraret
2528 665 2817 733 praesentia
2868 666 2988 720 tua!
3040 665 3137 722 sed
3185 667 3382 722 absens
3430 683 3523 737 es,
3573 680 3630 727 et

2030 752 2191 823 longe
2216 755 2447 824 positus,
2482 762 2539 811 et
2563 771 2666 828 ego
2692 756 2813 812 sine
2848 766 2901 813 te
2929 772 2957 812 a
2986 768 3144 831 patre
3165 759 3459 830 dijudicor.
3484 760 3630 819 Ades

2032 853 2238 914 tamen,
2263 857 2319 902 et
2367 848 2419 902 in
2458 849 2659 906 litteris
2708 851 2813 907 tuis
2867 850 3110 921 praesens
3154 868 3216 909 cs
3245 871 3260 910 :
3288 856 3379 910 tua
3426 856 3627 927 scripta

2032 935 2224 1005 oll‘ero,
2254 952 2375 1011 quae
2416 943 2599 998 solent
2630 943 2915 1013 parricida:
2946 946 3160 1002 timere.
3207 946 3379 1003 'l‘uatn
3420 949 3630 1020 epistoo

2031 1031 2139 1086 lam
2175 1044 2352 1103 porto,
2397 1051 2561 1106 quam
2608 1038 2791 1094 solent
2822 1055 3091 1109 promere,
3120 1043 3212 1113 qui
3241 1044 3467 1113 cupiunt
3500 1060 3628 1116 par-‘-

2032 1126 2283 1184 ricidiutn
2311 1145 2418 1185 non
2443 1131 2636 1188 latere.
2656 1133 2904 1205 Suscipe,
2930 1146 3103 1206 pater,
3137 1137 3351 1193 litteras
3376 1140 3631 1205 Cmsaris,

2036 1220 2153 1290 ipse
2187 1232 2239 1278 te
2262 1226 2517 1293 instruat,
2548 1229 2641 1298 qui
2677 1228 2880 1284 dudum
2910 1230 3229 1287 vindicavit.
3260 1232 3490 1304 Suscipe
3515 1235 3635 1289 Cae-

2033 1316 2172 1369 Saris
2200 1319 2425 1389 scripta,
2459 1324 2799 1392 argumentis
2829 1325 3085 1379 omnibus
3112 1324 3404 1381 validiora.
3424 1326 3634 1395 Quibus

2035 1422 2168 1465 usus
2198 1424 2258 1465 es
2285 1410 2489 1467 dudum
2519 1413 2584 1467 ad
2618 1415 2902 1481 ultionem,
2936 1427 3093 1474 utere
3111 1433 3253 1474 nunc
3285 1419 3353 1475 ad
3374 1420 3630 1476 salutem.

2037 1498 2150 1555 llos
2179 1516 2308 1572 ergo
2335 1505 2519 1574 apices
2557 1504 2748 1562 defero
2778 1507 3109 1566 innocentiae
3135 1526 3270 1567 mete
3301 1521 3472 1570 testes
3497 1532 3512 1569 :
3543 1513 3635 1570 illa

2037 1595 2261 1652 dextera
2307 1615 2604 1671 numquam
2636 1610 2691 1658 te
2720 1602 2945 1670 fefellit;
2993 1605 3083 1660 illa
3137 1606 3365 1665 dextera
3408 1611 3641 1667 Caesaris

2037 1689 2289 1746 diadema
2328 1693 2421 1748 tibi
2456 1695 2735 1764 imposuit,
2757 1698 2866 1753 iioil
2897 1695 3102 1756 ademit
3134 1719 3149 1756 :
3177 1702 3269 1757 illa
3303 1720 3494 1760 manus
3521 1704 3639 1761 Cte-

337 1797 492 1850 testis
542 1801 650 1859 est,
684 1792 817 1848 nihil
849 1793 1093 1848 sciebam
1140 1790 1243 1846 nisi
1284 1805 1383 1861 pro
1421 1798 1476 1844 te
1522 1788 1743 1844 timere.
1788 1784 1929 1854 Quid
1961 1795 2009 1855 Β
2038 1786 2178 1841 saris
2220 1802 2449 1859 regnum
2482 1790 2601 1857 tibi,
2649 1792 2794 1861 quod
2846 1793 3145 1865 abjeccras,
3199 1801 3636 1870 repraesentavit.

334 1887 478 1943 enim
507 1886 645 1942 mihi
673 1887 948 1952 timerem,
979 1887 1072 1955 qui
1107 1883 1360 1938 tninister
1398 1895 1546 1936 erant
1590 1888 1696 1934 tua:
1727 1878 1935 1934 securi-

337 1980 486 2044 tatis,
520 1990 576 2035 et
600 1979 949 2051 dispensator
978 1976 1213 2048 quietis?
1244 1976 1329 2030 An
1367 1990 1501 2030 vero
1536 1973 1720 2042 inepia
1770 1986 1936 2040 pecu-

336 2075 441 2129 nia:
468 2083 521 2128 et
566 2086 782 2144 egestas
821 2072 1024 2141 coegit,
1057 2085 1178 2143 quas
1220 2071 1361 2125 solet
1393 2065 1764 2137 indigentibus
1804 2077 1934 2118 sua-

336 2168 469 2224 dere
497 2168 886 2224 latrocinium?
914 2166 1021 2223 Sed
1050 2166 1306 2233 dederas,
1338 2162 1482 2235 quod
1523 2178 1635 2218 non
1665 2160 1845 2216 solum
1881 2159 1937 2213 in

340 2276 608 2332 prtesens,
639 2260 738 2316 sed
785 2261 947 2316 etiam
977 2259 1032 2315 in
1063 2273 1227 2315 omne
1273 2266 1486 2327 tempus
1524 2252 1855 2320 abundaret,
1883 2260 1941 2308 et

339 2353 563 2410 divitem
609 2350 838 2408 Romam
887 2354 1153 2419 miseras,
1187 2360 1244 2406 ut
1274 2366 1465 2422 regum
1497 2364 1657 2421 reges
1699 2363 1941 2419 pronun-

342 2430 544 2504 tiarcnt
584 2447 799 2519 imperii
821 2446 963 2518 apud
995 2462 1054 2502 se
1083 2446 1450 2516 principatum
1482 2459 1628 2509 esse,
1655 2459 1763 2497 non
1797 2441 1938 2497 divi-

344 2542 563 2599 tiarum.
601 2542 844 2614 Denique
876 2540 1139 2596 Fabatum
1177 2540 1328 2594 illum
1357 2538 1619 2594 Romana:
1645 2537 1725 2592 rei
1755 2534 1944 2590 mode-

345 2648 608 2702 ratorem,
636 2644 694 2694 et
724 2636 971 2692 intimum
1016 2633 1252 2689 Caesaris
1282 2632 1378 2689 tibi
1424 2631 1573 2702 cepi,
1617 2641 1670 2686 et
1702 2645 1732 2684 a
1762 2628 1944 2700 Sylzco

346 2718 611 2802 ingentib
640 2730 904 2801 impulsus
961 2728 1213 2800 pecunia,
1259 2737 1316 2782 ut
1372 2735 1423 2780 te
1474 2726 1839 2795 impugnaret,
1872 2720 1943 2776 ita

346 2825 702 2891 commutavi,
734 2834 793 2879 ut
827 2822 984 2879 fieret
1020 2832 1144 2877 tuus
1170 2821 1454 2885 defensor,
1485 2827 1542 2875 et
1562 2815 1946 2874 sollicitatoris

346 2922 432 2975 sui
458 2916 722 2990 proditor.
750 2919 853 2975 Per
881 2933 1044 2989 quem
1090 2928 1245 2988 pater
1294 2916 1386 2972 alii
1441 2914 1793 2970 insidiatores
1839 2921 1947 2966 tua:

349 3015 542 3071 salutis
572 3014 775 3070 detecti
816 3014 977 3070 sunt?
1006 3010 1297 3082 Quomodo
1342 3026 1471 3081 ergo
1514 3008 1779 3082 parricida
1819 3022 1946 3078 ego,

349 3110 439 3180 qui
468 3092 751 3164 custodem
793 3108 867 3163 tui
899 3107 1147 3179 corporis
1189 3104 1518 3160 Corinthum
1552 3103 1818 3158 latentem
1852 3099 1946 3156 de-

2040 1880 2225 1936 Potuit
2267 1898 2355 1938 me
2397 1885 2544 1954 prius
2570 1886 2757 1943 Caesar
2803 1888 3009 1959 odisse,
3042 1892 3087 1947 si
3118 1886 3640 1953 fratremssimilem

2038 1974 2497 2043 deprehendisset
2522 1996 2535 2033 :
2572 1979 2669 2034 sed
2702 1984 2963 2053 cognorit
2989 1996 3042 2039 et
3067 1988 3443 2056 pronuntiavit
3472 1988 3643 2047 inter-

2042 2076 2273 2137 pretem,
2302 2070 2394 2140 qni
2448 2071 2553 2127 nisi
2597 2071 2788 2130 Romae
2847 2074 3093 2140 fuissem,
3150 2078 3370 2151 Sylactrs
3413 2083 3645 2140 vicerat.-

2038 2160 2122 2217 llli
2149 2176 2251 2232 ego
2293 2155 2454 2219 liodie
2499 2164 2805 2235 adjudicor,
2862 2169 2942 2223 illi
2995 2186 3185 2241 paruas
3226 2175 3395 2230 miser
3442 2177 3645 2247 pendo.

2043 2255 2338 2323 Memento,
2367 2268 2539 2328 pater,
2581 2260 2711 2331 quia
2742 2277 2853 2317 non
2880 2263 3223 2322 voluntarius
3254 2267 3524 2339 navigavi.
3550 2269 3650 2327 Vi-

2043 2352 2238 2409 debam
2271 2354 2404 2410 mihi
2438 2355 2553 2426 jam
2578 2357 2757 2428 parari
2802 2357 2988 2416 foveas
3025 2361 3406 2420 insidiatorum
3435 2381 3450 2419 :
3481 2365 3650 2422 malui

2048 2456 2229 2503 tamen
2262 2464 2348 2504 tne
2373 2450 2586 2521 petitis,
2622 2460 2794 2520 pater,
2817 2468 2980 2524 quam
3015 2462 3069 2511 te
3099 2457 3416 2527 periclitari.
3449 2458 3561 2517 Nec
3579 2468 3654 2515 ta-

2048 2556 2172 2597 men
2192 2541 2526 2599 exborresco
2540 2544 2733 2600 salutis
2752 2547 3076 2617 periculum,
3096 2550 3192 2606 sed
3210 2551 3353 2622 apud
3373 2562 3445 2619 te,
3468 2562 3647 2622 pater,

2048 2634 2242 2702 doleo,
2278 2652 2366 2692 me
2392 2639 2547 2709 quasi
2579 2644 2729 2695 tuum
2760 2640 2977 2696 hostem
3017 2643 3333 2712 periclitari.
3365 2645 3652 2703 Periclitor

2050 2738 2251 2796 tamen,
2273 2731 2318 2787 si
2342 2731 2485 2801 apud
2514 2741 2568 2788 te
2588 2741 2643 2789 et
2662 2731 2810 2789 Caesa
2820 2735 2898 2791 ris
2912 2737 3229 2793 testimonia
3250 2738 3651 2809 periclitantur;

2051 2819 2145 2879 His
2163 2838 2295 2895 ergo
2314 2836 2439 2881 utor
2465 2826 2681 2883 indiciis
2705 2843 2839 2883 mea!
2861 2827 3224 2886 defensionis:
3242 2829 3518 2889 Cassarem
3541 2847 3652 2889 non

2050 2918 2288 2988 appello,
2313 2920 2468 2989 quasi
2508 2920 2839 2991 audiendus,
2867 2923 2963 2980 sed
2994 2924 3245 2994 imploro,
3271 2927 3425 2997 quasi
3467 2927 3652 2983 absol-

2050 3011 2279 3067 vendus.
2321 3012 2478 3082 Quod
2524 3015 2569 3070 si
2614 3015 2882 3085 judicium
2928 3018 3294 3074 exercendum
3346 3020 3653 3087 existimas,-

2053 3120 2203 3174 ecce,
2233 3108 2306 3163 mi
2342 3118 2494 3174 pater
2519 3108 2611 3177 ,ad
2631 3118 2681 3165 te
2702 3112 2823 3167 veni
2856 3121 2981 3182 post
3001 3111 3295 3180 Cmsarem,
3330 3114 3396 3169 ad
3422 3123 3474 3170 te
3502 3114 3657 3172 festi-

350 3200 653 3275 prehendi?
676 3202 1025 3259 insidiantem
1059 3200 1310 3257 removi?
1343 3198 1409 3255 ad
1440 3197 1820 3254 confessiones
1848 3210 1945 3250 ne-
1976 3199 2023 3263 Ο
2056 3204 2178 3258 navi
2207 3220 2237 3260 a
2266 3202 2505 3261 Caesare.
2538 3205 2759 3262 Utinam
2797 3207 3016 3278 quidem
3059 3208 3327 3279 nusquam
3350 3224 3381 3266 a
3416 3221 3468 3267 te
3492 3210 3659 3266 abiis-

350 3306 545 3371 gautcs
590 3295 828 3352 deduxi?
861 3294 1018 3350 Potui
1063 3291 1418 3364 parricidium
1450 3306 1556 3345 non
1601 3288 1868 3359 eugitare,
1896 3296 1953 3341 et

355 3390 634 3464 parricidii
675 3390 907 3446 fructum
940 3387 1171 3454 habere,
1202 3387 1248 3441 si
1293 3385 1608 3441 tacuissem.
1655 3381 1765 3439 Sed
1813 3379 1953 3437 mihi

354 3486 403 3543 si
434 3472 738 3542 bestiarum
767 3482 1107 3549 immanitas,
1144 3481 1191 3536 si
1234 3479 1508 3535 atrocium
1534 3477 1776 3532 ferarum
1806 3475 1954 3531 ines-

354 3589 440 3636 set
468 3580 636 3644 furor,
671 3588 850 3633 tamen
901 3577 1067 3632 tantis
1110 3573 1389 3629 beneficiis
1426 3572 1531 3627 tuis
1564 3583 1954 3625 mansuescere

367 3675 539 3746 potui,
569 3682 628 3729 ut
657 3671 861 3728 nullam
895 3686 1054 3742 opem
1087 3668 1187 3724 nisi
1235 3668 1289 3723 in
1322 3676 1428 3723 tuae
1472 3665 1664 3721 salutis
1709 3661 1955 3720 subsidio

358 3771 779 3833 constituerem,
810 3773 872 3822 ut
898 3781 999 3838 pro
1023 3763 1274 3820 omnibus
1302 3762 1398 3818 tibi
1441 3760 1526 3816 vel
1566 3760 1743 3815 solam
1777 3755 1961 3811 chari-

360 3873 528 3919 tatetn
558 3860 844 3924 referrem,
878 3870 930 3916 te
958 3873 1081 3915 meo
1122 3871 1357 3928 corpore
1389 3861 1750 3924 protegerent,
1784 3858 1837 3905 te
1873 3849 1957 3903 in-

358 3958 533 4024 timis,
575 3959 620 4014 si
666 3956 784 4013 fieri
830 3963 1037 4027 posset,
1070 3951 1375 4009 visceribus
1406 3948 1741 4004 includeretn
1778 3959 1960 4016 :praa-

358 4055 567 4109 tuleras
596 4050 963 4108 nobilioribus
999 4048 1126 4104 ﬁliis
1159 4056 1402 4101 materna
1441 4042 1612 4113 stirpe
1651 4041 1832 4096 minus
1860 4053 1960 4094 no-

359 4149 552 4213 bilem,
586 4156 815 4203 matrem
866 4159 1084 4216 quoque
1131 4141 1284 4212 regni
1339 4138 1585 4195 exsulem
1637 4135 1693 4191 in
1733 4146 1957 4204 regnum

359 4258 685 4311 vocaveras,
729 4256 830 4297 nec
865 4241 977 4311 jam
1022 4251 1399 4294 successorem
1450 4249 1536 4288 nte
1585 4230 1820 4301 imperii,
1864 4225 1961 4283 sed

357 4337 521 4410 quasi
548 4345 861 4392 consortem
906 4333 1170 4389 habebas.
1205 4329 1250 4387 Ο
1276 4332 1444 4386 miser
1470 4341 1591 4399 ego,
1621 4323 1709 4381 cui
1750 4330 1960 4378 tantum

359 4416 666 4485 liberalitas
698 4440 788 4483 tua
818 4428 1089 4483 bonorum
1123 4423 1414 4488 effuderat,
1451 4430 1511 4477 ut
1542 4419 1748 4475 invidia
1774 4430 1965 4472 succe-

358 4521 557 4579 deret!
593 4522 636 4578 Ο
662 4521 1021 4578 stultissimus
1060 4534 1183 4591 ego,
1208 4517 1395 4589 quite,
1448 4523 1627 4585 pater,
1660 4511 1888 4582 reliqui!
1918 4508 1963 4565 si

2056 3311 2194 3353 sem.
2225 3298 2331 3354 Sed
2374 3306 2428 3352 tu
2460 3314 2570 3364 me,
2605 3307 2777 3369 pater,
2811 3300 3063 3356 nesciens
3107 3302 3362 3370 periculis
3403 3303 3658 3373 objecisti

2052 3390 2249 3462 jubens
2268 3404 2514 3465 pergere.
2542 3392 2748 3449 Praesto
2771 3408 2912 3461 sum,
2946 3401 3121 3462 pater,
3152 3409 3255 3451 nec
3286 3395 3656 3466 perfunctorie

2056 3484 2124 3541 de
2169 3485 2465 3543 levioribus
2512 3486 2743 3545 testibus
2788 3488 3173 3560 requirendam
3207 3504 3305 3561 pro
3356 3491 3533 3547 salute
3563 3500 3656 3547 tua

2057 3578 2344 3635 veritatem
2385 3579 2617 3637 restituo.
2650 3579 2766 3636 Non
2795 3582 3173 3653 prmjudicent,
3200 3587 3293 3655 qui
3324 3594 3552 3654 possunt
3585 3585 3655 3639 ti-

2059 3687 2209 3729 mere
2231 3681 2521 3739 tormenta,
2564 3688 2665 3729 nec
2693 3675 2787 3745 qui
2812 3685 3041 3744 possunt
3066 3685 3441 3732 contemnere.
3478 3676 3661 3732 Omnis

2060 3764 2212 3819 homo
2250 3765 2492 3830 mendax,
2534 3765 2666 3822 dixit
2703 3767 2984 3837 Scriptura
3016 3768 3193 3843 (Paul.
3233 3785 3362 3834 cxv,
3395 3771 3509 3842 ll).
3543 3769 3661 3841 Ego

2060 3856 2249 3914 defero
2277 3858 2710 3930 incorruptibilia
2750 3861 3145 3917 elementorum
3191 3864 3526 3919 testimonia.
3557 3863 3665 3921 Ve-

2061 3951 2151 4006 nio
2178 3951 2247 4008 ad
2280 3964 2330 4008 te
2359 3967 2454 4022 per
2494 3955 2659 4008 maria
2695 3965 2751 4010 et
2781 3970 2879 4027 per
2921 3965 3096 4011 terras
3141 3971 3411 4029 nusquam
3456 3956 3664 4028 aliquid

2062 4058 2273 4115 passus.
2301 4045 2577 4101 Parricida
2607 4046 2769 4103 debui
2800 4064 2906 4103 non
2933 4049 3191 4116 evadere;
3220 4051 3263 4106 si
3298 4066 3425 4107 reus
3456 4065 3661 4107 essem.

2063 4138 2326 4194 Absolvat
2376 4154 2486 4206 me,
2521 4148 2696 4210 pater,
2726 4140 2868 4210 apud
2902 4150 2955 4197 te
2995 4141 3195 4198 ccelum
3235 4142 3378 4213 quod
3409 4158 3517 4198 non
3552 4142 3658 4198 ful-

2064 4233 2307 4302 minavit,
2344 4249 2495 4290 mare
2542 4235 2687 4303 quod
2729 4251 2836 4291 non
2884 4235 3164 4304 demersit,
3200 4248 3344 4293 terra
3393 4254 3515 4309 quae
3558 4253 3666 4293 non

2065 4326 2349 4383 absorbuit
2384 4344 2397 4382 :
2426 4344 2529 4400 per
2559 4328 2676 4385 haec
2719 4329 2786 4385 ad
2825 4338 2877 4386 te
2924 4339 3070 4386 tutus
3096 4331 3278 4398 venio,
3316 4340 3470 4402 pater
3504 4349 3516 4385 :
3545 4347 3667 4403 qua:

2068 4436 2174 4475 non
2217 4422 2393 4478 solent
2426 4420 2680 4491 evadere,
2714 4424 2878 4479 etiam
2905 4425 2997 4495 qui
3027 4438 3133 4479 non
3166 4433 3294 4480 sunt
3324 4432 3536 4495 patrum
3572 4438 3670 4496 ge-

2069 4515 2313 4571 nitalium
2346 4516 2655 4586 parricidae.
2681 4517 2913 4572 Dathatn
2952 4528 3006 4573 et
3033 4517 3258 4574 Abirom
3289 4517 3473 4574 hiatus
3503 4532 3668 4574 vora-

358 4617 532 4674 datits
556 4626 639 4673 est
682 4615 903 4671 invidiae
932 4616 1107 4678 locus.
1157 4623 1213 4670 et
1262 4619 1509 4683 potestas
1557 4607 1963 4665 insidiantibus.
1992 4612 2047 4673 Ι)
2073 4610 2145 4666 vit
2178 4620 2362 4678 terrae,
2398 4627 2498 4667 nec
2530 4598 2708 4667 tamen
2729 4612 3020 4684 genitalem
3063 4613 3405 4684 appetierant
3436 4622 3670 4684 patrem.

355 4709 610 4782 Namque
635 4711 761 4766 dum
785 4726 887 4781 ego
919 4725 1018 4781 pro
1042 4717 1139 4764 tua
1166 4708 1343 4764 salute
1372 4707 1467 4761 ditt
1491 4705 1768 4769 demoror,
1789 4716 1966 4757 meatu

358 4804 591 4880 prodidi
622 4825 633 4859 :
667 4796 719 4861 et
742 4813 925 4861 tamen
955 4803 1092 4859 nihil
1121 4799 1485 4872 habeo,quod
1515 4798 1648 4855 mihi
1670 4797 1965 4853 ascribam.

358 4903 453 4962 Tu
480 4921 587 4972 me,
621 4913 794 4975 pater,
821 4906 970 4959 abire
1010 4902 1248 4974 jussisti,
1297 4901 1396 4957 tibi
1434 4914 1535 4971 ego
1562 4892 1969 4967 peregrinabor,

360 5009 551 5071 pater,
583 5015 651 5056 ne
697 5009 844 5054 tuam
892 5005 1235 5054 senectutem
1281 4995 1493 5066 Sylasus
1524 4986 1971 5053 circumveniret,

360 5109 445 5152 ne
488 5105 538 5150 te
580 5094 859 5150 viventem
902 5109 1071 5165 regno
1113 5097 1363 5158 exueret,
1394 5102 1496 5145 nec
1530 5085 1672 5153 apud
1700 5084 1972 5138 Caesarem

361 5200 525 5248 tuam
554 5190 790 5246 salutent
834 5195 1140 5260 appeteret.
1166 5184 1349 5242 Testis
1377 5191 1463 5239 est
1493 5180 1624 5237 mihi
1658 5180 1823 5233 llotna
1856 5175 1971 5245 pie-

363 5284 737 5354 tatis,‘C:csar
760 5300 975 5356 quoque
1010 5282 1208 5353 pracsul
1247 5280 1401 5337 orbis
1434 5287 1726 5343 terrarum,
1757 5282 1812 5329 et
1848 5287 1974 5327 cen-

359 5395 471 5438 sor
494 5382 872 5436 universorum
901 5388 1063 5448 atque
1098 5377 1305 5433 arbiter
1337 5374 1442 5430 mei
1475 5370 1739 5445 pectoris,
1769 5368 1861 5439 qui
1889 5381 1977 5421 me

358 5484 652 5541 amantem
683 5474 850 5544 patris
895 5473 1178 5545 appellare
1222 5471 1418 5527 solitus
1466 5476 1607 5525 erat.
1654 5462 1981 5522 Testificare

356 5568 587 5638 Caesar,
613 5554 747 5639 quid
786 5583 890 5640 ego
936 5567 1009 5624 de
1055 5575 1214 5639 patre
1250 5563 1394 5634 apud
1425 5573 1479 5619 te
1518 5559 1807 5632 loquebar,
1838 5554 1983 5629 apud

454 5763 479 5792 α
510 5752 622 5809 Nec
643 5752 730 5809 ad.
756 5752 922 5809 ΒΑΜ.

454 5824 481 5865 1³
512 5826 716 5881 Ambitu
726 5842 791 5880 ηε.
821 5824 900 5880 lo.

2072 4705 2310 4761 Absalon
2344 4705 2637 4778 fugientem
2661 4708 2877 4764 arboris
2907 4724 3022 4763 suae
3076 4708 3243 4764 ramis
3273 4718 3416 4765 terra
3442 4725 3674 4781 suspen-

2074 4796 2176 4865 dit,
2206 4813 2273 4854 ne
2314 4798 2381 4853 ad
2415 4809 2623 4869 patrem
2660 4800 2989 4869 perveniret,
3023 4800 3089 4855 ad
3121 4816 3282 4872 quem
3315 4802 3359 4856 si
3396 4803 3678 4872 pervenis.

2076 4902 2181 4958 set,
2226 4903 2495 4948 evaserat.
2548 4893 2662 4964 Ego
2692 4894 2758 4948 ad
2792 4903 2846 4950 te
2890 4896 3034 4963 veni,
3068 4904 3125 4951 et
3158 4895 3337 4952 adhuc
3369 4897 3672 4968 periclitor.

2078 4984 2246 5040 David
2290 4985 2614 5055 parricidam
2649 5002 2829 5055 suum,
2872 4987 2997 5058 quia
3045 5002 3270 5045 servare
3312 5004 3420 5045 non
3464 4991 3675 5060 potuit,

2081 5082 2372 5137 vindicavit
2403 5098 2417 5135 :
2457 5096 2563 5151 ego
2591 5080 2660 5138 de
2688 5081 2922 5138 inimicis
2966 5090 3024 5139 et
3051 5083 3536 5141 calumniatoribus
3565 5084 3680 5140 vin-

2081 5176 2254 5233 dicari
2282 5192 2390 5231 non
2430 5183 2631 5245 expeto
2653 5218 2666 5243 ,
2702 5184 2762 5231 ut
2800 5192 2896 5231 eos
2931 5175 2998 5231 ad
3029 5185 3298 5234 tormenta
3328 5194 3515 5235 vocem
3552 5196 3565 5233 :
3595 5178 3680 5233 lu-

2083 5279 2304 5326 crentur
2329 5270 2406 5325 illi
2436 5286 2649 5341 pinnam
2676 5270 2982 5326 calumniae.
3011 5271 3190 5330 Unum
3222 5286 3375 5345 rogo,
3410 5284 3583 5346 pater,
3613 5288 3683 5330 ne

2085 5365 2280 5421 alienis
2334 5366 2526 5422 credas
2567 5367 2853 5423 tormentis
2885 5384 2898 5422 :
2932 5366 3001 5424 de
3033 5371 3356 5441 memetipso
3392 5369 3684 5426 adversum

2087 5476 2177 5517 me
2204 5462 2424 5533 require
2460 5461 2748 5534 supplicia.
2781 5460 3065 5533 Suspende
3100 5478 3253 5520 reum
3286 5472 3459 5528 tuum,
3493 5463 3549 5517 in
3574 5462 3687 5518 vis.

2087 5570 2212 5619 cera
2247 5570 2365 5611 mea
2422 5565 2611 5626 pergat
2659 5555 3016 5626 interrogatio
3067 5555 3337 5624 veritatis,
3388 5558 3441 5611 in
3491 5566 3690 5628 corpus

2161 5749 2181 5775 υ
2212 5736 2473 5795 Fratrum.
2511 5740 2585 5795 In.
