4112 6350
523 305 662 366 203i
1881 296 2128 357 SANCTI
2168 296 2490 358 AMBROSII
2938 295 2971 307 ”
3044 290 3055 298 ’
3657 296 3779 355 2032

522 434 705 475 meum
735 424 898 490 atque
926 416 984 474 in
1021 415 1283 473 interiora
1311 414 1609 486 penetralia
1631 412 1973 470 descendant
1999 413 2123 469 ﬁdi-
2149 418 2203 481 Α
2225 417 2364 472 saris
2385 424 2504 473 erat
2524 456 2539 480 ,
2569 431 2666 487 per
2689 414 2954 487 Antiphili
2998 414 3278 473 servulum
3310 413 3527 487 perferri
3550 414 3779 487 jusserat,

524 516 663 571 culte
691 517 1057 588 quaestionum
1080 556 1096 583 ,
1132 512 1365 583 proﬂuat
1394 510 1617 582 sanguis
1641 551 1657 579 ,
1701 510 1793 582 qui
1821 510 1967 566 solet
1996 525 2121 581 par-
2227 525 2362 583 quas
2383 512 2579 567 Acmes
2595 510 2699 568 sibi
2720 509 2960 567 redditas
2986 511 3096 582 regi
3134 510 3522 567 transmitteret
3551 526 3641 567 :ac
3663 527 3784 583 pene

524 613 778 669 ricidium
824 612 1081 678 clamare,
1130 608 1381 666 ferantur
1435 608 1587 678 ignes
1621 606 1674 661 in
1726 614 1878 661 artus
1908 607 2122 661 noxios.
2230 606 2282 661 in
2320 605 2564 662 mulieris
2593 604 2890 676 perniciem
2921 604 3070 660 fraus
3106 606 3478 672 convaluerat,
3507 604 3559 660 ni
3597 618 3786 676 reperta

525 704 667 774 Quid
697 704 934 771 dubitas,
956 705 1145 776 pater?
1191 704 1238 759 si
1272 702 1472 773 parcis,
1501 702 1853 758 innocentem
1884 714 2127 771 pronun-
2231 708 2382 755 esset
2418 698 2649 770 epistola
2692 697 2893 755 Acmes
2945 697 3012 753 ad
3060 698 3430 770 Antipatrum,
3479 713 3593 768 quae
3625 698 3787 754 dolum

528 803 672 859 tias:
701 803 747 857 si
777 817 808 857 a
840 801 1086 857 cruciatu
1114 809 1408 870 temperas,
1438 797 1681 854 absolvis
1720 797 1979 854 crimine.
2011 795 2130 851 Non
2232 791 2497 863 prodidit,
2537 791 2738 861 scripta
2779 791 2835 847 in
2884 792 3030 848 hunc
3070 791 3288 848 modum
3330 809 3343 847 :
3385 791 3533 848 Sicut
3576 791 3790 862 voluisti,

531 907 617 956 est
648 897 940 968 parricida,
993 896 1085 967 qui
1135 894 1369 965 simplici
1419 904 1594 948 morte
1642 892 1838 964 dignus
1889 898 2129 962 putatur.
2232 885 2375 957 patri
2414 894 2507 941 tuo
2549 884 2763 955 scripsi,
2799 892 2856 939 et
2882 883 3145 954 epistolas
3185 883 3308 940 illas
3350 883 3523 940 direxi
3550 901 3563 938 :
3590 899 3684 941 nec
3709 885 3795 941 du-

530 993 641 1051 Aut
666 994 712 1050 si
744 1001 802 1049 ut
831 993 944 1048 (ilio
972 991 1175 1063 parcis,
1207 999 1263 1046 et
1284 1006 1353 1046 ex
1385 998 1436 1044 te
1465 987 1668 1060 genitis
1694 986 1959 1044 membris
1985 999 2135 1041 com-
2233 975 2350 1032 bito
2380 992 2565 1049 regem
2593 977 2645 1032 in
2680 976 2981 1048 periculum
3025 978 3235 1034 sororis
3271 976 3703 1034 insurrecturum.
3729 978 3797 1034 Tu

532 1086 773 1159 pateris;
807 1100 915 1142 non
949 1093 1077 1140 sum,
1103 1085 1346 1140 membra
1386 1090 1499 1150 tua,
1523 1097 1647 1153 qua:
1676 1087 1805 1137 sunt.
1832 1077 2133 1135 ministeria
2236 1069 2410 1126 vicem
2453 1070 2681 1126 restitue
2719 1077 2909 1140 optato
2961 1069 3163 1127 Bacchi
3216 1068 3437 1141 potitus.
3491 1068 3584 1127 Hi5
3626 1069 3799 1128 litteris

533 1180 896 1239 crudelitatis.
933 1180 1058 1235 llaec
1098 1177 1192 1234 ubi
1240 1178 1457 1235 locutus
1506 1186 1613 1243 εει,
1667 1190 1864 1247 magno
1911 1172 2043 1229 fletu
2079 1179 2138 1229 et
2236 1162 2613 1234 deprchenSiS.
2662 1179 2760 1220 rex
2806 1163 2859 1219 in
2909 1165 3278 1235 suspicionem
3327 1164 3622 1232 deductus,
3674 1164 3800 1236 quod

533 1277 739 1350 gemitu
788 1275 1124 1332 lamentabili
1173 1273 1335 1330 ﬁnem
1371 1271 1587 1329 dicendi
1618 1270 1750 1327 fecit
1772 1312 1789 1339 ,
1818 1269 2137 1340 ululatuque
2237 1257 2401 1314 etiam
2432 1256 2746 1313 Alexander
2773 1258 2891 1329 pari
2933 1266 3051 1314 artc
3088 1257 3411 1330 compositis
3438 1273 3467 1313 a
3496 1257 3657 1314 fratre
3677 1270 3802 1315 esset

533 1371 780 1431 maxime
810 1370 1014 1426 Varum
1036 1377 1093 1426 et
1121 1383 1313 1425 omnes
1344 1368 1410 1424 ad
1436 1366 1851 1424 miserationem
1881 1362 2093 1420 inﬂexit
2120 1380 2133 1417 :

2239 1351 2513 1424 appetitus
2558 1351 2826 1423 epistolis,
2857 1362 2914 1409 et
2960 1352 3129 1409 nimia
3153 1355 3521 1411 commotione
3547 1370 3806 1426 exaspera-

535 1469 687 1526 solus
715 1465 960 1522 Herodes
988 1464 1156 1520 nullis
1187 1462 1508 1519 movebatur
1529 1461 1807 1534 lacrymis,
1838 1468 2001 1530 atque
2022 1458 2140 1529 ipse
2240 1455 2349 1511 tus.
2390 1446 2765 1518 wgrilndinem
2795 1461 3014 1518 gravem
3052 1448 3343 1504 contraxit.
3376 1447 3493 1517 Quo
3536 1463 3595 1505 se
3637 1448 3808 1506 videns

536 1577 569 1619 a
607 1561 736 1618 ﬂetu
786 1557 1110 1631 temperavit
1159 1555 1520 1612 intractabilis
1570 1554 1637 1609 ad
1689 1553 1927 1621 veniam,
1962 1566 2140 1624 quies--

2241 1543 2425 1612 urgeri
2463 1541 2710 1613 periculo
2733 1584 2749 1609 ,
2790 1542 3045 1613 Antipam
3084 1558 3250 1599 unum
3291 1558 3361 1600 ex
3408 1543 3531 1599 ﬁliis
3559 1542 3805 1600 haeredem

538 1655 672 1714 tioni
709 1655 1021 1723 imminens,
1053 1650 1351 1708 vindictam
1382 1657 1670 1721 expetens.
2243 1636 2460 1708 imperii
2492 1635 2520 1675 ά
2562 1638 2821 1709 scripsit,
2853 1637 3137 1709 praelatum
3177 1637 3448 1696 Archelao
3489 1647 3544 1696 et
3588 1638 3809 1708 Philippo

1120 1744 1353 1803 CAPUT
1392 1743 1555 1800 XLV.
2243 1732 2554 1789 senioribus
2590 1731 2811 1801 liberis,
2840 1733 3097 1804 quoniam
3136 1733 3285 1805 ipsos
3319 1748 3531 1806 quoque
3557 1732 3812 1805 Antipater

615 1844 893 1905 Successit
938 1842 1175 1899 orationi
1224 1839 1497 1911 Antipatri
1524 1838 1779 1895 Mcolaus
1807 1838 1951 1909 regis
1987 1850 2142 1890 tnan-
2173 1831 2220 1892 Β
2248 1824 2388 1882 dolis
2433 1834 2597 1896 atque
2627 1824 2856 1882 fallaciis
2881 1835 3167 1898 suspectos
3194 1828 3330 1898 patri
3378 1827 3599 1885 fecerat.
3636 1827 3810 1884 Cmsari

540 1942 691 2006 dato,
714 1938 804 2011 qui
822 1946 1000 1993 astute
1019 1936 1137 2007 ejus
1162 1932 1523 2005 responderet
1550 1931 1809 1989 versutiis
1830 1938 1886 1987 ct
1912 1928 2144 1985 innexos
2245 1919 2444 1990 legavit
2473 1917 2621 1975 mille
2648 1917 2847 1974 talenta
2873 1961 2889 1986 ,
2912 1920 3070 1976 donis
3096 1920 3519 1992 muneribusque
3539 1919 3741 1978 additis.
3764 1920 3812 1977 In

544 2052 575 2094 a
615 2034 970 2092 miseratione
1012 2030 1330 2096 abduceret,
1359 2026 1652 2084 referendo
1699 2026 1752 2080 in
1797 2025 2141 2095 Antipatrum
2247 2030 2473 2071 uxorem
2501 2022 2555 2072 et
2586 2015 2757 2083 filios,
2789 2013 3017 2071 libertos
3042 2025 3203 2088 atque
3229 2017 3434 2073 amicos
3460 2017 3823 2089 quinquaginta

544 2134 799 2189 fraternae
825 2128 1080 2186 invidiam
1112 2126 1288 2192 necis,
1314 2123 1604 2194 allegando
1630 2120 1777 2193 quod
1807 2121 2009 2191 siquos
2028 2132 2147 2173 mo-
2247 2107 2517 2165 contulit:
2560 2124 2661 2165 nec
2708 2107 2963 2165 Salomen
3002 2123 3246 2166 sororem
3294 2126 3580 2166 munerum
3620 2125 3814 2167 suorum

543 2237 700 2288 veret
751 2222 1147 2288 misericordia,
1195 2219 1415 2275 illorum
1466 2215 1716 2272 misereri
1769 2213 2009 2279 deceret,
2053 2208 2147 2281 qui
2250 2214 2529 2274 expertem
2568 2206 2805 2277 reliquit.
2839 2206 3177 2263 Procedebat
3207 2207 3260 2262 in
3302 2208 3545 2266 deterius
3582 2206 3817 2281 :rgritudo

544 2324 664 2393 ejns
707 2318 979 2392 perempti
1026 2315 1330 2379 fraudibus,
1366 2312 1626 2367 ultionem
1679 2306 2045 2379 requirerent.
2089 2302 2149 2358 Si
2250 2305 2414 2367 atque
2450 2312 2673 2356 accessu
2713 2301 2974 2371 temporis
3006 2308 3031 2338 ο
3056 2301 3522 2372 exasperabatur,
3550 2317 3698 2374 quam
3734 2301 3818 2356 im-

546 2389 1113 2480 unum_absolverent,
1141 2409 1319 2464 omnis
1348 2406 1545 2463 domus
1575 2404 1722 2475 regia
1767 2402 1821 2457 in
1846 2398 2146 2472 periculum
2252 2389 2448 2447 becilla
2503 2401 2757 2449 senectus
2808 2393 2923 2450 suis
2977 2392 3514 2452 incommoditatibus
3562 2394 3821 2451 acerbabat

546 2512 934 2575 deduceretur,
965 2502 1251 2577 germani,
1285 2500 1478 2558 affines
1502 2514 1517 2567 ;
1544 2506 1822 2569 parentes,
1867 2495 1983 2564 ipse
2012 2507 2107 2548 rex
2132 2531 2146 2558 ,
2254 2485 2518 2557 qootidic.
2572 2486 2853 2559 Siquidem
2903 2503 3010 2544 non
3042 2489 3223 2544 minus
3275 2490 3684 2562 septuagenario
3718 2503 3818 2560 grao

547 2608 703 2678 cujus
747 2603 907 2661 saluti
951 2615 1060 2657 non
1111 2597 1468 2670 pepercisset.
1503 2593 1694 2663 Itaque
1735 2602 2036 2646 conversus
2082 2584 2152 2641 ad
2254 2586 2436 2634 Vatum
2467 2581 2623 2636 annis
2653 2596 2890 2653 corpus.
2925 2582 3121 2638 crebro
3161 2598 3377 2656 quoque
3421 2598 3649 2641 maerore
3681 2583 3822 2638 animi

549 2671 836 2758 oratorum
867 2686 1738 2762 versutias,veluta(narratione
1761 2677 2151 2751 miserationis)
2255 2671 2517 2732 afflictum
2563 2675 2830 2745 gerebat,
2876 2686 2954 2731 tot
2994 2678 3303 2748 parricidiis
3337 2677 3358 2718 ί
3400 2680 3823 2747 convulneratus,

553 2794 770 2865 epilogo
812 2789 1049 2863 quodam
1091 2783 1366 2842 excitabat
1404 2783 1473 2837 ab
1519 2777 1711 2835 inferis
1740 2782 2151 2849 peremptorum
2257 2783 2379 2839 quxe
2426 2778 2521 2824 aut
2563 2770 2991 2837 deprehendisse
3040 2774 3095 2828 in
3145 2772 3274 2828 filiis
3321 2782 3581 2832 extrema:
3622 2773 3825 2830 miseria:

554 2864 787 2953 animas,
823 2886 913 2957 qui
946 2879 1249 2939 miserabili
1305 2884 1505 2949 questu
1547 2874 1826 2944 replerent
1877 2868 2153 2935 subsellia,
2259 2871 2378 2957 erat
2405 2904 2418 2930 ,
2450 2872 2545 2918 aut
2570 2864 2837 2922 intulisse.
2873 2866 3292 2925 lmmedicabilis
3319 2877 3502 2926 tamen
3527 2866 3827 2942 trgritudinis

554 2985 803 3040 insontes
828 2955 889 3035 se
916 2975 1217 3049 oppetisse,
1245 2969 1556 3029 subornatis
1576 2967 1879 3039 bgravibus
1903 2963 2155 3030 testibus,
2260 2955 2470 3025 fervor,
2503 2957 2647 3028 quod
2677 2968 2961 3030 superstes
2995 2961 3281 3032 Antipater
3318 2963 3673 3019 metuebatur.
3701 2959 3826 3016 Con-

554 3074 875 3148 compositis
919 3069 1190 3142 epistolis,
1240 3063 1603 3122 fraudulentis
1655 3060 2004 3118 sermonibus
2050 3058 2161 3113 cir-
2262 3058 2500 3120 temptus
2525 3066 2745 3123 quoque
2773 3053 2826 3107 in
2853 3052 2970 3109 dies
2995 3052 3188 3123 vilior,
3233 3056 3379 3125 quod
3435 3056 3689 3129 imagines
3730 3054 3829 3110 Cae-

557 3144 905 3227 cnmvcntum
949 3171 1179 3235 patrem,
1222 3157 1527 3215 credidisse
1558 3157 1696 3221 lilio,
1724 3168 1887 3224 quem
1916 3166 2026 3207 non
2057 3164 2158 3221 pu-
2263 3144 2402 3199 saris
2455 3155 2617 3215 atque
2667 3147 2982 3202 animalium
3034 3149 3423 3208 similitudines
3451 3160 3636 3208 contra
3682 3151 3829 3222 legem

561 3271 705 3321 taret
724 3263 794 3318 de
820 3258 1078 3316 fratribus
1102 3269 1265 3327 posse
1295 3254 1539 3310 mentiri.
1574 3263 1597 3291 ε
1629 3250 1800 3307 Olfert
1833 3264 1980 3305 nunc
2026 3261 2159 3318 sup-
2188 3240 2234 3305 C
2268 3238 2470 3308 ιοιηριο
2495 3241 2757 3310 apposita!
2782 3240 3235 3312 detrahebantur,
3282 3245 3597 3302 auctoribus
3624 3243 3831 3299 maxime

564 3358 726 3431 plicia
752 3371 849 3412 sua
877 3354 972 3424 qui
1016 3351 1249 3407 fratrum
1300 3347 1594 3404 tormentis
1641 3360 1750 3400 non
1798 3342 2161 3407 credidisset,
2266 3328 2401 3386 «inda
2426 3342 2592 3405 atque
2629 3334 2849 3391 Matthia
2872 3335 3175 3408 juventutis
3202 3337 3520 3396 doctoribus
3543 3380 3559 3407 ,
3588 3339 3674 3411 qui
3697 3346 3720 3385 ε
3753 3349 3832 3391 co-

562 3428 701 3527 quos
741 3460 970 3507 onustos
1012 3446 1249 3502 vinculis
1275 3442 1628 3514 obligaverit,
1662 3454 1732 3497 ne
1757 3437 2052 3510 cognitioni
2080 3436 2167 3491 in-
2266 3428 2433 3498 gnitis
2458 3440 2510 3484 et
2541 3431 2990 3502 conspirantibus
3018 3433 3123 3489 sibi
3156 3434 3378 3491 venisse
3405 3432 3832 3507 tempusaiebant,

566 3553 860 3609 teressent,
898 3543 953 3598 in
984 3540 1241 3596 absentes
1269 3538 1433 3592 latam
1473 3532 1823 3599 sententiam,
1851 3545 1972 3587 cum
2005 3530 2166 3601 longe
2268 3539 2377 3597 quo
2404 3527 2621 3583 violata:
2653 3527 2788 3600 legis
2819 3527 3016 3600 injuria
3054 3529 3428 3587 vindicaretur
3458 3549 3472 3587 :
3516 3530 3648 3586 Dare
3677 3537 3835 3598 pinnas

564 3642 734 3714 positi
761 3645 946 3696 essent
973 3642 1221 3701 necatos,
1255 3648 1325 3689 ne
1371 3647 1561 3689 eorum
1605 3637 1760 3701 pater
1787 3628 2160 3684 misereretur.
2270 3622 2595 3695 sacrilegum
2623 3665 2638 3692 ,
2670 3624 2759 3695 qui
2792 3631 3011 3696 putaret
3043 3623 3125 3680 fas
3156 3640 3281 3681 esse
3318 3623 3583 3697 quidquid
3613 3614 3834 3697 potestati

567 3738 783 3795 Nullum
824 3735 1011 3805 itaque
1056 3730 1326 3802 reliquum
1371 3727 1611 3783 futurum
1648 3726 1696 3781 si
1738 3725 1838 3781 istc
1880 3722 2166 3791 evaderet,
2271 3716 2503 3775 liceret:
2541 3733 2644 3775 nec
2680 3718 2944 3791 religione
2991 3717 3310 3774 inclinatum
3337 3758 3354 3785 ,
3395 3717 3492 3774 sed
3533 3716 3720 3773 elatum
3761 3724 3837 3766 su-

567 3835 759 3892 doctus
784 3804 991 3886 venena
1021 3825 1371 3898 parricidalia
1404 3837 1627 3879 suorum
1660 3819 1963 3876 visceribus
1986 3817 2171 3873 infun-
2269 3810 2459 3882 perbia
2490 3812 2541 3866 in
2574 3811 2946 3883 penetralibus
2985 3811 3172 3882 templi
3219 3810 3457 3869 faciendi
3501 3808 3640 3883 quod
3666 3804 3834 3868 vellet,

568 3929 720 3995 dere,
751 3933 963 3982 mutare
1011 3928 1227 3979 mentes
1273 3917 1576 3983 hominum,
1610 3915 1701 3987 qui
1753 3915 1916 3971 etiam
1962 3912 2171 3968 Phero—
2273 3906 2553 3963 libidinem
2594 3923 2693 3979 pro
2726 3907 2852 3978 jure
2894 3907 3254 3965 exercuisset.
3301 3907 3372 3963 Et
3415 3905 3659 3980 quamvis
3684 3900 3837 3959 divina

566 4040 685 4082 ram
708 4036 928 4093 semper
950 4016 1387 4075 amantissimum
1410 4013 1616 4080 fratris,
1643 4010 1876 4068 llerodis
1897 4011 1950 4065 in
1980 4024 2170 4066 necem
2273 4000 2411 4055 ιιιιῖο
2441 4009 2679 4057 mortem
2708 4002 2759 4057 ei
2790 4001 3125 4057 acceleraret
3151 4019 3165 4057 :
3197 4011 3381 4057 tamen
3412 3999 3687 4073 pulchrum
3714 3993 3841 4051 vidc-

568 4119 687 4188 cjus
715 4091 1009 4187 parricidio
1037 4111 1252 4168 funesto
1292 4105 1732 4166 cxsuscitaverit.
1766 4104 1847 4159 Ad
1876 4102 2016 4171 hmo,
2045 4116 2169 4158 cum
2276 4095 2357 4163 ri,
2396 4096 2443 4153 si
2490 4096 2651 4153 etiam
2682 4092 2712 4133 ιι
2752 4097 2943 4168 templi
2984 4098 3181 4153 sacrati
3226 4097 3535 4155 libertatem
3580 4107 3756 4158 suam,
3796 4091 3839 4145 in

568 4184 800 4283 plurima
832 4211 935 4264 alia
989 4205 1302 4264 excitanda:
1342 4200 1731 4259 commotionis
1779 4199 1954 4270 gratia
2012 4196 2173 4253 Nico-
2275 4187 2633 4246 defendendis
2677 4188 2888 4261 paterni
2928 4190 3065 4247 ritus
3092 4191 3574 4248 observationibus
3605 4184 3842 4260 approba-

569 4308 688 4362 lans
716 4303 1037 4369 addidisset,
1080 4300 1171 4357 ubi
1217 4311 1528 4354 sermonem
1571 4294 1829 4361 absolvit,
1861 4293 2166 4363 interroga-
2275 4292 2399 4340 rent
2430 4304 2445 4341 :
2485 4299 2587 4341 nec
2627 4285 2854 4356 periculi
2884 4295 3031 4342 metu
3068 4301 3398 4358 quemquam
3430 4284 3667 4344 revocari
3706 4291 3844 4350 0P0"

571 4411 658 4458 tus
689 4416 719 4455 a
746 4398 890 4455 Varo
917 4406 1001 4452 est
1028 4394 1315 4464 Antipater
1336 4434 1351 4460 ,
1376 4390 1424 4445 si
1450 4387 1788 4460 respondere
1815 4386 2001 4442 vellet.
2027 4384 2172 4441 Nihil
2277 4386 2425 4445 tere,
2457 4394 2583 4435 cum
2612 4379 2777 4435 etiam
2806 4379 2947 4436 mori
2985 4395 3087 4453 pro
3128 4381 3248 4454 lege
3290 4381 3471 4452 patria
3522 4379 3722 4452 insigne
3761 4374 3845 4430 im-

572 4494 717 4551 alind
760 4490 970 4555 retulit,
1001 4488 1103 4543 nisi
1130 4487 1310 4560 (Deus
1354 4482 1488 4540 mihi
1519 4482 1673 4539 testis
1702 4480 1821 4554 est)
1863 4482 1988 4551 quia
2037 4478 2173 4535 nihil
2278 4470 2626 4527 mortalitatis
2668 4472 2784 4528 sit:
2824 4471 3097 4544 primique
3140 4474 3321 4531 adorsi
3367 4490 3590 4533 auream
3637 4469 3842 4542 aquilam

573 4586 709 4643 fresi.
736 4585 875 4641 Tum
904 4582 1078 4639 Varus
1121 4594 1392 4636 venenum
1438 4575 1692 4648 proferri,
1745 4581 1907 4646 atque
1955 4571 2008 4629 id
2055 4572 2171 4628 dari
2277 4579 2439 4636 supra
2483 4564 2760 4638 fastigium
2810 4575 2981 4639 portm
3020 4567 3239 4625 afﬁxam
3289 4568 3587 4626 detrahere
3628 4576 3847 4635 compre'

569 4682 735 4752 jussit
759 4680 850 4735 uni
878 4679 948 4734 de
976 4676 1084 4740 his,
1107 4676 1199 4747 qui
1234 4675 1346 4745 jam
1391 4672 1471 4729 rei
1499 4671 1691 4728 mortis
1736 4669 2028 4741 adjudicati
2080 4683 2171 4725 es-
2198 4650 2254 4713 D
2279 4661 2435 4719 hensi
2456 4705 2471 4731 ,
2502 4673 2665 4735 atque
2684 4664 2753 4721 ad
2780 4679 2966 4738 regem
2995 4667 3247 4739 perducti
3272 4685 3285 4723 :
3315 4683 3441 4725 cum
3472 4671 3844 4739 interrogaren-

575 4784 719 4832 εθιιι,
774 4774 894 4843 Quo
942 4780 1199 4843 epotam,
1242 4768 1427 4825 statim
1475 4775 1722 4822 mortuus
1774 4772 1882 4822 est.
1935 4764 2012 4821 De
2069 4779 2178 4835 quo
2282 4765 2408 4824 tur,
2439 4757 2526 4813 cui
2565 4757 2788 4816 obedire
2832 4761 3147 4831 cupientes,
3181 4770 3392 4820 tantum
3434 4765 3640 4822 facinus
3689 4755 3847 4817 adorsi

575 4870 806 4925 relatum
837 4865 904 4921 ad
935 4866 1206 4921 Caesarem
1253 4870 1357 4930 est,
1414 4869 1471 4917 et
1517 4861 1575 4916 in
1625 4859 1841 4916 vincula
1890 4859 2176 4930 Antipater
2277 4849 2482 4917 forent.
2510 4852 2914 4923 responderunt
2936 4854 3039 4924 legi
3065 4863 3324 4926 paternae.
3351 4856 3553 4913 lterum
3579 4850 3844 4929 quaerenti,

574 4961 807 5033 imperio
838 4961 1009 5031 patris
1036 4959 1314 5014 inducitur
1344 4972 1356 5010 :
1386 4970 1488 5011 nec
1519 4963 1698 5010 tamen
1744 4953 1813 5010 ab
1844 4952 2055 5009 insidiis
2083 4967 2178 5007 va-
2277 4961 2388 5018 quo
2416 4944 2538 5002 freti
2567 4947 3090 5005 lmtioresradessent
3112 4991 3125 5015 ,
3151 4964 3274 5006 cum
3301 4946 3591 5009 ad’mortis
3619 4960 3849 5005 vocaren-

568 5072 704 5114 cuus
735 5064 870 5110 erat.
898 5053 1032 5109 Nam
1066 5062 1176 5106 tum
1201 5050 1440 5105 maxime
1464 5047 1717 5104 Salomes
1741 5047 2043 5117 periculum
2077 5046 2174 5102 do-
2276 5050 2365 5099 tur
2394 5041 2715 5111 periculum,
2746 5043 3150 5114 responderunt
3183 5063 3197 5101 :
3229 5044 3462 5102 Pietatis
3489 5054 3545 5102 et
3572 5038 3847 5102 devotionis

572 5151 638 5207 lis
670 5148 915 5204 tentabat
939 5146 1164 5231 directis
1194 5143 1463 5214 epistolis,
1498 5157 1633 5213 quas
1661 5139 2172 5228 Salomesunomine
2278 5140 2550 5210 prmmiis,
2582 5156 2813 5212 quorum
2852 5142 3225 5199 remuneratio
3257 5159 3352 5213 pro
3382 5144 3488 5200 ritu
3520 5141 3688 5215 patrio
3723 5150 3848 5194 mor-

571 5245 858 5314 Antipater
880 5245 1287 5311 composuerat,
1310 5236 1486 5307 plenis
1516 5235 1572 5290 in
1600 5248 1785 5306 regem
1816 5233 2175 5289 contumelia-
2281 5241 2388 5290 tem
2435 5236 2817 5305 expetentibus
2858 5236 3284 5307 persolveretur.
3333 5236 3445 5294 Nec
3489 5230 3847 5294 diutiusferre

568 5354 691 5396 rum
735 5349 900 5409 atque
929 5333 997 5390 ad
1025 5332 1232 5390 Acmen
1263 5331 1518 5387 ancillam
1548 5329 1709 5387 Julia:
1739 5344 1861 5401 quae
1886 5345 2027 5387 uxor
2054 5327 2176 5386 Cte-
2280 5330 2455 5401 potuit
2475 5330 2848 5403 responsionis
2864 5334 3223 5390 constantiam
3243 5376 3258 5403 ,
3282 5332 3377 5391 sed
3400 5332 3755 5406 indignatione
3772 5340 3849 5384 su-

641 5540 668 5569 τι
697 5529 793 5585 Hae
856 5518 1170 5598 parenthesi
1262 5516 1488 5574 inclusm
1542 5517 1812 5576 dictiones
1860 5514 2162 5573 abundant.
2347 5514 2365 5554 ί
2400 5515 2494 5598 Sic
2518 5517 2780 5598 princeps
2801 5519 2996 5598 editio:
3034 5519 3126 5598 Al.
3153 5521 3538 5598 conulceratgr.
3565 5519 3663 5598 _A_l_.
3692 5515 3845 5598 vulne-

569 5605 742 5662 Bann.
860 5589 876 5598 ’
2070 5642 2085 5659 ,
2268 5598 2434 5665 ratus.
2474 5589 2622 5665 idem
2650 5600 2841 5665 auctor
2874 5591 3198 5665 Ambrosius
3223 5594 3387 5665 epist.
3415 5594 3488 5651 43
3515 5591 3583 5648 ad
3611 5591 3844 5665 Borean.

638 5659 666 5717 ἰ)
691 5673 964 5730 Gravatos.
998 5668 1074 5725 In.
1461 5735 1468 5737 _
1682 5733 1703 5737 _
2268 5675 2325 5737 ll:
2357 5661 2391 5717 5
2418 5678 2430 5714 :
2469 5661 2659 5718 Omnes
2695 5663 2956 5736 spiritales
3002 5659 3290 5737 nequitias.
3315 5706 3328 5721 .
3360 5707 3373 5723 .
3397 5705 3412 5721 .
3455 5659 3845 5722 convaluerunt.

641 5761 661 5783 ο
701 5744 906 5813 Offerre
937 5757 1073 5796 nunc
1102 5755 1223 5795 eum
1247 5735 1506 5813 supplicia
1534 5752 1652 5813 sua:
1682 5733 1761 5791 In.
2266 5730 2514 5813 Mazogn.

639 5818 667 5859 ἀ
698 5803 820 5873 νέι.
848 5813 971 5871 cod.
992 5855 1006 5878 ,
1034 5803 1591 5883 testamentb'scripsit.
1620 5805 1698 5862 In.
2339 5814 2366 5883 β
2398 5803 2673 5883 flagrantis.
2700 5806 2877 5883 ΒΑΜ.

642 5900 662 5927 ο
697 5873 1062 5959 Λεροταῡαεάν.
1090 5883 1170 5940 In.
1467 5873 1478 5883 ’

1467 5873 1478 5883 '
2339 5873 2369 5914 ¹³
2398 5873 2527 5950 Leg.
2555 5880 2743 5954 templo
2768 5879 2982 5940 sacrati.
3004 5880 3078 5940 In.
