4112 6350
306 376 448 435 2035

1164 372 1436 432 HISTOH.
1478 373 1571 431 DE
1602 371 1882 433 EXCIDIO
1921 371 2198 434 HIEROS.
2239 373 2442 434 URBIS
2476 374 2604 432 LIB.
2648 372 2691 431 ι.

3463 377 3607 435 2054

304 508 405 566 per
432 490 809 563 aegritudinem
840 490 975 546 facta
998 533 1011 556 ,
1047 500 1104 546 ut
1136 489 1504 546 infirmitatem
1534 488 1812 558 vinceret,
1847 490 1900 547 in
1927 502 1983 565 Α
2006 489 2075 546 ad
2103 490 2334 547 Herodis
2379 492 2656 563 querelam
2687 510 2698 547 :
2741 493 3087 563 Antipatrum
3134 508 3349 565 quoque
3390 496 3611 551 convic-

303 593 630 640 conventum
660 583 846 656 populi
880 582 1175 654 processit,
1207 582 1390 652 ibique
1421 589 1695 654 tamquam
1733 581 1906 638 sacri-

302 678 431 750 legii
459 692 583 735 reos
614 678 679 734 ad
710 677 925 749 plebem
956 676 1208 734 deferens
1236 689 1492 732 accusare
1522 675 1693 748 cmpit
1712 718 1725 742 ,
1758 674 1905 747 quod

301 772 511 843 majora
550 771 620 828 de
647 771 801 828 factis
832 771 1028 828 talibus
1067 778 1536 841 suspectarentur.
1580 770 1711 837 Quae
1739 770 1904 826 etiam

300 868 349 924 si
382 881 493 921 non
523 866 922 937 probarentur,
956 875 1138 921 tamen
1178 864 1357 920 cuncti
1396 863 1501 920 sibi
1530 864 1762 936 quisque
1787 880 1905 919 me-

301 968 517 1016 tuentes
540 1000 555 1027 ,
587 969 870 1015 auctorum
899 959 991 1029 qui
1025 957 1408 1029 comprehensi
1453 956 1633 1013 forent
1660 998 1675 1024 ,
1706 955 1903 1013 luenda

299 1052 566 1125 supplicia
589 1052 1043 1124 deprecabantur.
1068 1051 1179 1108 Nec
1206 1051 1536 1123 pergendum
1562 1051 1617 1105 in
1640 1060 1871 1107 caeteros
1886 1091 1902 1117 ,

299 1164 373 1204 ne
403 1148 635 1221 qumStio
662 1147 848 1220 plures
877 1157 1039 1219 atque
1067 1147 1274 1203 alienos
1300 1158 1358 1203 et
1404 1144 1654 1203 innoxios
1686 1156 1903 1217 pertur-

298 1244 460 1301 baret
486 1262 500 1301 :
528 1253 748 1315 rogatus
777 1244 960 1315 itaque
983 1243 1036 1298 in
1066 1252 1364 1314 praesentes
1392 1244 1720 1297 sententiam
1745 1240 1901 1308 tulit,

300 1348 358 1394 nt
396 1340 508 1394 vivi
540 1346 899 1396 exurerentur
930 1357 943 1393 :
986 1338 1129 1395 unde
1169 1336 1587 1395 incommoditas
1627 1344 1819 1403 aucta,
1850 1343 1905 1391 et

299 1432 569 1504 gravioris
623 1431 961 1505 aegritudinis
1015 1432 1136 1501 vis,
1191 1431 1423 1489 diversis
1477 1438 1649 1487 totum
1703 1443 1903 1500 corpus

300 1527 422 1599 ejus
480 1527 824 1600 passiooibus
873 1527 1289 1599 depascebatur.
1331 1523 1524 1582 Febris
1568 1530 1688 1580 erat
1733 1522 1901 1578 vehe-

302 1637 460 1679 mens
483 1663 498 1688 ,
533 1622 755 1695 prurigo
801 1620 1166 1678 intolerabilis
1190 1662 1206 1687 ,
1246 1618 1491 1676 continui
1532 1632 1597 1674 ac
1636 1617 1754 1673 sine
1793 1614 1903 1671 ulla

303 1715 713 1773 intermissione
771 1715 1093 1772 interiorum
1147 1712 1367 1769 dolores
1413 1711 1685 1767 viscerum
1714 1750 1728 1775 ,
1756 1708 1903 1764 collo

302 1811 519 1869 medius
555 1811 885 1878 vexabatur,
933 1809 1181 1883 liydmpe
1214 1808 1584 1880 gravabantur
1628 1802 1858 1874 vestigia
1883 1842 1900 1871 ,

2010 593 2124 640 tum
2171 586 2448 656 parricidii
2498 587 2661 642 morti
2694 586 3110 657 adjudicatum,
3162 598 3343 644 tamen
3396 589 3617 660 repulso

2009 678 2182 749 patria
2206 687 2263 735 et
2289 694 2486 751 regno,
2525 688 2679 750 pater
2703 680 2842 750 fuga:
2872 689 3193 751 potestatem
3240 680 3514 749 tribuere,
3561 682 3611 739 si

2008 773 2211 841 vellet,
2256 774 2442 831 Caesar
2476 776 2733 845 juberet,
2776 777 3100 833 sententiam
3147 776 3342 832 sceleri
3380 776 3600 844 ferens,

2007 868 2291 924 consilium
2332 868 2520 940 pietati
2560 868 2895 940 relinquens.
2936 871 3186 925 Solverat
3216 878 3405 924 natura
3437 869 3609 940 parri-

2007 960 2133 1015 cidii
2176 961 2595 1016 necessitatem:
2631 978 2753 1017 nam
2795 972 3070 1019 recreatus
3119 962 3431 1033 paulisper,
3481 978 3607 1034 pcr-

2006 1055 2172 1111 missa
2222 1055 2323 1109 sibi
2372 1054 2671 1125 puniendi,
2716 1064 2775 1112 ut
2819 1056 2983 1111 vellet
3016 1065 3326 1126 potestate,
3363 1055 3493 1111 dum
3540 1055 3608 1111 de

2005 1163 2205 1219 genere
2250 1148 2401 1203 necis
2448 1156 2642 1203 tractat
2668 1190 2681 1215 ,
2712 1148 2982 1205 distentus
3013 1149 3296 1223 doloribus
3322 1158 3346 1187 θ
3377 1164 3608 1220 propere

2005 1240 2149 1297 diem
2179 1241 2372 1296 mortis
2395 1242 2686 1312 pervenire
2731 1242 3158 1299 desideraverat.
3202 1242 3458 1315 Poposcit
3504 1230 3607 1299 ita-

2003 1350 2109 1403 que
2132 1334 2331 1390 malum
2359 1377 2375 1403 ,
2407 1334 2718 1406 pariterque
2747 1336 2985 1407 gladium
3008 1377 3022 1401 ,
3052 1345 3112 1391 ut
3137 1350 3206 1391 eo
3234 1350 3453 1406 pomum
3475 1335 3611 1391 soli-

2005 1436 2092 1484 tus
2134 1428 2373 1485 incidere
2404 1428 2721 1485 refectionis
2746 1429 2949 1501 aliquid
2997 1440 3337 1497 assumeret,
3378 1442 3431 1486 et
3477 1446 3608 1502 pau-

2003 1524 2171 1594 lisper
2196 1539 2319 1581 sese
2342 1524 2600 1581 attollens
2626 1526 2922 1597 cubitoque
2944 1525 3183 1582 adnixus
3206 1568 3220 1593 ,
3249 1526 3451 1583 levavit
3476 1527 3608 1583 dex-

2005 1626 2174 1673 teram
2203 1660 2218 1685 ,
2246 1619 2471 1688 cupiens
2501 1634 2622 1674 sese
2650 1618 2813 1675 ferire
2834 1663 2849 1687 ,
2882 1620 2980 1676 sed
3030 1621 3268 1676 occurrit
3294 1619 3602 1687 Achiabus,

2003 1720 2060 1767 et
2085 1712 2364 1781 impedivit
2394 1713 2557 1767 ictum
2578 1754 2593 1781 ,
2621 1712 2875 1784 luctuque
2902 1720 3013 1768 tota
3042 1714 3360 1784 concrepuit
3379 1713 3602 1778 domus,

2005 1813 2063 1862 ut
2090 1806 2297 1864 obiisse
2329 1807 2574 1864 Herodes
2602 1807 2733 1863 foris
2758 1808 3141 1864 aestimaretur.
3171 1807 3476 1864 Exsultavit
3498 1810 3608 1863 An-

299 1902 616 1959 abscondita
656 1903 906 1975 corporis
946 1902 1228 1958 scatebant
1268 1899 1547 1956 vermibus
1572 1939 1587 1964 ,
1616 1905 1643 1935 η
1670 1895 1899 1967 sparsim
1931 1918 1981 1979 Β
2008 1902 2206 1985 tipater
2232 1901 2299 1957 ad
2325 1917 2519 1958 sonum
2548 1902 2827 1973 planctus.
2860 1910 2915 1957 et
2943 1919 2971 1956 a
3004 1903 3320 1958 custodibus
3348 1901 3607 1959 adhibitis

274 1996 466 2051 ~totius
504 1997 786 2067 corporis,
818 1995 1093 2051 anhelitus
1132 1993 1314 2067 gravis
1353 2000 1411 2050 et
1455 1990 1686 2061 suspiria
1721 1988 1902 2061 perni-

296 2087 447 2145 ciosa
483 2105 497 2143 :
530 2104 619 2146 res
667 2088 869 2147 indicio
913 2096 1066 2157 erat,
1110 2087 1256 2159 quod
1296 2086 1483 2159 injusti
1525 2084 1799 2157 parricidii
1845 2092 1900 2140 et

295 2184 576 2257 sacrilega:
616 2184 983 2241 damnationis
1013 2198 1173 2255 pmna
1218 2190 1622 2254 reposceretur.
1652 2177 1770 2235 Non
1804 2192 1898 2234 ce-

297 2276 461 2333 debat
488 2287 671 2333 tamen
699 2278 912 2344 animo,
944 2284 1000 2333 et
1038 2275 1252 2332 vivendi
1295 2272 1590 2348 cupiditate
1633 2271 1902 2343 passioni-

298 2369 401 2425 bus
428 2369 815 2426 reluctabatur.
846 2368 991 2426 Petit
1021 2377 1165 2424 trans
1191 2367 1485 2424 Jordanem
1510 2367 1721 2423 calores
1747 2380 1900 2437 aqua:

295 2462 491 2518 calidae
510 2506 526 2532 ,
552 2461 651 2519 sed
679 2461 813 2519 nihil
844 2461 1181 2534 profuerunt.
1208 2462 1541 2534 Asplialtites
1571 2461 1751 2528 lacus,
1786 2461 1901 2531 ple-

297 2558 483 2630 risque
521 2557 891 2627 medicabilis,
922 2559 1042 2614 sine
1072 2557 1187 2614 ullo
1227 2558 1471 2629 profectu
1505 2572 1706 2627 aegrum
1748 2564 1901 2611 tene-

295 2652 409 2709 bat.
443 2651 546 2709 Ubi
589 2651 714 2707 dum
761 2651 884 2708 oleo
915 2650 1153 2723 plurimo
1184 2651 1492 2718 reveretur,
1525 2650 1704 2704 laxato
1748 2662 1901 2703 reso-

294 2746 443 2801 lutus
470 2760 700 2816 corpore
719 2786 735 2813 ,
763 2744 1109 2800 morientium
1135 2746 1320 2816 specie
1348 2743 1535 2799 oculos
1563 2741 1819 2808 invertit,
1847 2749 1903 2797 et

297 2854 410 2896 vox
435 2839 742 2909 defecerat,
772 2853 874 2895 nec
912 2854 1105 2895 sensus
1138 2839 1429 2895 manebat:
1461 2836 1557 2894 sed
1578 2834 1607 2876 ι’
1635 2836 1902 2892 exercita-

298 2945 386 2991 tus
433 2936 667 3007 strepitu
709 2934 1173 2991 conclamantium
1219 2931 1555 3002 resumpsit,
1596 2938 1653 2986 et
1690 2929 1757 2985 ad
1803 2943 1899 2984 sua

297 3027 513 3100 regredi
543 3029 777 3100 cupiens
802 3072 817 3097 ,
843 3029 936 3085 ubi
977 3028 1044 3084 ad
1083 3027 1361 3099 regionem
1392 3028 1494 3082 loci
1525 3027 1615 3098 qui
1656 3025 1902 3097 appella-

299 3122 461 3179 batur
510 3122 800 3190 Hiericho,
829 3122 1090 3189 advenit,
1131 3131 1250 3176 atro
1293 3119 1420 3176 felle
1465 3119 1805 3191 exagitatus,
1846 3126 1902 3174 et

300 3221 401 3292 ipsi
436 3220 837 3292 quodammodo
886 3200 1051 3275 morti
1095 3218 1355 3273 minitans
1405 3216 1643 3273 immane
1691 3214 1901 3269 facinus

2005 1995 2338 2065 postulavit,
2372 2003 2431 2049 ut
2459 1995 2689 2051 vinculis
2715 1995 3121 2051 resolveretur:
3155 1996 3252 2052 sed
3285 1996 3607 2067 praepositus

2002 2091 2050 2146 ei
2083 2092 2293 2146 muneri
2336 2106 2444 2145 non
2492 2090 2666 2145 solum
2717 2090 2908 2144 abnuit
2946 2089 3089 2160 quod
3134 2088 3463 2160 rogabatur,
3510 2087 3607 2144 sed

2001 2185 2167 2239 etiam
2187 2183 2300 2254 regi
2319 2183 2677 2239 annuntiavit.
2698 2182 3024 2238 Exclamans
3046 2183 3139 2240 ille
3159 2182 3408 2239 insultari
3431 2181 3606 2241 adhuc

2001 2276 2106 2331 sibi
2147 2276 2392 2343 viventi,
2442 2291 2797 2347 percussores
2845 2276 3079 2343 direxit,
3123 2277 3212 2346 qui
3258 2276 3603 2346 Antipatrum

2002 2369 2375 2426 interﬁcerent
2394 2412 2409 2439 ,
2436 2385 2748 2439 czesumque
2779 2370 3011 2440 sepelire
3033 2370 3196 2439 jussit
3225 2370 3277 2424 in
3304 2368 3567 2441 Hyrcania
3591 2410 3605 2435 ,

2001 2473 2163 2537 atque
2210 2466 2405 2521 iterum
2437 2465 2665 2521 mutavit
2706 2474 3133 2533 testamentum,
3176 2479 3466 2536 regemque
3502 2466 3607 2519 Ar-

2001 2558 2251 2614 chelaum
2280 2559 2510 2613 instituit
2541 2561 2813 2614 seniorem
2842 2573 2911 2613 ex
2952 2557 3210 2613 fratribus
3239 2573 3255 2612 :
3286 2556 3499 2628 Antipae
3527 2565 3607 2613 te-

2001 2651 2295 2707 trarchiam
2332 2651 2569 2723 reliquit.
2598 2651 2847 2724 Quinque
2873 2653 3056 2722 itaque
3094 2650 3285 2707 diebus
3317 2651 3605 2720 Antipatro

2002 2757 2282 2821 superstes
2308 2748 2508 2804 defecit
2532 2766 2545 2803 :
2576 2749 2794 2819 triginta
2822 2756 2877 2804 et
2904 2757 3110 2818 septem
3150 2747 3307 2802 annis
3334 2762 3400 2803 ex
3439 2760 3547 2817 quo
3574 2761 3606 2802 a

2002 2842 2262 2900 Romanis
2283 2843 2599 2934 imperitare
2615 2843 2799 2915 jussus
2823 2853 2905 2899 est
2922 2886 2935 2910 ,
2964 2857 3132 2913 regno
3158 2842 3388 2912 potitus:
3415 2855 3479 2897 ex
3499 2854 3607 2911 quo

2002 2949 2180 2996 autem
2229 2939 2559 3011 Antigonum
2611 2940 2833 2995 sustulit
2877 2940 3030 3011 regni
3088 2938 3386 3002 aemulum,
3433 2952 3607 2994 annos

2002 3036 2225 3106 triginta
2252 3040 2487 3105 quatuor
2516 3035 2747 3104 imperio
2773 3034 2953 3105 exegit
2981 3055 2993 3089 :
3025 3034 3227 3089 utinam
3254 3042 3360 3089 tam
3389 3032 3607 3089 domes-

2004 3130 2109 3185 tico
2144 3143 2241 3185 usu
2265 3169 2278 3195 ,
2312 3144 2473 3197 quam
2507 3129 2736 3200 publicis
2768 3129 2926 3183 lzetus
2965 3128 3333 3183 successibus.
3361 3126 3605 3197 Namque

2004 3223 2076 3277 ita
2109 3222 2240 3277 foris
2270 3221 2523 3277 secunda:
2580 3221 2631 3276 ei
2672 3235 2760 3276 res
2802 3221 3185 3291 aspiraverunt
3210 3262 3225 3287 ,
3257 3229 3318 3274 ut
3362 3219 3607 3290 privatus

298 3316 663 3387 excogitavit.
697 3331 806 3388 quo
831 3314 981 3371 Velm
1015 3313 1227 3370 inferiae
1257 3311 1361 3369 Sibi
1407 3310 1588 3382 ΡοΡυῙί
1618 3309 1901 3365 ῐηίιῑεΐεη·
1927 3319 1974 3383 C
2008 3318 2061 3374 in
2098 3332 2322 3388 regnum
2365 3316 2782 3380 adscisceretur,
2828 3331 3004 3386 eoque
3028 3316 3313 3383 permulta
3347 3327 3476 3369 usus
3517 3329 3611 3369 an—

300 3420 405 3466 tur.
450 3413 693 3482 Namque
715 3425 782 3467 ex
818 3409 967 3465 omni
1001 3407 1187 3464 Judaea
1233 3404 1554 3477 congregari
1579 3400 1899 3473 jamdudum

300 3504 624 3576 praecipiens
652 3519 898 3575 quosque
927 3501 1221 3559 nobiliores
1246 3543 1264 3568 ,
1302 3509 1362 3555 ut
1398 3514 1465 3555 ex
1509 3498 1737 3569 singulis
1767 3496 1902 3552 vicis

301 3600 353 3655 in
396 3614 564 3655 unum
604 3598 1005 3655 convenirent:
1050 3596 1140 3652 ubi
1188 3596 1419 3666 imperio
1462 3595 1900 3661 obtemperatum

299 3705 419 3762 εει,
452 3692 631 3750 claudi
664 3708 760 3749 eos
785 3692 926 3748 intra
968 3691 1392 3763 hippodromum
1415 3689 1612 3759 jussit,
1642 3696 1695 3743 et
1715 3701 1899 3743 aecer~

297 3786 399 3842 sita
428 3785 646 3844 Salome
674 3797 837 3858 atque
880 3786 1000 3857 ejus
1031 3796 1053 3824 ε
1086 3786 1253 3840 Alexa
1296 3784 1411 3838 viro
1436 3824 1450 3849 ,
1489 3783 1722 3852 legatum
1771 3793 1901 3834 san-

297 3882 480 3954 guinis
509 3882 823 3949 mandavit,
853 3896 1106 3938 asserens
1135 3879 1338 3935 laetitiae
1370 3877 1582 3947 populis
1608 3876 1783 3945 gentis
1808 3873 1903 3929 Ju-

299 3976 433 4031 daeze
468 3989 620 4052 suam
664 3982 896 4031 mortem
945 3974 1221 4039 futuram;
1265 3984 1320 4026 et
1362 3971 1482 4026 ideo
1532 3976 1901 4024 commentum

299 4083 392 4139 se,
426 4086 536 4140 quo
580 4068 999 4141 praeclarissime
1024 4083 1181 4123 suum
1226 4063 1562 4137 epitaphium
1592 4060 1904 4116 celebrare-

303 4178 421 4234 tur,
452 4166 751 4237 deposcere
788 4180 819 4221 a
849 4164 962 4221 suis
989 4206 1003 4232 ,
1043 4170 1100 4219 ut
1140 4177 1261 4218 cum
1310 4161 1558 4215 ultimum
1589 4155 1906 4212 exfialasset

301 4260 552 4330 Spiritum
579 4301 593 4327 ,
636 4272 729 4315 eos
757 4258 939 4314 statim
978 4271 1169 4312 omnes
1196 4254 1288 4324 qui
1332 4251 1501 4307 clausi
1546 4248 1902 4313 tenebantur,

304 4359 487 4415 necari
516 4358 814 4430 juberent:
859 4356 932 4411 ita
973 4357 1248 4411 neminem
1288 4353 1527 4407 futurum
1568 4348 1620 4404 in
1655 4347 1904 4403 universa

304 4451 487 4509 .lud:ea
513 4463 676 4523 atque
705 4452 756 4506 in
787 4449 937 4506 omni
961 4448 1127 4504 domo
1148 4490 1164 4517 ,
1201 4447 1286 4502 cui
1318 4458 1467 4500 mors
1511 4443 1632 4515 ejus
1670 4448 1818 4498 esset
1845 4441 1908 4495 il-

304 4547 674 4618 lacrymabifis
696 4589 710 4613 ,
739 4561 859 4601 cum
891 4543 1159 4600 universis
1178 4537 1205 4579 ἀ
1233 4538 1551 4596 domesticis
1579 4538 1757 4593 luctus
1796 4534 1908 4590 hm-

307 4641 594 4697 reditatem
625 4638 1047 4708 dereliquisset;
1080 4635 1171 4707 qui
1201 4634 1327 4689 dum
1369 4647 1591 4688 suorum
1622 4630 1911 4701 deplorant

2006 3426 2199 3466 norum
2229 3410 2532 3477 curricula,
2560 3408 2701 3479 quod
2741 3407 2959 3464 difﬁcile
2999 3408 3152 3464 salvo
3185 3408 3471 3477 potestatis
3508 3422 3607 3462 usu

2004 3506 2298 3563 decederet
2318 3506 2681 3577 ,‘relinquens
2710 3504 2897 3560 liberis
2928 3504 3139 3574 imperii
3168 3503 3609 3569 successionem,

2003 3617 2166 3674 quam
2200 3603 2317 3671 ipse
2356 3616 2383 3654 a
2415 3599 2527 3655 suis
2570 3614 2677 3655 non
2720 3606 3028 3668 acceperat.
3070 3596 3177 3655 Sed
3219 3598 3358 3653 intra
3386 3597 3607 3652 domum

2004 3694 2433 3757 infelicissimus,
2466 3708 2626 3763 quam
2652 3691 2850 3747 acerbo
2878 3707 3102 3747 suorum
3132 3691 3394 3762 sanguine
3419 3700 3474 3746 et
3496 3691 3611 3745 luc-

2007 3797 2061 3842 tu
2092 3787 2357 3858 replevit;
2397 3801 2498 3842 nec
2522 3794 2702 3841 tamen
2738 3785 3144 3841 exsecutionem
3173 3783 3379 3840 invenit
3406 3783 3611 3838 ultima:

2005 3878 2365 3942 crudelitatis,
2388 3878 2491 3932 hoc
2529 3893 2636 3932 uno
2675 3876 2898 3934 Salome
2930 3877 3283 3933 oblitterante
3313 3876 3605 3931 criminum

2007 3987 2229 4028 suorum
2247 3971 2483 4026 ludibria
2506 3971 2786 4042 superiora
2806 4014 2819 4036 ,
2842 3970 2984 4039 quod
3003 3986 3098 4027 eos
3127 3985 3264 4043 quos
3286 3970 3493 4041 percuti
3515 3985 3612 4026 rex

2001 4068 2237 4137 jusserat
2256 4080 2448 4121 omnes
2469 4065 2710 4133 dimisit,
2733 4065 2920 4121 dicens
2941 4080 3124 4136 regem
3140 4065 3397 4135 prmcepti
3424 4062 3612 4120 feralis

2010 4168 2195 4231 postea
2238 4159 2600 4229 paenituisse:
2642 4159 3020 4229 revocatisque
3060 4156 3327 4213 mandatis
3364 4157 3614 4227 superio-

2008 4251 2160 4307 ribus
2182 4294 2197 4320 ,
2232 4251 2553 4323 prazcepisse
2576 4293 2591 4319 ,
2633 4261 2689 4306 ut
2729 4251 2796 4306 ad
2839 4267 2932 4306 sua
2968 4264 3159 4306 omnes
3188 4249 3611 4308 dimitterentur.

2580 4344 2807 4403 CAPUT
2847 4345 3035 4402 XLVI.

2085 4439 2218 4497 Dein
2250 4449 2437 4513 postea
2468 4440 2605 4495 facta
2634 4439 2688 4495 in
2719 4439 3122 4511 amphitheatro
3165 4436 3396 4492 militum
3426 4445 3481 4492 et
3525 4452 3616 4494 re-

2012 4535 2142 4607 liqui
2173 4535 2361 4607 populi
2389 4533 2808 4605 congregatione
2829 4575 2844 4600 ,
2873 4532 2941 4588 de
2977 4530 3129 4588 obitu
3166 4530 3313 4601 regis
3353 4529 3617 4601 judicium

2013 4629 2213 4683 factum
2257 4646 2270 4683 :
2315 4628 2584 4697 processit
2624 4626 2949 4681 Ptolemaeus
2976 4666 2991 4690 ,
3040 4624 3132 4695 qui
3178 4622 3324 4694 regis
3367 4623 3623 4679 amicitiai

308 4752 498 4793 necem
522 4778 537 4803 ,
567 4735 710 4806 justa
758 4734 869 4804 regi
901 4732 1216 4788 viderentur
1244 4729 1558 4801 persolvere
1578 4769 1593 4795 ,
1628 4736 1791 4797 atque
1836 4726 1908 4779 ita
1936 4750 1991 4809 ῃ
2017 4723 2157 4779 inter
2181 4721 2525 4778 ﬁdelissimos
2556 4735 2799 4791 quosque
2831 4732 3001 4789 usque
3029 4719 3080 4773 in
3107 4727 3411 4773 extremum
3438 4717 3625 4773 adhae-

310 4833 650 4902 publicorum
682 4827 866 4884 laetitia
897 4835 1082 4881 votum
1129 4822 1444 4880 domesticis
1490 4819 1770 4877 doloribus
1804 4818 1907 4873 im-

312 4926 607 4996 pediretur.
634 4927 709 4979 Ac
740 4937 806 4977 ne
836 4921 974 4977 forte
998 4920 1229 4976 scelesta
1275 4914 1504 4987 imperia
1537 4913 1793 4969 mandata
1820 4927 1914 4968 ex-

309 5018 519 5073 secutio
562 5016 924 5080 destitueret,
964 5013 1370 5083 quinquagenas
1417 5006 1709 5063 drachmas
1754 5005 1915 5075 jussit

312 5114 575 5169 militibus
612 5111 771 5178 dari,
801 5116 862 5166 ut
908 5109 1002 5164 tali
1049 5106 1275 5164 sceleris
1323 5103 1579 5177 imposita
1623 5100 1914 5165 mercede,

313 5208 482 5264 ferale
509 5206 872 5262 ministerium
901 5202 1102 5257 milites
1133 5215 1241 5256 non
1271 5207 1588 5255 recusarent
1618 5214 1630 5249 :
1659 5208 1919 5264 compen-

313 5303 481 5360 saturi
513 5299 881 5358 exsecutionis
910 5297 1190 5352 horrorem
1221 5289 1680 5349 remunerationis
1709 5287 1919 5343 emolu-

315 5408 521 5456 mento.
542 5396 782 5454 Cedebat
807 5408 975 5465 prope
996 5393 1106 5462 jam
1130 5398 1295 5445 tantae
1316 5384 1779 5444 incommoditatis
1799 5398 1921 5455 gra-

315 5496 388 5555 tia
426 5491 711 5566 suppliciis
732 5534 746 5559 ,
778 5490 874 5547 sed
906 5485 1267 5557 exspectabat
1296 5483 1508 5539 funesta
1542 5494 1805 5552 responsa
1846 5478 1923 5533 le-

316 5590 553 5663 gationis
573 5630 589 5656 ,
617 5602 739 5659 qua:
763 5583 954 5643 retulit
977 5582 1045 5638 de
1070 5579 1238 5638 Acme
1274 5576 1600 5650 supplicium
1645 5583 1923 5644 sumptum

390 5796 421 5825 ει
453 5778 683 5851 Spasmt'.
724 5776 895 5851 Buta.

394 5856 423 5897 ιι
456 5848 538 5909 Αή
569 5849 862 5906 excitatus?
884 5848 1164 5905 σιω-ΑΜ).

399 5940 422 5970 ε
456 5923 771 5981 Alexandro.
802 5921 971 5979 Bann.

2016 4826 2192 4880 serat,
2226 4825 2280 4871 et
2304 4815 2563 4871 annulum
2594 4814 2846 4869 deferens
2874 4827 3036 4883 quem
3067 4810 3304 4866 defuncti
3334 4809 3504 4882 digito
3530 4810 3627 4866 de-

2017 4910 2210 4975 traxit,
2242 4907 2518 4964 collaudat
2545 4921 2728 4977 regem
2756 4948 2769 4972 ,
2800 4914 2854 4959 et
2885 4904 3149 4975 populum
3191 4903 3447 4959 admonet
3478 4913 3626 4959 tran-

2018 5004 2338 5078 quillitatis,
2373 5002 2656 5074 aperitque
2692 5002 2741 5057 ei
2773 5001 3057 5071 epistolam
3085 5043 3100 5067 ,
3135 5016 3239 5071 qua
3269 5011 3521 5071 precatus
3554 4998 3619 5053 ﬁ-

2022 5099 2333 5158 delissimos
2364 5098 2465 5156 sibi
2496 5098 2695 5154 milites
2724 5097 3074 5162 hortabatur,
3107 5105 3162 5150 ut
3194 5094 3501 5151 successori
3529 5108 3632 5149 suo

2021 5195 2455 5253 benevolentiam
2473 5192 2795 5251 exhiberent
2812 5200 2867 5248 et
2886 5191 3139 5262 gratiam.
3161 5190 3227 5246 Et
3243 5190 3446 5261 apertis
3464 5188 3627 5244 etiam

2027 5290 2225 5346 tabulis
2256 5297 2643 5347 testamentum
2674 5288 2975 5344 recitatur:
3011 5285 3292 5357 Philippus
3329 5283 3632 5341 Thraconi-

2025 5386 2154 5442 tidis
2196 5386 2434 5456 regionis
2473 5393 2527 5440 et
2557 5383 2908 5439 ﬁnitimorum
2942 5384 3184 5439 locorum
3218 5380 3392 5436 haeres
3423 5392 3634 5434 nuncu-

2026 5485 2186 5550 patus
2228 5495 2242 5532 :
2285 5475 2628 5544 tetrarches,
2671 5473 2937 5546 Antipas;
2987 5490 3083 5530 rex
3112 5516 3129 5542 ,
3172 5471 3472 5528 Archelaus
3497 5512 3513 5539 ,
3559 5470 3635 5525 ita

2029 5581 2210 5630 tamen
2239 5579 2298 5628 ut
2326 5570 2394 5626 ad
2424 5569 2697 5627 Caesarem
2726 5567 2928 5627 deferri
2958 5566 3216 5626 annulum
3246 5580 3402 5623 suum
3422 5606 3437 5633 ,
3470 5573 3635 5635 atque

2104 5767 2132 5804 ά
2164 5765 2467 5823 Domestici.
2497 5766 2576 5823 lo.

2111 5849 2135 5876 ε’
2167 5839 2254 5894 Al.
2285 5840 2526 5911 proprior.
2558 5838 2627 5894 Et
2656 5851 2783 5893 mox
2810 5835 3112 5906 prwvcuiro.
3149 5832 3225 5890 lo.
