4112 6350
541 343 688 402 2055

1889 345 2136 402 SANCTI

2247 347 2500 406 IBROSII
3669 359 3793 420 ετιδδ

536 461 589 517 ei
619 459 904 518 arbitrium
935 467 990 527 et
1020 460 1420 517 firmamentum
1452 459 1694 515 omnium
1724 459 2140 533 dispositionum
2170 467 2221 531 Α
2249 471 2468 535 patares
2519 466 2650 536 regii
2705 466 2996 523 militarem
3045 470 3333 525 servabant
3384 471 3652 539 ordinem,
3700 477 3795 546 pari

534 569 755 611 suarum
779 561 1145 615 τθεθτνθτβηι.
1171 556 1249 608 Ac
1272 564 1385 610 tum
1404 552 1625 609 demum
1650 560 1823 610 ratum
1854 565 2000 611 88881
2029 562 2139 611 (88-

540 657 841 706 tamentum
885 663 1043 703 suum
1068 687 1086 715 ,
1119 649 1164 703 si
1198 648 1381 705 Censor
1424 649 1706 718 probasset
1748 668 1762 704 :
1802 650 2008 721 reliqua
2054 666 2140 707 se-

540 744 777 807 cundum
828 743 1006 812 priora
1046 756 1143 798 sua
1191 749 1517 798 testamenta
1562 743 1824 799 custodiri
1874 745 2134 817 pratcipit.

540 836 814 894 Continuo
860 836 1187 893 acclamatio
1217 835 1357 891 facta
1404 838 1638 893 militum
1679 838 1947 901 Archelao
1984 839 2139 910 plau-

539 930 825 986 dentium:
866 928 1385 985 circumvallabatur
1414 930 1561 985 illico
1605 930 1926 1000 stipatorum
1968 931 2142 986 ambi-

539 1034 637 1092 tu;
696 1022 1022 1094 promittunt
1084 1024 1563 1092 benevolentiam,
1624 1024 1897 1095 spondent
1954 1026 2136 1081 fidem.

537 1117 670 1174 Post
707 1117 823 1173 ba-e
857 1126 1237 1189 competenter
1264 1127 1425 1188 atque
1456 1116 1743 1187 magnifice
1774 1116 1939 1172 funus
1979 1133 2138 1173 cura-

536 1223 689 1279 tum,
736 1213 885 1269 onioi
936 1214 1140 1268 ambitu
1188 1213 1447 1282 regalium
1493 1211 1807 1267 divitiarum
1855 1214 2143 1283 praemisso

537 1308 606 1363 ad
653 1322 865 1377 pompa:
898 1305 1140 1361 funebris
1170 1307 1544 1367 celebritatem
1578 1324 1592 1361 :
1627 1307 1799 1363 lectus
1844 1317 1962 1362 erat
2010 1322 2144 1364 auro

536 1411 683 1457 totus
712 1413 765 1457 et
808 1402 1038 1473 gemmis
1081 1401 1402 1471 insignitus,
1434 1409 1667 1456 stratum
1718 1400 1995 1473 refulgens
2024 1417 2144 1456 mu-

537 1496 684 1562 rice,
728 1510 929 1565 eorpus
972 1496 1295 1566 adapertum
1337 1511 1606 1567 purpurea
1651 1495 1896 1566 diploide
1922 1537 1937 1561 ,
1982 1510 2141 1565 quam

538 1590 939 1648 internectebat
987 1589 1147 1644 ﬁbula
1181 1589 1453 1660 lapidibus
1502 1589 1755 1659 pretiosis
1803 1604 2141 1657 coruscans,

536 1682 787 1740 diadema
827 1682 1145 1739 adhaerebat
1192 1683 1424 1751 vertici,
1472 1698 1746 1755 supraque
1790 1697 1990 1743 corona
2048 1698 2145 1738 au-

539 1793 632 1834 rea
660 1818 677 1843 ,
725 1789 1001 1848 sceptrum
1056 1778 1110 1832 iu
1157 1776 1415 1844 dextera,
1458 1788 1519 1833 ut
1574 1779 1847 1834 viventem
1900 1786 2142 1849 putares.

2245 559 2407 613 modo
2439 557 2701 615 succincti
2744 561 2941 630 armis,
2975 577 3038 617 ac
3080 562 3125 617 si
3163 563 3219 618 in
3270 563 3466 622 bellum
3512 566 3797 639 prodirent,

2246 660 2272 691 ι
2288 653 2384 709 sed
2412 668 2507 708 ora
2531 655 2787 709 maestitia
2813 656 2992 725 plena,
3014 665 3069 710 et
3097 656 3404 714 dolentibus
3428 659 3619 716 similes
3641 676 3802 732 prose-

2243 748 2569 817 quebantur.
2596 746 2827 819 Reliqua
2860 765 3052 805 atauus
3081 752 3503 823 prosequebatur
3526 764 3700 810 ornatu
3727 770 3803 812 so-

2244 841 2343 896 lito
2369 884 2383 905 ,
2414 853 2469 898 et
2513 843 2662 898 cultu
2693 855 2913 900 assueto
2951 845 3342 902 comitantibus
3380 850 3573 918 pariter
3606 851 3804 908 ducibus

2244 945 2296 991 et
2329 937 2762 992 centurionibus.
2811 940 3100 1010 Quingenti
3150 942 3312 996 etiam
3351 957 3619 999 servorum
3662 953 3712 1001 et
3748 946 3805 1001 Ii-

2244 1027 2523 1084 liertorum
2578 1034 2741 1102 regia:
2789 1033 2983 1089 domus
3034 1036 3393 1104 aspergebant
3448 1044 3711 1104 aromata,
3758 1046 3808 1093 ut

2245 1122 2399 1176 suavi
2431 1123 2598 1179 odore
2626 1135 2735 1179 tota
2768 1124 3031 1197 fragraret
3064 1129 3181 1194 via;
3214 1128 3406 1184 lectum
3462 1128 3551 1185 ﬁlii
3575 1131 3734 1199 regis,
3761 1140 3806 1187 et

2248 1217 2677 1289 prepinquorum
2718 1220 2800 1275 vis
2842 1222 3076 1277 maxima
3117 1222 3598 1281 circttmfuudeltat.
3629 1224 3805 1296 Sepul-

2245 1316 2331 1363 tus
2372 1310 2539 1364 estin
2570 1310 2807 1366 Herodin
2840 1313 2933 1385 (ut
2961 1315 3077 1385 ipse
3122 1316 3424 1389 mandavit)
3463 1319 3598 1389 quod
3638 1318 3807 1375 aberat

2248 1401 2498 1459 ducentis
2522 1405 2713 1459 stadiis
2743 1406 2810 1462 ab
2835 1422 2901 1461 eo
2926 1408 3079 1475 loco,
3122 1409 3174 1463 in
3203 1425 3313 1479 quo
3344 1411 3499 1468 ﬁnem
3534 1413 3649 1466 vita:
3676 1412 3811 1468 inve-

2248 1499 2377 1554 nit:
2418 1516 2617 1571 magno
2663 1503 2929 1575 obsequio
2976 1519 3071 1575 per
3118 1513 3326 1563 tantum
3373 1506 3532 1576 spatii
3572 1505 3810 1562 deductus

2247 1593 2665 1660 universorum,
2701 1596 2796 1651 sed
2831 1613 2939 1652 non
2980 1599 3222 1653 omnium
3257 1599 3371 1669 pari
3401 1599 3590 1659 aﬂ'ectu
3615 1619 3628 1656 :
3657 1609 3811 1658 melus

2247 1688 2392 1744 enim
2434 1687 2709 1758 officium,
2743 1706 2851 1747 non
2891 1700 3078 1747 votum
3124 1703 3466 1762 extorserat;
3508 1693 3657 1749 dolor
3690 1695 3813 1750 intra

2247 1793 2309 1834 se
2339 1778 2532 1836 saltem
2568 1781 2797 1838 liberam
2839 1781 3071 1841 habebat
3113 1785 3461 1841 sententiam.
3492 1784 3637 1841 Hunc
3673 1783 3811 1839 ﬁnem

543 1871 778 1928 Praeibat
808 1887 1003 1942 agmen
1034 1871 1383 1940 Thracicum;
1402 1871 1771 1945 Germanique
1798 1882 1855 1930 et
1882 1871 2023 1929 Galli
2052 1871 2147 1928 sti-
2178 1867 2227 1943 Β
2256 1872 2442 1929 habuit
2476 1873 2742 1933 Herodes.

615 2020 639 2047 ⁸
673 2010 780 2067 Sed
807 2028 898 2067 ora
923 2014 1087 2077 maesti
1116 2030 1178 2067 ac
1206 2014 1501 2071 dolentibus
1526 2016 1739 2071 similes.
1769 2015 1942 2072 Bson.

588 2178 631 2187 ’θ
698 2178 2036 2329 θψτήῄέῄῖωιξιιῖ
2113 2178 2143 2327 ,ἐ

2247 2242 2774 2328 .CUNDUS.

1080 2488 1310 2557 CAPUT
1350 2487 1647 2561 PRIMUM.

609 2585 836 2655 Sepulto
883 2581 1118 2651 llerode,
1168 2582 1379 2659 libera,
1422 2593 1479 2649 ut
1518 2583 1569 2638 in
1612 2580 1897 2638 defunctos
1937 2581 2140 2651 solent,

535 2679 738 2761 judicia
768 2678 952 2750 populi
984 2676 1448 2750 depromebantur
1482 2695 1493 2731 :
1529 2692 1747 2748 gravem
1790 2676 1958 2732 fuisse
1991 2675 2141 2731 illum

541 2784 595 2829 et
622 2772 1024 2833 intolerabilem
1053 2814 1067 2839 ,
1099 2770 1299 2843 iniusta
1333 2772 1559 2841 imperia
1595 2772 1645 2826 in
1680 2772 1826 2827 cives
1856 2771 2139 2828 exercuis-

540 2884 631 2935 se,
667 2880 956 2942 tyranuum
988 2884 1093 2923 non
1134 2882 1317 2938 regem
1365 2883 1586 2923 suorum
1618 2908 1633 2937 ,
1680 2865 2002 2941 parricidam
2048 2864 2144 2920 do-

543 2966 830 3024 mesticum
851 3008 863 3029 ,
893 2965 1247 3035 expilatorem
1278 2963 1550 3036 publicum
1578 3006 1591 3033 ,
1624 2960 1826 3018 nemini
1849 2960 2142 3032 quidquam

543 3060 901 3135 dercliquisse
927 3102 941 3123 ,
977 3058 1194 3115 tributis
1233 3057 1494 3127 exhausta
1536 3059 1715 3113 omnia
1740 3099 1754 3125 ,
1787 3057 2146 3128 locupletatus

542 3153 875 3224 alienigenas
895 3195 910 3217 ,
941 3151 1158 3209 Judreos
1187 3153 1524 3223 exinanitos,
1552 3153 1673 3221 quia
1705 3151 1906 3225 templo
1934 3151 2143 3209 hostem

543 3246 853 3314 induxerit,
888 3254 912 3282 εί
941 3256 1150 3301 sacrata
1182 3248 1360 3301 omnia
1402 3246 1688 3317 sacrilegio
1718 3246 2099 3301 contaminarit
2132 3264 2144 3300 :

546 3342 735 3399 beatos
765 3342 885 3401 illos
930 3344 1020 3415 qui
1054 3341 1418 3406 defecissent,
1446 3358 1570 3396 cum
1603 3350 1870 3397 tormenta
1919 3343 2151 3398 viventi-

546 3436 645 3491 bus
674 3454 779 3489 nou
812 3437 1066 3494 deessent
1094 3454 1107 3488 :
1138 3436 1289 3507 plura
1324 3436 1588 3503 inpiorum
1620 3435 1861 3497 .luda-am
1903 3445 2025 3505 post
2052 3435 2148 3492 de—
2173 3466 2217 3529 Ο

545 3529 755 3600 pulsam
803 3530 1173 3614 captivitatem
1228 3530 1282 3583 in
1328 3530 1516 3602 paucis
1562 3531 1720 3595 annis
1767 3528 1867 3583 sub
1915 3528 2147 3585 Herodis

547 3623 776 3692 imperio
803 3621 1113 3705 pertulisse,
1136 3637 1295 3697 quam
1329 3624 1379 3677 in
1410 3622 1523 3693 ipsa
1542 3621 1858 3697 captivitate
1887 3621 1989 3676 sub
2020 3621 2148 3675 hos-

547 3729 599 3771 te
645 3716 879 3773 barbaro
925 3715 1285 3783 sustinuerit:
1315 3730 1439 3771 cum
1471 3715 1572 3772 sibi
1605 3715 2025 3786 Babyloniorum
2061 3730 2147 3769 re-

540 3828 637 3884 ges
663 3812 1070 3883 imperitarent;
1094 3813 1197 3877 sub
1220 3811 1324 3866 illis
1348 3810 1710 3871 tolerabiliora
1736 3811 1924 3873 exsilia
1945 3852 1960 3878 ,
1983 3826 2144 3882 quam

540 3906 645 3965 sub
674 3905 887 3973 Herode
913 3905 1275 3971 domesticum
1304 3904 1635 3960 domicilium
1665 3921 1677 3957 :
1714 3904 1783 3958 ab
1812 3903 1916 3959 illis
1948 3902 2014 3958 ad
2046 3918 2143 3958 sua

544 3999 805 4056 remissos
826 4041 845 4069 ,
874 3999 942 4053 ab
978 3998 1082 4054 hoc
1111 3997 1326 4070 fugatos
1356 4016 1369 4052 :
1414 3997 1762 4053 inunitiorem
1797 3996 1959 4057 Dario
1985 4038 2001 4065 ,
2040 4004 2143 4051 Ar-

542 4104 773 4157 taxerxe
811 4092 1187 4163 superbiorem
1213 4134 1229 4160 ,
1274 4091 1442 4149 Medis
1488 4091 1849 4163 rapaciorem.
1883 4090 2145 4159 Sperasse

546 4185 712 4247 ﬁnem
744 4188 1042 4256 malorum,
1068 4197 1137 4242 ut»
1155 4186 1258 4242 sibi
1283 4187 1433 4241 exire
1464 4185 1656 4242 liceret
1680 4183 1897 4255 exsilio,
1929 4185 1972 4238 si
1998 4183 2143 4238 diem

541 4281 860 4337 clauderet:
888 4280 984 4335 sed
1011 4281 1310 4339 accessisse
1337 4278 1403 4347 ad
1430 4278 1707 4337 servitutis
1738 4276 2015 4332 miseriam
2043 4277 2146 4331 Ar-

539 4373 790 4429 chelaum
831 4384 1193 4445 spontaneum
1229 4386 1604 4429 suecessorem
1625 4413 1639 4438 ,
1675 4370 1763 4441 qui
1792 4379 1847 4426 et
1876 4368 2142 4425 Herodem

540 4465 811 4533 referret,
845 4473 901 4521 et
940 4482 1075 4533 nova
1114 4465 1383 4535 adderet:
1417 4465 1675 4520 miserum
1723 4462 1827 4520 hoc
1876 4464 1927 4518 in
1962 4462 2143 4534 regnis

541 4576 701 4630 esse,
734 4562 874 4637 quod
923 4561 1176 4629 dominus
1214 4561 1549 4633 eligeretur:
1581 4561 1833 4615 miserius
1874 4559 2016 4631 quod
2058 4559 2142 4614 in-

540 4653 664 4710 vitis
692 4654 1086 4725 imponeretur.
1113 4653 1376 4711 Solatium
1416 4653 1697 4709 servitutis
1726 4652 1930 4721 videri,
1963 4653 2007 4708 si
2036 4652 2139 4725 ipsi

537 4748 642 4804 sibi
688 4750 970 4805 dominum
1015 4749 1259 4820 eligant,
1301 4764 1367 4804 eo
1404 4748 1548 4821 quod
1596 4748 1687 4803 ﬁat
1733 4748 2052 4821 benignior,
2093 4749 2137 4804 si

540 4840 818 4897 deferatur
858 4843 1185 4914 imperium:
1215 4843 1530 4911 superbior,
1563 4843 1606 4897 si
1647 4852 1961 4912 usurpetur.
1996 4843 2140 4898 Lon-

537 4950 605 5008 ge
637 4936 818 5008 itaque
846 4936 1170 5003 Archelaum
1206 4935 1421 4993 llerode
1460 4936 1942 4991 intolerabiliorem
1987 4935 2136 4991 futu-

538 5049 658 5093 rum
680 5075 695 5105 ,
725 5049 848 5088 cum
890 5036 993 5099 iste
1020 5033 1385 5106 assumpserit
1423 5048 1646 5104 regnum
1671 5074 1685 5097 ,
1720 5034 1810 5101 ille
1840 5035 2133 5104 acceperit.

537 5126 618 5193 Ea
662 5143 770 5193 non
801 5129 978 5189 solum
1007 5131 1204 5189 crebro
1234 5129 1288 5189 in
1335 5126 1522 5183 Judma
1550 5125 2007 5195 conferebantur,
2050 5142 2139 5182 ve-

536 5237 658 5277 rum
698 5222 862 5289 etiam
904 5222 1092 5289 Romae
1115 5240 1129 5277 :
1156 5220 1185 5260 ι)
1215 5220 1507 5291 assistepte
1538 5218 1837 5293 Archelao,
1872 5235 2135 5293 peroran-

536 5319 677 5385 tibus
706 5320 1149 5387 accusatoribus,
1230 5321 1284 5375 in
1329 5334 1392 5381 os
1441 5318 1652 5392 objecta
1685 5318 1826 5392 apud
1856 5316 2136 5387 Caesarem

528 5408 943 5491 Senatumqae,
984 5410 1075 5464 ubi
1127 5409 1195 5466 de
1245 5426 1415 5487 regno
1456 5410 1709 5481 Archelai
1760 5410 2137 5467 conﬁrmando

526 5501 952 5584 abrogandoquc
974 5501 1067 5567 diu
1095 5501 1452 5573 decertatum.
1484 5503 1727 5576 Denique
1752 5518 1881 5573 cum
1912 5504 1964 5558 in
1997 5513 2136 5559 tem-

600 5739 627 5768 ι
661 5729 855 5786 Sancta
874 5770 887 5791 ,
915 5731 1031 5785 sive
1058 5746 1229 5785 sacra.
1255 5729 1426 5785 Bauli.

600 5801 627 5840 δ
661 5801 936 5856 Assistenti
964 5802 1123 5859 Ατιιι.
1151 5802 1229 5861 lo.

604 5882 625 5913 ο
657 5870 985 5943 diiunctis};
1034 5914 1045 5927 .
1094 5912 1105 5925 .
1149 5875 1290 5949 poni.
1320 5872 1395 5936 lt).

2249 2490 2342 2561 plo
2371 2488 2673 2560 Apollinis,
2702 2491 2844 2563 quod
2876 2490 3060 2559 Caesar
3090 2492 3413 2555 condiderat
3442 2493 3717 2565 multisque
3740 2507 3818 2553 or-

2253 2585 2469 2643 natibus
2491 2594 2807 2643 venustarat
2822 2601 2849 2653 ,'
2868 2588 3022 2651 locus
3049 2597 3196 2645 esset
3220 2589 3519 2660 cognitioni
3548 2589 3723 2655 datus,
3743 2588 3819 2645 Sa-

2250 2679 2425 2739 lomes
2462 2678 2607 2735 ﬁlius
2642 2677 2957 2752 Antipater,
2990 2680 3080 2737 illa
3121 2697 3241 2753 qua:
3272 2697 3435 2754 Supra
3484 2682 3706 2747 diximus
3729 2723 3743 2752 ,
3774 2689 3820 2736 et

2252 2774 2419 2841 multa
2442 2775 2545 2833 alia
2572 2775 2785 2831 dicendi
2822 2775 3028 2831 validus
3055 2778 3519 2847 prosequebatur:
3548 2776 3717 2833 mirari
3740 2790 3817 2842 se,

2251 2872 2394 2944 quod
2433 2871 2729 2929 Archelaus
2758 2873 2912 2944 quasi
2960 2873 3252 2943 petendum
3291 2892 3319 2945 η
3369 2874 3580 2941 Caesare
3624 2881 3818 2944 regnum

2250 2967 2646 3037 praetenderet,
2672 2982 2795 3022 cum
2820 2969 3172 3038 usurpatione
3201 2968 3489 3039 temeraria
3515 2966 3621 3037 jam
3644 2963 3816 3019 dudum

2250 3062 2389 3117 intra
2420 3059 2661 3117 Judazam
2694 3061 3005 3117 inconsulto
3033 3060 3253 3131 Cursore
3285 3077 3467 3132 regem
3497 3061 3815 3121 exercuisset.

2250 3155 2388 3224 Quid
2433 3155 2578 3211 enim
2626 3155 2757 3211 sella
2804 3171 3001 3222 aurea,
3037 3136 3373 3228 allatumque
3422 3150 3816 3227 diadema,nisi

2252 3253 2401 3320 regni
2429 3248 2607 3305 forent
2636 3250 2867 3321 insignia
2892 3250 2915 3303 ?
2942 3249 3061 3318 Quo
3088 3251 3280 3320 Spiritu
3312 3248 3704 3321 prmsumpserit
3744 3258 3821 3303 δε-

2252 3344 2381 3401 dere
2411 3361 2578 3414 super
2602 3346 2855 3401 thronum
2907 3345 3114 3416 regium
3159 3363 3172 3399 :
3202 3344 3270 3409 de
3297 3346 3514 3414 sublimi
3544 3344 3674 3413 Solio
3698 3340 3824 3401 salu.-

2255 3447 2369 3495 Iare
2396 3437 2609 3509 plebem
2642 3436 3025 3493 circumfusam
3055 3478 3070 3504 ,
3095 3437 3431 3509 stipantibus
3462 3448 3484 3475 ο
3521 3434 3679 3505 armis
3703 3432 3823 3499 mili-

2253 3530 2488 3597 taribus,
2521 3545 2672 3587 more
2717 3530 2951 3602 quodam
3000 3540 3055 3589 ct
3099 3546 3197 3586 usu
3245 3531 3632 3603 imperatorum
3668 3523 3817 3599 promi

2250 3623 2520 3687 diadema,
2548 3623 2692 3696 quod
2719 3624 2951 3680 Czesaris
2972 3623 3176 3695 judicio
3208 3625 3478 3695 reservari
3516 3628 3816 3696 oportuerat,

2251 3729 2361 3772 non
2387 3716 2560 3770 solum
2593 3730 2692 3785 pro
2723 3723 2993 3788 potestate
3019 3715 3245 3771 Romani
3277 3716 3491 3789 imperii
3517 3758 3531 3787 ,
3558 3714 3647 3769 sed
3681 3711 3816 3766 etiam

2251 3822 2349 3879 pro
2372 3808 2495 3879 jure
2524 3807 2869 3863 testamenti?
2912 3809 3176 3864 llerodein
3224 3810 3373 3865 enim
3420 3826 3519 3866 nec
3556 3806 3820 3881 praeripere

2250 3902 2493 3973 potuisse
2531 3900 2732 3959 Caesari
2758 3903 2842 3958 vel
2871 3901 3117 3973 Senatni,
3148 3902 3290 3975 quod
3325 3905 3441 3991 ipse
3470 3903 3553 3959 vel
3576 3918 3603 3957 a
3645 3899 3819 3955 Senatu

2250 3997 2571 4067 accepisset,
2599 4006 2655 4053 et
2676 3998 2958 4069 superiore
3002 4006 3328 4054 testamento
3359 3997 3683 4071 espressisse
3709 3991 3821 4046 satis

2250 4090 2486 4163 propria:
2527 4092 2787 4162 judicium
2829 4094 3159 4160 voluntatis,
3188 4108 3297 4164 quo
3323 4091 3618 4166 dAntipam
3657 4098 3823 4143 surre-

2250 4185 2379 4240 dere
2407 4185 2508 4242 sibi
2546 4186 2595 4239 in
2626 4201 2849 4256 regnum
2880 4201 3041 4259 sensu
3084 4186 3297 4257 integro
3328 4201 3391 4242 ac
3421 4196 3677 4256 perpenso
3712 4192 3825 4233 con—

2250 4276 2373 4333 silio
2399 4277 2757 4333 declaraverit
2777 4320 2791 4343 ,
2824 4288 2875 4334 et
2907 4287 3185 4350 postremo
3211 4279 3396 4333 omnia
3433 4276 3659 4333 Cwsaris
3693 4267 3820 4342 judi-

2248 4371 2335 4425 cio
2363 4385 2671 4426 reservasse
2703 4372 2990 4441 :quamvis
3017 4373 3196 4427 Soluto
3215 4370 3328 4441 jam
3370 4384 3619 4441 corpore,
3655 4363 3825 4421 auxitis

2246 4480 2507 4535 supremo
2537 4465 2798 4537 periculo,
2832 4482 2933 4521 nec
2961 4466 3121 4521 ullius
3140 4465 3251 4538 jam
3278 4480 3476 4522 sensus
3513 4474 3603 4519 aut
3631 4453 3822 4516 consilii

2242 4574 2415 4628 ,capax
2440 4601 2454 4627 ,
2483 4559 2767 4615 dictaverit
2797 4577 2903 4616 non
2950 4560 3093 4632 quod
3134 4561 3537 4627 arbitrabatur,
3574 4555 3663 4612 sed
3700 4546 3824 4623 quod

2246 4653 2611 4726 ingerebatur.
2646 4654 3041 4727 Praeceptorem
3091 4652 3254 4726 igitur
3296 4651 3509 4727 imperii
3552 4651 3617 4707 de
3663 4645 3824 4712 seipso

2245 4747 2650 4817 pronuntiasse,
2679 4746 2822 4818 quod
2854 4762 2961 4801 non
2992 4755 3299 4801 mereretur
3323 4753 3441 4811 tuo,
3474 4742 3673 4800 Cmsar.
3702 4733 3826 4809 judi-

2242 4841 2329 4896 cio
2356 4840 2408 4895 in
2442 4855 2665 4911 regnum
2697 4839 2970 4896 substitui.
3004 4838 3137 4894 Nam
3171 4838 3216 4894 si
3267 4839 3585 4893 meritorum
3624 4839 3823 4888 suorum

2243 4937 2495 4991 conscius
2523 4937 2698 5003 foret,
2733 4945 2919 5006 petere
2966 4936 3147 5006 potius
3191 4949 3353 5005 quam
3384 4943 3407 4971 ε
3441 4942 3697 5000 usurpare
3723 4938 3825 4979 ma-

2244 5032 2557 5089 turavisset.
2590 5030 2707 5087 Non
2738 5029 2970 5101 petendo
3002 5042 3209 5098 autem,
3238 5029 3333 5085 sed
3366 5023 3690 5099 usurpando,
3719 5031 3825 5089 qua:

2242 5126 2295 5182 in
2326 5128 2593 5199 petitione
2622 5126 2987 5182 consisterent
3017 5124 3179 5179 etiam
3231 5123 3286 5178 in
3332 5118 3655 5190 pecuniariis
3681 5123 3827 5182 nego-

2239 5220 2331 5275 tiis
2358 5219 2581 5289 (nedum
2610 5217 2951 5273 divitiarum.
2980 5217 3223 5289 Denique
3252 5214 3515 5271 Fabatum
3543 5210 3685 5267 illum
3730 5202 3825 5258 R0-

2243 5328 2417 5369 maua:
2449 5315 2526 5367 rei
2558 5310 2959 5366 moderatorem
2980 5320 3030 5365 et
3057 5310 3305 5365 intimum
3326 5305 3560 5363 Caesaris
3583 5301 3671 5357 tibi
3694 5292 3823 5365 cepi.

2238 5417 2294 5463 et
2315 5423 2341 5460 a
2371 5405 2554 5478 Sylaro
2578 5404 2780 5476 ingenti
2808 5402 3043 5473 ambitus
3067 5402 3323 5475 pecunia,
3348 5409 3405 5454 ut
3445 5382 3823 5467 impugnarent)

2236 5498 2600 5572 prmjudicare
2626 5496 2809 5555 solere
2830 5536 2847 5568 ,
2878 5506 2938 5550 ut
2963 5491 3285 5571 praeposteri
3313 5491 3611 5561 litigatores
3646 5481 3823 5540 cadant

2312 5730 2341 5769 ά
2368 5730 2475 5787 Alii
2504 5727 2665 5786 codd.
2696 5727 3054 5798 Antipatrum.
3080 5726 3159 5783 lo.

2318 5812 2341 5841 ο
2368 5783 2641 5873 Eripere."
2663 5800 2798 5869 Quae
2826 5783 2967 5873 'vero
3008 5796 3326 5873 parenthesi
3366 5809 3500 5865 mox
3548 5783 3821 5851 interclusa

2243 5873 2418 5941 vides,
2444 5871 2552 5933 non
2587 5873 2853 5934 habentur
2879 5872 2930 5926 in
2954 5886 3059 5928 ms.
3089 5871 3161 5935 lp.
