4112 6350
300 354 439 421 20.57

1129 354 1401 413 HISTOR.
1446 352 1534 410 DE
1573 353 1854 412 EXCIBIO
1892 352 2163 411 “[8805.
2206 351 2412 412 UBBlS
2452 353 2581 411 LIB.
2624 355 2688 411 Il.

299 490 462 533 causa
490 492 505 529 :
534 474 622 531 bie
648 488 777 530 vero
799 488 905 530 non
936 476 1283 544 pecuniarum
1314 489 1581 550 quaestum
1607 477 1661 534 in
1688 475 1894 532 crimen
1923 473 1973 533 A
2000 471 2223 537 harent,
2256 480 2416 542 atque
2438 486 2468 529 a
2500 470 2873 528 Romanorum
2901 470 3171 529 societate
3204 471 3407 537 animis
3440 483 3607 545 atque

296 569 502 635 vocari,
518 567 612 624 sed
634 568 844 639 imperii
865 568 1094 625 Romani
1122 571 1382 628 violatum
1401 573 1512 644 jus,
1530 576 1892 628 reverentiam

300 664 636 732 despectam,
664 673 902 734 spretam
930 672 1273 735 potestatem,
1311 667 1590 738 indignum
1621 666 1898 721 mstimau-

301 770 409 813 tem
442 757 698 813 Romana:
756 758 922 813 cutim
969 768 1255 825 senatum,
1286 762 1378 831 qui
1426 761 1629 816 soleret
1674 773 1896 829 regnum

299 852 433 908 dare
478 861 641 918 atque
665 854 909 927 eripere,
935 860 990 906 et
1042 867 1164 908 cum
1209 850 1428 908 Ctesal'e
1457 862 1725 908 vetustam
1771 866 1902 906 con-

299 944 512 1002 ferendi
562 945 774 1014 imperii
826 960 1051 1001 servare
1119 947 1549 1017 praerogativam.
1596 943 1734 1013 Quid
1792 943 1903 999 fae-

300 1047 482 1097 turum
522 1053 683 1106 esse,
726 1055 851 1094 cum
912 1039 1148 1111 legitime
1192 1056 1419 1111 regnare
1465 1041 1758 1111 cepisset,
1806 1038 1901 1109 qui

299 1144 430 1190 ante
457 1149 680 1205 regnum
712 1134 1173 1189 insolentissimus
1202 1142 1452 1190 necasset
1480 1133 1743 1206 plurimos
1763 1174 1779 1201 ,
1809 1134 1902 1205 qtti

300 1242 461 1298 Opem
491 1225 651 1287 fessus
676 1226 840 1283 rebus
887 1234 947 1282 et
992 1227 1316 1282 tributorum
1346 1227 1764 1282 allevautentum
1806 1241 1906 1297 po-

300 1329 591 1392 poscerant
621 1336 633 1372 :
662 1318 961 1375 remedium
1010 1320 1406 1390 postulantibus
1454 1319 1659 1374 bellqu
1698 1320 1906 1389 irroga-

302 1422 455 1477 tum,
485 1413 767 1471 interfecta
800 1429 991 1470 novem
1041 1414 1207 1469 millia
1237 1413 1549 1472 Judzeorum
1584 1415 1636 1470 in
1670 1416 1785 1485 ipsa
1815 1431 1907 1470 ve-

302 1505 534 1563 nerabili
559 1506 703 1577 apud
730 1521 859 1562 suos
886 1505 1104 1562 Pascha:
1125 1506 1464 1574 celebritate,
1494 1522 1593 1578 pro
1610 1506 1907 1579 pecudibus

302 1600 555 1657 homines
598 1600 940 1667 immolatos,
967 1610 1306 1659 sacratorum
1350 1603 1442 1672 qui
1491 1601 1560 1657 ad
1611 1602 1796 1672 templi
1828 1601 1907 1656 fe—

302 1704 388 1751 sta
414 1701 803 1759 convenerant,
830 1692 1146 1763 sanguinem
1178 1694 1378 1760 lusum,
1405 1694 1776 1766 spectaculum
1798 1692 1903 1749 mi-

303 1788 538 1845 serahile
569 1804 582 1842 :
614 1789 656 1843 si
688 1787 809 1858 quis
836 1802 1100 1843 ausorum
1138 1798 1372 1859 stragem
1402 1798 1707 1855 recenseat,
1733 1787 1908 1861 Baby-
1951 1787 1954 1791 ’

1998 566 2166 623 armis
2194 564 2541 622 discederent
2574 584 2590 623 :
2618 567 2690 623 de
2719 567 3031 625 testamenti
3061 578 3240 625 autem
3274 571 3604 642 praelatione

1999 662 2120 731 quis
2150 660 2454 727 dubitaret,
2485 676 2608 717 eum
2638 673 2693 717 et
2721 663 2994 732 posterius
3026 662 3272 734 pra-ferri
3302 664 3478 721 soleat
3506 680 3604 719 su-

2000 754 2307 826 perioribus
2328 797 2344 821 ,
2374 765 2428 809 et
2456 756 2563 810 hoc
2590 757 2761 812 multo
2792 756 3022 812 validius
3062 756 3282 812 cateris
3310 756 3480 812 videri
3507 756 3611 814 de-

2002 848 2148 915 beat,
2179 849 2234 904 in
2264 866 2371 921 quo
2394 847 2600 906 Ctesari
2627 850 2989 906 conﬁrmandi
3028 852 3230 923 regalis
3265 850 3459 923 judicii
3496 866 3614 907 ser.

2001 950 2123 997 vata
2166 942 2238 997 sit
2287 944 2679 1013 prcrogativa,
2728 958 2837 1013 quo
2881 943 3155 999 simulata
3208 944 3391 1015 potius
3444 958 3607 1015 quam

2004 1036 2289 1093 imminuta
2337 1037 2572 1094 Romani
2618 1036 2856 1094 nominis
2902 1038 3211 1094 reverentia
3256 1037 3351 1105 sit,
3383 1037 3431 1094 si
3474 1049 3532 1094 et
3578 1053 3609 1094 a

2002 1132 2181 1194 vobis,
2206 1131 2414 1198 Caesar,
2441 1146 2549 1187 non
2582 1131 2927 1203 praeripiatnr
2974 1132 3217 1203 regibus.
3246 1131 3393 1203 quod
3424 1132 3609 1203 priva-

2004 1228 2074 1282 tis
2122 1227 2275 1291 licct,
2329 1235 2392 1282 ut
2420 1241 2609 1282 eorum
2665 1227 2880 1283 valeant
2924 1235 3288 1293 testamenta,
3334 1235 3392 1282 et
3443 1240 3607 1294 quem

2005 1320 2348 1393 potissimum
2388 1321 2489 1376 sibi
2542 1324 2767 1392 cupiant
2792 1322 3127 1389 succedere,
3154 1322 3349 1378 ultimo
3374 1320 3615 1379 scribant

2007 1418 2185 1488 styln,
2210 1427 2374 1486 atque
2415 1415 2486 1469 ab
2516 1414 2627 1470 illis
2673 1415 2873 1470 iterum
2899 1431 2964 1481 ep
2997 1416 3154 1472 vobis
3194 1414 3615 1471 honoriﬁcentia

2013 1518 2036 1548 ε
2067 1515 2410 1575 reservetur,
2453 1518 2510 1562 ut
2533 1505 2877 1562 conﬁrmatio
2901 1507 3091 1577 jndicii
3119 1524 3150 1562 a
3180 1494 3338 1563 vobis
3365 1515 3612 1578 petatur,

2008 1610 2065 1658 et
2089 1600 2136 1657 is
2164 1600 2422 1657 succedat
2450 1616 2610 1671 quem
2640 1613 2795 1671 pater
2822 1602 3070 1673 elegerit,
3103 1617 3201 1657 vos
3232 1600 3613 1672 probaveritis.

2009 1694 2238 1763 Quando
2263 1694 2427 1766 igitur
2449 1695 2621 1766 magis
2639 1696 2822 1767 sapuit
2850 1695 3246 1762 Herodes,cum
3276 1695 3393 1758 tibi.
3408 1693 3614 1760 Caesar,

2009 1791 2309 1846 servaverit
2362 1792 2779 1861 praerogativam
2798 1832 2814 1859 ,
2848 1808 2915 1846 an
2946 1792 3169 1863 quando
3192 1791 3485 1863 prmteriit?
3514 1790 3616 1848 Ubi

304 1882 516 1939 Ionicos
556 1883 845 1938 revertiSse
886 1881 1281 1937 arbitraretur?
1322 1893 1525 1952 quanto
1566 1883 1841 1938 crudelius
1879 1899 1912 1938 a
1939 1889 1989 1952 Β
2019 1885 2245 1956 Antipas
2272 1874 2650 1951 substituitur,
2680 1886 2862 1940 (ζαέων
2893 1886 3226 1956 praeteritur.
3261 1884 3364 1942 Ubi
3411 1883 3620 1947 Arche-v

306 1978 429 2034 cive
457 1976 774 2040 commissa,
807 1992 926 2047 qua:
966 1977 1019 2031 in
1055 1977 1212 2031 hoste
1255 1976 1487 2032 barbaro
1515 1976 1671 2047 plena
1712 1976 1910 2032 imma-

310 2071 396 2128 nis
441 2073 668 2127 saevitiae
715 2079 880 2139 atque
926 2070 1221 2140 impietatis
1270 2070 1711 2126 aestimarentur?
1760 2070 1911 2127 lianc

313 2165 610 2235 sportulam
674 2162 880 2218 civibus
926 2162 1143 2230 datam,
1187 2165 1289 2219 hoc
1333 2163 1658 2219 sacrificium
1706 2162 1915 2220 Arche-

310 2258 455 2313 laum
501 2258 652 2328 regni
708 2258 790 2312 sui
837 2257 1131 2327 primordia
1175 2258 1662 2314 comtnendavisse.
1717 2257 1912 2315 Deberi

313 2352 566 2408 misereri
604 2349 873 2407 Caesarem
900 2361 1260 2423 senatumque
1288 2351 1641 2423 reliquiarum
1671 2350 1909 2418 ludam,

312 2461 435 2514 qua:
462 2445 734 2517 quondam
768 2446 954 2501 liberis
991 2444 1122 2501 fulta
1155 2448 1369 2518 populis
1407 2447 1725 2503 servitutem
1757 2459 1915 2518 opta-

312 2548 435 2608 rct,
477 2541 522 2593 si
565 2539 727 2597 modo
767 2540 1101 2595 tolerabilem
1169 2540 1358 2596 liceret
1402 2542 1606 2610 perpeti
1644 2541 1746 2595 sub
1787 2554 1915 2611 rege

314 2642 341 2673 ³
368 2634 556 2705 justo,
599 2635 757 2705 longe
799 2635 952 2691 illum
993 2635 1182 2697 abesse
1208 2651 1239 2690 a
1279 2635 1399 2705 jure
1428 2635 1800 2706 imperitandi.
1826 2633 1916 2692 Si-

312 2728 531 2798 quidem
568 2729 711 2798 apud
750 2727 969 2783 Judaeos
1010 2729 1143 2783 nulli
1185 2744 1408 2798 regnum
1450 2737 1781 2799 competere,
1810 2729 1915 2784 nisi

313 2820 365 2874 ei
405 2817 499 2890 qui
540 2828 686 2877 esset
722 2836 790 2876 ex
826 2821 1179 2891 generatione
1208 2819 1398 2887 Judae,
1439 2822 1583 2876 sicut
1628 2822 1715 2877 lex
1770 2820 1919 2877 dice.

314 2920 419 2968 ret.
462 2916 535 2967 At
581 2927 710 2968 vero
752 2913 912 2968 istum
960 2912 1256 2969 ldumzenm
1300 2928 1530 2984 genere,
1558 2929 1720 2984 quem
1767 2913 1915 2969 nulla

318 3004 586 3075 prosapia;
632 3004 831 3076 regalis
871 3007 1026 3077 origo
1084 3006 1461 3078 contingeret,
1520 3007 1805 3077 irrepsisse
1861 3008 1915 3062 itt

319 3098 582 3156 honorem
624 3100 944 3156 indebitutn.
982 3100 1262 3173 Siquidem
1303 3116 1429 3159 cum
1479 3100 1766 3172 Antipater
1812 3100 1916 3157 sibi

318 3206 484 3263 atque
509 3191 780 3250 Archelao
819 3192 981 3250 fuerit
1018 3202 1186 3264 avus,
1231 3210 1496 3266 praestans
1534 3195 1772 3264 divitiis,
1814 3210 1920 3252 cae-

2014 1978 2131 2034 latis
2177 1978 2545 2047 subrogatur,
2591 1975 2778 2034 Caesar
2821 1977 3146 2034 adsciscitur
3197 1996 3211 2032 :
3258 1979 3378 2034 sine
3435 1976 3621 2034 ﬁrma.

2014 2081 2203 2129 mento
2231 2072 2377 2129 nulla
2406 2088 2497 2129 res
2541 2071 2776 2129 stabilis.
2810 2073 3005 2131 Divino
3050 2073 3233 2143 itaque
3277 2070 3485 2139 judicio
3530 2071 3622 2128 ubi

2008 2165 2221 2237 justitia
2257 2166 2480 2230 deerat.
2510 2165 2594 2221 vel
2623 2166 2990 2232 simulationi,
3019 2166 3102 2224 vel
3134 2164 3400 2223 voluntati
3439 2162 3624 2221 ﬁrmae

2014 2268 2259 2317 mentum
2286 2258 2478 2315 deluit.
2514 2257 2614 2315 Ubi
2646 2268 2826 2317 autem
2857 2259 3085 2329 aequitas
3129 2256 3369 2317 examini
3418 2270 3624 2328 suppe-

2016 2355 2196 2421 tebat,
2227 2353 2393 2413 robur
2442 2354 2761 2425 quaesitum.
2792 2364 2848 2411 ut
2876 2352 3140 2423 judicium
3178 2348 3620 2411 conﬁrmaretur.

2015 2446 2318 2507 Considera
2365 2446 2561 2517 igitur,
2612 2458 2792 2507 utrum
2842 2445 3032 2505 iecerit
3089 2443 3344 2517 injuriam
3411 2441 3503 2513 qui
3570 2449 3625 2501 ts

2016 2540 2214 2612 elegit.
2243 2550 2335 2597 aut
2362 2539 2408 2597 si
2438 2538 2673 2597 rescindi
2718 2538 2948 2604 debeat.
2977 2537 3119 2608 quod
3169 2548 3222 2593 te
3263 2533 3471 2595 arbitro
3496 2548 3624 2595 san»

2016 2636 2270 2692 ciendum
2303 2635 2522 2706 reliquit
2565 2650 2749 2693 rerum
2799 2635 3042 2693 omnium
3074 2633 3298 2690 domino
3328 2648 3343 2688 :
3373 2635 3464 2690 cui
3497 2630 3621 2702 jure

2017 2730 2183 2791 etiam
2245 2744 2402 2800 reges
2458 2730 2660 2791 cedunt
2715 2737 3009 2800 potestate.
3060 2727 3162 2798 Qui
3226 2726 3374 2787 enim
3432 2725 3624 2803 scivit,

2018 2838 2179 2894 quem
2211 2822 2441 2895 eligeret
2466 2823 2534 2879 ad
2564 2822 3026 2889 conﬁrmandum,
3058 2821 3221 2881 scivit
3252 2820 3436 2891 utique
3462 2833 3624 2890 quem

2019 2917 2249 2989 eligeret
2294 2917 2361 2974 ad
2415 2918 2835 2989 imperandum,
2886 2932 2988 2977 nec
3035 2918 3088 2975 in
3135 2930 3462 2979 successore
3509 2912 3624 2973 falli

2022 3011 2197 3082 potuit
2225 3050 2238 3077 ,
2270 3011 2361 3082 qui
2391 3026 2498 3067 non
2528 3020 2613 3073 est
2640 3011 2815 3073 falsus
2844 3010 2898 3066 in
2930 3010 3336 3069 conﬁrmatore.
3367 3006 3503 3071 Nam
3532 3007 3627 3078 qui

2020 3103 2287 3163 arbitrum
2317 3103 2601 3165 constituit
2648 3114 2733 3173 te,
2767 3105 3023 3176 cognovit
3065 3105 3249 3175 itaque
3296 3102 3460 3173 talem
3504 3115 3631 3161 sne:

2020 3211 2296 3259 cessarem
2327 3196 2431 3257 sibi
2463 3197 2926 3269 constituendum,
2956 3196 3051 3268 qui
3094 3196 3189 3261 tibi
3216 3212 3376 3269 quem
3419 3193 3629 3255 conati.

320 3287 562 3358 terisque
623 3288 832 3346 artibus
876 3299 1071 3360 potens
1092 3332 1108 3356 ,
1152 3299 1208 3346 et
1266 3290 1501 3351 maxime
1547 3290 1916 3347 Romanorum
1945 3288 1992 3353 C
2025 3298 2208 3347 tueres
2235 3307 2342 3347 non
2373 3291 2707 3360 displiceret.
2740 3291 2952 3355 Auditis
2999 3291 3249 3365 partibus
3278 3289 3464 3349 Caesar
3501 3304 3629 3349 sene-

317 3381 593 3449 amicitia,
642 3382 949 3453 Caesarique
1008 3390 1210 3445 seniori
1270 3384 1413 3441 belli
1456 3385 1752 3455 probatus,
1794 3399 1919 3439 cum

320 3486 505 3545 posset
547 3477 649 3534 sibi
678 3493 903 3549 regnum
946 3478 1278 3545 adsciscere,
1308 3492 1603 3549 numquam
1631 3489 1817 3534 tamen
1841 3476 1924 3533 ai-

322 3570 638 3638 fectaverit;
672 3574 800 3643 quin
829 3572 992 3628 etiam
1013 3572 1311 3629 defendere
1331 3572 1455 3628 aliis
1475 3571 1733 3633 maluerit
1760 3586 1920 3643 quam

322 3662 428 3721 sibi
459 3678 679 3732 parare,
712 3665 1015 3734 meritoque
1043 3664 1194 3718 illum
1240 3663 1480 3718 habitum
1533 3674 1592 3719 ut
1640 3670 1920 3734 parentem

323 3756 625 3826 Optimum,
678 3757 768 3827 qui
816 3754 1057 3811 Judaeum
1109 3756 1161 3811 in
1212 3756 1518 3815 libet-tatem
1571 3753 1926 3810 vindicaverit

322 3851 638 3909 vulneribus
668 3852 801 3915 suis,
836 3866 937 3907 nec
965 3849 1022 3905 in
1046 3852 1362 3907 servitutem
1410 3848 1718 3906 deduxerit.
1748 3848 1923 3905 Hero-

324 3941 450 3998 dem
495 3942 721 4003 Antonii
772 3944 1086 3999 testimonio
1132 3943 1222 4013 qui
1273 3950 1531 4012 paternus
1580 3940 1684 4001 sibi
1726 3942 1925 4011 hospes

322 4035 551 4105 fuisset,
583 4036 636 4094 in
684 4052 909 4109 regnum
956 4036 1285 4108 aspiravtsse
1313 4052 1326 4089 :
1359 4050 1427 4092 ex
1468 4034 1560 4091 illo
1607 4032 1925 4090 indecorum

327 4149 420 4191 res
452 4135 790 4199 imtninutas,
822 4132 1000 4204 egisse
1028 4142 1083 4185 ut
1112 4130 1357 4199 hostem,
1390 4145 1496 4185 non
1544 4138 1601 4189 ut
1632 4137 1923 4184 rectorem.

324 4226 461 4286 Cum
509 4231 670 4300 igitur
718 4229 834 4299 ipse
880 4228 1044 4284 etiam
1092 4227 1309 4283 adulter
1352 4227 1502 4297 regni
1544 4224 1738 4289 fuerit.
1793 4238 1929 4295 quo-

329 4323 497 4380 modo
527 4326 766 4395 potuisse
811 4323 880 4383 ab
923 4338 991 4378 eo
1021 4322 1323 4392 legitimum
1358 4335 1542 4392 regem
1571 4317 1786 4376 creari?
1816 4331 1925 4374 non

327 4419 614 4491 deprecari
669 4429 884 4485 tamen,
941 4417 1229 4489 quominus
1280 4414 1383 4470 sub
1432 4428 1603 4485 regno
1655 4412 1799 4482 sint,
1831 4409 1930 4468 sed

329 4530 558 4586 poscere
598 4515 700 4570 sub
731 4514 975 4569 Romano
1003 4528 1167 4585 agere
1192 4554 1206 4579 ,
1238 4512 1393 4583 cujus
1422 4510 1524 4567 sibi
1557 4508 1784 4581 gratiam
1812 4508 1925 4579 jam

329 4608 462 4666 inde
487 4624 517 4664 a
563 4607 885 4664 Machabazis
929 4616 1136 4680 partam
1168 4605 1196 4655 δ
1231 4615 1437 4661 tantum
1479 4620 1577 4676 per
1624 4603 1933 4674 usurpatio-

2030 3383 2252 3440 tentiam
2284 3382 2535 3439 distulit:
2567 3383 2768 3445 deinde
2793 3383 2995 3443 collato
3039 3398 3162 3443 cum
3204 3382 3408 3441 Senatu
3449 3382 3631 3443 consi-

2026 3476 2102 3532 lio
2131 3477 2456 3537 Archelaum
2500 3480 2648 3549 genti
2680 3481 3008 3549 praeposuit,
3040 3485 3100 3539 ut
3144 3475 3461 3547 fungeretur
3504 3488 3629 3541 reg-

2028 3569 2162 3625 toris
2189 3584 2414 3626 munere
2435 3611 2451 3637 ,
2484 3585 2592 3625 non
2642 3568 2794 3640 regni
2835 3569 3065 3627 honore.
3096 3567 3399 3640 Spopondit
3448 3577 3629 3627 tamen

2027 3673 2086 3720 et
2110 3680 2330 3735 regnum
2362 3664 2641 3731 daturum,
2671 3666 2715 3721 si
2747 3679 2808 3722 se
2832 3664 2910 3723 ita
2938 3671 3174 3737 gereret,
3202 3673 3262 3721 ιιι
3288 3661 3632 3733 probaretur.

2027 3758 2146 3815 Jnm
2192 3762 2339 3816 ettim
2369 3768 2703 3817 tentamenta
2747 3760 3109 3821 dissensionis
3139 3759 3417 3819 lsraelitici
3449 3756 3632 3829 populi

2027 3855 2436 3910 nuntiabantur.
2491 3854 2821 3911 Tetrarchae
2868 3855 3006 3911 duos
3050 3852 3338 3911 constituit
3399 3849 3635 3911 Herodis

2031 3945 2174 4002 ﬁlios
2195 3988 2210 4013 ,
2241 3946 2553 4018 Philippum
2584 3955 2641 4003 et
2668 3947 2924 4018 Antipam
2948 3988 2964 4015 ,
2996 3948 3088 4017 qui
3115 3960 3239 4002 cum
3272 3941 3543 4005 Archelao
3565 3942 3635 4001 de

2028 4056 2199 4112 regno
2244 4050 2548 4098 certaverat
2594 4060 2609 4097 :
2666 4041 2896 4099 Herodis
2950 4041 3129 4098 sorori
3174 4041 3262 4097 cui
3301 4052 3500 4095 nomen
3529 4036 3631 4095 8th

2030 4136 2176 4192 lome
2195 4178 2212 4204 ,
2245 4134 2273 4175 (ι
2302 4137 2611 4208 delegatum
2644 4137 2914 4203 servavit,
2943 4134 3108 4193 etiam
3156 4136 3259 4191 alia
3289 4133 3409 4201 ipse
3436 4131 3632 4202 adjun-

2031 4230 2129 4286 xit.
2174 4230 2394 4287 Duabus
2439 4247 2655 4302 quoque
2705 4230 2918 4288 ﬁliabus
2962 4229 3194 4286 Herodis
3236 4228 3389 4284 mille
3433 4226 3634 4285 talents

2034 4339 2156 4396 quae
2219 4325 2325 4381 sibi
2384 4325 2573 4383 relicta
2639 4335 2836 4393 erant,
2884 4322 3260 4396 dispertienda
3302 4321 3633 4379 arbitratust

2032 4414 2243 4471 addidit
2270 4417 2433 4473 etiam
2493 4418 2598 4473 alia
2650 4428 2908 4474 sexcenta
2942 4417 3137 4485 millia,
3165 4424 3223 4473 et
3250 4430 3315 4473 ea
3364 4412 3632 4481 Pherorli

2035 4509 2227 4566 liberis
2252 4511 2451 4567 sociari
2476 4513 2708 4569 censuit.
3098 4499 3103 4505 ’

2657 4604 2887 4662 CAPUT
2924 4603 2992 4665 ll.

330 4720 459 4761 netu
507 4705 657 4776 regni
710 4714 893 4774 postea
946 4704 1444 4773 degeneraverunt,
1477 4711 1536 4756 ut
1564 4698 1736 4756 multo
1787 4696 1929 4752 inle-
1957 4697 2013 4761 Β
2108 4695 2318 4755 Interea
2344 4697 2561 4769 quidam
2589 4713 2656 4756 es
2680 4699 2975 4770 juvenibus
3006 4696 3270 4762 simulans
3306 4710 3368 4759 se
3398 4694 3642 4757 Alesaur

329 4798 510 4861 riores
535 4800 642 4855 sint
672 4798 753 4855 his
774 4840 788 4863 ,
818 4798 1106 4857 adversum
1149 4812 1285 4869 quos
1318 4796 1616 4851 Romanam
1661 4794 1936 4862 petierunt

328 4894 674 4950 societatem.
724 4891 970 4963 Denique
1019 4906 1177 4946 orare
1230 4905 1385 4958 sese,
1418 4900 1476 4944 ut
1524 4886 1713 4943 eadem
1745 4883 1936 4942 condi—

330 4986 485 5043 tione
530 4985 715 5042 Judaa
760 5001 865 5056 qna
899 4984 1053 5057 Syria
1086 4983 1390 5052 pra-sidiale
1415 4979 1679 5052 judicium
1709 4995 1737 5032 a
1782 4976 1935 5039 vobis

329 5080 692 5151 adipiscatur,
718 5097 823 5152 quo
852 5080 1155 5136 devotionis
1178 5088 1375 5135 nostra:
1397 5077 1558 5135 detur
1582 5075 1897 5145 experimen
1913 5101 1930 5114 -

334 5185 453 5233 tum
477 5217 493 5241 .
520 5185 698 5235 utrum
731 5174 822 5245 qui
853 5172 1096 5230 seditiosi
1130 5188 1191 5227 ac
1224 5171 1462 5227 rebelles
1494 5183 1773 5232 vocamur,
1812 5181 1937 5237 pos-

331 5269 510 5327 simus
533 5268 826 5325 moderatis
850 5266 1120 5338 judicibus
1146 5272 1545 5336 obtemperare.
1572 5262 1848 5323 Adversus
1874 5276 1936 5315 ca

331 5360 595 5419 Nicolans
646 5376 743 5431 pro
775 5360 1042 5416 Archelao
1082 5359 1451 5431 respondens,
1485 5355 1938 5427 ittquielissitnam

334 5455 614 5515 nationem
665 5455 969 5511 insolentire
1017 5469 1130 5508 suae
1179 5455 1413 5511 asseruit
1459 5467 1648 5524 ptenas
1674 5448 1939 5505 dedisse:

2038 4788 2229 4858 drum,
2257 4799 2313 4847 et
2340 4802 2563 4862 propter
2607 4791 3039 4853 misericordiam
3092 4792 3162 4851 ab
3192 4791 3278 4851 his
3316 4788 3514 4861 quibus
3544 4803 3643 4847 ne:

2037 4883 2196 4941 candi
2247 4899 2446 4940 munus
2493 4888 2562 4942 ab
2628 4886 2845 4943 Herode
2898 4895 3049 4958 patre
3098 4885 3411 4941 mandatum
3464 4881 3647 4949 foret,

2038 4978 2349 5049 subrogatis
2388 4982 2511 5037 aliis
2538 4980 2591 5036 itt
2614 4981 2793 5039 locum
2822 4997 3014 5046 suum,
3044 4996 3166 5038 cum
3195 4980 3363 5038 fratre
3390 4993 3490 5039 suo
3522 4977 3644 5037 Ari-

2038 5071 2260 5129 stobulo
2288 5072 2570 5135 dimissum
2589 5116 2603 5139 ,
2637 5076 2878 5133 Miletum
2924 5076 3119 5148 petiit,
3145 5083 3202 5132 et
3228 5074 3355 5135 inde
3382 5072 3611 5131 Romam
3631 5113 3647 5137 ,

2040 5181 2150 5236 quo
2199 5165 2472 5223 difﬁcilius
2511 5169 2651 5241 apud
2697 5170 3004 5242 incognitus
3049 5178 3498 5240 cognosceretur.
3546 5165 3646 5231 Ubi

2041 5258 2200 5316 facile
2247 5261 2467 5321 Iudaeos
2513 5265 2580 5325 ad
2628 5281 2810 5323 rerum
2864 5265 3159 5323 novitatem
3214 5261 3650 5334 promptissimos

2045 5354 2424 5413 excitaverat:
2468 5358 2571 5414 nisi
2620 5368 2904 5429 comperto
2932 5374 3035 5426 eo,
3067 5357 3252 5416 Caesar
3299 5355 3367 5412 ad
3414 5370 3474 5411 se
3522 5367 3650 5410 eum

2049 5447 2272 5517 Perduci
2316 5452 2471 5508 ocius
2516 5467 2613 5523 per
2636 5452 2902 5508 Celadum
2934 5451 3223 5519 quemdam
3242 5490 3257 5513 ,
3285 5448 3374 5518 qtti
3404 5445 3654 5509 Alexanv

336 5567 412 5609 tte
445 5553 569 5606 hinc
612 5549 953 5623 potissimum
987 5549 1285 5605 Archelaus
1325 5547 1530 5605 invidia
1560 5541 1944 5601 inexcusabilis
2048 5542 2206 5605 drum
2241 5546 2397 5615 plene
2422 5559 2679 5611 noverat,
2716 5551 3088 5619 praecepisset.
3121 5542 3356 5603 Celadus
3386 5541 3473 5598 ubi
3499 5540 3660 5612 juvet-

337 5649 592 5707 criminis
619 5653 996 5703 accerseretur
1017 5687 1031 5712 ,
1064 5646 1235 5716 si-per
1261 5645 1587 5701 seditionem
1619 5656 1806 5713 pacem
1834 5648 1949 5695 tur-
2052 5653 2176 5694 nem
2209 5638 2361 5705 vidit,
2394 5640 2754 5699 similitudine
2779 5644 3041 5713 deceptus
3066 5638 3355 5695 haesitavit.
3393 5634 3501 5692 Sed
3531 5632 3659 5689 reli-

420 5841 446 5907 f
480 5830 704 5907 Irtjusto.
738 5828 907 5907 Bentt.

418 5902 447 5946 ι’
477 5902 563 5962 Al.
595 5915 782 5959 tamen.
811 5904 883 5963 In.

2132 5833 2153 5896 εξ
2184 5821 2447 5896 Servetttr.
2482 5822 2548 5896 Et
2581 5823 2739 5893 paulo
2761 5821 3119 5896 postservavil
3133 5835 3231 5893 pro
3250 5817 3542 5881 servam-it.
3577 5816 3651 5875 In.

2126 5893 2151 5933 δ
2184 5894 2458 5969 Legatum.
2490 5894 2566 5952 In.
