4112 6350
561 318 706 378 2039

1894 317 2139 376 SANCTI
2176 318 2499 380 AMBROSII

3704 335 3823 394 m0

562 450 667 506 qua
700 433 1031 507 perspiciens
1057 434 1253 492 indicia
1279 447 1391 491 non
1422 431 1751 501 convenire,
1778 433 2031 504 quaesivit
2075 434 2165 491 ubi
2194 436 2247 497 A
2271 444 2447 494 morte
2485 437 2736 510 implevit
2779 442 3053 498 somnium
3096 456 3275 500 suum.
3304 442 3632 517 Principatus
3670 454 3822 522 gentis

563 540 712 590 esset
759 532 1103 589 Aristobulus
1136 540 1234 587 :at
1270 529 1366 586 ille
1410 531 1463 584 in
1510 527 1690 601 Cypro
1736 526 1911 584 insula
1967 528 2168 601 degere

564 626 829 696 asseruit,
858 634 1141 682 caventem
1173 623 1419 692 insidias,
1453 637 1520 679 eo
1548 622 1694 694 quod
1720 622 2001 694 conjuncti
2027 622 2167 679 inter

560 734 621 776 se
648 718 843 775 fratres
874 719 1085 775 facilius
1117 719 1615 790 exstinguerentur.
1644 715 1850 773 Deinde
1891 715 1958 772 ad
1986 716 2167 772 Caesa-

560 830 679 871 rem
709 813 973 872 deductus
997 857 1013 884 ,
1041 814 1257 885 aperuit
1306 813 1455 869 illico
1486 812 1810 884 impunitate
1860 812 2122 883 promissa
2147 857 2163 882 ,

561 912 758 969 fretum
786 926 846 968 se
876 912 1061 983 specie
1087 910 1483 980 similitudinis,
1513 910 1657 982 quod
1689 917 1836 967 esset
1861 910 2167 968 Alexander

560 1008 886 1073 simulasse,
920 1016 983 1063 ut
1028 1006 1448 1064 innumerabilia
1485 1022 1708 1063 munera
1741 1007 1813 1062 ibi
1841 1008 1994 1079 quasi
2022 1008 2166 1080 regis

562 1101 706 1157 ﬁlius
750 1116 779 1155 a
830 1100 1035 1157 Judaeis
1084 1111 1535 1173 consequeretur.
1569 1100 1752 1156 Caesar
1795 1100 1976 1156 dolum
2008 1101 2162 1168 risit,

559 1194 658 1250 sed
703 1204 757 1250 et
804 1195 979 1263 ipsum
1033 1195 1329 1250 immunem
1372 1194 1573 1251 dimitti
1615 1193 1803 1265 jubet,
1834 1203 1888 1251 et
1934 1208 2028 1249 eos
2073 1195 2165 1266 qui

559 1290 701 1345 ultra
731 1290 999 1360 privatum
1033 1290 1253 1345 modum
1302 1290 1457 1362 quasi
1485 1289 1629 1361 regis
1657 1288 1769 1344 filio
1820 1288 2161 1356 detulerant;

556 1381 691 1438 satis
739 1382 1029 1439 mulctatos
1071 1396 1195 1440 esse
1243 1383 1652 1454 pronuntiavit,
1680 1383 1824 1455 quod
1876 1382 2164 1455 superfluis

557 1476 864 1548 sumptibus
891 1458 1098 1533 infinita
1121 1476 1407 1549 dispendia
1436 1476 1836 1533 toleravissent.
1861 1475 2165 1533 Archelaus

558 1579 741 1627 autem
781 1570 1056 1643 profectus
1105 1570 1163 1628 in
1206 1569 1448 1627 Judzeam
1500 1580 1722 1643 propter
1768 1571 2163 1627 obscenitatcm

560 1680 771 1720 morum
804 1672 860 1720 et
886 1665 1232 1722 insolentiam
1264 1676 1549 1722 accusatus
1575 1665 1717 1737 apud
1747 1664 2041 1736 Ctesarem,
2071 1681 2165 1723 co-

553 1758 705 1829 gnita
751 1758 891 1813 inter
926 1767 1107 1828 partes
1135 1772 1330 1826 causa,
1357 1757 1625 1816 Viennam
1657 1758 1930 1831 relegatur
1954 1800 1969 1826 ,
1998 1774 2160 1831 opes-

2270 530 2361 601 qui
2405 531 2473 586 ad
2504 532 2831 590 Archelaum
2877 535 3216 607 pertinebat,
3243 551 3532 597 conversus
3558 551 3640 599 est
3663 544 3709 600 in
3745 562 3830 602 no-

2269 640 2394 682 men
2441 628 2769 698 provineiae;
2802 646 2909 704 quo
2960 633 3182 690 nomine
3215 632 3481 706 Romani,
3509 652 3625 694 cum
3673 640 3720 695 in
3753 643 3828 710 jus

2268 731 2427 774 suum
2458 718 2722 777 vincendo
2751 723 3061 795 redigerent
3106 726 3296 797 procul
3327 730 3529 798 positas
3570 731 3827 803 regiones,

2269 814 2576 882 provincias
2617 816 3048 888 appellaverunt.
3082 821 3395 879 Manserunt
3442 834 3614 881 tamen
3662 836 3833 885 tetrar-

2268 905 2424 973 (εἰπε,
2456 917 2513 963 ιιι
2562 920 2718 966 erant
2764 910 3046 983 Philippus
3095 922 3151 970 et
3191 914 3430 973 Herodes
3475 927 3673 975 mutato
3695 936 3834 979 voca-

2268 998 2426 1067 bulo,
2460 1002 2584 1072 quia
2633 1004 2861 1075 Antipas
2909 1006 3061 1076 prius
3105 1009 3532 1080 nuncupabatur.
3572 1011 3696 1068 Nam
3744 1013 3832 1070 Sa-

2267 1091 2411 1149 lome
2440 1094 2699 1165 moriens,
2726 1097 2844 1154 loca
2870 1115 2990 1171 quae
3018 1109 3296 1170 tenuerat,
3325 1112 3378 1158 et
3407 1114 3713 1175 potestatem
3738 1120 3834 1163 suze

2267 1190 2446 1263 gentis
2475 1201 2498 1231 ε
2530 1191 2716 1265 Libyae
2765 1195 2923 1251 uxori
2970 1192 3202 1253 Caesaris
3242 1198 3623 1271 dereliquerat.
3653 1201 3701 1257 Is
3741 1213 3836 1258 sta.

2270 1295 2358 1342 tus
2384 1293 2503 1341 erat
2528 1285 2752 1355 Iudaeae,
2783 1288 2997 1360 quando
3028 1290 3212 1346 Caesar
3242 1290 3528 1349 defunctus
3554 1304 3635 1350 est
3663 1312 3675 1349 :
3699 1294 3836 1351 relin-

2267 1393 2441 1450 quens
2469 1378 2746 1436 Tiberium
2791 1381 3096 1454 privignum
3146 1399 3302 1440 suum
3346 1385 3526 1459 Libya:
3571 1389 3745 1445 uxoris
3786 1388 3837 1443 fi-

2266 1472 2400 1529 lium
2444 1489 2512 1530 ex
2563 1475 2849 1546 superiore
2910 1478 3154 1548 genitum
3216 1477 3445 1551 conjuge
3493 1494 3837 1536 successorem

2269 1567 2496 1623 Romani
2545 1568 2759 1639 imperii
2808 1586 2822 1624 :
2874 1569 3030 1641 cujus
3076 1569 3133 1626 in
3196 1570 3460 1627 honorem
3524 1572 3834 1630 Tiberiadem

2269 1659 2512 1717 Herodes
2536 1660 2798 1718 condidit.
2834 1662 3113 1734 Philippus
3159 1679 3375 1736 quoque
3404 1665 3624 1739 Libyam
3671 1666 3836 1721 urbem

2266 1756 2457 1811 matris
2488 1756 2607 1826 ejus
2631 1756 2900 1812 vocabulo
2945 1757 3363 1829 nuncupandam
3394 1760 3617 1831 putavit.
3647 1760 3705 1815 Et
3731 1759 3837 1829 quia

517 1913 526 1921 ,
556 1868 663 1924 que
711 1852 831 1923 ejus
880 1853 1149 1910 thesauris
1196 1853 1429 1911 Ctesaris
1455 1854 1741 1910 associatae
1776 1872 1790 1911 :
1829 1854 1931 1912 hoc
1970 1855 2164 1911 merito
2196 1852 2244 1914 B
2272 1848 2605 1919 ρτοροεὶιυιη
2651 1848 2807 1905 nobis
2850 1858 2934 1906 est
2961 1851 3178 1920 aperire
3214 1865 3442 1920 causas,
3470 1852 3660 1923 quibus
3687 1866 3836 1922 popu-

555 1947 788 2018 pretium
841 1947 964 2016 luit,
994 1949 1088 2021 qui
1120 1963 1222 2006 nec
1257 1964 1287 2004 a
1343 1948 1527 2006 fratris
1556 1949 1640 2005 sui
1666 1948 1908 2019 germani
1935 1948 2167 2020 conjuge

556 2058 682 2099 suas
728 2054 1130 2116 compresserat
1175 2044 1517 2117 cupiditates.
1546 2044 1682 2100 Nam
1724 2044 1812 2099 tibi
1857 2045 2167 2102 Alexander

556 2135 726 2205 obiit,
761 2138 929 2209 patris
970 2136 1201 2209 imperio
1250 2141 1370 2194 neci
1410 2137 1672 2206 traditus,
1707 2137 1981 2211 Glaphyra
2030 2154 2167 2195 uxor

557 2231 675 2304 ejus
729 2231 1005 2289 Archelao
1047 2248 1176 2306 rege
1222 2230 1605 2305 Cappadocum
1652 2234 1864 2305 genita,
1907 2233 2167 2305 quemad-

556 2328 778 2384 modum
826 2344 992 2400 supra
1040 2330 1493 2397 memoravimus,
1534 2328 1732 2402 Libyes
1775 2330 1888 2401 regi
1942 2329 1969 2359 "‘
2014 2328 2164 2385 Tiba:

555 2420 815 2478 secundis
843 2431 928 2478 est
958 2423 1207 2495 copulata
1254 2423 1479 2495 nuptiis.
1512 2422 1630 2491 Quo
1659 2423 1917 2481 defuncto
1936 2467 1953 2493 ,
1983 2440 2164 2481 rever-

554 2514 687 2570 titur
712 2515 780 2570 ad
811 2523 1018 2585 patrem
1051 2534 1065 2572 :
1099 2515 1210 2572 illic
1239 2532 1359 2574 eam
1406 2517 1802 2589 contemplatus
1828 2516 2125 2575 Archelaus
2146 2561 2160 2585 ,

556 2608 701 2678 quod
748 2607 969 2664 fratrem
1004 2609 1215 2675 mariti,
1250 2609 1486 2666 filiorum
1538 2619 1786 2681 patruum
1814 2651 1828 2678 ,
1866 2612 2005 2668 haud
2033 2627 2167 2683 qua-

554 2720 718 2775 quam
766 2705 852 2776 pie
902 2704 1280 2777 refugiendum
1326 2707 1716 2776 arbitraretur,
1767 2709 1840 2764 ita
1909 2709 2162 2781 deperire

554 2800 742 2871 coepit,
775 2808 832 2856 ut
862 2816 1086 2857 uxorem
1120 2800 1379 2872 dejiceret
1410 2802 1761 2858 Mariamnem
1785 2844 1801 2869 ,
1833 2810 1890 2859 et
1915 2801 2162 2876 Glaphy-

556 2908 672 2949 ram
719 2894 776 2950 in
826 2895 1005 2951 locum
1044 2894 1192 2952 illius
1239 2895 1617 2954 substitueret.
1660 2897 1778 2954 Non
1826 2898 1997 2954 multo
2041 2906 2165 2969 post

556 2987 645 3043 ubi
675 2988 872 3044 mulier
914 2988 967 3044 in
998 2988 1243 3045 Judream
1275 2989 1476 3059 rediit,
1508 2989 1641 3047 vidit
1668 2991 1723 3047 in
1768 2992 1996 3047 somniis
2040 2991 2164 3047 Ale-

555 3080 858 3150 xandrum,
910 3092 966 3138 et
1015 3083 1305 3154 complecti
1352 3083 1703 3140 desideravit.
1756 3085 1827 3142 At
1880 3085 1975 3143 ille
2016 3085 2160 3142 indi-

554 3177 741 3247 gnanti
786 3175 1017 3247 similis,
1065 3193 1097 3233 a
1139 3177 1427 3249 complexu
1479 3176 1911 3250 refugus,visus
1955 3188 2039 3236 est
2079 3179 2163 3234 di-

2268 1942 2351 1999 lus
2381 1942 2697 1999 Judazorum
2752 1960 2782 2000 a
2829 1944 3076 2001 Romano
3125 1945 3357 2016 imperio
3382 1946 3696 2014 desciverit,
3729 1944 3840 2001 sibi-

2266 2053 2372 2109 que
2403 2038 2629 2095 exitium
2658 2039 3074 2106 aceeleraverit,
3106 2039 3340 2096 Pilatum
3392 2040 3678 2111 provincia:
3718 2053 3837 2110 prte-

2265 2130 2437 2187 sidem
2488 2130 2705 2187 initium
2754 2131 2929 2187 ruina:
2978 2131 3196 2188 dedisse
3239 2147 3333 2188 res
3358 2131 3562 2187 indicat
3592 2130 3839 2203 :quando-

2266 2224 2484 2297 quidem
2518 2222 2750 2282 Caesaris
2799 2225 3066 2297 imagines
3111 2225 3619 2298 llierosolymitanis
3661 2222 3838 2278 :rdibus

2267 2318 2456 2376 inferri
2500 2320 2707 2392 primus
2756 2320 3000 2377 omnium
3031 2336 3137 2377 non
3167 2320 3521 2379 dubitaverit.
3551 2321 3663 2389 Quo
3686 2328 3838 2375 motus

2269 2415 2497 2486 pepulus
2541 2429 2664 2471 cum
2695 2415 3008 2482 resisteret,
3038 2424 3200 2487 atque
3230 2414 3326 2470 ille
3362 2413 3692 2486 recipiendas
3720 2411 3838 2467 ima-

2265 2508 2419 2581 gines
2463 2518 2745 2576 censeret,
2795 2509 3061 2580 plurimos
3107 2510 3162 2566 in
3209 2517 3443 2566 mortem
3494 2508 3683 2580 coegit.
3724 2506 3837 2560 Dum

2266 2604 2386 2660 haec
2429 2604 2484 2660 in
2532 2603 2716 2661 Judaaa
2755 2613 3054 2676 geruntur,
3087 2606 3327 2676 Agrippa
3376 2601 3668 2661 Aristobuli
3720 2599 3838 2655 filius

2265 2698 2493 2755 Romam
2524 2698 2779 2767 advenit,
2813 2699 3038 2770 cupiens
3084 2698 3350 2753 adversus
3381 2697 3644 2753 Herodem
3675 2703 3837 2750 tetrar-

2265 2790 2423 2847 cham
2447 2792 2590 2863 apud
2612 2792 2887 2849 Tiberium
2915 2791 3121 2862 judicio
3147 2791 3484 2848 contendere
3509 2808 3524 2847 :
3556 2788 3649 2847 sed
3671 2788 3835 2858 despe-

2266 2891 2386 2940 ctus
2437 2900 2466 2939 a
2494 2883 2716 2941 Tiberio
2758 2899 2881 2941 cum
2927 2884 3118 2939 Roma:
3166 2883 3424 2954 degeret,
3470 2883 3717 2955 plurimos
3753 2876 3838 2934 sibi

2265 2981 2496 3037 adscivit
2522 2980 2589 3036 ad
2618 2980 2914 3036 amicitiam
2946 2997 2959 3034 :
2993 2989 3049 3035 et
3086 2980 3328 3035 maxime
3369 2975 3668 3036 Germanici
3693 2973 3836 3029 filium

2266 3075 2485 3143 Caium,
2529 3091 2690 3148 quem
2741 3075 2855 3132 sive
2905 3076 3112 3146 paterni
3162 3074 3405 3132 nominis
3452 3073 3621 3146 gratia
3665 3067 3839 3126 amabi-

2267 3170 2372 3226 lem
2399 3171 2631 3242 populo,
2661 3185 2756 3227 seu
2808 3171 2943 3241 regii
2980 3169 3198 3242 generis
3228 3170 3633 3241 propinquitate
3675 3162 3838 3237 proxi-

554 3282 680 3325 cere
711 3285 724 3322 :
756 3268 881 3324 Hzec
909 3278 1021 3336 est,
1054 3269 1328 3343 Glaphyra
1350 3311 1364 3338 ,
1398 3271 1654 3341 promissi
1686 3271 1862 3328 ﬁdes?
1890 3272 1967 3327 Ita
2014 3287 2164 3329 amo-
2189 3250 2236 3316 C
2270 3282 2416 3321 mum
2444 3265 2677 3336 imperio
2703 3276 2887 3334 ratus,
2917 3282 2983 3321 an
3015 3265 3248 3337 quodam
3282 3266 3551 3336 praasagio
3576 3259 3838 3320 studiosius

555 3376 645 3417 res
675 3377 801 3433 erga
835 3372 887 3419 te
919 3366 1149 3421 servasti
1182 3381 1354 3431 meos,
1379 3381 1610 3437 quorum
1632 3381 1933 3423 memorem
1961 3377 2012 3424 te
2039 3383 2161 3425 esse

556 3455 835 3525 oportuit?
863 3456 972 3512 Sed
1018 3466 1134 3514 esto
1155 3500 1171 3525 ,
1199 3457 1605 3514 adolescentula
1645 3460 1913 3515 secundas
1943 3462 2161 3531 nuptias

557 3561 665 3602 non
714 3547 1023 3620 refugeras,
1056 3552 1218 3606 etiam
1266 3567 1337 3608 ne
1362 3552 1589 3621 tertias,
1618 3551 1778 3608 etiam
1828 3568 1896 3609 ne
1938 3555 2157 3609 fratrem

555 3640 738 3696 mariti
779 3652 1038 3713 appetere
1063 3643 1365 3701 debueras?
1396 3644 1471 3700 Ita
1507 3653 1558 3701 te
1586 3660 1706 3700 mea
1752 3644 2050 3702 delectavit
2081 3647 2162 3702 in-

551 3732 691 3804 juria
725 3744 782 3792 ut
830 3736 883 3791 in
934 3752 1108 3794 meam
1156 3738 1376 3793 domum
1426 3740 1588 3795 tertio
1622 3747 1790 3810 nupta
1814 3740 2028 3810 conjugi
2072 3754 2162 3794 re-

555 3842 743 3885 meare
790 3845 896 3884 non
928 3831 1322 3917 erpbescercs?
1351 3831 1460 3888 Sed
1486 3829 1619 3887 mihi
1648 3846 1795 3888 cura:
1819 3874 1833 3899 ,
1864 3847 1934 3888 ne
1954 3831 2160 3888 diutius

556 3932 773 3978 maneat
800 3925 1125 3981 contumelia
1158 3940 1310 3993 mea,
1348 3925 1708 3998 contagioqne
1736 3936 1823 3982 tua
1858 3943 1871 3979 :
1905 3941 2009 3983 nec
2040 3926 2161 3981 lon-

553 4030 682 4085 gum
712 4016 981 4072 laetabitur
1009 4017 1236 4075 fraterni
1279 4018 1516 4075 incestus
1566 4018 1920 4075 matrimonii.
1953 4020 2160 4075 Exsur-

555 4109 697 4165 rexit
729 4109 951 4174 mulier,
986 4118 1043 4166 et
1071 4110 1425 4168 familiaribus
1450 4112 1693 4168 narravit
1736 4113 2041 4178 somnium,
2067 4122 2154 4166 at-

556 4216 661 4272 que
710 4201 825 4272 ipsa
874 4202 1039 4258 biduo
1085 4210 1208 4273 post
1253 4202 1541 4270 defuncta,
1590 4203 1749 4259 fldem
1803 4203 1964 4273 fecit,
2016 4202 2156 4274 quod

558 4295 870 4368 hujusmodi
919 4297 1167 4370 conjugia
1190 4340 1205 4365 ,
1232 4312 1336 4355 nec
1362 4298 1607 4355 vivorum
1656 4299 1864 4371 legibus
1893 4296 1922 4338 δ
1970 4300 2155 4370 punita

555 4399 713 4458 sunt,
745 4405 846 4448 nec
868 4399 1203 4447 mortuorum
1233 4391 1620 4447 voluntatibus.

1195 4482 1428 4542 CAPUT
1468 4483 1556 4540 Ill.

624 4580 746 4652 Ipse
795 4595 1012 4653 quoque
1060 4578 1361 4638 Archelaus
1410 4579 1546 4635 vidit
1594 4580 1646 4634 in
1697 4580 1925 4636 somniis
1972 4581 2154 4652 Spicas

2266 3360 2589 3428 excolebat,
2622 3376 2783 3432 quam
2829 3363 2913 3417 vel
2941 3362 3122 3417 aetatis
3144 3403 3160 3430 ,
3190 3361 3277 3417 vel
3321 3360 3549 3417 honoris
3594 3357 3702 3429 ejus
3724 3352 3838 3409 ratio

2268 3457 2606 3530 patiebatur;
2634 3457 2708 3512 ita
2752 3466 2809 3513 ut
2857 3457 3093 3528 quodam
3140 3457 3229 3511 die
3276 3471 3473 3513 manus
3515 3454 3722 3512 elevans
3760 3447 3838 3502 de-

2266 3561 2610 3625 precaretur,
2667 3560 2726 3607 nt
2784 3554 3053 3609 maturius
3097 3551 3321 3609 Tiberio
3389 3560 3633 3615 mortuo,
3676 3543 3833 3601 Caium

2264 3646 2476 3703 videret
2522 3646 2925 3717 imperatorem.
2976 3645 3094 3716 Quo
3144 3644 3365 3715 prodito
3414 3660 3513 3717 per
3568 3638 3831 3713 Eutychum

2264 3742 2517 3798 libertum
2563 3756 2753 3806 suum,
2806 3742 3045 3814 Agrippa
3087 3740 3242 3814 jussu
3291 3740 3501 3797 Tiberii
3553 3740 3601 3795 in
3654 3730 3834 3791 vincula

2263 3834 2513 3900 ducitur,
2560 3842 2615 3891 et
2659 3835 2917 3906 gravibus
2961 3834 3135 3888 modis
3178 3834 3560 3897 excruciatur,
3591 3844 3690 3887 non
3730 3833 3835 3879 anle

2262 3928 2542 3996 dimissus,
2570 3943 2731 3999 quam
2761 3927 3017 3984 Tiberius
3043 3926 3185 3982 diem
3212 3926 3516 3982 clauderet.
3544 3923 3699 3993 Cujus
3720 3928 3834 3972 tem-

2264 4039 2392 4095 pora
2425 4022 2568 4080 fteda
2604 4023 2849 4079 ludibriis
2871 4019 2898 4060 ἀ
2926 4036 3320 4093 caprarumque
3349 4034 3628 4086 secessus,
3656 4010 3836 4087 ignavia

2264 4118 2623 4174 intolerabilis
2651 4135 2664 4172 :
2691 4117 2897 4174 nullum
2924 4126 3105 4173 tamen
3134 4116 3375 4173 efﬁcacis
3402 4117 3575 4173 virum
3604 4109 3767 4182 operis
3794 4107 3836 4159 in

2262 4228 2452 4270 necem
2477 4213 2596 4285 ejus
2638 4213 3046 4282 excitaverunt,
3078 4213 3340 4280 recentis,
3365 4223 3427 4268 ut
3470 4211 3717 4271 arbitror,
3747 4203 3838 4258 Ro-

2263 4308 2407 4363 mani
2467 4309 2677 4378 imperii
2726 4308 3063 4376 reverentia,
3114 4307 3229 4362 sive
3277 4315 3491 4363 terrore
3557 4299 3835 4360 saevissimae

2261 4401 2634 4471 crudelitatis,
2667 4403 2791 4474 quia
2825 4403 3143 4475 plerumque
3170 4400 3439 4471 asperitas
3480 4415 3586 4472 quo
3612 4395 3833 4471 gravior.

2261 4510 2328 4552 eo
2357 4495 2523 4551 tutior
2544 4506 2652 4553 est.

2866 4590 3099 4649 CAPUT
3150 4590 3243 4649 IV.

556 4689 751 4732 novem
773 4718 788 4745 ,
822 4678 1013 4748 plenas
1036 4684 1092 4733 et
1118 4689 1341 4747 magnas
1370 4689 1398 4729 a
1428 4675 1605 4731 bobus
1635 4675 1839 4731 vorari.
1869 4672 1969 4730 Ctti
2005 4692 2157 4747 quie-
2184 4672 2242 4735 D
2335 4682 2415 4739 Eo
2472 4683 2850 4755 imperitante,
2930 4684 3196 4741 famosum
3263 4681 3556 4741 ludibrium
3624 4672 3835 4733 Paulina:

555 4770 737 4838 renti,
788 4769 1070 4841 respondit
1118 4771 1387 4843 interpres
1438 4787 1451 4824 :
1502 4768 1705 4827 Novem
1755 4770 1923 4843 spicis
1965 4788 2158 4829 novem

555 4879 727 4919 annos
776 4864 1015 4936 signari,
1057 4865 1251 4934 quibus
1299 4873 1568 4937 potestate
1614 4881 1743 4923 usus
1795 4866 1867 4922 sit
1922 4868 2157 4924 maxima

555 4966 611 5013 et
656 4956 1009 5029 amplissima.
1038 4958 1192 5015 Nono
1236 4958 1420 5031 itaque
1471 4975 1616 5016 anno
1661 4959 1872 5029 imperii
1900 4961 1983 5016 sui
2031 4977 2158 5016 mtt-

557 5053 814 5109 tationem
845 5054 1022 5110 eidem
1073 5054 1190 5110 fore
1218 5096 1233 5120 ,
1264 5070 1332 5111 eo
1376 5055 1519 5126 quod
1550 5054 1715 5110 boves
1759 5055 1849 5125 qui
1879 5070 2007 5111 arva
2034 5071 2160 5112 ara-

556 5156 641 5202 tro
686 5146 900 5203 soleant
947 5147 1340 5217 intervertere,
1370 5146 1727 5203 mutationem
1760 5148 1980 5219 signent
2009 5148 2163 5204 labo-

553 5241 792 5308 riosam,
839 5254 959 5311 qua:
1007 5240 1234 5297 devoret
1277 5251 1439 5313 atque
1488 5241 1777 5297 absorbent
1822 5242 2013 5298 merita
2064 5257 2157 5297 su-

556 5338 793 5407 periora.
843 5334 937 5390 His
1002 5336 1183 5406 itaque
1232 5336 1494 5405 cognitis,
1545 5335 1732 5408 quinto
1784 5335 1875 5394 die
1923 5338 2073 5394 venit
2127 5356 2156 5395 a

554 5430 799 5496 Caesare,
836 5429 927 5501 qui
973 5443 1096 5485 eum
1146 5428 1213 5483 ad
1256 5428 1518 5500 judicium
1566 5429 1791 5486 Romam
1837 5431 2154 5491 deduceret.

556 5523 613 5579 In
665 5539 771 5596 quo
818 5524 1213 5582 condemnatus
1262 5531 1317 5579 et
1359 5532 1512 5579 actus
1560 5525 1613 5579 in
1661 5526 1942 5597 exsilium,
1993 5530 2157 5586 etiam

630 5695 657 5724 ιι
686 5684 810 5741 Vet.
835 5686 959 5757 cod.
991 5683 1168 5739 Tobw.
1188 5682 1460 5757 Joseplius
1489 5683 1580 5757 lib.
1605 5698 1643 5738 ιι
1671 5684 1735 5739 de
1761 5684 1896 5742 Bell.
1929 5701 2052 5757 cap.
2085 5687 2151 5754 6,

557 5758 715 5829 anm
734 5759 844 5829 regi
895 5756 1070 5827 Libya:
1087 5772 1108 5824 ;
1136 5764 1188 5811 et
1217 5755 1313 5813 lib.
1342 5771 1450 5812 xvn
1482 5756 1654 5826 Antiq.
1705 5771 1827 5828 cap.
1862 5759 1952 5828 18,
1999 5755 2155 5817 Iuba:

554 5830 662 5940 τὰςιί
692 5827 1041 5914 Μαιὶνὶςαηὶαὲ.
1076 5829 1243 5884 Btaa.

680 5899 962 5940 lmmmun-
992 5898 1047 5940 In

674 5899 963 5970 Impunita.
992 5898 1068 5955 In.

2264 4779 2651 4850 Spectatissimi
2681 4780 2896 4852 generis
2944 4779 3161 4836 femina:
3203 4780 3396 4835 Romae
3438 4772 3836 4849 percelebratum

2264 4882 2368 4928 est.
2416 4871 2548 4940 Quae
2613 4889 2735 4929 cum
2787 4874 3063 4945 egregiam
3128 4872 3399 4929 castitatis
3463 4869 3655 4926 famam
3712 4856 3836 4932 apud

2263 4981 2454 5022 omnes
2483 4966 2727 5034 haberet,
2758 4977 2901 5024 esset
2929 4971 3091 5023 etiam
3118 4963 3550 5039 prmstantissimi
3575 4955 3774 5017 decoris
3791 4960 3836 5005 et

2265 5060 2555 5118 eminentis
2606 5063 2829 5133 gratim,
2879 5070 3080 5118 tentata
3110 5061 3291 5118 Mundi
3341 5058 3609 5132 equestris
3652 5048 3835 5110 militia?

2267 5156 2422 5212 ducis
2466 5156 3023 5227 interpellationibus,
3079 5172 3180 5212 nec
3232 5156 3451 5222 inﬂexa,
3508 5152 3637 5207 vitio
3677 5142 3835 5203 nimiae

2268 5247 2669 5318 superstitionis
2701 5248 2870 5317 patuit
2898 5246 3072 5303 errori
3104 5264 3116 5301 :
3150 5246 3382 5302 Mundus
3407 5258 3636 5315 namque
3668 5237 3835 5294 subor-

2267 5343 2407 5399 natis
2434 5341 2589 5399 lsidis
2630 5342 3006 5400 sacerdotibus
3030 5386 3043 5407 ,
3075 5343 3166 5414 qui
3215 5343 3360 5398 velut
3402 5339 3609 5398 Anubis
3644 5334 3707 5391 ad
3731 5343 3832 5387 eam

2264 5438 2519 5493 mandato
2569 5438 2902 5508 perferrent,
2931 5436 3073 5508 quod
3105 5415 3224 5491 eam
3270 5435 3338 5491 ad
3383 5432 3637 5504 templum
3665 5424 3833 5481 invita-

2263 5542 2386 5601 ret,
2415 5532 2737 5589 delectatum
2769 5547 2831 5589 se
2877 5530 2996 5603 ejus
3025 5530 3315 5587 sedulitate
3339 5536 3393 5584 et
3425 5525 3713 5599 pudicitia:
3752 5528 3831 5571 no.

2335 5704 2357 5766 ς
2391 5693 2643 5766 intelligit
2668 5706 2896 5751 matrem
2922 5692 3147 5760 Tiberii,
3181 5690 3504 5766 Liviam._lo.
3574 5757 3588 5766 _
3732 5752 3746 5766 θ

2331 5763 2357 5801 ιι
2390 5765 2466 5819 lta
2496 5749 2649 5822 editi.
2671 5749 2751 5824 At
2768 5749 3146 5841 Clipuanoque'
3169 5779 3373 5822 secessu
3397 5757 3677 5832 legendum
3701 5749 3830 5810 vide-

2259 5844 2366 5893 tur.
2396 5836 2674 5896 Cauno.
