4112 6350
308 383 447 442 2041

1180 368 1455 429 HISTOR.
1498 366 1588 425 DE
1626 363 1904 424 EXCIDIO
1943 360 2218 420 HIEROS.
2262 358 2466 418 ΗΚΒιὸ
2506 359 2636 417 LIB.
2677 360 2744 420 Il.

3472 357 3619 415 εοιε

306 513 453 559 ctem
483 505 773 573 posceret,
800 491 1003 551 habere
1031 508 1125 561 se,
1156 490 1298 563 quod
1345 488 1525 546 eidem
1566 493 1782 543 secreto
1799 482 1915 539 vel-
1944 482 2000 546 Α
2022 480 2131 549 vio,
2167 479 2256 536 lex
2289 478 2613 552 llagitiorum
2649 486 2753 535 cst.
2782 478 2867 537 Ab
2896 493 2962 536 eo
2980 478 3179 536 missus
3196 477 3402 534 Pilatus
3432 484 3519 534 cst
3561 476 3616 534 iu

306 596 387 653 let
429 592 796 651 committere.
827 588 983 659 Quod
1034 588 1125 643 illa
1166 584 1439 657 accipiens
1482 583 1601 637 laeta
1633 580 1700 636 ad
1745 577 1912 635 mari-

305 698 423 744 tum
473 686 698 752 detulit,
728 684 889 740 deum
938 682 1051 738 suis
1098 682 1292 736 adesse
1318 678 1498 747 votis,
1528 675 1597 732 ab
1644 689 1712 731 eo
1757 688 1910 729 suam

303 778 465 853 posci
498 777 865 850 praesentiam,
890 787 1090 846 negare
1112 788 1173 829 se
1200 788 1307 828 non
1331 784 1492 843 posse
1520 767 1909 825 obedientiam.

301 871 495 944 Itaque
538 879 592 925 et
636 885 701 926 ex
752 883 850 925 sua
887 878 944 924 et
991 882 1059 923 ex
1088 865 1266 922 mariti
1304 862 1574 920 sententia
1622 860 1799 933 pergit
1841 858 1910 914 ad

303 967 569 1038 templum
622 964 813 1032 Isidis,
839 971 1054 1020 noctem
1103 960 1312 1033 exigit,
1343 958 1676 1029 remotisque
1719 953 1909 1025 procul

302 1062 565 1129 arbitris,
592 1061 747 1133 quasi
793 1061 938 1117 sacri
968 1058 1336 1131 cognitionem
1390 1054 1639 1129 mysterii
1687 1068 1912 1125 percep-

301 1166 458 1223 tura,
489 1170 611 1212 sese
667 1153 851 1210 stratis
881 1152 1194 1224 composuit
1234 1150 1383 1219 suis,
1415 1149 1691 1204 aestimans
1713 1189 1729 1216 ,
1758 1145 1907 1218 quod

298 1247 378 1304 ad
404 1263 522 1305 eam
554 1247 691 1304 deus
720 1261 851 1303 suus
879 1247 936 1303 in
967 1245 1198 1302 somniis
1251 1242 1497 1310 veniret,
1530 1254 1586 1298 et
1616 1255 1717 1313 per
1743 1241 1908 1296 visio-

295 1359 432 1401 nem
462 1359 585 1401 sese
611 1344 662 1400 ei
688 1343 1110 1399 demonstraret.
1148 1340 1347 1396 Verum
1383 1338 1474 1395 ubi
1501 1337 1702 1409 aliquid
1729 1336 1907 1393 noctis

299 1442 609 1513 processit,
641 1456 750 1512 quo
794 1439 1008 1496 facilius
1039 1437 1237 1494 mulier
1286 1437 1443 1509 plena
1472 1444 1498 1473 ο
1530 1434 1727 1493 somnii
1758 1434 1907 1490 deci-

296 1544 552 1606 peretur,
604 1532 833 1590 Mundus
864 1542 1143 1602 assumpto
1189 1531 1342 1587 vultu
1372 1528 1581 1587 Anubis
1613 1528 1906 1599 habituque

295 1626 566 1694 advenit,
600 1624 925 1682 vestimenta
956 1624 1189 1691 allevat,
1222 1624 1275 1680 in
1304 1623 1493 1679 oscula
1535 1621 1661 1678 ruit.
1698 1620 1907 1689 Exper-

292 1719 528 1792 gefactae
559 1719 774 1777 mulieri
799 1717 1048 1775 Anuhem
1077 1732 1138 1775 se
1167 1731 1292 1774 esse
1320 1716 1486 1783 dicit,
1518 1714 1723 1770 vultum
1751 1713 1902 1769 Anu-

290 1814 388 1872 bis
416 1813 703 1885 praetendit
736 1831 750 1870 :
782 1813 871 1869 illa
910 1812 1071 1869 deum
1119 1810 1382 1879 credidit,
1416 1812 1631 1867 beatam
1675 1825 1736 1865 se
1780 1823 1903 1866 esse

2016 572 2264 632 Judaeam
2313 572 2401 629 vir
2449 572 2762 642 improbus;
2823 581 2988 643 atque
3047 572 3100 627 in
3149 571 3347 644 exiguo
3405 583 3614 641 ponens

2016 669 2383 734 mendacium,
2434 668 2791 725 circumvenit
2832 667 3238 735 Samaritanos,
3284 677 3341 723 ut
3371 674 3613 723 montem

2015 762 2100 819 cui
2132 777 2328 819 nomen
2362 761 2550 831 Gadir,
2584 771 2830 834 peterent
2861 780 2875 818 :
2919 771 3038 820 erat
3081 762 3232 820 enim
3274 761 3386 818 illis
3425 775 3613 817 sacra-

2015 866 2136 923 tus,
2190 870 2257 913 eo
2302 854 2446 928 quod
2499 855 2664 914 vellet
2716 871 2906 914 eorum
2947 858 3214 931 mysteria
3255 870 3610 929 cognoscere.

2013 949 2083 1005 Et
2143 949 2479 1017 ascendens,
2541 950 2798 1022 populum
2848 951 3114 1023 praevenit
3164 951 3443 1023 equitatu,
3513 964 3607 1022 pes

2011 1043 2289 1116 destrique
2315 1045 2553 1102 exercitu
2585 1046 2812 1113 stravit,
2855 1044 3147 1118 affictoque
3174 1045 3430 1113 crimine,
3468 1044 3615 1117 quod

2011 1155 2041 1195 a
2064 1138 2327 1195 Romanis
2352 1138 2670 1207 discedere,
2711 1147 2768 1195 et
2806 1139 3229 1196 conciliabulum
3268 1138 3373 1195 sibi
3402 1154 3613 1210 qurere-

2012 1247 2072 1288 re
2103 1240 2519 1303 praeparassent.
2543 1230 2682 1300 Quid
2709 1232 2853 1288 enim
2891 1247 2999 1288 non
3030 1232 3287 1301 auderet,
3319 1232 3410 1305 qui
3442 1232 3608 1289 etiam

2008 1322 2286 1381 Christum
2309 1324 2598 1380 Dominum
2627 1323 2695 1381 ad
2730 1325 2966 1381 salutem
2993 1326 3215 1382 humani
3245 1324 3469 1397 generis
3515 1325 3611 1381 ad-

2009 1418 2357 1485 venientem,
2404 1418 2591 1475 multis
2638 1428 2693 1473 et
2734 1418 2932 1475 divinis
2970 1420 3233 1491 operibus
3282 1418 3616 1491 profunden-

2009 1518 2119 1568 tem
2156 1511 2210 1567 in
2259 1511 2509 1568 homines
2554 1512 2944 1569 misericordite
2984 1529 3097 1570 sua:
3132 1514 3399 1586 gratiam,
3449 1514 3613 1570 nihil-

2005 1620 2113 1677 que
2142 1605 2289 1661 aliud
2311 1605 2625 1673 docentem,
2677 1607 2781 1663 nisi
2828 1606 2974 1679 quod
3021 1607 3256 1679 primum
3280 1608 3416 1677 Deo,
3457 1609 3612 1664 dein-

2005 1701 2075 1758 de
2102 1701 2536 1773 imperatoribus
2572 1701 2783 1759 faceret
2813 1703 3043 1775 populos
3067 1703 3386 1761 obcdientes
3406 1744 3423 1773 ,
3468 1705 3619 1761 cruci

2006 1798 2315 1858 suffixerit?
2348 1802 2722 1872 Demensquc,
2768 1802 2857 1873 qui
2889 1799 3139 1856 minister
3175 1807 3325 1858 esset
3363 1799 3614 1871 sacrilegi

289 1909 531 1979 asserit,
568 1908 709 1980 quod
757 1924 877 1965 eam
924 1908 1176 1979 dignatus
1207 1907 1279 1963 sit
1309 1906 1535 1963 visitare
1578 1906 1712 1961 deus
1751 1918 1903 1960 suus.
1939 1897 1986 1958 B
2014 1894 2238 1964 furoris,
2284 1904 2340 1950 ut
2365 1894 2698 1952 interficeret
2724 1906 3000 1953 auctorem
3033 1895 3246 1953 salutis.
3276 1896 3355 1952 Ex
3388 1896 3484 1953 illo
3515 1895 3617 1951 ita-

291 2002 625 2074 Amplexum
657 2001 865 2073 petenti
900 2018 1008 2056 non
1039 2009 1200 2072 negat
1233 2018 1246 2053 :
1280 1997 1450 2057 refert
1479 2008 1656 2054 tamen
1676 2039 1691 2065 ,
1723 2008 1902 2053 utrum

296 2098 433 2155 deus
483 2096 656 2167 possit
700 2095 908 2152 homini
954 2096 1195 2154 misceri.
1240 2094 1335 2150 llle
1377 2094 1579 2164 promit
1621 2092 1901 2163 exempla,

292 2189 441 2261 quod
471 2196 527 2245 et
554 2188 743 2245 Jovem
771 2203 1043 2244 summum
1074 2188 1303 2243 deorum
1332 2187 1595 2243 Alcmena
1640 2199 1902 2255 suscepe-

289 2282 391 2350 rit,
419 2290 475 2339 et
515 2281 660 2338 Leda
712 2281 956 2352 ejusdem
1004 2280 1294 2337 concubitu
1348 2279 1541 2351 potita,
1572 2287 1627 2333 et
1654 2278 1903 2349 plurimae

293 2375 419 2430 alia:
444 2390 566 2447 qua:
595 2374 866 2431 ediderint
897 2375 1028 2430 deos
1057 2384 1241 2446 partu,
1275 2374 1342 2429 de
1372 2390 1432 2429 se
1462 2388 1678 2443 quoque
1709 2389 1776 2427 ex
1805 2371 1902 2428 illa

291 2470 461 2527 deum
509 2486 633 2527 esse
662 2469 1032 2542 generandum
1082 2469 1374 2541 persuadet
1410 2487 1423 2523 :
1454 2468 1669 2524 mulieri
1698 2482 1897 2523 concu.

294 2564 416 2621 bitu
445 2565 724 2631 miscetur,
760 2564 905 2620 redit
930 2564 997 2620 ad
1025 2565 1281 2620 maritum
1316 2563 1500 2618 laetior
1523 2562 1734 2630 dicens,
1756 2560 1900 2632 quod

296 2658 465 2713 mixta
496 2656 600 2714 deo
626 2657 696 2713 sit
724 2657 925 2713 mulier
944 2699 958 2724 ,
988 2665 1046 2714 et
1069 2657 1186 2729 ejus
1231 2657 1504 2728 promisso
1544 2655 1707 2711 deum
1756 2663 1903 2711 esset

294 2758 641 2821 generatura.
677 2749 764 2805 Fit
794 2749 986 2821 ingens
1018 2749 1071 2805 in
1102 2758 1291 2821 stupro
1334 2748 1579 2805 mulieris
1620 2757 1673 2804 et
1719 2748 1900 2804 mariti

293 2845 575 2916 gaudium.
606 2845 801 2901 Postea
845 2845 1085 2901 occurrit
1130 2843 1392 2909 Mundus,
1438 2852 1496 2899 et
1536 2844 1614 2899 ait
1643 2843 1898 2899 mulieri:

299 2938 461 2993 Beata
491 2937 715 2994 Paulina
745 2937 1106 2993 concubinatu
1135 2936 1221 2993 dei
1252 2953 1266 2991 :
1302 2951 1528 3007 magnus
1571 2932 1706 2991 deus
1746 2933 1899 2990 Anu-

299 3031 415 3098 bis,
445 3030 601 3101 cujus
632 3041 687 3086 tu
718 3030 979 3099 accepisti
1007 3029 1286 3101 mysteria.
1332 3028 1437 3085 Sed
1469 3026 1617 3083 disce
1660 3036 1710 3082 te
1759 3026 1899 3082 sicut

297 3121 541 3190 diis,'ita
574 3132 629 3179 et
674 3121 988 3178 hominibus
1037 3135 1144 3177 non
1195 3136 1423 3193 negare,
1454 3120 1649 3191 quibus
1689 3120 1762 3176 dii
1804 3119 1899 3175 tri—

295 3216 499 3283 buunt,
528 3216 670 3287 quod
714 3224 771 3272 tu
821 3231 1152 3288 negaveras,
1200 3217 1328 3287 quia
1374 3232 1473 3271 nec
1522 3217 1723 3269 formas
1770 3228 1898 3270 suas

2006 2006 2112 2062 que
2150 1990 2460 2047 Judzeorum
2501 2006 2590 2048 res
2632 1991 2879 2063 proditae,
2920 2006 2991 2048 ex
3036 1990 3131 2048 illo
3166 1991 3394 2047 exitium
3428 1990 3598 2063 genti,

2014 2086 2327 2158 temploque
2372 2096 2703 2143 maturatum
2744 2084 3036 2143 excidium.
3091 2084 3225 2141 Nam
3279 2086 3326 2141 si
3367 2084 3657 2155 llerodes_

2004 2183 2094 2252 qui
2130 2182 2399 2238 Joannem
2447 2183 2569 2237 neci
2606 2180 2859 2247 tradidit,
2889 2179 3132 2251 perfidia:
3179 2188 3234 2237 et
3273 2178 3613 2237 crudelitatis

2004 2291 2119 2332 sua:
2149 2277 2384 2347 pretium
2419 2276 2541 2344 luit,
2586 2275 2835 2347 dejectus
2873 2290 3045 2347 regno
3087 2284 3255 2345 atque
3277 2272 3475 2330 exsilio
3517 2272 3615 2329 da-

2008 2380 2092 2426 tus
2121 2388 2133 2423 :
2181 2378 2387 2440 quanto
2417 2370 2589 2442 magis
2630 2369 3007 2441 praecipitibus
3048 2368 3205 2425 furiis
3231 2378 3411 2425 actum
3438 2367 3615 2434 intel-

2003 2465 2096 2538 ligi
2128 2466 2288 2522 datur
2329 2481 2477 2533 eum,
2509 2465 2598 2534 qui
2627 2465 2902 2522 Christum
2930 2463 3235 2521 occiderit?
3260 2464 3393 2533 Quae
3443 2478 3607 2521 causa

2002 2569 2184 2616 autem
2232 2559 2396 2616 fuerit
2451 2561 2642 2617 mortis
2688 2559 2947 2627 Joannis,
3007 2558 3251 2617 breviter
3296 2558 3605 2632 expediam.

2004 2656 2312 2727 Philippum
2355 2666 2410 2714 et
2439 2656 2713 2713 Ilerodem
2740 2658 2828 2727 qui
2859 2657 3009 2727 prius
3050 2657 3279 2726 Antipas
3315 2656 3498 2712 dictus
3524 2663 3612 2712 est

2001 2766 2290 2822 germanos
2316 2750 2485 2808 fuisse
2515 2766 2677 2822 supra
2716 2750 3075 2807 ostendimus.
3109 2749 3340 2807 Uxorem
3374 2749 3610 2820 Philippi

2003 2848 2391 2916 llerodiadetn,
2423 2863 2587 2919 quam
2614 2847 2859 2904 Herodes
2900 2847 3089 2903 illicito
3123 2860 3190 2903 ac
3230 2844 3467 2903 nefando
3507 2844 3610 2902 sibi

2001 2944 2231 3001 sociavit
2264 2944 2389 3015 jure
2433 2942 2786 2999 matrimonii.
2812 2941 2930 2997 Non
2971 2940 3094 2996 tulit
3122 2938 3228 2996 hoc
3261 2939 3525 3007 Joannes,
3560 2946 3617 2994 et

2001 3039 2079 3094 ait
2119 3038 2239 3093 illi:
2294 3037 2420 3093 Non
2475 3037 2565 3093 tibi
2613 3036 2729 3092 licet
2777 3052 2990 3092 uxorem
3056 3036 3242 3091 habere
3300 3036 3480 3105 fratris
3533 3034 3609 3089 tui

2003 3131 2224 3205 (Matth.
2253 3131 2453 3203 νι,18).
2496 3130 2634 3188 Tum
2666 3131 2755 3187 ille
2783 3139 3117 3197 commotus,
3144 3130 3196 3185 in
3228 3145 3502 3186 carcerem
3523 3129 3618 3185 de.

2005 3226 2169 3281 trusit
2195 3225 2484 3282 Joannem.
2512 3225 2625 3283 Nec
2665 3225 2836 3281 multo
2879 3235 3003 3297 post
3038 3224 3252 3282 necavit
3281 3225 3455 3281 virum
3491 3224 3610 3293 ius-

295 3309 428 3363 dare
474 3309 631 3365 nobis
654 3350 670 3375 ,
704 3322 806 3365 nec
834 3307 1056 3364 nomina
1100 3307 1483 3379 dedignantur.
1519 3308 1657 3362 Ecce
1694 3308 1761 3362 ad
1804 3323 1894 3363 sa-

2003 3329 2117 3377 tum
2136 3363 2150 3382 .
2176 3329 2232 3378 et
2265 3331 2610 3378 constantem
2642 3321 2840 3378 ἀίνίοω
2865 3321 3026 3391 Legis
3056 3329 3457 3377 exsecutorem.
3486 3318 3607 3376 Non

293 3415 387 3455 era
415 3416 511 3457 sua
538 3401 675 3458 deus
700 3402 910 3458 Anubis
937 3401 1150 3457 vocavit
1176 3411 1232 3457 et
1254 3400 1534 3469 Mundum,
1568 3410 1629 3456 ut
1658 3401 1753 3456 tibi
1773 3400 1899 3470 jun-

292 3504 465 3565 geret.
498 3494 635 3563 Quid
665 3494 762 3550 tibi
791 3494 994 3565 profuit
1020 3493 1220 3550 duritia
1249 3504 1370 3559 tua,
1398 3493 1500 3548 nisi
1530 3502 1587 3549 ut
1626 3501 1676 3548 te
1701 3492 1898 3564 viginti

293 3588 526 3644 millium
575 3604 696 3660 qua:
744 3588 1086 3656 obtuleram,
1128 3586 1485 3643 defraudares
1529 3586 1896 3658 compendio?

288 3679 508 3737 Imitare
552 3680 688 3737 deos
732 3679 1189 3751 indulgentiores,
1221 3680 1311 3749 qui
1360 3677 1521 3735 nobis
1569 3681 1690 3735 sine
1719 3679 1895 3750 pretio

290 3772 534 3830 tribuunt
554 3815 570 3842 ,
604 3773 749 3845 quod
776 3773 844 3829 ab
877 3781 929 3830 te
956 3788 1155 3843 magno
1185 3773 1359 3843 pretio
1389 3773 1674 3843 impetrari
1705 3772 1896 3843 nequi-

292 3877 405 3922 tum
446 3877 549 3922 est.
582 3866 736 3936 Quod
783 3867 829 3923 si
878 3876 929 3924 te
971 3866 1206 3922 humana
1257 3865 1542 3922 offendunt
1588 3865 1891 3934 vocabula,

288 3958 537 4014 Anubem
569 3975 655 4016 tne
678 3961 862 4015 vocari
897 3958 1129 4029 placuit,
1163 3968 1216 4015 et
1247 3957 1484 4014 nominis
1523 3958 1687 4029 hujus
1716 3959 1892 4029 gratia

286 4049 540 4107 affectum
566 4052 727 4123 juvit.
762 4052 875 4108 Hoc
907 4053 1191 4123 perstricta
1232 4066 1487 4107 sermone
1518 4052 1734 4120 mulier,
1764 4051 1893 4106 illu-

286 4162 407 4202 sam
434 4163 494 4203 se
522 4148 822 4216 intellexit,
851 4158 906 4204 et
934 4148 1127 4204 dolens
1173 4147 1425 4218 iujuriam
1457 4146 1731 4218 pudicitiae
1761 4162 1894 4201 con-

288 4238 432 4296 l‘essa
478 4251 565 4298 est
610 4240 852 4298 fraudem
905 4242 1119 4298 marito.
1166 4241 1262 4297 llle
1305 4241 1441 4297 nihil
1483 4241 1699 4299 habens
1745 4240 1893 4312 quod

288 4336 447 4392 uxori
490 4337 892 4409 indignaretur,
921 4336 1007 4393 cui
1038 4337 1153 4407 ipse
1185 4338 1417 4393 cubandi
1466 4337 1521 4393 in
1556 4338 1763 4409 templo
1797 4354 1893 4407 po-

288 4438 540 4486 testatem
588 4431 943 4501 permiserat,
982 4439 1036 4487 et
1077 4432 1328 4487 conscius
1374 4431 1675 4502 conjugalis
1719 4432 1884 4486 casti-

288 4523 510 4590 moniae,
540 4524 767 4597 principi
799 4528 1072 4597 querelam
1099 4526 1313 4584 detulit.
1344 4526 1448 4593 Qui
1480 4535 1659 4582 motus
1697 4535 1890 4597 poten-

288 4616 361 4672 tis
389 4616 487 4673 viri
517 4621 868 4689 contumelia,
895 4631 1059 4693 atque
1085 4624 1287 4679 atrocis
1311 4622 1497 4694 flagitii
1540 4631 1851 4678 commento
1871 4661 1886 4688 ,

1998 3417 2175 3471 solum
2202 3416 2349 3471 enim
2375 3417 2530 3487 quasi
2564 3416 2887 3487 praedicator
2912 3414 3221 3486 Evangelii,
3264 3413 3491 3469 fraterni
3513 3429 3609 3470 cu-

1998 3509 2127 3565 bilis
2154 3511 2424 3567 incestum
2453 3510 2909 3581 reprehendebat,
2940 3525 3125 3566 verum
3144 3509 3308 3566 etiam
3332 3509 3483 3580 quasi
3504 3508 3603 3565 Le-

1995 3605 2080 3676 gis
2126 3614 2438 3669 exsecutor,
2484 3607 2959 3676 prmvaricatorem
2990 3605 3152 3677 Legis
3186 3603 3605 3668 condemnavit,

1997 3700 2085 3769 qui
2118 3698 2302 3753 fratris
2330 3713 2553 3754 uxorem
2588 3700 2820 3755 viventis
2841 3700 3143 3770 eripuerat,
3175 3699 3482 3770 praesertim
3505 3698 3600 3753 ba-

1995 3788 2219 3845 bentem
2250 3804 2435 3844 semen
2460 3789 2528 3845 de
2553 3804 2815 3860 germano
2849 3790 3042 3860 ipsius.
3077 3789 3215 3846 Hinc
3245 3790 3476 3845 excitata
3504 3788 3603 3846 Ju-

1994 3881 2238 3937 daeorum
2272 3880 2390 3938 fere
2427 3883 2670 3937 omnium
2702 3883 2754 3936 iu
2786 3881 3055 3938 Herodem
3086 3882 3208 3937 odia
3241 3891 3298 3939 et
3328 3896 3484 3952 paena
3513 3896 3602 3938 ac-

1994 3978 2271 4032 cclerata:
2324 3976 2476 4047 cujus
2521 3985 2716 4032 auctor
2758 3976 3022 4033 llerodias
3071 3976 3270 4032 videns
3304 3976 3600 4047 Agrippam

1996 4068 2291 4140 plurimum
2323 4069 2671 4140 prmvaluisse
2689 4069 2830 4139 apud
2862 4069 3161 4138 Caesarem,
3190 4069 3455 4143 compulit
3474 4084 3601 4125 eum

1996 4163 2224 4218 Romam
2258 4177 2505 4233 pergere,
2538 4179 2647 4234 quo
2687 4163 2791 4219 sibi
2823 4164 3171 4234 imperatoris
3202 4163 3432 4235 gratiam
3469 4177 3604 4218 con-

1992 4257 2227 4325 ciliaret,
2267 4257 2551 4328 objectans
2579 4258 2804 4314 desidiae
2840 4259 3261 4328 contumeliam,
3291 4258 3434 4331 quod
3466 4260 3602 4329 fugi-

1995 4334 2117 4409 tans
2143 4353 2378 4420 labores,
2423 4353 2549 4408 dum
2588 4361 2833 4410 moratur
2870 4353 3036 4419 domi,
3083 4353 3333 4424 indignos
3369 4352 3470 4408 sibi
3502 4367 3598 4424 pa-

1995 4458 2208 4506 teretur
2240 4448 2521 4505 anteferri.
2550 4448 2688 4505 Nam
2727 4466 2856 4505 cum
2892 4450 3127 4521 Agrippa
3161 4465 3227 4506 ex
3263 4448 3475 4518 privato
3503 4463 3599 4505 rex

1995 4544 2167 4599 factus
2198 4543 2303 4611 sit;
2337 4552 2540 4614 quanto
2579 4545 2749 4614 magis
2801 4544 2902 4614 ipsi
2924 4542 3245 4613 jamdudum
3277 4541 3599 4608 tetrarchae,

1994 4651 2103 4708 quo
2146 4652 2376 4708 regnum
2426 4635 2700 4701 conferat,
2732 4635 3007 4691 Caesarem
3048 4649 3156 4690 non
3184 4633 3605 4690 dubitaturum?

284 4713 605 4771 sacerdotes
632 4729 664 4770 e
708 4716 912 4787 templo
942 4718 1114 4788 rapit,
1149 4717 1435 4788 qttazstioni
1464 4716 1710 4788 subjicit,
1756 4732 1886 4771 cou-

2000 4730 2182 4802 ltaque
2233 4729 2482 4786 mulieris
2538 4730 2836 4800 Opprobria
2888 4744 3231 4799 nequaquam
3275 4728 3595 4794 sustinens,

287 4804 463 4862 fessos
513 4816 703 4875 necat,
744 4809 1096 4865 simulacrum
1144 4810 1300 4866 Isidis
1345 4811 1527 4867 Tiberi
1577 4810 1887 4881 demergit,

287 4901 489 4958 Mundo
524 4902 759 4975 fugiendi
788 4912 1028 4976 potestas
1055 4921 1311 4964 concessa
1336 4950 1351 4975 ,
1378 4922 1444 4963 eo
1473 4904 1619 4977 quod
1648 4905 1701 4961 vi
1732 4922 1887 4959 nino-

285 4994 367 5050 ris
395 5005 450 5049 et
478 4994 665 5052 formae
691 5007 980 5069 superatus
1007 5000 1176 5072 gratia
1194 5041 1212 5069 ,
1241 4999 1536 5056 levioribus
1564 4997 1919 5056 commisso-’

284 5104 407 5145 rum
432 5103 657 5148 suorum
689 5094 877 5164 pretiis
906 5094 1201 5151 mulctatus
1226 5096 1611 5152 aestimaretur.

911 5229 1143 5290 CAPUT
1182 5233 1249 5290 V.

359 5371 513 5440 Quod
557 5374 719 5445 igitur
766 5375 1063 5432 ludibrium
1115 5374 1465 5446 imperitante
1504 5374 1731 5431 Tiberio
1785 5390 1885 5432 ac-

278 5464 499 5533 ciderit,
547 5483 654 5525 non
688 5471 868 5540 putavi
909 5469 1373 5541 praetereundum,
1401 5479 1461 5526 ut
1493 5486 1557 5528 ex
1594 5485 1662 5527 eo
1704 5470 1885 5528 defor-

282 5563 449 5616 mitas
491 5563 781 5636 colligatur
819 5566 1190 5637 imperatoris.
1215 5565 1373 5623 Sicut
1397 5566 1542 5623 enim
1582 5566 1707 5623 boni
1737 5568 1887 5639 prin-

1991 4824 2221 4879 Romam
2272 4823 2585 4894 profectus,
2632 4823 2762 4879 dum
2802 4823 2915 4880 Caii
2965 4821 3260 4878 amicitiam
3312 4821 3478 4893 petit,
3525 4820 3596 4877 ab

1991 4919 2231 4990 Agrippa
2263 4926 2572 4985 accusatus,
2601 4918 2767 4974 etiam
2801 4917 3154 4974 tetrarchiam
3180 4915 3398 4987 amisit‘,
3433 4929 3595 4986 quam

1990 5028 2019 5068 a
2048 5013 2189 5069 Julio
2211 5013 2458 5085 Angusto
2482 5023 2799 5084 acceperat;
2832 5023 2885 5069 et
2930 5014 3166 5085 fugitans
3196 5012 3247 5067 in
3279 5011 3596 5082 Hispaniam

1991 5123 2094 5163 una
2119 5122 2240 5163 cum
2262 5123 2432 5163 uxore
2451 5107 2757 5163 Herodiade
2781 5121 3019 5163 interere
3047 5106 3212 5162 animi
3242 5115 3597 5175 consumptus

1988 5208 2091 5255 est.
2125 5200 2338 5255 Mortuo
2368 5216 2587 5272 quoque
2639 5200 2887 5264 Tiberio,
2932 5200 3098 5256 Caius
3146 5200 3450 5267 successit,
3501 5197 3593 5269 qui

1990 5291 2274 5347 dominum
2313 5308 2373 5348 se
2418 5303 2474 5347 et
2502 5293 2661 5349 deum
2692 5293 2866 5349 videri
2899 5303 3063 5365 atque
3093 5293 3358 5365 appellari
3382 5291 3592 5355 volens,

1990 5400 2182 5442 causas
2209 5384 2361 5441 dedit
2399 5386 2604 5442 Jutlteis
2644 5388 2979 5459 gravissima:
3020 5386 3337 5450 seditionis,
3378 5400 3443 5440 ac
3488 5384 3590 5439 nisi

1986 5487 2280 5552 properato
2310 5478 2419 5536 fine
2446 5480 2735 5552 imperium
2764 5482 3067 5551 clausisset,
3095 5482 3403 5537 Judmorum
3448 5478 3596 5551 genti

1984 5573 2150 5631 linem
2196 5573 2404 5631 fecerat
2442 5577 2816 5634 maturiorem.
2857 5575 2976 5633 Non
3024 5576 3199 5632 solum
3242 5574 3389 5631 enim
3419 5574 3488 5629 ab
3534 5575 3599 5630 il-

278 5652 425 5724 cipis
469 5656 602 5725 vita,
654 5658 939 5729 probitatis
985 5659 1235 5731 quaedam
1274 5660 1644 5731 prazscriptio,
1692 5669 1749 5716 et
1787 5676 1884 5733 per

2006 5670 2151 5726 ieitis
2192 5684 2299 5727 non
2342 5671 2636 5730 revocabat
2684 5688 2838 5741 suos,
2881 5687 3071 5728 verum
3100 5671 3266 5728 etiam
3315 5669 3495 5727 missis
3538 5669 3590 5726 in

281 5747 575 5806 universos
600 5751 819 5809 vivendi
858 5751 1028 5810 forma
1062 5764 1180 5813 est:
1213 5755 1285 5811 ita
1328 5754 1679 5827 imperatoris
1707 5755 1883 5813 collu-

291 5895 297 5901 ’
366 5918 389 5947 ο
423 5911 629 5975 Somni.
661 5917 827 5976 BARRt

1984 5762 2268 5837 Judmam,
2309 5766 2500 5825 ultima
2544 5768 2816 5841 supplicia
2851 5766 3228 5834 minitabatur,
3263 5766 3366 5824 nisi
3408 5765 3593 5824 omnia
