4112 6350
571 349 718 409 2045

1909 340 2154 399 SANCTI
2195 338 2521 398 AMISBOSII

3717 344 3839 413 εοδι

574 466 864 522 adversum
893 463 981 536 jus
1009 471 1067 520 et
1094 460 1175 519 fas
1204 460 1490 532 religionis
1517 458 1687 514 armis
1714 463 2017 529 patrarent.
2044 454 2171 511 Plu-
2198 454 2248 516 Α
2277 452 2486 521 scebat,
2534 466 2683 509 mors
2727 453 2783 509 in
2830 452 3029 521 uetitis,
3079 453 3133 508 in
3172 450 3373 513 animis
3399 451 3583 510 timor.
3615 453 3773 513 Nemo
3793 473 3843 515 se

574 557 775 616 rimum
822 560 969 615 enim
1018 556 1197 628 potuit
1255 554 1486 623 imperio
1537 551 1777 622 Agrippa
1820 568 1835 606 :
1887 549 1981 606 sed
2043 550 2172 604 dum

577 653 741 709 vellet
764 664 919 706 muro
936 650 1145 705 ambire
1168 650 1410 704 maximo
1432 645 1884 718 Hierosolymam.
1904 655 1961 698 ut
1978 642 2179 697 Roma-

580 746 667 803 nis
715 745 870 800 lieret
917 742 1346 815 inexpugnabilis
1399 740 1767 816 (praevidebat
1804 739 1950 795 enim
1997 737 2179 793 immi-

581 849 803 896 nentem
834 838 1045 893 ruinam
1064 836 1107 906 ᾖ,
1143 846 1321 893 morte
1363 846 1697 907 praeventus,
1726 849 1864 903 opus
1893 832 2181 904 imperfec-

579 941 695 987 tum
762 931 1006 1002 reliquit.
1053 927 1166 985 Nec
1215 928 1483 984 minorem
1553 925 1854 997 potentiam
1927 923 2178 981 exercuit

576 1023 929 1095 imperitante
972 1022 1241 1079 Claudio:
1282 1024 1408 1094 quia
1445 1022 1618 1090 ipsius
1664 1036 1881 1091 quoque
1922 1020 2179 1091 primitiis

579 1120 856 1183 interfuit,
895 1134 1018 1175 cum
1049 1117 1181 1174 Caio
1213 1128 1520 1188 perempto,
1558 1119 1676 1187 ipse
1712 1130 1739 1168 a
1790 1113 2055 1169 militibus
2091 1129 2182 1169 as—

581 1223 867 1284 sumptus,
912 1214 966 1268 in
994 1212 1283 1285 imperium
1314 1216 1608 1270 resistente
1631 1212 1736 1268 sibi
1762 1210 1993 1276 Senatu,
2025 1208 2177 1273 regni

581 1308 746 1366 taedio
788 1310 1078 1381 Agrippam
1133 1309 1370 1380 legatum
1418 1308 1660 1363 direxit:
1708 1320 1819 1375 quo
1881 1304 2180 1374 interprete

592 1404 862 1476 promissa
889 1404 1252 1460 moderatoris
1289 1402 1505 1474 imperii
1530 1400 1691 1465 ﬁnes,
1719 1397 1950 1455 difliuita
1979 1396 2177 1469 gratia,

583 1512 687 1570 pax
744 1498 1041 1554 convenit:
1107 1498 1160 1552 in
1210 1497 1390 1552 locum
1424 1495 1681 1568 Agrippae
1728 1493 1895 1564 patris
1942 1490 2179 1561 Agrippa

587 1593 734 1649 ﬁlius
762 1594 883 1663 ejus
911 1609 939 1647 a
977 1590 1206 1648 Claudio
1235 1591 1452 1647 Caesare
1481 1605 1576 1645 rex
1609 1588 1936 1660 subrogatus
1964 1595 2070 1642 est.

1206 1682 1436 1741 CAPUT
1482 1682 1563 1739 Vl.

658 1779 778 1849 Ipse
815 1792 1034 1850 quoque
1060 1776 1321 1834 Claudius
1350 1777 1558 1834 exactis
1592 1775 1766 1832 tribus
1794 1783 1850 1831 et
1870 1774 2061 1830 decem
2086 1788 2185 1826 an-

2279 560 2655 615 regressurum
2681 544 2965 611 credebat,
2992 560 3092 600 nec
3120 544 3313 601 amicis
3338 544 3478 607 ﬁdes
3504 544 3843 616 deferebatur,

2279 639 2407 696 dum
2461 642 2691 697 sicarius
2745 649 3104 697 metueretur.
3149 639 3268 709 Quo
3319 641 3568 713 plerique
3598 645 3845 712 perterriti

2278 732 2526 790 insontes
2568 733 2786 802 quidem
2816 750 2846 787 a
2880 734 3084 805 ﬂagitio
3121 733 3510 799 latretriuandi,
3538 735 3622 790 vcl
3643 736 3846 795 sicario-

2280 843 2398 883 rum
2425 825 2810 894 contubernio,
2840 829 2941 882 etsi
2974 843 3137 887 manu
3168 827 3408 895 innoxii,
3443 829 3669 885 consilio
3690 839 3848 897 taan

2281 919 2613 975 infirmiores
2638 919 2917 977 desertum
2954 920 3184 991 petiere.
3223 920 3328 977 Sed
3367 921 3495 977 dum
3537 921 3637 977 sibi
3674 938 3852 981 εηηδιιτ

2282 1013 2421 1079 lunt,
2442 1019 2706 1074 terrorem
2726 1011 2971 1071 fecerunt
2996 1013 3399 1079 discessiones;
3423 1029 3486 1069 ex
3506 1030 3614 1085 quo
3637 1017 3749 1072 belli
3771 1018 3851 1076 ad-

2280 1120 2471 1161 versus
2496 1105 2769 1161 Romanos
2793 1107 3034 1177 suspicio
3056 1105 3254 1177 primo,
3275 1106 3475 1161 deinde
3501 1106 3696 1164 invidia
3717 1125 3852 1169 exar-

2282 1200 2381 1255 sit:
2406 1215 2513 1270 qno
2541 1210 2685 1267 metu
2710 1201 3003 1273 provincize
3034 1211 3217 1263 rector
3241 1201 3409 1265 misso
3436 1204 3677 1273 equitatu
3698 1212 3749 1258 et
3774 1220 3856 1274 pe-

2283 1290 2451 1349 destri
2474 1293 3009 1364 agtniue,maximam
3033 1294 3399 1353 multitudinis
3426 1304 3661 1368 stragem
3686 1296 3850 1357 edidit.

2878 1409 3108 1468 CAPUT
3153 1410 3261 1467 VII.

2356 1501 2643 1576 Egyptius
2673 1518 2890 1574 quoque
2940 1502 3423 1574 pseudoproplieta
3465 1501 3771 1568 adveniens,
3807 1510 3859 1559 et

2291 1598 2516 1669 magicis
2550 1598 2790 1654 imbutus
2829 1596 3041 1652 artibus
3091 1597 3215 1651 dum
3242 1596 3417 1667 jactat
3453 1612 3515 1651 se
3568 1595 3857 1666 prophetico

2285 1691 2478 1762 Spiritu
2519 1691 2763 1746 coelestia
2814 1691 3142 1745 annuntiare
3203 1691 3448 1755 oracula,
3504 1690 3713 1761 triginta
3762 1689 3857 1744 fere

2288 1781 2789 1837 miliiaJuda'orum
2823 1782 3116 1838 associavit
3141 1781 3270 1848 sibi,
3302 1797 3511 1853 eosque
3553 1781 3618 1837 ad
3646 1790 3855 1839 amntem

582 1873 668 1929 nis
696 1888 818 1928 cum
847 1871 1130 1940 deﬁceret,
1157 1871 1433 1928 Neronem
1464 1870 1713 1925 Romano
1756 1867 1988 1939 imperio
2033 1866 2185 1938 prin-
2213 1865 2260 1926 B
2289 1876 2487 1931 Uliveti
2539 1891 2910 1947 congregans,
2954 1876 3225 1947 frequenti
3278 1876 3590 1945 irruptione
3628 1885 3853 1947 penetra-

580 1969 763 2035 cipem
808 1965 994 2021 dedit:
1044 1975 1298 2037 captatus
1346 1964 1543 2020 uxoris
1591 1961 1906 2034 Agrippina:
1956 1974 2184 2030 persua-

581 2058 848 2127 sionibus,
901 2075 1023 2132 qua;
1072 2069 1281 2115 tantum
1336 2057 1621 2114 fraudibus
1665 2056 1865 2121 valuit,
1908 2062 1966 2109 ut
2008 2053 2181 2107 tilium

583 2153 935 2224 imperatoris
979 2153 1356 2209 Britannicum
1409 2150 1761 2223 designatum
1805 2161 2180 2205 successorem

582 2246 703 2317 ipso
725 2247 848 2319 jure
871 2256 1101 2313 naturae,
1128 2247 1463 2318 principatus
1478 2255 1751 2302 exsortem
1775 2242 2052 2300 redderet.
2077 2239 2183 2296 Cu-

578 2342 670 2413 jus
699 2342 833 2397 artis
865 2357 991 2397 mox
1032 2342 1283 2410 ptenituit
1312 2355 1432 2396 eam
1465 2357 1478 2394 :
1503 2339 1629 2411 quia
1657 2338 1785 2394 dum
1812 2352 1878 2393 ex
1908 2351 1967 2391 se
1994 2333 2184 2407 genito

586 2434 867 2491 consuluit
892 2434 1155 2505 principi,
1186 2448 1346 2489 suum
1376 2434 1592 2506 negavit
1612 2475 1626 2500 ,
1661 2434 1881 2504 ignara,
1911 2429 2057 2502 quod
2080 2429 2186 2484 ela-

580 2538 665 2584 tus
714 2529 963 2601 imperio,
1024 2544 1124 2585 nec
1150 2537 1378 2585 matrem
1403 2536 1755 2598 agnosceret,
1785 2533 1945 2597 atque
1977 2527 2029 2579 in
2052 2523 2173 2580 exi-

582 2622 719 2677 tium
759 2623 878 2693 ejus
921 2621 1171 2679 beneﬁcii
1196 2622 1506 2681 mercedem
1546 2620 1889 2676 inverteret:
1925 2617 2066 2675 idem
2100 2626 2184 2671 ta-

582 2732 708 2774 men
735 2715 1015 2773 Octaviam
1041 2716 1253 2773 Claudii
1285 2716 1451 2772 ﬁliam
1483 2715 1876 2788 conjugiijloco
1920 2710 2180 2769 tenebat:

586 2821 927 2882 praepostero
965 2809 1159 2866 ordine
1200 2825 1372 2881 gener
1402 2810 1517 2865 lilio
1547 2810 1804 2881 praelatus
1830 2824 1843 2862 :
1871 2806 1998 2878 quia
2040 2805 2184 2861 mala

584 2902 902 2974 reipublicae
959 2902 1488 2974 praeponderabant,
1520 2906 1608 2958 cui
1657 2901 1960 2969 debebatur
2010 2897 2186 2970 parri-

583 2997 728 3063 cida,
765 2998 1095 3069 sacrilegus,
1143 2996 1389 3055 incestus
1423 3014 1436 3052 :
1472 3009 1527 3052 ut
1558 2997 1613 3054 in
1653 3012 1722 3054 eo
1768 2995 2021 3062 crimina,
2073 3009 2180 3059 non

585 3090 695 3146 ulla
736 3091 893 3147 bona:
923 3092 1059 3147 artis
1101 3092 1295 3147 merita
1340 3101 1654 3163 regnarent.
1683 3089 1804 3147 Tali
1851 3090 2183 3160 imperatore

581 3202 679 3243 seu
720 3203 931 3243 urorum
975 3187 1096 3257 ejus
1127 3187 1326 3243 intuitu
1371 3197 1533 3257 atque
1565 3186 1801 3257 ignavia:
1830 3193 2180 3253 contemptu,

2289 1967 2380 2021 bat
2408 1966 2881 2039 Hierosolymam;
2914 1967 2989 2022 ita
3031 1979 3091 2023 ut
3121 1969 3287 2023 etiam
3324 1968 3606 2025 Hornanas
3643 1969 3859 2025 incursa-

2288 2070 2372 2116 ret
2421 2061 2722 2129 custodias,
2767 2076 2890 2132 qute
2944 2078 3012 2117 ne
3058 2062 3186 2133 quid
3233 2079 3262 2119 a
3321 2062 3527 2133 populo
3556 2070 3854 2126 numeretur,

2289 2155 2691 2227 Hierosolymas
2740 2156 3180 2227 praetendebant.
3216 2155 3320 2213 Ubi
3361 2156 3528 2212 etiam
3576 2156 3688 2210 bzec
3731 2171 3858 2213 cum-

2287 2263 2477 2319 pressa
2527 2259 2609 2304 est
2658 2249 2976 2316 insolentia,
3004 2249 3157 2320 quasi
3212 2249 3265 2304 in
3319 2263 3469 2320 aigro
3499 2263 3723 2319 corpore
3769 2247 3853 2303 alia

2286 2356 2411 2413 pars
2457 2343 2677 2413 gravius
2721 2341 3187 2399 inﬁammabatur.
3232 2342 3459 2399 Plurimi
3516 2342 3658 2398 enim
3710 2341 3855 2411 palam

2288 2433 2680 2490 discedendum
2723 2450 2751 2487 a
2785 2434 3072 2502 Romanis,
3105 2433 3419 2493 libertatem
3441 2434 3665 2489 servitio
3694 2429 3855 2503 pra-fe-

2286 2528 2513 2583 rendarn
2542 2527 2995 2585 vociferabantur
3015 2571 3030 2597 ,
3061 2529 3481 2600 progressisque
3503 2528 3557 2584 in
3579 2540 3732 2598 agros
3755 2525 3851 2593 qui-

2286 2620 2387 2677 bus
2416 2622 2673 2678 alimonia
2699 2624 2908 2689 deerat,
2943 2624 2991 2678 vi
3016 2625 3397 2695 expetebatur.

2881 2719 3108 2775 CAPUT
3148 2718 3286 2776 Vill.

2358 2812 2642 2870 Postremo
2691 2814 2744 2870 in
2784 2813 2915 2870 urbe
2943 2812 3192 2869 Cmsarea
3240 2813 3429 2883 gravis
3482 2812 3622 2868 inter
3668 2809 3855 2866 ludens

2287 2916 2343 2960 et
2387 2907 2628 2977 gentiles
2672 2906 2873 2962 seditio
2924 2906 3170 2971 incessit,
3211 2905 3615 2961 vindicantibus
3658 2904 3754 2963 sibi
3780 2901 3856 2957 Ju-

2287 2997 2421 3055 dazis
2474 3000 2627 3055 urbis
2675 3001 2842 3055 totius
2871 3001 3025 3069 quasi
3057 2999 3125 3053 ab
3166 2998 3390 3054 Herode
3421 2998 3608 3055 Iudaeo
3650 2996 3852 3053 condita:

2290 3097 2717 3164 possessionem,
2744 3095 3111 3151 renitentibus
3130 3094 3453 3165 gentilibus.
3476 3095 3616 3166 quod
3641 3090 3857 3148 conditor

2287 3188 2511 3260 quidem
2549 3187 2771 3243 Juda‘us
2799 3189 2981 3255 fuerit,
3013 3188 3107 3243 sed
3131 3186 3368 3243 Cmsoris
3400 3204 3520 3244 eam
3555 3187 3753 3243 nomine
3777 3182 3856 3237 de-

584 3280 703 3335 sive
731 3281 854 3351 quia
874 3279 1078 3337 Iudaeis
1106 3281 1179 3336 ob
1204 3281 1389 3351 gravia
1419 3279 1731 3349 sacrilegia,
1769 3293 1963 3335 averso
1995 3276 2186 3349 praesi-
2213 3284 2258 3350 C
2291 3282 2598 3337 claraverit.
2627 3280 2870 3353 Denique
2914 3292 2968 3336 et
3017 3281 3278 3350 templum
3318 3280 3468 3337 intra
3521 3296 3635 3335 eam
3672 3287 3853 3333 struxe-

585 3374 678 3429 dio
731 3373 826 3429 Dei
888 3377 1087 3430 summi
1135 3375 1383 3430 ultimum
1417 3373 1689 3430 excidium
1741 3373 2184 3442 praeparabatur,

584 3469 770 3538 erupit
815 3467 870 3522 in
915 3467 1217 3525 seditiones
1241 3481 1468 3539 graves,
1501 3465 1811 3531 latrocinia,
1844 3474 1870 3502 α
1891 3464 2190 3525 dissensio-

586 3577 707 3629 nes,
741 3576 931 3618 eorum
963 3562 1284 3631 insolentia,
1312 3577 1451 3632 quos
1484 3576 1582 3633 per
1610 3560 1798 3631 viginti
1827 3573 2002 3615 annos
2027 3558 2190 3615 Elea.

585 3671 744 3711 zarus
759 3657 1010 3727 princeps
1040 3657 1308 3713 latronum
1330 3656 1651 3726 gravissime
1673 3654 2064 3726 depopulatus:
2090 3651 2192 3715 ali-

584 3751 806 3822 quando
845 3761 1026 3807 tamen
1069 3761 1268 3822 captus
1301 3767 1332 3807 a
1376 3751 1558 3808 Felice
1583 3751 1673 3822 qui
1699 3749 1903 3807 ludere
1934 3758 2187 3820 praeerat,

586 3854 644 3900 et
698 3844 926 3902 Romam
957 3844 1220 3913 directus,
1271 3860 1465 3917 graves
1513 3860 1701 3916 prunas
1744 3843 1917 3900 dedit.
1949 3841 2062 3899 Nec
2110 3844 2192 3899 sic

590 3936 812 4008 quidem
847 3938 1000 4008 gravi
1030 3954 1297 3994 cursorum
1329 3953 1557 3999 numero
1607 3939 1870 3995 infractus
1906 3950 1992 3993 est
2021 3952 2193 4007 pupu-

590 4029 675 4085 lus
704 4029 945 4087 Judaeam
973 4031 1424 4096 inhabitantium;
1480 4033 1576 4088 sed
1626 4033 1681 4087 in
1704 4032 1838 4102 ipsis
1872 4030 2190 4103 Hierosoly-

594 4126 696 4179 mis
729 4125 874 4179 aliud
904 4125 1173 4183 latronum
1223 4125 1509 4196 pullulavit
1539 4141 1731 4196 genus,
1770 4123 1863 4196 qui
1916 4125 2192 4180 vocaban-

591 4226 680 4273 tur
716 4218 923 4285 sicarii,
964 4235 1071 4274 non
1121 4219 1233 4290 jam
1287 4220 1517 4276 secretis
1562 4219 1756 4286 abditi,
1806 4212 1907 4276 nec
1951 4220 2195 4276 tenebris

591 4312 874 4368 nocturnis
892 4312 1232 4379 insidiantes,
1259 4313 1377 4368 sine
1399 4312 1584 4384 aliquo
1606 4311 1863 4385 praesidio
1883 4328 2196 4370 commean-

593 4405 764 4473 tibus,
799 4406 895 4463 sed
941 4409 1064 4464 luce
1092 4406 1201 4462 diei
1225 4415 1387 4478 atque
1432 4407 1483 4462 in
1517 4408 1702 4463 medio
1750 4406 1903 4464 urbis
1931 4415 1989 4462 et
2021 4407 2195 4463 turbat

593 4502 884 4572 stipamine
905 4502 1278 4573 percutiebant
1306 4517 1682 4573 quoscumque
1704 4504 1930 4573 propius
1951 4516 2197 4559 accesse-

593 4609 759 4654 rant:
806 4599 1001 4655 breves
1051 4614 1212 4654 manu
1243 4597 1450 4671 gladios
1480 4607 1756 4669 gerentes,
1803 4596 2053 4653 conferto
2102 4612 2198 4668 pu-

595 4692 723 4763 pulo
777 4693 1066 4764 permixti,
1103 4692 1193 4747 ubi
1244 4692 1617 4749 adlucrentem
1660 4692 1928 4758 ﬁxerant,
1965 4691 2198 4751 cadebat

2292 3377 2383 3444 rit,
2418 3382 2475 3430 et
2503 3382 2716 3433 statuas
2761 3374 3104 3446 opposuerit,
3149 3389 3326 3445 eoque
3379 3374 3552 3430 videri
3598 3368 3854 3445 gentilibus
3910 3368 3915 3375 '

2293 3470 2481 3525 usibus
2530 3471 2702 3541 magis
2750 3483 2870 3524 eam
2916 3471 3303 3538 mancipatam.
3350 3468 3552 3524 Harum
3591 3462 3855 3521 contentio-

2290 3579 2418 3619 num
2472 3562 2672 3618 seditio
2723 3563 2777 3617 in
2822 3577 3016 3618 manus
3046 3562 3317 3618 vertitur:
3355 3563 3480 3633 quia
3525 3574 3693 3630 neque
3720 3552 3847 3627 primi

2289 3656 2600 3713 Jud'eorutn
2632 3671 2762 3712 suos
2807 3655 3062 3712 seditioni
3089 3654 3308 3712 deditos
3339 3657 3694 3726 comprimere
3719 3656 3853 3719 pote-

2292 3761 2442 3820 rant,
2474 3762 2530 3809 et
2557 3754 2792 3825 gentiles
2823 3754 3119 3824 opprobrio
3157 3751 3457 3818 ducebant,
3488 3754 3530 3808 si
3562 3750 3743 3809 ludatis
3767 3742 3850 3799 sibi

2293 3849 2595 3906 cedendum
2645 3848 3081 3904 arbitrarentur:
3111 3847 3292 3918 itaque
3336 3848 3704 3902 excitaverunt
3738 3834 3855 3895 Feli-

2292 3959 2435 4009 cem,
2484 3954 2539 3998 ut
2592 3943 2719 3998 dum
2761 3946 3044 4013 utriusque
3099 3942 3271 4010 partis
3314 3943 3482 4012 gestit
3535 3937 3854 4007 comprimere

2295 4037 2694 4093 multitudinem
2729 4052 2835 4090 non
2864 4035 3332 4105 acquiescantem,
3371 4033 3663 4104 praesertim
3692 4023 3852 4083 armis.

2296 4129 2514 4202 quando
2568 4128 2729 4184 aliter
2761 4129 3042 4198 nequibat,
3072 4126 3477 4182 consuleretur.
3498 4123 3597 4180 Cui
3634 4114 3857 4177 successit

2297 4223 2512 4289 Festus,
2543 4222 2634 4293 qui
2663 4223 2969 4278 latronibus
2999 4220 3247 4290 plurimis
3273 4217 3702 4289 comprehensis,
3736 4203 3852 4264 haud

2296 4316 2520 4386 exiguos
2547 4314 2741 4370 ultimo
2778 4314 2948 4368 exitio
2977 4311 3147 4368 dedit.
3180 4310 3415 4367 Albinus
3443 4323 3653 4381 quoque
3693 4301 3852 4359 eadem

2297 4424 2326 4464 a
2358 4408 2615 4464 llomanis
2671 4414 2941 4479 potestate
2985 4407 3086 4463 sibi
3118 4406 3349 4472 credita,
3382 4406 3586 4461 nullum
3636 4395 3857 4469 nequitia!

2298 4516 2473 4576 genus
2504 4502 2871 4572 praetermisit,
2926 4501 3236 4571 rapinarum
3286 4499 3567 4569 improbus
3596 4492 3782 4567 prmdo,
3810 4493 3856 4539 ut

2299 4597 2390 4668 qui
2451 4610 2557 4649 non
2601 4592 2846 4649 dedisset
2895 4593 3201 4663 pecuniam,
3236 4590 3288 4645 in
3342 4591 3558 4647 vincula
3590 4589 3855 4655 raperetur.

2301 4688 2548 4763 quamvis
2597 4688 2889 4743 innoxius:
2922 4687 3012 4755 qui
3043 4685 3303 4750 dedisset,
3336 4685 3502 4741 etiam
3545 4696 3663 4736 reus
3704 4668 3857 4731 absol-

594 4783 916 4854 imprudeus
957 4800 1108 4841 caeco
1137 4785 1382 4849 vulnere,
1416 4795 1474 4839 ut
1502 4784 1782 4856 querelam
1817 4799 1966 4841 mors
1988 4799 2196 4854 przeve-
2224 4755 2278 4817 D
2304 4793 2524 4843 veretur
2555 4801 2570 4836 :
2602 4782 2832 4838 avaritia
2862 4781 3120 4853 gignebat
3142 4779 3479 4851 superbiam,
3526 4784 3583 4831 nt
3611 4767 3860 4845 pauperio-

597 4877 747 4932 niret
778 4895 791 4931 :
824 4875 988 4933 funus
1027 4878 1080 4932 in
1110 4887 1385 4949 promptu,
1410 4878 1505 4934 sed
1539 4892 1834 4948 percussor
1863 4877 2066 4937 latebat
2095 4894 2109 4932 :
2142 4886 2197 4939 et

596 4972 644 5028 si
666 4970 787 5042 quis
815 4982 1122 5029 commotus
1142 4971 1335 5028 luisset
1352 4972 1537 5028 alieno
1563 4972 1811 5037 vulnere,
1843 4970 2070 5041 propior
2096 4984 2197 5031 suo

595 5061 772 5119 factus
818 5073 939 5119 erat
984 5078 1251 5122 caesorum
1278 5066 1477 5134 portio.
1505 5063 1580 5119 ita
1626 5062 1713 5119 vel
1755 5062 1981 5133 periculi
2023 5070 2194 5129 metu,

601 5157 685 5214 vel
716 5158 1147 5214 dissimulatione
1177 5158 1457 5226 facinoris,
1487 5158 1718 5213 sicarius
1750 5173 1858 5213 non
1887 5156 2198 5227 deprehen-

601 5254 873 5310 debatur:
907 5264 1053 5309 tanta
1092 5268 1208 5309 erat
1250 5253 1620 5309 insidiantium
1668 5252 1953 5318 velocitas,
2003 5261 2060 5308 et
2106 5265 2198 5306 ce-

602 5347 751 5403 landi
803 5362 915 5402 ars.
939 5344 1216 5400 Occiditur
1246 5345 1504 5401 sacerdos
1527 5344 1787 5404 Jonatbas
1813 5361 1827 5398 :
1860 5343 2201 5405 addebantur

601 5443 757 5500 multi
787 5440 1064 5514 quotidie,
1096 5440 1427 5512 graviorque
1460 5453 1640 5498 metus
1668 5443 2001 5508 viventium,
2033 5456 2200 5513 quam

602 5552 843 5591 aerumna
889 5534 1317 5591 interfectorum.
1357 5535 1522 5605 Quasi
1551 5536 1617 5593 ad
1652 5551 1912 5608 pugnam.
1950 5536 2033 5594 sic
2061 5552 2202 5605 quot-

598 5630 729 5685 tidie
774 5631 1147 5703 unusquisque
1182 5628 1678 5701 progrediebatur:
1725 5630 1979 5701 graviore
2022 5639 2199 5687 tamen

602 5725 937 5793 conditione,
988 5726 1113 5798 quia
1166 5723 1337 5783 hostis
1364 5723 1717 5798 praevidetur,
1751 5724 1983 5785 sicarius
2001 5721 2204 5783 delita:

689 5871 715 5903 ι
746 5861 869 5923 Vet.
900 5864 1023 5923 cod.
1051 5864 1620 5941 Dissertationum“.

2305 4880 2456 4937 ribus
2483 4893 2543 4935 se
2574 4887 2862 4950 tyrannum
2898 4876 3187 4947 praeberet.
3212 4874 3540 4945 mancipinrn
3570 4862 3855 4926 ditioribus:

2302 4971 2332 5012 ι)
2354 4973 2497 5029 idem
2527 4985 2707 5027 tamen
2732 4970 2837 5026 etsi
2862 4979 3286 5040 przctergressus
3323 4966 3613 5038 nequitiam
3649 4954 3859 5029 superio-

2304 5083 2463 5133 rum;
2512 5068 2583 5122 ita
2619 5081 2651 5121 a
2678 5078 2999 5121 successore
3022 5063 3206 5130 Floro,
3239 5060 3394 5129 quasi
3422 5059 3581 5115 deses
3622 5069 3681 5109 ac
3708 5052 3859 5106 lentus

2311 5161 2364 5215 in
2398 5158 2637 5232 ﬂagitiis,
2687 5158 2851 5228 longo
2900 5156 2994 5212 sed
3044 5157 3290 5227 proximo
3322 5151 3605 5208 intervallo
3647 5137 3857 5216 praeteri-

2305 5261 2392 5308 tus
2434 5267 2498 5307 ac
2542 5251 2855 5315 derelictus,
2906 5260 2964 5304 ut
2984 5249 3396 5318 comparatione
3437 5236 3857 5300 deteriorisinte-

2305 5362 2403 5418 ger
2429 5346 2812 5400 aestimaretur.
2855 5342 2923 5398 Et
2978 5341 3073 5413 qui
3122 5341 3300 5413 primo
3356 5336 3533 5409 questi
3571 5333 3770 5389 fuerunt
3797 5330 3855 5418 ill

2307 5413 2526 5505 afﬂicti,
2560 5448 2744 5510 postea
2771 5436 2990 5493 Festum
3022 5434 3180 5504 quasi
3200 5433 3397 5489 bonum
3423 5428 3655 5501 judicent
3679 5413 3856 5510 drside-

2303 5535 2518 5591 rabant.
2555 5508 2654 5588 llic
2696 5530 2844 5588 enim
2895 5527 3144 5601 singulos
3188 5531 3448 5589 exuerat,
3499 5520 3682 5579 Florus
3723 5508 3858 5565 urbes

2308 5627 2620 5700 diripiebat,
2652 5624 3198 5697 inquinatissimusin
3229 5615 3683 5679 obscenitatibns;
3708 5608 3753 5661 in
3778 5612 3861 5700 sar

2312 5698 2442 5778 vitia
2495 5719 2939 5786 crudelissimus,
2998 5717 3166 5775 armis
3218 5714 3400 5773 omnia
3443 5706 3769 5767 conturbauit
3816 5698 3859 5745 ⁸⁸

2392 5862 2421 5904 δ
2444 5859 2532 5925 Ita
2553 5871 2720 5928 tamen
2746 5870 2805 5917 ut
2832 5872 3217 5936 supergressus.
3244 5854 3325 5921 lp.
