4112 6350
240 351 392 415 20ιῦ

1080 352 1358 411 HISTOR.
1398 355 1485 411 DE
1528 354 1807 415 EXCIDIO
1848 355 2122 419 llIEROS.
2164 359 2370 423 URBIS
2409 361 2537 419 LIB.
2581 361 2641 420 II.

3409 372 3553 430 2968

242 472 435 543 praelia
466 470 536 527 de
565 470 771 543 proeliis
802 487 991 531 serens
1011 514 1024 539 ,
1073 474 1166 543 qui
1216 490 1319 530 nec
1345 474 1667 533 obsecratus
1693 476 1848 548 iguo-
1875 485 1930 547 Α
1956 478 2135 547 portio
2162 478 2296 537 mihi
2320 481 2602 538 concionis
2626 525 2641 551 ,
2682 499 2793 540 non
2838 485 3018 542 omnis
3051 489 3283 560 populus
3326 491 3553 561 pericli-

243 574 465 632 sceret,
503 581 603 621 nec
630 577 980 623 exsaturatus
1012 579 1260 639 parceret
1285 586 1299 622 :
1340 570 1394 623 in
1424 577 1722 641 conspectu
1748 570 1852 625 Be-

245 664 490 728 renices,
513 676 635 731 qme
659 676 821 717 soror
850 664 1107 734 Agrippa:
1134 666 1299 735 regis,
1330 664 1397 719 ad
1436 666 1695 735 templum
1725 666 1853 722 reli-

242 754 429 825 gionis
453 769 615 809 causa
646 763 900 822 venerat,
930 757 1286 813 acerbissima
1312 757 1468 814 caede
1505 758 1559 813 in
1593 759 1851 830 populum

243 846 619 903 desmtiebat:
677 862 779 919 nec
840 849 1151 905 obsecranti
1209 850 1562 906 deferendum
1614 853 1849 907 arbitra-

245 948 359 1005 tus,
392 955 515 995 cum
549 940 937 998 inservientem
970 942 1225 1013 religioni
1269 944 1429 998 nudis
1481 945 1712 1015 pedibus
1756 945 1854 1000 ad-

241 1046 486 1090 stantem
516 1045 793 1105 cerneret,
818 1043 875 1093 et
896 1048 1145 1093 orantem
1170 1037 1391 1094 fastidio
1417 1038 1677 1097 haberet:
1709 1040 1852 1096 unde

243 1129 318 1184 ad
373 1130 669 1201 Agrippam
724 1147 908 1203 regem
963 1142 1017 1187 et
1064 1136 1177 1204 ipsa
1203 1134 1455 1206 scripsit,
1510 1145 1567 1190 et
1617 1136 1853 1206 pupulas

241 1220 558 1278 Iudaeorum
615 1224 817 1280 direxit
870 1236 1147 1294 precatum
1194 1228 1396 1281 auxilia
1448 1228 1706 1283 libertati.
1750 1227 1849 1284 Cui

243 1319 550 1390 egredienti
587 1335 652 1374 ex
687 1318 922 1392 Algypto
945 1332 1299 1377 occurrerunt
1332 1323 1576 1394 plerique
1606 1323 1745 1378 ultra
1767 1338 1853 1379 se-

241 1413 468 1483 xaginta
513 1414 687 1469 stadia
716 1414 1230 1488 Hierosolymitanze
1278 1416 1431 1472 urbis
1476 1416 1690 1472 obviam
1726 1432 1853 1487 pro-

241 1510 560 1582 gredientes
603 1519 659 1565 et
707 1509 1082 1565 circumducto
1132 1526 1227 1581 per
1271 1511 1486 1578 urbem,
1519 1526 1643 1568 cum
1687 1511 1849 1568 ﬁdem

240 1606 596 1676 querelarum
622 1607 901 1676 probaret,
928 1606 1182 1665 insistere
1207 1616 1516 1677 coeperunt,
1548 1617 1609 1663 ut
1641 1608 1852 1680 legatos

240 1701 314 1755 ad
346 1700 616 1756 Neronem
658 1700 963 1756 mitterent.
990 1700 1190 1757 Verum
1235 1701 1325 1757 ille
1373 1701 1644 1768 dolorem,
1689 1710 1747 1757 ut
1774 1703 1854 1758 ci-

239 1796 420 1861 vium,
451 1805 506 1851 et
558 1795 676 1866 ipse
729 1794 1044 1863 miseratus,
1094 1802 1432 1851 tentamenta
1481 1801 1666 1851 tamen
1724 1794 1849 1851 belli

1957 572 2205 629 tabitur:
2249 574 2295 630 si
2342 586 2527 632 autem
2558 578 2751 635 audire
2779 581 2995 650 nolint,
3042 584 3208 645 etiam
3261 600 3386 641 cum
3434 601 3559 657 pars

1953 665 2128 723 audiri
2150 668 2440 724 conturbat
2462 671 2717 727 universo
2742 676 2944 745 populo
2964 685 2991 714 ⁸
3013 677 3282 747 eripiatur
3295 678 3555 735 audiendi

1953 758 2250 828 profectus.
2302 761 2490 835 itaque
2538 766 2681 837 apud
2733 782 2830 823 eos
2890 768 3021 824 mihi
3076 774 3286 828 orietur
3336 789 3556 842 sermo,

1952 857 2043 926 qui
2081 855 2274 912 audire
2321 858 2617 928 voluerint,
2667 862 2712 916 si
2755 862 2839 918 vel
2884 879 2953 919 ex
3003 873 3155 935 parte
3197 866 3376 938 aliqua
3420 867 3554 926 mihi

1952 948 2227 1005 silentium
2261 951 2537 1010 deferatur
2562 974 2574 1009 :
2602 955 2983 1028 intercipietur
3005 961 3150 1015 enim
3173 975 3353 1017 sermo
3375 965 3555 1020 omnis

1952 1054 2006 1098 et
2038 1047 2192 1115 quasi
2220 1055 2365 1101 totus
2398 1048 2633 1113 desidet,
2684 1051 2729 1105 si
2785 1055 3123 1109 concionalis
3177 1054 3445 1127 fragoris,
3498 1065 3556 1114 et

1955 1137 2181 1209 inquieti
2242 1142 2502 1212 strepitus
2547 1144 2890 1199 examiuctur
2949 1145 3364 1216 impedimento.
3437 1149 3555 1206 Duo

1953 1241 2082 1287 sunt
2107 1232 2316 1304 itaque,
2346 1235 2541 1305 quibus
2572 1237 2747 1306 primo
2791 1238 3233 1308 respondendum
3265 1241 3503 1297 arbitror
3535 1261 3550 1298 :

1953 1341 2074 1395 quze
2122 1326 2177 1383 in
2231 1329 2468 1384 maximo
2497 1338 2623 1385 sunt
2674 1332 3023 1401 querelarum
3077 1333 3354 1405 pondere:
3410 1335 3554 1404 quod

1954 1417 2204 1491 plerique
2236 1421 2600 1477 vociferantur
2621 1422 2690 1479 de
2714 1423 2931 1495 injuriis
2960 1426 3255 1497 prrcsidum
3291 1446 3304 1482 :
3335 1428 3554 1499 etquod

1955 1515 2200 1585 plerique
2246 1516 2476 1586 periisse
2506 1517 2610 1574 sibi
2656 1518 2965 1576 libertatem
3018 1532 3264 1593 gemunt.
3315 1524 3553 1592 Quarum

1954 1608 2385 1676 propositionum
2433 1612 2739 1680 separanda
2784 1612 2919 1668 mihi
2964 1616 3270 1685 complexio
3316 1617 3552 1672 videtur.

1952 1701 2011 1758 Si
2054 1703 2201 1758 enim
2251 1704 2513 1773 prmsides
2545 1705 2821 1777 improbi,
2864 1708 2997 1780 quid
3025 1726 3163 1780 opus
3208 1721 3292 1766 est
3338 1711 3560 1766 liberta-

1955 1801 2064 1851 tem
2095 1795 2392 1853 attollere?
2422 1813 2492 1854 ne
2514 1799 2808 1856 videamini
2839 1818 2947 1858 non
2972 1817 3163 1861 eorum
3196 1805 3415 1871 merito,
3458 1803 3556 1860 sed

240 1890 535 1947 adversum
563 1891 841 1946 Romanos
881 1891 993 1946 alta
1023 1890 1305 1961 prudentia
1330 1906 1565 1947 cernens
1605 1888 1847 1959 moveri,
1882 1887 1930 1948 B
1954 1886 2237 1945 servitutis
2266 1888 2487 1946 fastidio
2513 1906 2771 1949 accusare
2798 1895 3081 1965 praesides,
3116 1897 3269 1967 quasi
3307 1896 3560 1955 domina-

242 2002 316 2040 ne
351 1996 404 2041 et
458 1984 563 2041 sibi
607 1984 843 2052 invidia,
874 1985 1191 2058 populoque
1241 1987 1490 2042 ultimum
1536 1987 1852 2059 gigneretur

246 2076 586 2149 periculum,
626 2088 824 2135 coacto
870 2078 925 2134 in
985 2095 1149 2135 unum
1207 2080 1444 2150 populo,
1499 2081 1552 2135 in
1595 2080 1715 2136 loco
1758 2079 1851 2150 qui

248 2172 458 2243 templo
492 2174 771 2241 proximus
823 2183 878 2229 et
902 2184 1069 2244 ponte
1099 2174 1331 2241 divisus,
1364 2173 1571 2247 Xystus
1602 2174 1851 2246 appella-

244 2266 434 2334 batur,
476 2265 787 2339 bujusmodi
816 2268 1123 2324 orationem
1147 2267 1357 2324 habuit.

855 2360 1081 2418 CAPUT
1117 2361 1210 2418 IX.

319 2454 441 2511 Etsi
474 2455 749 2529 plerisque
785 2456 1125 2528 improvidus
1154 2454 1477 2512 consulendi
1505 2455 1853 2512 moderandi-

243 2564 359 2619 que
402 2549 726 2621 impatiens,
759 2551 915 2607 dolor
959 2550 1219 2623 gravibus
1258 2550 1471 2622 aliquos
1516 2550 1679 2606 faciat
1711 2549 1849 2604 intc-

243 2652 438 2698 stuare
469 2644 825 2711 querimoniis
855 2660 868 2697 :
907 2654 1089 2699 tamen
1131 2643 1223 2699 ubi
1268 2642 1559 2699 consilium
1589 2642 1845 2708 sumitur,

242 2746 632 2809 sequestratur
699 2737 927 2795 affectus
983 2738 1212 2796 doloris.
1260 2738 1393 2793 Nam
1459 2739 1503 2795 si
1570 2746 1850 2807 promptos

245 2831 317 2885 ad
372 2831 716 2888 ulciscendas
763 2832 991 2903 injurias
1031 2841 1086 2888 et
1114 2832 1182 2887 ad
1229 2831 1569 2888 inferendum
1606 2829 1851 2885 Romano

248 2927 458 2989 bellum
490 2928 745 3000 imperio,
796 2928 1086 2983 universos
1123 2942 1187 2983 ex
1236 2926 1340 2982 hoc
1386 2925 1591 2998 populo
1630 2940 1851 2995 compe-

248 3025 475 3092 rissem,
506 3039 569 3080 ac
593 3039 705 3080 non
724 3023 981 3079 'melioris
1009 3024 1180 3095 partis
1207 3033 1263 3079 et
1303 3021 1695 3095 tranquillioris
1720 3036 1851 3078 seu-

249 3117 461 3185 tentire,
507 3118 651 3187 quod
703 3118 854 3187 pacis
898 3125 983 3173 est
1028 3125 1337 3188 praeoptare
1384 3115 1606 3187 etquod
1650 3114 1849 3186 quietis

250 3212 534 3286 praeferre.
559 3228 662 3269 nec
685 3211 753 3268 ad
786 3226 884 3266 vos
926 3211 1118 3267 venire
1151 3226 1317 3266 ausus
1347 3209 1519 3266 forem
1541 3253 1554 3275 ,
1586 3226 1685 3265 nec
1713 3225 1840 3265 cnn-

1954 1982 2122 2038 tionis
2152 1983 2453 2047 ministros.
2493 1989 2596 2043 Aut
2634 1988 2681 2043 si
2725 1989 3087 2046 intolerabilis
3130 1993 3367 2047 servitus
3392 2034 3407 2062 ,
3459 2008 3554 2049 su-

1954 2074 2161 2145 perﬂua
2189 2092 2323 2149 ergo
2345 2077 2414 2135 de
2441 2079 2764 2151 praesidibus
2793 2084 3159 2154 querimonia.
3194 2084 3330 2141 Nam
3359 2085 3461 2141 etsi
3500 2086 3554 2142 in

1954 2167 2062 2224 illis
2090 2169 2424 2227 moderatior
2453 2171 2546 2241 sit,
2584 2174 2942 2233 nihilominus
2982 2185 3164 2234 tamen
3214 2178 3387 2250 turpis
3433 2194 3551 2235 ser-

1952 2262 2099 2319 vitus
2144 2274 2251 2320 est.
2289 2263 2714 2327 Consideremus
2736 2285 2895 2340 ergo,
2950 2286 3019 2327 ne
3059 2271 3114 2326 in
3168 2282 3405 2345 utroque
3456 2289 3556 2330 eo-

1952 2371 2073 2413 rum
2103 2372 2209 2414 non
2244 2358 2614 2430 perfunctoria
2658 2362 2926 2420 bellorum
2971 2366 3197 2421 materia
3242 2368 3363 2422 sit:
3418 2367 3551 2439 quid

1954 2451 2100 2507 enim
2129 2452 2393 2524 ineptius,
2422 2470 2584 2527 quam
2634 2457 2706 2513 de
2745 2458 2959 2527 injuriis
3002 2460 3184 2531 queri,
3242 2469 3297 2516 et
3346 2459 3552 2518 bellum

1954 2544 2263 2612 subtexere,
2307 2562 2372 2601 ac
2418 2548 2669 2619 periculis
2707 2561 2921 2607 mutare
2970 2553 3373 2609 contumelias?
3415 2554 3552 2610 Dum

1949 2638 2193 2709 judicem
2225 2642 2483 2714 refugias,
2514 2645 2729 2701 hostem
2760 2645 2988 2702 inducas
3022 2665 3035 2701 :
3069 2663 3193 2703 cum
3235 2648 3404 2717 judex
3452 2647 3556 2704 ini-

1954 2747 2093 2804 quos
2134 2734 2456 2808 plerumque
2494 2738 2631 2807 juris
2680 2741 2949 2811 interpres
2990 2741 3104 2809 sit,
3152 2741 3324 2797 hostis
3368 2749 3550 2799 autem

1950 2827 2115 2883 etiam
2140 2829 2319 2897 justus
2346 2846 2567 2902 semper
2594 2832 2666 2887 sit
2690 2835 2965 2905 appetitor
2985 2834 3199 2891 salutis.
3232 2834 3553 2908 'l‘emperari

1953 2936 2105 2993 ergo,
2144 2939 2252 2978 non
2292 2929 2607 2997 exasperari
2647 2927 2891 2997 judicem
2941 2929 3142 2997 decet;
3193 2929 3408 2985 hostem
3461 2944 3557 2986 ca-

1952 3018 2090 3083 veri,
2121 3033 2188 3073 ne
2217 3018 2449 3074 alterum
2479 3021 2727 3089 acerbos,
2759 3023 2992 3078 alterum
3023 3037 3270 3078 arcessas
3299 3038 3315 3077 :
3345 3037 3468 3077 cum
3496 3031 3552 3079 et

1949 3109 2042 3167 ille
2089 3110 2454 3168 delinimento
2497 3114 2681 3169 mitior
2723 3115 2848 3183 fiat,
2894 3124 2951 3171 et
3001 3116 3107 3170 iste
3151 3114 3414 3170 declinari
3457 3115 3554 3170 de-

1950 3203 2095 3272 beat,
2122 3220 2191 3260 ne
2219 3206 2390 3276 possit
2425 3221 2646 3262 nocere.
2677 3204 2990 3263 Cavendum
3037 3208 3203 3278 igitur
3243 3208 3311 3264 de
3351 3207 3552 3279 judici-

248 3310 433 3365 silium
461 3307 615 3365 dare.
643 3305 984 3379 Supcrlluum
1015 3315 1099 3363 est
1142 3306 1285 3361 enim
1311 3305 1540 3360 suadere
1566 3304 1696 3375 quid
1724 3304 1845 3360 ﬁeri
1870 3289 1918 3352 ί)
1952 3298 2074 3365 bus,
2126 3316 2198 3357 ne
2251 3300 2425 3373 major
2463 3304 2688 3372 querela
2734 3319 2896 3375 quam
2945 3303 3142 3375 injuria
3185 3304 3277 3359 sit.
3318 3302 3552 3363 Gravior-

246 3410 522 3471 oporteat,
551 3416 673 3457 cum
701 3400 1039 3455 audientium
1069 3414 1326 3456 assensus
1366 3399 1418 3454 iu
1451 3398 1727 3454 deteriora
1751 3399 1841 3454 sit.

247 3496 362 3552 Sed
394 3495 515 3566 quia
539 3494 660 3550 aliis
707 3494 1023 3563 inexpertus
1046 3494 1365 3550 bellicorum
1398 3509 1527 3548 usus
1551 3494 1845 3561 malorum,

248 3588 375 3643 aliis
404 3586 769 3658 perfunctoria
792 3602 916 3657 spes
947 3587 1216 3643 libertatis
1248 3587 1535 3657 praedulcis
1587 3588 1653 3642 ad
1683 3604 1841 3660 expe-

248 3681 471 3737 tendum
496 3722 512 3748 ,
540 3679 637 3735 sed
685 3680 1005 3750 plerumque
1052 3680 1236 3750 gravis
1276 3679 1344 3735 ad
1386 3679 1797 3751 adipiscendum
1829 3698 1843 3735 :

252 3774 439 3830 inultis
479 3773 622 3829 enim
646 3774 773 3828 dum
798 3773 1023 3828 libertas
1062 3775 1284 3843 petitur,
1319 3776 1555 3830 servitus
1592 3790 1848 3830 accumu-

244 3870 413 3932 latur,
441 3878 497 3925 et
538 3867 854 3939 frequenter
884 3875 1055 3922 totum
1108 3868 1361 3937 eripitur,
1389 3867 1586 3938 quibus
1623 3868 1710 3924 vel
1752 3883 1847 3924 no-

247 3981 375 4021 men
421 3965 693 4021 libertatis
734 3973 1113 4029 remanserat;
1156 3961 1290 4017 alios
1328 3963 1524 4033 quibus
1555 3963 1845 4034 praesentia

249 4060 489 4115 utilitate
543 4059 623 4113 sui
670 4057 982 4129 displicent,
1022 4073 1206 4113 rerum
1258 4059 1470 4113 novitas
1526 4057 1746 4121 invitat,
1783 4073 1848 4114 ac

1951 3410 2167 3467 quoque
2221 3395 2588 3467 objectionum
2641 3397 2878 3465 invidia,
2926 3413 3087 3468 quam
3128 3398 3547 3454 commissorum

1952 3491 2145 3561 pretia.
2194 3491 2352 3562 Saepe
2398 3493 2598 3549 etenim
2639 3493 2727 3563 qui
2771 3494 2948 3564 primo
2996 3491 3357 3547 verecundius
3406 3490 3548 3546 deli-

1950 3586 2193 3655 querint,
2224 3588 2462 3641 accusati
2488 3581 2872 3644 insolentiores
2897 3596 3053 3655 sunt,
3103 3596 3157 3641 et
3196 3584 3289 3656 qui
3336 3584 3549 3639 occulte

1950 3688 2077 3733 ante
2108 3677 2269 3734 furati
2298 3691 2446 3746 sunt,
2488 3693 2674 3751 postea
2723 3682 2900 3752 palam
2950 3678 3359 3736 latrocinantur.
3404 3676 3546 3732 Nihil

1951 3773 2131 3843 itaque
2160 3783 2267 3827 tam
2296 3786 2589 3845 exasperat
2627 3775 2893 3832 fervorem
2942 3774 3187 3830 vulneris
3211 3815 3227 3839 ,
3269 3788 3429 3843 quam
3478 3772 3529 3826 fe

1949 3865 2105 3921 reudi
2135 3865 2496 3937 impatientia.
2530 3867 2778 3938 Denique
2806 3869 3107 3936 impensius
3139 3867 3193 3922 in
3224 3866 3355 3935 ipsis
3386 3879 3545 3934 agre-

1951 3957 2126 4013 stibus
2150 3959 2279 4014 feris
2303 3959 2608 4016 arctissima
2634 3961 2871 4030 vincula,
2914 3963 2959 4015 si
3011 3976 3071 4017 se
3110 3961 3388 4024 excitent,
3445 3959 3543 4012 im-

1951 4052 2296 4121 primuntur:
2341 4053 2389 4109 si
2416 4053 2720 4124 quiescant,
2746 4055 3060 4110 relaxantur
3086 4071 3105 4109 :
3128 4054 3312 4123 gravis
3330 4066 3545 4123 quoque

242 4155 295 4210 si
330 4154 614 4210 turbentur
658 4152 911 4221 negotia,
946 4151 1157 4207 lucrum
1188 4159 1414 4223 putatur
1444 4168 1456 4204 :
1498 4149 1624 4205 ideo
1663 4150 1849 4205 vobis-
1946 4145 2180 4200 febrium
2208 4146 2289 4202 vis
2316 4146 2601 4202 tolerando
2624 4148 2914 4214 minuitur,
2955 4146 3332 4219 inquietudine
3373 4159 3544 4216 auge-

243 4264 374 4306 cum
400 4248 691 4305 consilium
722 4246 1112 4303 conferendum
1146 4245 1350 4318 putavi,
1384 4262 1452 4302 ne
1482 4255 1576 4300 aut
1604 4246 1845 4316 pruden-

245 4347 447 4400 tiorum
470 4341 738 4397 sobrietas
762 4340 1113 4412 prteripiatur
1135 4340 1553 4396 insolentiarum
1576 4338 1803 4395 audacia
1829 4356 1842 4393 :

240 4447 341 4493 aut
367 4437 456 4507 qui
487 4448 634 4492 recte
663 4451 857 4505 sapere
887 4435 1166 4501 nesciunt,
1201 4447 1391 4489 nostro
1421 4433 1616 4490 saltem
1647 4433 1845 4489 admo-

244 4532 351 4588 niti
382 4546 635 4587 sermone
660 4541 1015 4603 cognoscant,
1058 4529 1515 4607 acquiescendum
1553 4544 1673 4586 esse
1714 4545 1848 4586 con-

243 4626 590 4683 sultioribus.
623 4625 915 4682 Silentium
948 4624 1113 4696 igitur
1140 4622 1494 4681 deferendum
1520 4641 1753 4693 censeo,
1788 4634 1847 4682 ut

243 4728 308 4777 et
334 4733 431 4774 nos
465 4734 586 4790 qua:
613 4717 919 4775 conducere
950 4715 1105 4772 vobis
1149 4716 1480 4772 arbitramur
1515 4718 1844 4788 aperiamus,

243 4822 305 4869 et
335 4821 572 4866 vestrum
600 4828 759 4868 nemo
785 4810 1155 4882 perturbetur,
1188 4811 1232 4864 si
1259 4810 1439 4882 aliqua
1469 4820 1666 4882 praeter
1693 4828 1846 4869 suam

242 4906 579 4962 voluntatem
630 4904 835 4961 audiat.
880 4903 1053 4960 Nemo
1107 4904 1251 4960 enim
1300 4906 1499 4974 poterit
1549 4904 1847 4973 mstimare,

242 4999 407 5071 quale
436 4998 674 5069 sitquod
717 4998 959 5065 dicitur,
1021 4997 1123 5053 nisi
1182 4997 1413 5052 audierit
1461 4998 1630 5064 prius,
1691 4999 1849 5069 cujus

244 5095 368 5165 ipse
400 5094 613 5149 futurus
642 5093 848 5150 arbiter
868 5094 940 5148 sit
971 5110 984 5146 :
1020 5091 1212 5163 probet
1242 5107 1312 5147 ne
1340 5107 1408 5146 an
1443 5101 1705 5161 respuat,
1736 5090 1850 5147 fru-

240 5193 357 5242 stra
389 5185 768 5247 conturbatur.
806 5201 871 5241 ne
898 5184 1084 5240 audiat
1115 5201 1128 5239 :
1162 5183 1289 5239 licet
1316 5182 1460 5240 enim
1489 5193 1543 5239 et
1565 5193 1685 5252 post
1714 5199 1844 5239 con-

239 5278 574 5336 solationem
601 5279 898 5347 unicuique
928 5276 1157 5342 sentire,
1192 5275 1334 5346 qttod
1363 5277 1569 5332 sentit:
1601 5286 1657 5333 et
1683 5277 1727 5331 si
1754 5276 1842 5332 di-

240 5373 455 5428 scessio
482 5371 659 5442 placet
686 5370 849 5427 etiam
894 5379 1014 5440 post
1058 5369 1274 5427 sobrios
1301 5369 1539 5425 monitus
1562 5414 1577 5439 ,
1622 5384 1846 5427 servare

238 5463 564 5520 inconsultae
592 5462 884 5519 voluntatis
912 5462 1257 5518 sententiam.
1290 5461 1400 5519 Sed
1424 5462 1573 5517 dicet
1602 5461 1802 5533 aliquis
1828 5504 1843 5518 .

234 5556 355 5616 Cur
383 5556 581 5613 frustra
609 5556 784 5612 audiri
827 5555 1021 5626 velint,
1079 5555 1124 5613 si
1178 5571 1285 5611 non
1341 5558 1699 5627 acquiescant
1753 5556 1848 5629 qui

234 5652 515 5709 audiunt?
534 5651 672 5722 Quia
700 5652 747 5709 si
793 5652 971 5729 nolint
999 5652 1354 5723 acquiescere
1384 5668 1510 5709 cum
1541 5653 1845 5725 audierint,

320 5819 347 5849 ⁸
371 5810 613 5945 Eri‘pltur
638 5830 659 5870 :
693 5824 750 5871 et
778 5829 903 5872 mox
934 5815 1214 5873 uoluerint.
1258 5817 1428 5895 Bina.

320 5884 348 5926 δ
379 5883 458 5945 To
483 5889 775 5945 θητεύω...
803 5889 1136 5945 verecundia.
1161 5891 1241 5945 In.
1320 5886 1333 5897 ’

318 5884 348 5926 δ
379 5883 775 5949 Tolerantia....
803 5889 1136 5947 verecundia.
1161 5891 1241 5953 In.
1320 5886 1333 5897 ’

1951 4252 2056 4297 tur.
2087 4241 2242 4310 Quod
2270 4241 2318 4297 si
2341 4243 2523 4303 norint
2561 4242 2662 4299 sibi
2689 4242 2976 4299 consulere
3014 4240 3246 4315 agrestia
3280 4283 3294 4308 ,
3347 4247 3406 4294 ut
3450 4254 3547 4294 na-

1952 4345 2089 4390 tura;
2114 4335 2532 4402 obliviscantur,
2571 4351 2680 4408 quo
2712 4336 2958 4391 dolerent
3002 4337 3241 4392 allevent
3277 4353 3290 4389 :
3341 4340 3547 4405 quanto

1951 4430 2121 4501 magis
2149 4431 2201 4485 in
2233 4428 2545 4486 hominibus
2570 4430 2827 4502 frequens
2869 4431 2921 4486 id
2957 4430 3144 4487 docuit
3171 4444 3303 4484 usus
3328 4472 3342 4497 ,
3401 4428 3545 4498 quod

1950 4538 2137 4581 eorum
2165 4525 2256 4595 qui
2286 4524 2399 4579 lzesi
2432 4535 2557 4580 sunt
2597 4522 2624 4563 ι’
2674 4525 2977 4594 toleranda,
3017 4525 3341 4581 laedentibus
3386 4522 3549 4579 fuerit

1948 4617 2285 4685 verecunda,
2317 4625 2375 4671 ut
2412 4618 2530 4674 sine
2555 4630 2874 4676 accusatore
2899 4620 3260 4685 correxerint,
3284 4618 3430 4688 quod
3459 4634 3551 4675 ac-

1953 4712 2125 4765 cusati
2155 4727 2262 4766 non
2284 4712 2688 4769 emendassent.
2739 4714 2845 4770 Sed
2892 4724 3031 4781 esto,
3083 4714 3247 4771 fuerit
3296 4713 3552 4769 intolera-

1956 4807 2081 4863 bilis
2107 4806 2471 4863 Romanorum
2496 4809 2742 4878 judicum
2770 4808 3098 4875 insolentia;
3125 4807 3251 4881 quid
3277 4809 3441 4880 igitur
3473 4818 3554 4864 to-

1954 4900 2255 4965 lerabilius,
2283 4903 2591 4968 universos,
2623 4918 2690 4957 an
2722 4918 2885 4956 unum
2920 4905 3127 4972 perpeti
3153 4901 3177 4955 ’ἴ
3204 4903 3338 4970 Qua:
3369 4913 3549 4957 autent

1948 4991 2182 5062 justitia,
2210 4985 2332 5050 eum
2357 5011 2494 5049 unus
2526 4994 2748 5059 laeserit,
2784 4994 2986 5051 bellum
3027 4996 3228 5053 inferre
3255 4995 3554 5053 omnibus?

1952 5088 2227 5160 Numquid
2265 5104 2457 5146 attines
2497 5089 2728 5145 Romani
2775 5090 2988 5161 injuria!
3033 5092 3330 5148 auctores?
3378 5090 3552 5147 Num-

1956 5183 2081 5253 quid
2118 5183 2231 5254 ipse
2259 5182 2489 5240 Caesar?
2516 5193 2610 5238 aut
2641 5183 2887 5240 studiose
2915 5184 3126 5241 electus
3147 5186 3550 5256 estimprobus,

1951 5278 2043 5348 qui
2095 5276 2162 5331 ad
2215 5292 2311 5331 vos
2357 5279 2706 5334 mitteretur:
2762 5277 2858 5333 sed
2905 5294 3080 5349 neque
3130 5279 3398 5349 speculari
3433 5293 3555 5349 pos-

1953 5384 2079 5427 sunt
2109 5382 2131 5410 °
2160 5373 2548 5440 transmarina,
2579 5374 2877 5445 oculosque
2913 5373 2983 5430 ad
3016 5376 3282 5431 orientem
3316 5384 3371 5429 et
3408 5372 3553 5429 occi-

1925 5526 1928 5530 λ
1954 5465 2173 5523 dentem
2199 5465 2503 5533 intendere,
2535 5478 2593 5523 ut
2618 5468 2730 5525 illic
2778 5467 3019 5535 videant,
3086 5484 3209 5540 qua:
3240 5468 3328 5525 hic
3350 5483 3553 5538 gerun-

1956 5569 2044 5616 tur
2075 5585 2089 5617 :
2122 5577 2299 5633 neque
2324 5562 2515 5619 audire
2546 5562 2707 5619 facile
2736 5562 2880 5633 quod
2928 5565 3029 5620 etsi
3080 5561 3394 5637 sollicitudo
3438 5563 3558 5620 exi-

1955 5670 2067 5735 gat,
2110 5656 2482 5731 longinquitas
2524 5667 2686 5731 negat
2722 5658 3106 5745 probationum
3152 5654 3557 5715 difficultatem.

2024 5833 2049 5872 ⁸
2078 5822 2251 5892 Trans
2277 5826 2467 5891 mario-
2500 5824 2578 5888 lo.
