4112 6350
606 330 752 390 ΞΟΠ

1932 331 2179 395 SANCTI
2216 330 2543 391 AMBROSII

3745 339 3863 399 2048

607 442 785 503 Unius
817 443 983 518 igitur
1017 446 1175 521 culpa
1205 446 1492 504 dissidium
1541 447 1719 520 pariet
1759 446 1910 504 orbis
1955 447 2207 516 Romani,
2238 448 2293 513 Α
2314 445 2571 502 Leonidae
2599 444 2838 502 defuncti
2870 445 3201 519 triumphos,
3235 457 3354 520 post
3386 450 3683 520 Agesilaum
3711 468 3868 511 serva-

606 556 730 599 cum
762 543 925 600 etiam
953 544 1073 600 sine
1093 543 1331 615 querelis
1351 544 1545 600 vestris
1567 558 1800 617 propera
1820 544 2094 600 correctio
2116 545 2209 612 sit,

609 637 761 696 nulla
785 636 1148 693 accusationis
1171 636 1405 703 invidia,
1431 638 1644 693 itineris
1671 638 1820 694 nullo
1851 637 2062 695 labore.
2097 638 2213 694 An-

611 731 734 788 nuis
778 730 926 788 enim
969 731 1182 789 vicibus
1226 731 1458 787 Romani
1507 733 1858 803 magistratus
1910 741 2212 788 mutantur.

609 823 729 893 Quo
761 822 821 879 fit
848 865 863 891 ,
899 831 1087 881 utnec
1128 823 1373 881 insolens
1416 825 1507 881 diu
1552 836 1811 894 maneat,
1859 834 1916 882 et
1964 825 2215 882 modera-

608 918 716 973 tior
770 918 881 975 cito
931 917 1206 975 succedat.
1251 918 1393 974 Nihil
1453 919 1616 990 igitur
1664 919 1844 975 oberit
1894 920 2165 991 quievisse
2195 961 2211 987 ,

608 1024 731 1068 cum
758 1011 1059 1068 remedium
1082 1011 1361 1069 deferatur
1402 1012 1566 1069 etiam
1609 1014 2039 1085 quiescentibus.
2075 1012 2216 1070 Cau-

609 1119 699 1160 sas
730 1105 857 1162 belli
908 1115 1093 1162 autem
1137 1105 1386 1163 intexere
1430 1108 1842 1178 perniciosum;
1897 1107 2024 1180 quia
2078 1108 2213 1164 dura

613 1200 746 1258 belli
767 1200 1059 1258 adversum
1087 1218 1277 1259 omnes
1305 1203 1568 1272 conditio,
1615 1202 1908 1260 adversum
1936 1203 2216 1259 Romanos

612 1294 830 1351 ultima.
860 1295 1008 1365 Quos
1039 1298 1084 1353 si
1110 1296 1295 1369 fugere
1327 1298 1483 1365 velis,
1509 1314 1633 1354 cum
1661 1314 1921 1371 superare
1951 1314 2215 1371 nequeas,

612 1385 762 1441 orbis
792 1395 1060 1443 terrarum
1088 1388 1186 1444 tibi
1233 1388 1697 1462 derelinquendns
1746 1401 1852 1447 est.
1896 1391 2001 1447 Sed
2047 1392 2215 1448 liber-

612 1477 740 1533 tatis
766 1478 1120 1549 cupiditatem
1152 1483 1538 1552 praetenditis?
1566 1483 1699 1542 Sera
1725 1484 1827 1538 ista
1851 1483 2211 1553 deliberatio;

614 1572 765 1642 prius
785 1572 1107 1629 certandum
1133 1574 1253 1643 fuit,
1284 1591 1353 1633 ne
1374 1578 1695 1633 amitteretis
1718 1578 2031 1634 libertatem
2052 1594 2214 1650 quam

613 1674 673 1719 ut
698 1664 956 1722 amissam
990 1668 1375 1737 reposceretis.
1410 1669 1585 1726 Durus
1632 1670 1909 1727 servitutis
1952 1686 2117 1738 usus,
2162 1680 2217 1727 ct

619 1756 1094 1831 ideoaprincipio
1141 1776 1247 1817 non
1307 1763 1405 1818 fuit
1457 1764 1759 1833 subeunda,
1815 1776 1907 1821 aut
1964 1774 2213 1837 suscepta

2316 546 2492 594 torem
2527 539 2691 607 Asiaz,
2720 554 2864 595 nunc
2892 550 3080 597 amant
3109 541 3360 599 dominos
3401 559 3548 599 suos.
3593 546 3869 607 Macedonia

2317 648 2532 704 quoque
2563 641 2724 703 atque
2747 633 2931 691 Africa
2954 677 2969 701 ,
3016 652 3136 707 quae
3185 652 3283 707 per
3315 646 3340 673 τι
3372 653 3497 694 suos
3546 639 3870 700 validissimos

2318 725 2489 783 duces
2516 727 2683 783 totius
2714 728 2867 784 orbis
2897 728 3181 800 imperium
3232 730 3285 784 in
3342 731 3572 802 suajura
3613 742 3665 789 et
3690 749 3873 805 posses.

2316 820 2499 875 siones
2531 820 2957 890 transfuderant,
2988 824 3299 879 translatam
3330 840 3356 877 a
3391 840 3448 880 se
3475 828 3754 898 potentiam
3782 845 3871 887 non

2321 912 2691 984 indignantur,
2736 925 2990 987 tantaque
3038 933 3221 974 rerum
3273 920 3564 976 mutatione
3615 931 3873 994 contente,

2319 1013 2509 1075 optant
2541 1008 2804 1078 propitios
2833 1009 3107 1075 dominos,
3138 1026 3276 1081 quos
3305 1012 3372 1067 ad
3401 1015 3708 1071 servitutem
3750 1025 3876 1087 pete-

2319 1098 2471 1154 bant.
2506 1099 2618 1156 Nec
2648 1101 2879 1174 Philippi
2905 1102 3108 1159 divitiis
3139 1104 3482 1175 Macedones,
3505 1122 3604 1164 nec
3620 1109 3877 1165 Alexandri

2318 1195 2627 1252 cxritantur
2681 1198 2971 1268 triumphis
3003 1241 3018 1265 ,
3071 1215 3207 1269 quos
3263 1200 3430 1256 duces
3476 1202 3706 1257 omnium
3771 1218 3879 1272 pru-

2319 1287 2686 1355 dentissimos,
2738 1305 2845 1345 non
2893 1290 3167 1347 immerito
3217 1292 3448 1350 invictos
3496 1293 3877 1363 arbitrabantur,

2317 1383 2443 1454 quia
2489 1383 2653 1444 alter:
2681 1399 2742 1440 se
2773 1383 2798 1422 ι)
2839 1396 3030 1441 contra
3072 1386 3338 1443 Graeciam
3386 1388 3556 1444 tenuit
3582 1429 3599 1455 ,
3647 1374 3773 1446 alter
3815 1389 3882 1445 fu-

2319 1479 2473 1545 gicns
2504 1494 2653 1533 arma
2678 1477 2923 1534 Romana
2957 1522 2971 1548 ,
3001 1493 3172 1551 usque
3200 1480 3265 1535 ad
3294 1495 3462 1551 regna
3491 1478 3679 1551 Caspia
3725 1490 3774 1538 et
3799 1495 3879 1538 ex-

2320 1577 2489 1624 trema
2518 1569 2758 1627 subactae
2787 1571 3031 1628 Persidis
3062 1581 3226 1645 atque
3274 1570 3547 1628 Indorum~
3571 1583 3769 1630 secreta
3815 1574 3882 1628 vi-

2319 1673 2438 1720 ctor
2471 1667 2717 1736 pervenit
2748 1686 2760 1721 :
2792 1669 2972 1740 magni
3018 1684 3216 1723 nomen
3268 1668 3535 1735 obtinuit,
3572 1669 3692 1741 quia
3736 1668 3881 1723 maxi-

2321 1773 2438 1813 mos
2464 1759 2703 1814 omnium
2755 1775 2861 1815 non
2906 1760 3202 1817 lacessivit.
3236 1760 3407 1829 Quem
3460 1762 3585 1818 licet
3635 1762 3881 1816 immatura

614 1854 997 1926 aequanimiter
1034 1857 1277 1913 ferenda.
1321 1857 1475 1915 Tunc
1508 1859 1691 1915 decuit
1734 1861 2039 1928 restitisse,
2092 1878 2215 1918 cum
2247 1860 2292 1921 Β
2322 1867 2470 1910 mors
2492 1853 2771 1924 triumpho
2801 1854 3169 1912 [ionianorum
3211 1855 3582 1923 subtraxerit,
3630 1856 3783 1911 servit
3821 1862 3884 1910 ta-

613 1946 684 2003 ad
720 1948 1007 2005 servitium
1049 1951 1407 2007 vocaremini.
1449 1952 1541 2008 Illa
1584 1954 1787 2022 justior
1847 1969 2069 2025 pugna:
2125 1957 2218 2027 qui

616 2048 800 2097 autem
830 2041 1002 2098 semel
1029 2057 1090 2099 se
1112 2042 1328 2100 dederit
1363 2045 1416 2100 in
1461 2045 1781 2102 servitutem
1818 2088 1833 2114 ,
1874 2047 1978 2103 etsi
2031 2056 2219 2119 postea

616 2132 940 2190 subtrahere
970 2150 1030 2191 se
1057 2135 1227 2204 velit,
1273 2154 1380 2193 non
1428 2138 1521 2193 ille
1569 2148 1840 2211 tamquam
1892 2151 2104 2196 amator
2149 2141 2216 2196 li-

617 2223 846 2283 bertatis
874 2227 1161 2299 asset-itur,
1216 2229 1312 2286 sed
1363 2238 1635 2303 tamquam
1687 2247 1883 2288 servus
1926 2243 2219 2289 contumax

616 2319 979 2390 adjudicatur.
1010 2323 1110 2379 Ubi
1144 2334 1261 2397 erat
1307 2323 1410 2381 ista
1459 2326 1727 2383 libertatis
1755 2326 2004 2385 defensio
2026 2371 2039 2395 ,
2093 2344 2216 2384 cum

616 2412 907 2485 Pompeius
930 2418 1125 2473 vestris
1146 2418 1427 2490 ingrueret
1448 2420 1761 2492 regionibus
1785 2439 1798 2476 :
1833 2422 2022 2478 urbem
2046 2422 2220 2478 domi-

616 2521 719 2561 nus
747 2506 996 2576 intraret,
1053 2509 1144 2566 ubi
1196 2523 1355 2567 erant
1406 2528 1560 2568 arma
1606 2529 1708 2585 pro
1759 2515 2055 2572 libertate?
2110 2517 2220 2573 Cur

616 2599 860 2670 deposita
896 2611 1025 2658 sunt
1051 2619 1082 2658 a
1115 2606 1363 2676 patribus
1407 2608 1655 2663 neStris?
1687 2609 1755 2665 Et
1784 2620 1933 2667 certe
1980 2612 2060 2667 illi
2106 2612 2216 2668 for-

619 2694 788 2751 tiores
814 2696 971 2753 nobis
993 2697 1165 2766 fuere,
1202 2701 1455 2770 vigebant
1473 2704 1692 2767 animis,
1720 2704 2068 2762 abundabant
2092 2707 2220 2764 sub-

617 2786 796 2852 sidiis,
829 2791 1126 2861 cupiebant
1152 2807 1456 2864 repugnare
1493 2814 1506 2851 :
1540 2798 1635 2853 sed
1686 2798 1939 2869 exiguam
1992 2801 2219 2857 Romani

618 2883 894 2939 exercitus
919 2899 1025 2940 non
1057 2887 1370 2943 sustinuere
1403 2889 1707 2959 portionem
1743 2908 1756 2943 :
1788 2893 1913 2946 victi
1942 2902 2090 2958 sunt,
2125 2894 2220 2950 sed

616 2978 884 3033 reservati
913 2992 1255 3050 agnoverunt
1278 2982 1466 3053 jugum
1496 2984 1797 3052 servitutis,
1826 3001 1894 3041 ne
1928 2986 2224 3044 tolerarent

618 3085 833 3142 ptenam
864 3074 1215 3145 captivitatis.
1238 3074 1379 3144 Quid
1424 3080 1693 3135 recusatis
1735 3078 1983 3138 hmredes
2010 3124 2025 3147 ,
2074 3083 2221 3154 quod

614 3163 825 3221 debetis
851 3166 977 3237 jure
1025 3171 1441 3227 successionis?
1496 3173 1816 3245 Astringnnt
1860 3192 1958 3231 vos
2006 3178 2218 3249 negotia

2323 1961 2447 2001 men
2480 1954 2534 2001 et
2564 1945 2680 2018 ipse
2710 1947 2763 2002 in
2796 1949 3031 2019 posteris
3054 1950 3193 2015 suis,
3224 1949 3425 2020 quibus
3460 1948 3683 2005 orientis
3718 1948 3881 2018 Spolia,

2323 2055 2430 2094 non
2482 2039 2548 2095 ad
2606 2039 2833 2097 fulcrum
2905 2041 3294 2099 dominationis
3365 2042 3594 2115 quaesita
3625 2084 3640 2110 ,
3693 2041 3777 2098 sed
3828 2040 3883 2097 ad

2324 2134 2553 2203 pretium
2622 2133 2902 2191 servitutis
2935 2176 2950 2201 ,
3007 2147 3065 2191 ut
3112 2136 3371 2191 nobilitas
3431 2136 3784 2191 famulantium
3832 2133 3883 2188 ad

2322 2225 2545 2282 victoris
2577 2242 2712 2297 opes
2742 2228 3072 2299 perveniret.
3124 2229 3315 2300 Magna
3368 2229 3543 2284 virtus
3591 2227 3880 2286 Alexandro.

2320 2320 2460 2387 Quid
2493 2329 2673 2377 tamen
2703 2322 2945 2378 mirum?
2986 2322 3081 2379 Ille
3116 2339 3287 2395 usque
3332 2323 3402 2379 ad
3447 2338 3701 2380 oceanum
3741 2322 3883 2377 victo-

2322 2415 2456 2468 riam
2499 2415 2767 2485 extendit,
2811 2416 3045 2472 Romani
3091 2417 3233 2472 ultra
3280 2432 3568 2473 oceanum.
3615 2415 3781 2471 Testis
3821 2423 3885 2470 est

2326 2507 2653 2563 cBritannia
2707 2517 2862 2565 extra
2913 2509 3101 2566 orbem
3151 2509 3365 2580 posita,
3421 2508 3518 2566 sed
3562 2509 3882 2564 Romanorum

2322 2603 2521 2659 virtute
2551 2604 2604 2658 in
2637 2604 2827 2659 orbem
2860 2605 3098 2661 redacta.
3132 2606 3278 2673 Quos
3336 2612 3474 2661 actas
3501 2604 3739 2677 superior
3762 2603 3885 2675 ignea

2321 2706 2425 2764 rat,
2452 2696 2642 2753 didicit
2670 2698 3039 2754 Romanorum
3082 2699 3328 2755 victoria.
3382 2698 3639 2756 Serviunt
3681 2707 3732 2754 et
3775 2696 3875 2767 ipsi.

2320 2790 2437 2861 qui,
2465 2791 2596 2861 quid
2623 2804 2768 2847 esset
2793 2794 3059 2862 servitus,
3094 2793 3418 2866 ignorabant
3451 2810 3465 2849 :
3510 2793 3612 2850 soli
3648 2792 3741 2848 sibi
3769 2789 3880 2857 nati,

2322 2894 2378 2938 et
2408 2898 2623 2956 semper
2655 2885 2760 2940 sibi
2788 2885 2947 2941 liberi
2979 2883 3004 2922 ι¹
3038 2886 3161 2957 quia
3193 2903 3222 2941 a
3266 2887 3612 2957 superiorum
3660 2884 3885 2957 potentia,

2323 2976 2589 3034 interfuso
2615 2994 2818 3035 oceano
2843 2981 3041 3036 secreti
3070 2991 3314 3037 metuere
3344 2998 3457 3037 non
3490 2988 3749 3054 poterant,
3772 2990 3886 3049 quos

2324 3072 2662 3127 nesciebant.
2699 3073 2827 3130 Plus
2858 3073 3043 3145 itaque
3071 3073 3170 3129 fuit
3217 3076 3489 3132 transisse
3522 3074 3585 3131 ad
3614 3075 3887 3135 Britannos,

2323 3180 2486 3235 quam
2540 3166 2908 3238 triumphasse
2955 3167 3023 3223 de
3079 3167 3374 3224 Britannis.
3429 3170 3567 3238 Quid
3605 3171 3737 3225 enim
3775 3168 3890 3220 face-

618 3269 835 3330 patrutu
871 3280 883 3316 :
916 3264 1192 3333 quomodo
1223 3266 1588 3323 obedientiam
1622 3269 1897 3340 refugitis,
1946 3279 2098 3328 tanto
2141 3273 2217 3327 iu-

2327 3268 2468 3325 rent,
2501 3260 2788 3318 clementis
2813 3262 2924 3331 jam
2957 3261 3325 3317 Romanorum
3364 3262 3600 3335 imperio
3628 3256 3889 3331 subjectis?

615 3351 844 3409 feriores
897 3356 1324 3414 obedientibus?
1350 3370 1442 3415 aut
1470 3361 1599 3430 quid
1648 3362 1801 3417 vobis
1839 3364 2032 3434 reliqui
2068 3366 2173 3421 erit
2207 3410 2220 3433 ,

616 3448 709 3519 qui
744 3449 796 3504 in
829 3466 925 3506 vos
946 3452 1222 3509 Caesarem
1255 3465 1311 3510 ct
1350 3473 1568 3512 omnem
1618 3459 1876 3515 virtutem
1919 3461 2221 3518 Romanam

617 3541 891 3597 movetis?
915 3542 1204 3612 Quomodo
1237 3548 1467 3616 potestis
1493 3549 1775 3607 sustinere
1822 3565 1918 3607 eos
1943 3593 1958 3617 ,
2008 3555 2099 3623 qui
2152 3557 2221 3609 de

614 3635 870 3692 omnibus
902 3637 1331 3708 triumpharunt,
1368 3650 1535 3713 atque
1564 3644 1632 3700 ab
1671 3645 1928 3701 omnibus
1970 3645 2073 3702 sibi
2123 3649 2225 3703 mi-

614 3726 896 3784 Ittatttihtts
927 3746 1071 3787 nunc
1102 3732 1463 3802 adjuvantur?
1492 3736 1559 3792 Et
1595 3738 1959 3797 Athenienses
2000 3743 2219 3813 quidem

614 3837 711 3891 pro
738 3822 990 3879 libertate
1032 3827 1198 3881 totius
1235 3826 1461 3883 Graecia:
1502 3831 1759 3887 incendio
1790 3834 2022 3903 patriam
2056 3835 2223 3891 tradi-

612 3913 834 3983 derunt,
863 3916 1057 3972 exsilio
1087 3928 1360 3976 mutantes
1389 3921 1606 3989 domos,
1638 3940 1704 3980 ne
1735 3926 1840 3982 sibi
1878 3925 2092 3982 Xerxes
2125 3928 2223 3983 do-

616 4009 936 4079 minaretur,
969 4027 1131 4082 quem
1162 4014 1217 4068 in
1264 4015 1426 4071 terris
1470 4017 1848 4088 navigantem,
1883 4021 1937 4075 in
1965 4020 2222 4078 ﬂuctibus

613 4101 973 4171 gradientem,
1000 4118 1123 4159 cum
1157 4121 1279 4162 eum
1314 4123 1412 4164 nec
1436 4112 1606 4165 maria
1633 4121 1916 4183 caperent,
1949 4130 2049 4171 nec
2081 4125 2221 4172 terra

612 4197 962 4263 sustineret,
1011 4199 1154 4269 quod
1206 4201 1435 4273 Europae
1494 4205 1660 4260 totius
1718 4208 1892 4277 spatia
1964 4208 2222 4266 transitus

612 4290 732 4362 ejus
756 4291 970 4348 itineris
999 4293 1327 4363 includeret,
1374 4299 1785 4367 angustioribus
1835 4310 2104 4358 terrarum
2152 4302 2217 4358 ti-

612 4382 795 4451 nibus,
825 4399 988 4456 quam
1011 4387 1286 4441 exercitus
1313 4398 1624 4445 commeatu
1652 4408 1666 4445 :
1699 4392 1771 4447 ita
1804 4395 2074 4464 persecuti
2096 4404 2224 4451 sunt

613 4476 944 4547 fugientem,
994 4488 1051 4534 ut
1104 4478 1189 4534 vix
1240 4494 1347 4535 una
1405 4497 1542 4537 nave
1590 4482 1824 4554 fugitans
1856 4525 1872 4553 ,
1930 4485 2223 4558 auxiliique

611 4567 885 4639 indigens,
945 4585 1005 4626 se
1046 4572 1398 4629 subtraheret
1421 4574 1764 4645 captivitati:
1797 4591 1983 4633 verum
2014 4578 2118 4649 ipsi
2143 4578 2221 4634 illi

2330 3349 2523 3405 Docuit
2544 3352 2665 3406 illos
2694 3367 2934 3409 oceanus
2963 3354 3243 3409 servitutis
3277 3354 3618 3421 patientiam,
3648 3360 3885 3423 postquam

2328 3442 2813 3501 trausfretautibus
2839 3456 2897 3503 et
2928 3456 2950 3483 ο
2984 3447 3086 3516 ipsi
3111 3446 3488 3503 Romanorum
3540 3446 3782 3518 navigiis,
3825 3444 3889 3498 in-

2324 3546 2537 3592 suetam
2569 3539 2670 3594 sibi
2702 3541 3020 3595 servitutem
3076 3553 3439 3610 agnoverant.
3489 3540 3619 3597 Nam
3660 3540 3722 3595 de
3748 3534 3887 3594 Anni~

2327 3629 2451 3686 bale
2502 3631 2629 3701 quid
2675 3641 2955 3699 retexam,
3004 3633 3094 3703 qui
3141 3642 3223 3689 tot
3272 3636 3561 3706 regionum
3600 3635 3757 3689 victor
3803 3631 3890 3684 llo-

2326 3728 2503 3782 manis
2534 3736 2590 3782 et
2616 3730 2733 3797 ipse
2763 3729 3017 3784 militavit
3046 3729 3357 3801 triumphis,
3386 3731 3585 3802 quibus
3612 3729 3764 3798 Alpes
3784 3738 3889 3795 ape-

2323 3818 2473 3884 ruit,
2520 3819 2660 3874 viam
2691 3820 2928 3889 stravit,
2954 3820 3120 3876 urbes
3163 3821 3425 3893 subegit,
3467 3838 3588 3894 qua:
3631 3817 3889 3876 victoribus

2324 3913 2785 3983 acquirerentur?
2820 3913 2889 3968 Et
2916 3914 3011 3985 qui
3040 3913 3356 3984 frequenter
3384 3914 3736 3985 superiorem,
3765 3922 3889 3981 spent

2327 4018 2506 4064 tamen
2540 4009 2783 4065 victoria:
2813 4010 2973 4065 victis
3024 4025 3314 4081 numquam
3369 4009 3710 4076 interclusit,
3753 4001 3889 4061 semel

2326 4102 2500 4157 victus
2530 4117 2791 4173 reparare
2834 4119 2895 4160 se
2944 4105 3203 4175 nequivit.
3244 4105 3426 4160 Cessit
3476 4114 3665 4176 Sponte
3707 4094 3889 4157 victori.

2325 4203 2446 4265 bus,
2476 4212 2612 4268 quos
2650 4196 2669 4236 τ
2701 4198 2877 4253 victor
2909 4214 3018 4255 non
3065 4199 3409 4267 sustinebat;
3459 4200 3783 4270 abjectisque
3819 4207 3892 4247 ar-

2325 4293 2430 4347 mis
2459 4293 2805 4363 victricibus,
2854 4295 2922 4350 ad
2975 4295 3225 4352 Prusiam
3271 4311 3397 4353 sese
3435 4296 3665 4352 contulit
3696 4302 3890 4363 regem:

2324 4400 2395 4442 ex
2447 4385 2585 4442 duce
2627 4388 3022 4456 mercenarius,
3075 4404 3143 4445 ex
3195 4389 3600 4459 triumphatore
3648 4383 3890 4457 fugitivus.

2329 4477 2623 4535 Veniamus
2650 4480 2717 4536 ad
2745 4480 3047 4537 Galliarum
3078 4482 3311 4547 incolas,
3342 4484 3579 4553 populos
3619 4490 3798 4538 natura
3833 4472 3895 4529 fe-

2326 4585 2524 4639 roces,
2552 4581 2607 4629 et
2634 4574 2976 4631 naturalibus
3028 4575 3200 4631 muris
3246 4575 3573 4643 ferociores,
3629 4586 3758 4645 quos
3805 4580 3893 4624 non

612 4663 712 4719 viri
745 4664 837 4735 qui
878 4673 1044 4719 totam
1100 4665 1379 4737 fregerunt
1425 4670 1609 4725 Asiam
1635 4713 1650 4739 ,
1696 4681 1924 4743 prepter
1965 4672 2218 4742 exiguam
2247 4659 2299 4718 D
2326 4675 2592 4723 caementa
2620 4667 2917 4738 parietum,
2962 4668 3060 4725 sed
3096 4669 3228 4741 juga
3273 4671 3493 4741 Alpium
3525 4668 3594 4725 ab
3622 4677 3743 4723 ortu
3783 4658 3895 4717 solis

610 4755 943 4813 Salaminam
967 4767 1023 4815 et
1048 4758 1458 4830 imperitantem
1499 4762 1755 4820 ﬂuctibus
1787 4764 2026 4821 Xerxem
2072 4766 2218 4822 subi-

608 4859 826 4920 gentem
875 4851 1068 4918 maria,
1100 4853 1154 4908 in
1183 4870 1250 4909 eo
1280 4855 1397 4923 ipso
1437 4856 1581 4927 quod
1626 4857 1728 4913 sibi
1774 4857 2081 4929 subjectum
2114 4873 2215 4929 pu-

609 4945 778 5011 tabat,
807 4945 1101 5015 elemento,
1129 4947 1527 5017 gloriosissime
1548 4951 1881 5008 debellatum
1911 4951 2168 5023 fugarunt
2201 4970 2213 5005 :

608 5051 755 5093 nunc
787 5036 1047 5094 Romanis
1076 5039 1348 5109 serviunt,
1379 5050 1434 5097 et
1464 5044 1742 5114 principes
1783 5045 1950 5100 totius
1992 5044 2219 5100 Graecia:

608 5132 865 5188 ltalorum
899 5132 1142 5203 imperiis
1169 5136 1589 5206 obtemperant:
1616 5148 1781 5208 atque
1819 5138 1927 5193 illa:
1964 5139 2218 5204 Athenze,

608 5242 730 5297 quae
759 5226 904 5298 leges
936 5226 1063 5283 aliis
1089 5227 1311 5296 dabant,
1349 5245 1493 5286 nunc
1541 5229 1741 5285 alienis
1788 5231 2000 5301 legibus
2042 5228 2218 5286 famu-

609 5323 813 5378 lantur.
848 5321 1242 5379 Lacedzemonii
1282 5340 1501 5396 quoque
1544 5333 1668 5395 post
1713 5325 2116 5398 Thermopylas
2166 5333 2223 5381 et

681 5452 704 5481 ο
733 5441 904 5498 Duas.
937 5441 1107 5498 Paulo
1138 5451 1259 5514 post
1288 5440 1342 5496 in
1367 5448 1476 5496 vet.
1512 5442 1635 5499 cod.
1680 5442 1838 5500 deest
1881 5458 1986 5500 vox
2035 5442 2203 5499 domi-

611 5530 725 5570 nos.
761 5516 930 5571 ΒΑΜ.

688 5585 716 5627 ι)
750 5586 901 5642 Intra
929 5586 1204 5643 Graciam.
1229 5588 1307 5644 In.

686 5672 709 5700 ε
738 5660 875 5735 lluie
899 5660 1146 5735 geminus
1174 5659 1327 5735 locus
1359 5669 1538 5735 exstat
1570 5661 1706 5717 infra
1733 5660 1829 5735 lib.
1864 5676 1923 5730 v,
1943 5676 2065 5735 cap.
2100 5663 2170 5719 15
2201 5681 2216 5720 :

615 5733 758 5804 Quid
783 5732 1037 5805 adtexant
1053 5731 1351 5788 Britannias
1378 5734 1639 5805 interfusa
1682 5734 1814 5788 mari
1859 5751 1891 5789 a
1944 5731 2051 5791 toto
2095 5736 2219 5792 orbe

612 5803 828 5870 divisas,
859 5812 909 5859 et
936 5820 968 5856 a
1001 5803 1251 5861 Romanis
1292 5806 1348 5859 in
1400 5803 1573 5860 orbem
1618 5816 1872 5862 terrarum
1922 5808 2162 5864 redactas
2190 5810 2216 5864 ?

614 5876 878 5931 Nimirum
917 5874 1199 5946 Virgilium
1225 5876 1470 5934 imitatur
1498 5887 1710 5947 :tttrtor,
1742 5880 1895 5952 cujus
1926 5881 2056 5939 illud
2091 5890 2209 5939 est:

2327 4768 2566 4822 tuentur.
2595 4761 2664 4817 ab
2690 4777 2888 4818 occasu
2914 4778 3154 4819 oceanus
3185 4764 3436 4829 includit,
3470 4779 3502 4819 a
3532 4760 3750 4820 meridie
3776 4768 3894 4829 prm-

2326 4863 2481 4923 rupta
2517 4854 2795 4927 Pyrenaei,
2846 4872 2877 4911 a
2925 4858 3301 4927 septentrione
3340 4858 3521 4914 liheni
3563 4857 3782 4918 ﬂuenta,
3810 4849 3896 4904 int-

2325 4965 2621 5021 manesque
2647 4950 2909 5008 Germani
2940 4954 3366 5025 insuperabilcs,
3417 4963 3476 5011 et
3519 4946 3895 5011 inaccessibiles

2327 5046 2641 5102 reddidisse
2673 5061 2734 5102 se
2762 5049 3130 5106 claustrorum
3170 5049 3455 5105 beneﬁciis
3482 5047 3893 5106 aestimabantur:

2329 5140 2592 5196 Romanis
2619 5152 2798 5197 tamen
2831 5156 2992 5212 supra
3023 5142 3197 5198 nubes
3228 5143 3532 5210 viantibus,
3562 5152 3616 5199 et
3648 5140 3778 5195 ultra
3818 5146 3897 5188 co-

2333 5231 2545 5289 lumnas
2575 5233 2822 5290 Herculis
2854 5233 3144 5306 imperium
3180 5235 3630 5306 propagantihus.
3669 5227 3792 5287 nihil
3827 5223 3896 5277 in-

2331 5326 2479 5382 vium
2509 5326 2609 5382 fuit
2641 5343 2657 5383 :
2694 5336 2841 5383 tanta
2873 5337 2898 5377 ις
2928 5327 3186 5385 felicitate
3226 5328 3437 5397 hostis,
3492 5337 3550 5385 et
3595 5324 3683 5398 qui
3729 5316 3899 5379 latean

2780 5448 2885 5494 toto
2907 5442 3088 5495 divisos
3104 5443 3228 5494 orbe
3256 5444 3533 5494 Britannos.

3435 5529 3682 5586 “uoca.

2394 5621 2421 5660 ἀ
2449 5622 2574 5690 Qui.
2602 5622 2772 5679 ΒΑΜ.

2399 5706 2421 5769 ς
2453 5694 2577 5769 ipse
2604 5695 2889 5769 (oceanus)
2918 5704 3214 5769 agnoverat.
3244 5694 3324 5751 In.

2398 5764 2417 5804 τ
2463 5764 2656 5824 Victos.
2680 5768 2781 5825 ln.’

2396 5849 2420 5886 ες
2450 5836 2749 5897 Facilitate.
2780 5839 2858 5897 In.
