4112 6350
602 284 740 350 2931

1991 291 2241 355 SANCTI
2281 290 2606 355 ARBROSII

3750 294 3872 362 2053

602 413 695 468 bet
725 419 781 467 et
806 410 923 483 ipsa
965 426 1073 481 quo
1098 410 1297 483 dirigat
1321 424 1531 467 merces
1558 425 1724 467 snas:
1758 412 1849 468 ubi
1875 424 2004 470 ante
2024 414 2198 470 solum
2229 426 2284 490 Α
2309 412 2394 469 his
2436 411 2665 479 inferri,-
2695 426 2926 483 qnorum
2964 412 3356 470 humanitatem
3401 416 3650 486 speratis.
3690 419 3871 478 Bonum

604 502 942 576 naufragium
995 503 1248 574 putabat,
1298 504 1368 560 ibi
1418 520 1565 560 nunc
1619 514 1897 561 mutuatur
1935 520 2208 561 commer-

602 600 771 655 cium.
807 600 941 654 Cum
975 599 1137 669 igitur
1166 598 1536 655 Romanorum
1565 600 1747 655 omnia
1775 600 1914 664 sint,
1944 600 2087 656 unde
2114 615 2209 655 vo-

605 692 688 747 bis
729 691 1018 747 adversum
1065 689 1344 746 Romanos
1386 690 1639 762 praesidia
1667 692 1958 763 quaeretis?
1989 691 2070 747 Ex
2101 708 2206 764 qua

609 786 765 842 vobis
791 785 1130 841 inhabitabili
1160 796 1317 858 parte
1338 786 1519 842 socios
1547 786 1931 857 postulabitis?
1952 786 2210 854 Quicum-

607 894 716 950 que
757 879 903 933 enim
948 880 1002 933 in
1044 880 1183 935 orbe
1227 888 1497 935 terrarum
1536 888 1693 947 sunt,
1746 880 1973 935 Romani
2018 895 2209 935 omnes

607 983 757 1027 sunt.
800 971 886 1027 An
925 972 1063 1028 ultra
1105 971 1442 1044 Euphratem
1487 975 1555 1029 ad
1605 974 1920 1031 Adiabenos
1962 973 2211 1046 dirigctis

608 1067 971 1138 legationem?
999 1066 1096 1124 sed
1129 1083 1232 1124 nec
1271 1068 1404 1140 ipsis
1432 1080 1587 1124 vacat
1615 1084 1714 1124 sua
1745 1069 2077 1140 relinquere,
2110 1083 2211 1126 nec

609 1157 846 1216 Parthus
891 1160 1022 1216 sinit
1065 1162 1289 1230 petitam
1336 1161 1443 1218 sibi
1487 1177 1675 1233 pacem
1721 1162 2089 1232 interpellari,
2142 1172 2211 1218 ne

608 1254 725 1325 ipse
756 1255 809 1310 in
842 1254 1083 1310 linitimis
1122 1270 1250 1312 reus
1278 1257 1351 1312 sit
1384 1257 1727 1313 rebellionis.
1756 1257 1834 1313 Ne
1865 1268 1888 1294 τι
1927 1256 2061 1312 illud
2095 1257 2213 1313 bel-

608 1347 718 1403 lum
750 1348 935 1405 simile
965 1352 1190 1421 putetis,
1216 1366 1281 1407 ac
1313 1352 1358 1406 si
1397 1350 1687 1408 adversum
1720 1352 1924 1408 Arabas
1954 1362 2007 1408 et
2038 1351 2210 1424 [Egy-

608 1441 753 1512 ptios
798 1442 956 1498 vobis
986 1443 1218 1515 gerenda
1244 1445 1427 1516 prmlia
1455 1445 1600 1512 sint;
1631 1445 1735 1500 alia
1762 1445 2003 1501 lintnana
2034 1462 2208 1516 arma,

604 1535 727 1590 alia:
776 1550 909 1607 opes
944 1551 1012 1593 ex
1052 1546 1166 1592 toto
1211 1538 1456 1609 quaesitae
1497 1539 1631 1594 orbe
1682 1558 1695 1595 :
1743 1555 1844 1597 nec
1889 1539 2209 1612 Hierosoly-

611 1630 813 1684 ntitana
855 1630 1007 1687 vobis
1043 1630 1393 1688 blandiantur
1431 1632 1680 1704 praesidia
1716 1649 2028 1701 murorum;
2081 1633 2213 1686 vali-

606 1721 815 1779 diorem
847 1723 1076 1780 Romani
1103 1742 1312 1781 murum
1341 1728 1530 1783 oceani
1562 1735 1852 1797 ruperunt:
1872 1726 1970 1783 sed
1996 1726 2063 1782 de
2083 1725 2213 1782 reli-

2310 516 2416 571 est,
2447 505 2779 571 cltarissimi,
2805 506 3009 562 bonum
3036 518 3121 564 est
3138 540 3156 573 ,ο
3183 504 3308 563 dum
3336 509 3516 566 adhuc
3539 511 3590 566 in
3628 523 3773 583 portu
3795 531 3875 569 na-

2312 603 2391 656 vis
2419 611 2526 668 est,
2560 601 2863 673 praevidere
2891 611 3269 675 tempestatem
3299 601 3558 670 futuram,
3592 620 3690 662 nee
3716 607 3874 663 immis

2312 694 2566 750 neptibus
2594 708 2920 766 quamquam
2953 708 3079 751 sese
3102 697 3376 766 objectare
3400 698 3668 768 periculis,
3691 716 3754 756 ne
3772 715 3876 757 cura

2312 788 2365 843 in
2413 789 2583 844 altum
2631 789 2999 859 processeris,
3046 788 3160 858 jam
3206 788 3548 861 naufragium
3596 800 3698 849 non
3729 794 3881 865 possis

2312 898 2528 939 cavere.-
2553 882 2620 937 Et
2644 883 2959 954 plerumque
2974 884 3194 955 quidem
3219 886 3501 953 repentina
3523 888 3754 959 exsurgit
3772 903 3881 960 pro-

2310 977 2485 1043 cella,
2523 983 2581 1032 ct
2628 976 2834 1033 bellum
2879 978 3181 1047 excipitur,
3207 979 3422 1034 etiamsi
3459 990 3567 1035 non
3604 979 3881 1039 inferatur:

2313 1068 2410 1124 sed
2452 1068 2682 1124 interest
2726 1069 3001 1126 lacessere
3050 1069 3265 1126 hostem
3305 1086 3376 1126 an
3419 1071 3708 1143 excipere?
3738 1074 3884 1147 Magis

2317 1164 2488 1234 parcit
2515 1178 2620 1219 non
2650 1165 2966 1230 lacessitus,
2999 1175 3053 1220 et
3085 1165 3384 1221 necessitas
3423 1177 3646 1234 excusat
3669 1169 3883 1225 insolen-

2317 1257 2448 1311 tiam
2498 1274 2514 1311 t
2567 1256 2657 1311 ubi
2691 1272 2821 1312 vero
2868 1257 2921 1312 in
2973 1267 3307 1330 praeruptum
3350 1260 3639 1331 quisquam
3664 1276 3775 1317 sese
3803 1264 3885 1318 im-

2316 1348 2512 1419 mergit
2542 1348 2866 1420 periculum,
2897 1361 3155 1407 oneratur
3184 1352 3348 1408 etiam
3376 1354 3692 1425 opprobrio.
3722 1354 3884 1411 Nonis

2318 1440 2493 1497 hostis
2540 1451 2644 1508 est,
2690 1459 2851 1514 quem
2895 1443 3014 1514 luga
3057 1444 3281 1516 possitis
3317 1445 3514 1503 vitare.
3565 1448 3884 1519 Quocumque

2316 1534 2482 1600 ibitis,
2510 1546 2768 1607 Sequetur
2797 1539 3097 1607 periculum
3131 1539 3335 1611 :;immo
3361 1541 3562 1614 ubique
3590 1542 3789 1598 hostem
3812 1559 3883 1600 re-

2315 1629 2559 1701 perietis.
2600 1631 2801 1687 Omnes
2842 1631 2987 1686 enim
3031 1631 3189 1689 amici
3242 1633 3609 1690 Romanorum
3652 1645 3799 1703 sunt;
3839 1645 3884 1692 et

2315 1722 2644 1794 quicumque
2673 1733 2871 1795 prmler
2897 1725 3268 1783 Romanorum
3293 1729 3593 1785 amicitiam
3616 1738 3714 1799 est,
3738 1728 3883 1787 hostis

606 1816 786 1888 gionis
829 1818 1034 1875 auxilio
1080 1822 1409 1890 praesumitis
1432 1863 1447 1888 ,
1486 1835 1609 1877 eum
1652 1820 1840 1877 orbem
1868 1820 1980 1891 jam
2012 1819 2212 1874 Roma-
2241 1844 2291 1922 Β
2320 1817 2702 1874 universorum
2750 1828 2855 1876 est.
2904 1821 3110 1877 Subeat
3146 1836 3244 1878 vos
3288 1823 3479 1894 patria:
3509 1839 3660 1880 amor
3688 1842 3701 1879 :
3728 1826 3767 1880 si
3794 1840 3882 1882 non

609 1925 738 1966 nutu
781 1910 912 1968 Iesu
952 1912 1205 1986 discipuli
1253 1914 1617 1984 repleret-int?
1652 1913 1758 1970 Aut
1788 1916 1909 1971 sine
1939 1921 2071 1969 nutu
2112 1914 2212 1970 Dei

610 2015 861 2077 putamus
900 2006 1047 2062 illam
1089 2022 1342 2065 crescere
1372 2010 1727 2080 religionem,
1762 2011 2064 2082 urbemque
2102 2009 2215 2064 Ilo-

612 2114 756 2156 mam
814 2117 977 2172 supra
1028 2114 1221 2160 omnes
1287 2105 1580 2176 religiones
1629 2105 1872 2176 proferre
1928 2105 2211 2177 imperium

610 2210 790 2251 suum.
832 2194 861 2235 δ
912 2196 1038 2253 Haec
1080 2208 1265 2253 nostra
1309 2214 1411 2254 nos
1443 2201 1554 2269 jam
1592 2198 1795 2256 dudum
1826 2199 2016 2271 religio
2056 2200 2216 2257 dese-

611 2291 743 2359 ruit,
767 2290 890 2362 quia
920 2306 1020 2347 nos
1050 2292 1395 2348 deseruimus
1418 2292 1602 2360 fidem,
1625 2304 1680 2350 et
1705 2294 2023 2367 frequenter
2046 2294 2215 2350 inter-

610 2384 755 2442 dicta
783 2386 1054 2443 mandatis
1076 2388 1395 2445 cmicstibus
1433 2390 1811 2459 repetivimus.
1843 2388 2003 2448 Unde
2035 2391 2092 2445 in
2116 2405 2215 2448 nos

612 2480 765 2535 venit
790 2478 1080 2553 Egyptius
1101 2481 1127 2535 ?
1155 2481 1615 2552 quemadmodum
1648 2483 1845 2555 captivi
1877 2482 2005 2539 facti
2027 2497 2216 2539 sumus

614 2573 1008 2645 Assyriorum?
1031 2573 1224 2631 Nonne
1260 2575 1546 2647 Scriptura
1586 2576 1723 2633 dixit
1752 2576 1891 2648 ⁸Ιιιιξες
1914 2577 2216 2634 eventura?

611 2665 804 2723 Nonne
831 2669 1093 2737 scriptum
1123 2679 1210 2726 est
1241 2671 1577 2741 profananda
1616 2672 1797 2727 omnia
1823 2675 2007 2744 templi
2041 2680 2219 2729 sacra-

616 2770 796 2817 menta
818 2762 844 2814 ?
873 2777 993 2833 qutc
1037 2763 1150 2834 jam
1182 2767 1387 2836 saepius
1422 2767 1700 2837 profanata
1729 2767 1838 2823 vim
1870 2781 2024 2823 suam
2056 2774 2218 2839 atque

616 2871 839 2914 omnem
865 2858 1179 2915 divinorum
1209 2860 1595 2933 mysteriorum
1624 2864 1857 2934 gratiam
1879 2876 1984 2917 non
2017 2875 2217 2933 reprae-

614 2962 835 3011 sentant
866 2971 882 3009 :
923 2953 1364 3011 Contaminatum
1408 2967 1489 3012 est
1536 2958 1795 3029 templum
1828 2957 2064 3015 humano
2094 2973 2218 3014 san-

613 3047 813 3117 guine,
850 3047 1063 3120 repleta
1089 3057 1217 3103 sunt
1243 3047 1548 3119 pulvinaria
1574 3050 1957 3119 cadaveribus,
1985 3051 2218 3124 perfusae

612 3156 725 3200 arte
755 3143 1003 3201 Romano
1028 3158 1245 3209 cruore,
1280 3154 1575 3216 pugnatum
1606 3155 1693 3202 est
1715 3145 1981 3203 sabbato:
2011 3160 2219 3218 praeva—

2321 1911 2605 1982 pigttorum
2637 1924 2969 1982 vestrorum,
3002 1931 3109 1972 non
3142 1917 3438 1990 coniugum
3461 1934 3559 1975 vos
3586 1922 3883 1992 contempla-

2317 2006 2393 2060 tio
2436 2018 2702 2075 revocat,
2743 2018 2965 2065 revocet
2995 2011 3179 2080 templi
3206 2013 3491 2068 contuitus
3522 2013 3880 2069 sacratissimi:

2319 2101 2523 2170 parcite
2551 2100 2744 2158 saltem
2786 2101 3037 2174 religioni
3063 2122 3077 2158 :
3104 2107 3310 2177 parcite
3332 2109 3711 2165 sacratissimis
3732 2123 3882 2165 sacer-

2316 2192 2555 2261 dotibus,
2589 2195 2786 2266 quibus
2805 2196 2918 2265 jam
2947 2212 3052 2253 non
3087 2210 3318 2269 parcunt
3338 2200 3591 2268 Romani,
3621 2218 3780 2273 neque
3799 2200 3880 2272 ipsi

2316 2291 2543 2361 templo,
2584 2305 2721 2361 quos
2749 2292 3064 2363 pepercisse
3095 2295 3326 2365 poenitet
3359 2314 3372 2350 :
3407 2298 3661 2368 quoniam
3683 2296 3783 2368 jam
3802 2296 3881 2351 do-

2315 2384 2447 2442 dum
2479 2385 2664 2441 volunt
2698 2401 2888 2442 omnes
2917 2399 3108 2459 gentes
3135 2397 3383 2445 nostram
3415 2390 3752 2461 exstinguere
3778 2389 3881 2444 reli-

2315 2481 2555 2552 gionem,
2597 2481 2682 2535 cui
2721 2481 3013 2553 Pompeius
3052 2492 3232 2538 tamen
3263 2497 3387 2539 cum
3423 2484 3755 2556 exstinguere
3779 2494 3881 2553 poss

2316 2584 2430 2640 set,
2466 2575 2729 2646 pepercit.
2782 2574 2895 2646 Ego
2927 2575 3059 2631 nihil
3097 2578 3447 2647 praetermisi,
3491 2578 3665 2633 omnia
3699 2575 3879 2643 monui,

2317 2686 2436 2740 qua:
2465 2669 2530 2725 ad
2562 2678 2800 2725 vestram
2826 2678 3076 2742 spectant
3095 2673 3327 2727 salutem
3357 2692 3370 2726 :
3401 2672 3504 2728 hoc
3525 2670 3672 2730 vobis
3691 2671 3878 2735 suadeo,

2318 2763 2461 2835 quod
2486 2762 2621 2819 mihi
2650 2764 2793 2835 eligo
2817 2782 2831 2817 :
2865 2774 2961 2819 vos
2990 2765 3364 2835 considerate,
3386 2766 3516 2838 quid
3539 2765 3683 2823 vobis
3704 2773 3755 2820 et
3772 2762 3879 2819 mihi

2321 2858 2452 2914 utile
2482 2858 2552 2913 sit
2585 2874 2598 2916 :
2633 2862 2763 2931 opto
2786 2857 2942 2915 vobis
2971 2870 3021 2915 et
3051 2859 3181 2916 mihi
3208 2874 3400 2931 pacem
3424 2876 3549 2918 esse
3572 2877 3688 2918 cum
3713 2858 3879 2933 popqu

2319 2951 2565 3007 Romano
2600 2969 2616 3007 :
2661 2952 2707 3007 si
2741 2953 3029 3020 recusatis,
3060 2954 3157 3024 ipsi
3188 2968 3369 3011 meam
3402 2956 3553 3012 vobis
3592 2955 3780 3025 eripitis
3804 2965 3879 3008 sos

2319 3046 2573 3101 cietatem
2608 3062 2623 3098 :
2674 3054 2766 3100 aut
2805 3047 3117 3102 communis
3160 3047 3267 3102 erit
3310 3049 3524 3119 gratia,
3554 3058 3643 3105 aut
3680 3048 3787 3105 sine
3810 3059 3880 3101 nte

2322 3138 2644 3209 periculum.
2674 3137 2802 3196 Hac
2827 3138 3037 3207 dicens,
3069 3140 3471 3215 iliacrymavit,
3501 3144 3751 3200 Berenice
3771 3156 3879 3212 quo-

614 3237 809 3294 rieatio
838 3238 974 3294 facta
1002 3246 1111 3304 est,
1136 3237 1264 3294 dum
1293 3240 1554 3309 templum
1578 3256 1687 3297 non
1715 3254 1810 3295 sua
1833 3240 2219 3298 observatione
2244 3257 2290 3322 ρ
2322 3247 2426 3303 que
2457 3246 2615 3288 SOPUI‘
2643 3232 2762 3303 eius
2792 3250 2805 3286 ε
2841 3248 2965 3289 nam
2999 3243 3055 3289 et
3075 3234 3190 3306 ipsa
3213 3247 3334 3292 erat
3360 3237 3414 3292 in
3443 3236 3595 3308 Xysti
3619 3234 3877 3308 superiori-

613 3340 671 3385 et
700 3329 952 3386 feriarum
978 3330 1352 3399 solemnitate,
1377 3332 1471 3388 sed
1495 3342 1720 3389 cruento
1747 3332 2058 3391 defenditur
2082 3350 2218 3405 prae-

617 3423 708 3477 lio.
743 3421 810 3477 Et
841 3423 945 3479 hoc
974 3424 1160 3496 utique
1189 3425 1382 3480 iterum
1415 3424 1529 3481 fiet.
1562 3426 1704 3498 Ergo
1727 3427 2001 3498 quomodo
2027 3442 2221 3496 possu-

620 3530 740 3572 mus
785 3526 1063 3589 tamquam
1101 3517 1391 3573 adversum
1423 3518 1610 3575 hostes
1652 3528 1708 3575 et
1737 3520 1986 3591 religioni
2020 3520 2222 3576 adver-

618 3609 793 3664 sarios
831 3607 1075 3665 divinum
1112 3610 1374 3667 auxilium
1404 3611 1627 3677 mereri,
1660 3627 1784 3668 cum
1818 3612 1921 3684 ipsi
1958 3614 2222 3683 praevari-

620 3702 891 3757 cationem
936 3700 1241 3760 inferamus
1280 3713 1484 3760 nostra:
1522 3703 1812 3776 religioni?
1855 3705 2011 3774 Quod
2059 3705 2222 3776 igitur

620 3798 956 3865 remedium,
996 3814 1120 3855 cunt
1161 3804 1216 3855 et
1243 3798 1493 3855 humana:
1522 3813 1653 3871 opes
1681 3815 1788 3855 non
1819 3799 2220 3871 suil‘ragcntur,

628 3907 730 3949 nec
776 3892 959 3949 divina
988 3892 1288 3963 opituletur
1335 3892 1548 3965 gratia?
1586 3893 1835 3950 Alterum
1874 3893 2068 3948 horum
2119 3894 2220 3949 ali-

619 4001 757 4057 quos
783 3987 1014 4043 invitare
1035 3986 1175 4043 solet
1200 3987 1267 4043 ad
1291 3987 1528 4053 bellum;
1553 3988 1708 4042 vobis
1728 3997 2019 4058 utrumque
2046 3987 2219 4043 deest.

620 4080 759 4150 Quid
788 4097 919 4151 ergo
944 4088 1215 4152 superest,
1244 4080 1349 4136 nisi
1375 4079 1719 4135 manifestum
1748 4080 2054 4136 excidium?
2079 4080 2222 4152 quod

623 4190 732 4230 non
772 4173 1057 4230 declinatis
1082 4173 1209 4230 dum
1239 4189 1433 4230 cavere
1464 4174 1624 4240 licet,
1657 4172 1791 4229 nihil
1819 4174 1962 4229 aliud
1994 4174 2097 4229 nisi
2129 4189 2226 4230 vos

621 4268 725 4337 ipsi
769 4276 1003 4323 vestram
1059 4268 1288 4339 patriam
1339 4267 1801 4334 concremabitis,
1855 4267 2224 4338 templumque

622 4362 863 4417 exuretis
887 4403 902 4428 ,
938 4361 1203 4434 erittjuges
1242 4377 1458 4432 quoque
1501 4371 1557 4416 et
1590 4360 1792 4417 liberos
1830 4359 2030 4415 dabitis
2071 4360 2221 4428 neci,

622 4458 817 4528 quibus
853 4466 1106 4514 auctores
1149 4457 1305 4514 eritis
1348 4471 1621 4528 suprema:
1668 4454 1983 4512 atnissionis
2026 4472 2041 4510 :
2100 4470 2222 4511 eum

624 4553 888 4608 malorum
935 4552 1177 4609 omnium
1226 4553 1627 4609 incrementum
1674 4552 2069 4609 inconsolabile
2119 4554 2220 4618 sit,

2323 3326 2445 3393 bus,
2479 3334 2532 3382 et
2555 3325 2784 3381 multum
2809 3342 2904 3382 eos
2935 3329 3169 3399 Agrippa
3192 3328 3310 3385 suis
3331 3330 3586 3402 lacrymis
3616 3330 3877 3393 inﬂexerat,

2323 3422 2396 3477 ita
2444 3430 2500 3476 ut
2539 3420 2787 3477 dicerent
2827 3420 3042 3477 Judaei:
3092 3421 3210 3479 Non
3260 3422 3524 3481 Romanis
3566 3421 3589 3462 δ
3622 3424 3877 3485 bellamus;

2321 3514 2417 3571 sed
2465 3515 2628 3571 Floro
2656 3515 2747 3585 qui
2776 3514 2919 3571 bello
2950 3516 3108 3588 digna
3130 3517 3430 3587 commisit,
3465 3519 3656 3575 bellum
3683 3515 3881 3572 inferen-

2323 3610 2451 3665 dum
2496 3610 2845 3665 arbitramur.
2898 3610 3197 3683 Respondit
3237 3613 3528 3687 Agrippa:
3567 3612 3658 3669 sed
3693 3612 3782 3667 hoc
3812 3612 3880 3662 est

2325 3703 2627 3761 Romanum
2660 3704 2862 3761 bellum
2897 3706 3099 3762 inferre
3132 3723 3147 3763 :
3182 3706 3316 3763 facta
3353 3718 3533 3765 vestra
3557 3707 3878 3763 Romanorum

2329 3798 2583 3868 iniuriam
2630 3808 2842 3869 petunt.
2893 3798 3006 3854 Non
3058 3799 3265 3867 Floro,
3316 3802 3417 3858 sed
3464 3800 3753 3857 Romanis:
3793 3808 3878 3849 non

2284 3950 2293 3958 ,
2326 3890 2509 3958 Floro,
2541 3891 2636 3947 sed
2681 3890 2885 3948 Ctesari
2916 3892 3180 3948 tributum
3208 3906 3442 3965 negatur
3472 3911 3486 3949 :
3514 3910 3617 3949 non
3639 3884 3881 3957 Flori,setl

2325 3982 2701 4039 Romanorum
2728 3985 2884 4040 miles
2908 3989 2963 4039 in
2990 3994 3171 4040 castro
3192 3994 3296 4052 est,
3320 3986 3469 4057 quod
3495 3986 3777 4059 appellatur
3795 3982 3882 4036 An-

2325 4081 2501 4147 tonia,
2542 4097 2572 4136 a
2606 4095 2716 4153 quo
2764 4080 2956 4136 dirutis
2987 4080 3291 4152 divisisque
3332 4081 3635 4152 porticibus
3662 4076 3878 4144 templum

2324 4177 2653 4247 separastis,
2701 4186 2757 4231 ut
2812 4175 3060 4231 custodia
3122 4183 3585 4244 sequestrarctur.
3636 4166 3881 4229 Restituite

2326 4281 2587 4328 smtutum
2624 4282 2648 4309 ο
2680 4270 3025 4341 superiorum
3059 4288 3073 4328 :
3108 4272 3370 4328 tributum
3409 4270 3551 4343 quod
3585 4267 3767 4324 Caesari
3804 4262 3880 4317 de-

2327 4368 2506 4434 betur,
2535 4366 2734 4421 Caesari
2767 4365 3055 4431 solvatur;
3088 4380 3156 4421 ne
3184 4363 3382 4421 Florus
3413 4365 3517 4420 hoc
3554 4362 3766 4426 referat,
3792 4368 3877 4411 non

2326 4472 2387 4514 se
2424 4474 2455 4512 a
2482 4459 2637 4513 vobis
2661 4499 2675 4524 ,
2713 4457 2809 4512 sed
2839 4457 3074 4512 Ctesaris
3101 4457 3399 4526 imperium
3423 4455 3765 4527 repudiatum.
3798 4446 3881 4502 Ae-

2328 4554 2608 4622 quieverat
2654 4550 2885 4621 populus
2916 4550 3000 4605 his
3040 4549 3202 4605 dictis
3220 4582 3241 4617 ,-
3266 4548 3341 4605 ita
3372 4559 3432 4606 ut
3455 4565 3575 4605 cum
3603 4547 3815 4619 Agrippa
3836 4541 3878 4596 in

625 4656 828 4702 nostra:
865 4647 1039 4717 culpa:
1079 4646 1279 4702 ascribi
1308 4662 1435 4718 qua:
1466 4646 1817 4702 sustinemus.
1851 4645 2079 4702 Accedit
2119 4647 2225 4702 huc
2251 4650 2303 4727 D
2331 4645 2591 4717 templum
2641 4644 3001 4700 ascenderem
3023 4686 3038 4710 ,
3089 4645 3331 4715 porticus
3372 4654 3432 4700 ut
3469 4645 3673 4701 fuerant
3708 4638 3881 4727 incipcf

624 4739 768 4811 quod
799 4740 1028 4796 aliarum
1063 4740 1278 4797 urbium
1303 4740 1476 4808 bella,
1501 4754 1725 4795 suorum
1753 4739 2050 4795 incolarum
2080 4740 2228 4796 exci-

621 4837 728 4893 diis
762 4838 1195 4895 determinantur
1221 4856 1239 4892 :
1266 4848 1444 4894 vestra
1486 4836 1713 4893 rebellio
1748 4836 1914 4891 latins
1948 4836 2052 4892 erit
2075 4838 2222 4893 exci-

622 4931 773 4988 dium
823 4944 845 4972 ο
892 4932 1212 5004 religionis,
1244 4948 1366 5004 qna:
1417 4940 1531 4987 toto
1573 4930 1765 4986 dill‘usa
1793 4930 1961 4995 orbe,
1994 4931 2220 5001 populos

623 5026 827 5097 ubique
870 5025 1283 5092 disseminabit,
1319 5034 1375 5081 et
1409 5024 1464 5080 in
1502 5023 1756 5080 omnibus
1793 5022 2016 5078 urbibus
2047 5023 2218 5078 nostri

623 5121 804 5192 portio
848 5130 950 5178 eat.
983 5121 1179 5178 Vestro
1204 5120 1370 5192 igitur
1396 5119 1587 5191 praelia
1616 5117 1793 5174 Judaei
1824 5131 2016 5173 omnes
2044 5117 2223 5188 impli-

621 5216 924 5282 cabantur,
969 5231 1070 5272 nec
1107 5215 1215 5272 erit
1239 5213 1351 5270 ulla
1378 5213 1529 5284 regio
1556 5211 1729 5267 noetri
1762 5220 1961 5282 expers
1983 5210 2216 5267 cruoris.

627 5307 732 5368 Aut
752 5310 797 5366 si
831 5309 965 5365 tales
992 5316 1122 5365 sunt
1151 5307 1403 5375 Romani,
1434 5312 1494 5361 ut
1514 5304 1730 5363 Judwos
1753 5320 1862 5360 non
1885 5318 2219 5376 persequan-

618 5398 739 5473 tur,
775 5419 877 5462 nec
920 5402 1065 5461 bello
1098 5402 1338 5460 lacessiti
1372 5402 1393 5458 :‘
1417 5416 1581 5473 quam
1613 5399 1873 5471 iniustum
1902 5407 1988 5456 est
2015 5396 2216 5456 bellum

695 5602 722 5632 ι
754 5591 927 5648 Istud.
957 5589 1128 5646 Btuut.

692 5663 721 5705 ι)
757 5664 875 5721 Nar.
913 5666 987 5720 In.

698 5749 721 5811 εξ
753 5738 847 5811 Al.
862 5734 1108 5811 regionis.
1134 5730 1213 5811 in.

692 5806 719 5847 ἀ
750 5805 1014 5867 Rebeliam
1022 5822 1100 5863 us.
1137 5805 1214 5862 in.

2332 4750 2457 4794 rent
2505 4737 2803 4799 :edilicare.
2857 4739 3116 4795 tributum
3154 4746 3436 4810 cogerent.
3486 4739 3715 4809 Denique
3758 4726 3881 4789 brevi

2330 4832 2512 4888 missis
2555 4834 2609 4887 in
2651 4831 2958 4903 huiusmodi
2994 4830 3013 4870 ί
3050 4833 3251 4888 muniis
3278 4832 3559 4889 industriis
3586 4821 3882 4889 exsecutori-

2330 4927 2474 4995 bus,
2528 4937 2855 4998 congregata
2905 4936 3033 4982 sunt
3090 4927 3288 4982 talenta
3346 4924 3729 4999 quadraginta,
3783 4927 3881 4988 qua?

2328 5022 2557 5079 deerant
2582 5019 2887 5077 tributariae
2921 5021 3198 5078 solutioni.
3221 5020 3578 5093 Compressas
3603 5018 3765 5074 fuerat
3782 5024 3879 5068 om-

2329 5117 2419 5173 nis
2461 5115 2589 5172 belli
2637 5115 2898 5171 tumultus
2927 5134 2941 5169 :
2984 5114 3082 5171 sed
3105 5116 3405 5187 adjungere
3438 5115 3525 5171 his
3560 5111 3775 5184 Algrippa
3804 5116 3881 5157 vo-

2329 5211 2480 5278 lens,
2529 5218 2588 5266 ut
2637 5210 2800 5265 Floro
2832 5209 3310 5281 obtemperarent,
3341 5208 3520 5265 donec
3548 5207 3597 5263 ci
3635 5220 3664 5260 a
3691 5202 3873 5259 Casam

2326 5319 2611 5361 successor
2638 5305 2882 5369 veniret,
2915 5304 2986 5359 ita
3016 5304 3227 5375 plebem
3264 5299 3633 5374 exasperavit,
3662 5307 3715 5354 ut
3742 5308 3799 5349 ne
3822 5285 3877 5344 ab

2325 5403 2443 5474 ejus
2468 5402 2685 5475 quidem
2713 5402 3041 5459 contumelia
3068 5396 3483 5474 temperaretur,
3511 5395 3607 5457 sed
3629 5394 3877 5450 extrusum

2395 5591 2419 5619 ο
2450 5581 2806 5650 Superiorem.
2834 5581 2913 5638 In.

2396 5652 2664 5732 {Alanus
2716 5653 2792 5732 in.
2838 5684 2910 5696 —
2952 5650 3163 5732 Recole
3191 5655 3265 5732 sig
3293 5660 3440 5732 quae
3461 5650 3698 5732 superius
3715 5688 3743 5732 ,υ

2594 5727 3109 5797 fmcﬁmjmm
3117 5738 3185 5784 ει
3202 5723 3483 5785 Maiocliid
3507 5723 3864 5780 annotavimus.

2366 5815 2397 5854 Α
2467 5835 2471 5839 .
2586 5835 2602 5852 ,
