4112 6350
286 268 420 337 uss

1154 277 1424 337 HISTOR.
1469 278 1556 335 DE
1598 267 1877 337 uxorum
1915 278 2185 337 ηιειιοδε
2228 279 2433 337 URBIS
2471 278 2602 336 LIB.
2641 278 2708 337 ll.

3442 268 3586 336 ἑξ)δᾶ

286 397 415 453 urbe
446 394 723 452 nonnullis
749 393 912 466 iactis
929 386 1221 464 lapidibus,
1252 394 1523 452 incertum
1551 411 1618 450 an
1649 411 1874 467 percus-
1908 404 1947 460 Α
1982 396 2064 450 rio
2109 406 2160 451 et
2202 395 2455 466 Philippo
2482 406 2783 452 turmarum
2815 394 3077 462 ducibus,
3106 401 3167 450 ut
3203 394 3411 452 attrilio
3440 395 3584 460 freti,

284 488 467 543 seriut.
496 488 612 557 Qua
644 498 823 543 motus
861 488 1054 559 injuria
1083 502 1200 553 rex,
1229 501 1485 545 auctores
1513 505 1701 546 eorum
1727 506 1878 546 com-

285 579 578 650 prehensos
607 579 673 635 ad
704 579 923 636 Florum
950 579 1170 637 direxit.
1201 580 1325 653 Ipse
1348 591 1530 639 autem
1565 583 1619 638 in
1651 598 1875 655 regnum

280 684 435 728 suum
454 672 748 729 concessit.

904 765 1135 824 CAPUT
1174 767 1247 823 Xa

349 858 433 914 En
473 859 792 917 discedente
833 864 1203 918 concitatores
1231 861 1357 919 belli
1384 862 1705 934 coinpositis
1740 863 1877 919 insi-

276 953 411 1020 diis,
453 953 698 1010 Massada
742 954 1030 1010 castellum
1072 963 1518 1025 occupaverunt,
1561 957 1878 1026 necatisque

278 1045 649 1103 Romanorum
687 1048 1007 1104 custodibus
1046 1063 1179 1104 suos
1198 1050 1553 1105 constituere.
1588 1050 1878 1104 Eleazarus

274 1155 489 1213 quoque
524 1141 789 1212 principis
811 1141 1161 1197 sacerdotum
1193 1142 1337 1197 ﬁlius
1358 1150 1647 1215 praerupta
1673 1142 1755 1197 vir
1777 1158 1879 1197 au-

274 1235 445 1290 dacize
470 1237 662 1301 suasit,
687 1250 754 1291 ne
784 1237 942 1305 cujus
1000 1236 1318 1307 alienigeum
1364 1236 1568 1291 donum
1597 1236 1678 1290 vel
1710 1234 1881 1291 sacri-

275 1327 461 1383 ﬁcium
481 1330 818 1400 reciperetur
844 1346 859 1384 :
881 1344 1002 1400 quae
1035 1331 1193 1384 turba
1214 1329 1338 1385 belli
1361 1330 1655 1385 adversum
1680 1329 1878 1384 Roma-

271 1438 377 1478 nos
402 1422 523 1486 fuit,
554 1425 948 1495 universosque
978 1425 1033 1478 in
1063 1424 1354 1479 tumultum
1373 1424 1649 1480 excitavit.
1678 1423 1878 1480 Viden-

270 1524 361 1572 tes
398 1517 578 1588 itaque
606 1516 873 1587 potissimi
907 1519 1137 1587 quique,
1170 1518 1313 1590 quod
1340 1532 1403 1573 ea
1434 1520 1522 1572 tes
1552 1525 1580 1554 ι
1609 1532 1876 1586 praesum-

269 1621 383 1681 ptre
428 1626 589 1668 causa
634 1610 776 1666 foret
800 1609 1192 1675 dissensionis,
1234 1611 1467 1682 agebant
1492 1623 1613 1665 eum
1642 1609 1874 1681 populo,

269 1717 386 1759 non
410 1704 587 1759 solum
614 1704 813 1759 Gestari
842 1703 1042 1760 bellum
1075 1706 1328 1775 irrogari,
1357 1704 1454 1759 sed
1483 1704 1672 1759 violari
1703 1704 1873 1760 etiam

268 1797 520 1854 instituta
551 1796 849 1870 religionis,
880 1799 1178 1869 templique
1207 1799 1451 1853 imminui
1476 1799 1869 1855 reverentiam:
1908 1812 1950 1875 Β
1981 1794 2248 1848 mittareul

268 1894 435 1964 argui
460 1902 516 1949 et
534 1894 885 1951 condemnari
918 1900 1131 1966 patrum
1161 1894 1506 1962 traditiones,
1539 1895 1631 1966 qui
1662 1910 1733 1950 er
1758 1911 1874 1949 ruu-

266 1988 499 2045 neribus
564 1989 996 2059 alienigenarum
1066 1990 1329 2060 templum
1381 1992 1737 2056 ornaverint,
1786 1988 1874 2044 cui

269 2081 448 2137 multo
464 2080 994 2152 ampliusaecesserit
1012 2081 1321 2136 divitiarum
1346 2096 1411 2138 ex
1428 2082 1719 2137 collatione
1739 2097 1875 2152 gen-

269 2179 433 2240 tium,
462 2175 729 2247 donisque
748 2176 1086 2232 diversarum
1106 2184 1162 2231 et
1190 2176 1671 2231 innumerabilium
1697 2178 1876 2232 natio-

273 2282 449 2328 num:
479 2268 787 2327 oblitterari
816 2283 1003 2327 sancta
1032 2271 1324 2341 majorum,
1350 2280 1542 2326 sacres
1565 2273 1705 2326 ritus
1724 2269 1751 2309 ι’
1772 2285 1875 2327 no-

267 2364 416 2419 vari.
444 2364 584 2431 Quid
622 2363 859 2419 futurum
891 2362 960 2419 de
990 2362 1075 2419 his
1102 2377 1224 2434 qua:
1252 2376 1381 2419 ante
1405 2364 1607 2419 collata
1635 2373 1801 2429 sunt,
1830 2364 1877 2419 si

266 2454 446 2511 simili
470 2456 632 2509 modo
654 2453 897 2510 conferri
925 2457 979 2509 in
1004 2463 1283 2525 posterum
1309 2454 1451 2509 dona
1478 2457 1723 2524 gentium
1755 2462 1879 2524 pro-

270 2549 569 2605 hibeantur
601 2547 629 2603 7
673 2548 783 2603 Aut
827 2550 874 2603 si
932 2548 1065 2604 solis
1105 2548 1367 2603 [tertianis
1408 2548 1482 2602 sit
1527 2546 1876 2603 interdictum

265 2639 423 2713 quod
444 2639 697 2694 omnibus
720 2640 901 2707 liceat,
928 2638 1077 2710 quod
1098 2638 1432 2694 incentivum
1457 2639 1584 2695 belli
1606 2637 1883 2695 futurum?

268 2735 618 2792 Postremum
644 2778 660 2803 ,
706 2735 963 2806 impium,
995 2734 1041 2790 si
1091 2734 1233 2805 apud
1277 2733 1499 2790 Judatos
1545 2743 1754 2790 tantum
1784 2746 1882 2791 nec

268 2828 591 2887 sacriﬁcare
611 2862 627 2894 ε
672 2842 775 2885 nec
820 2830 1023 2886 inferre
1053 2830 1281 2885 munera
1312 2828 1507 2885 alienis
1536 2830 1881 2901 permittere-

271 2933 389 2979 tur.
414 2920 779 2978 considerare
800 2934 898 2979 eos
924 2931 1203 2992 oportere,
1231 2921 1356 2992 quia
1384 2920 1619 2978 Caesaris
1644 2938 1742 2993 par
1772 2921 1887 2976 θυι.

273 3025 537 3084 veretur;
566 3030 729 3088 quem
776 3015 1087 3087 huiusmodi
1130 3027 1341 3072 motum
1385 3014 1711 3084 oti‘ensioue,
1741 3014 1884 3072 haud

272 3112 446 3169 dubie
498 3110 764 3168 facturum
793 3153 807 3178 ,
851 3120 908 3166 ut
937 3110 1172 3179 eriperet
1216 3109 1421 3166 Judaeis
1467 3124 1683 3165 omnem
1723 3122 1883 3165 usuin

1978 486 2243 543 bonarum
2283 487 2629 544 cnnsnltores
2672 486 2904 556 partium
2938 491 3241 560 promptius
3270 487 3584 543 adniteren-

1981 593 2088 635 tur.
2138 580 2271 636 iliuc
2312 581 2506 637 ﬁducia
2560 581 2717 636 bonis
2746 591 2907 648 orta,
2964 582 3224 652 improbis
3254 582 3578 653 indignatio,

1976 672 2186 729 bellum
2216 673 2472 730 adolevit.
2500 672 2635 730 Cum
2669 674 2770 729 bos
2809 686 2975 730 causa
3015 674 3238 745 iustior,
3289 689 3412 746 quae
3444 673 3579 729 nihil

1982 774 2162 821 tamen
2206 781 2485 821 armorum
2534 766 2821 823 conﬂictus
2863 765 3121 838 juvaret;
3159 767 3281 823 illos
3321 766 3480 822 furor
3523 774 3582 823 et

1978 860 2340 917 multitudinis
2380 876 2637 918 numerus
2668 862 3017 929 accenderet,
3044 861 3237 918 divisae
3264 861 3411 917 acies
3441 878 3579 931 prat-

1980 953 2249 1008 liatorum.
2293 954 2575 1025 Principes
2604 955 2951 1011 sacerdotum
2980 963 3037 1011 et
3066 955 3215 1027 vulgi
3251 956 3431 1026 portio
3456 970 3579 1025 quae

1980 1063 2169 1119 pacem
2209 1050 2507 1120 optabant,
2539 1064 2662 1104 cum
2710 1050 2874 1120 regiis
2907 1051 3179 1121 equitibus
3213 1060 3419 1120 partem
3447 1049 3582 1107 civi-

1978 1143 2106 1196 tatis
2136 1144 2472 1210 superiorem
2505 1156 2847 1213 occupavere
2872 1163 2887 1197 :
2918 1143 2994 1198 illi
3022 1143 3118 1199 alii
3148 1144 3202 1199 in
3231 1142 3579 1201 interioribus

1974 1234 2102 1301 siti,
2134 1236 2393 1305 templum
2423 1245 2478 1292 et
2519 1240 2818 1308 propinqua
2848 1237 2965 1292 loca
2995 1240 3167 1293 sacris
3196 1238 3301 1293 sibi
3329 1236 3577 1293 vindica-

1979 1326 2128 1382 bant.
2145 1326 2327 1383 Primo
2350 1328 2621 1398 lapidibus
2640 1339 2693 1384 et
2716 1331 2863 1385 saxis
2883 1338 2940 1385 et
2958 1331 3104 1399 iactu
3130 1332 3358 1387 telorum
3389 1331 3577 1386 utrim-

1978 1435 2083 1491 que
2122 1421 2320 1477 bellum
2366 1421 2671 1489 laceSsunt,
2700 1422 3004 1479 decernunt
3029 1425 3259 1495 sagittis.
3292 1424 3484 1480 Postea
3514 1432 3575 1480 ut

1978 1528 2102 1570 sese
2146 1514 2284 1571 forte
2330 1515 2529 1571 obtulit
2578 1516 2861 1587 proeliandi
2908 1521 3246 1582 necessitas,
3304 1524 3578 1573 conserta:

1979 1621 2172 1662 manus
2207 1625 2221 1661 :
2268 1609 2457 1676 peritia
2512 1624 2719 1675 usuque
2762 1607 2896 1680 regii
2933 1612 3294 1679 praestabant,
3330 1610 3576 1665 volentes

1977 1714 2167 1756 arcere
2216 1716 2445 1757 accessu
2489 1702 2620 1758 belli
2652 1703 3002 1770 excitator-es,
3051 1719 3120 1758 ne
3151 1705 3410 1774 templum
3439 1703 3579 1757 inta-

2298 1811 2312 1849 :
2355 1804 2541 1850 contra
2590 1794 2856 1850 Eleazaro
2901 1810 3026 1851 cum
3062 1795 3196 1864 suis,
3222 1801 3384 1853 etiam
3417 1810 3577 1866 supc-

1978 1887 2179 1942 riorem
2209 1886 2399 1943 urbem
2419 1903 2539 1959 qum
2560 1889 2852 1945 vocabatur
2879 1888 3033 1957 Sion,
3060 1889 3318 1946 invadere
3338 1891 3576 1945 studium

1977 1990 2092 2032 erat
2121 1996 2134 2031 :
2180 1992 2391 2050 septem
2419 1981 2611 2036 diebus
2639 1982 2757 2038 sine
2794 1982 3196 2039 intermissione
3232 1982 3413 2054 aliqua
3461 1984 3579 2040 bel-

1980 2073 2143 2127 latum
2187 2084 2290 2128 est.
2321 2072 2555 2130 Octavus
2580 2063 2944 2131 solemnitatis
2967 2075 3108 2141 dies,
3138 2092 3246 2147 quo
3271 2077 3414 2149 ligna
3445 2091 3564 2133 om-

1980 2180 2077 2221 nes
2128 2165 2388 2223 altaribus
2434 2168 2686 2224 siilebant
2731 2170 3044 2239 imponere,
3094 2185 3164 2225 ne
3192 2170 3410 2241 quando
3438 2170 3581 2242 ignis

1979 2261 2272 2331 deﬁceret,
2318 2278 2479 2334 quem
2533 2264 2821 2334 oportebat
2860 2264 3356 2337 inexstiuguibilem
3401 2279 3585 2336 perse-

1984 2370 2193 2420 verare,
2230 2355 2469 2412 furorem
2497 2358 2731 2425 addidit,
2762 2369 2820 2415 ut
2845 2375 3034 2416 omnes
3057 2375 3087 2416 a
3119 2361 3323 2431 templo
3343 2361 3583 2418 ministri

1980 2448 2420 2506 excluderentur.
2462 2451 2739 2508 Audacius
2785 2455 2951 2510 solito
2994 2454 3205 2510 sicariis
3246 2469 3371 2512 sese
3410 2455 3584 2526 prori-

1984 2543 2255 2612 pientibus
2285 2560 2503 2601 cessere
2542 2547 2702 2618 regii,
2724 2561 2828 2602 nec
2859 2549 2911 2602 in
2938 2549 3311 2618 superioribus
3340 2549 3584 2620 partibus

1981 2636 2287 2690 consistere
2330 2637 2491 2692 ausi:
2541 2639 2777 2695 incensze
2806 2641 2954 2696 aedes
2998 2641 3237 2712 Agrippe
3270 2650 3325 2697 et
3354 2640 3581 2699 Bereni-

1982 2740 2096 2794 ces,
2136 2726 2406 2796 direptum
2450 2744 2611 2787 otuue
2655 2734 3075 2788 instrumentum
3120 2733 3330 2806 regium
3382 2751 3397 2789 :
3443 2733 3584 2807 ignis

1983 2820 2488 2890 circumierebatur,
2514 2834 2572 2878 ut
2597 2825 2960 2896 chirographa
2985 2825 3316 2895 debitorum,
3345 2844 3467 2900 qua:
3495 2844 3583 2886 re-

1984 2913 2206 2969 condita
2251 2900 2304 2968 iu
2342 2915 2623 2971 tabulariis
2671 2929 2829 2973 erant
2866 2927 2892 2966 ε
2940 2920 3169 2991 publicis
3199 2934 3582 2978 exurerentur.

1984 3009 2103 3076 Quo
2146 3008 2545 3067 feneratoribus
2590 3012 2705 3069 suis
2739 3011 2939 3086 inopes
2977 3017 3304 3073 insolentius
3338 3018 3586 3091 insurge-

1986 3111 2137 3170 rent,
2189 3105 2337 3159 omni
2384 3120 2530 3160 nexu
2570 3121 2694 3163 sese
2721 3108 3003 3165 absolutos
3031 3110 3306 3176 arbitrati,
3334 3115 3591 3171 incende-

273 3206 721 3272 sacritieiorum;
758 3215 781 3245 ε
823 3216 880 3259 ut
921 3218 1019 3258 nec
1047 3218 1147 3273 pro
1173 3218 1232 3258 se
1258 3203 1649 3265 sacriﬁcarent,
1684 3205 1776 3274 qui
1799 3217 1887 3258 sa-
1912 3210 1956 3273 C
1993 3195 2119 3251 baut
2150 3198 2340 3254 urbem
2380 3199 2629 3256 manibus
2650 3201 2786 3269 suis,
2804 3206 3177 3261 exurebantur
3206 3208 3360 3264 nervi
3398 3211 3586 3265 civita-

277 3299 555 3356 criiicium
584 3298 817 3354 Cursoris
859 3296 1270 3365 reintavissent,
1299 3295 1739 3367 praeveniendum
1772 3311 1887 3351 ma-

280 3404 434 3451 ture.
485 3392 623 3448 Nam
664 3392 794 3447 talia
823 3391 1074 3447 consulta
1103 3390 1149 3445 si
1176 3390 1241 3445 ad
1272 3389 1526 3456 Florum,
1559 3397 1724 3461 atque
1763 3389 1888 3446 inde

280 3487 433 3545 haud
482 3487 645 3543 dubie
690 3487 758 3542 ad
813 3485 1087 3542 Caesarem
1137 3487 1487 3556 pervenirent
1514 3527 1529 3553 ,
1572 3484 1887 3541 Iudaeorum

280 3584 434 3654 genti
481 3594 688 3654 pestem
728 3576 757 3620 ἀ
800 3581 1007 3637 factura
1040 3598 1052 3635 :
1084 3581 1251 3636 siinnl
1278 3580 1397 3637 haec
1425 3590 1674 3637 astruere
1708 3594 1892 3637 sacer-

280 3679 477 3735 dolum
528 3677 855 3734 testimoniis
898 3676 1308 3745 desiderantes,
1362 3677 1800 3747 interrogabant,
1842 3674 1890 3732 si

283 3776 544 3842 umquam
585 3782 617 3824 s
653 3770 952 3840 majoribus
991 3778 1139 3825 esset
1179 3768 1460 3824 Soeriﬁciis
1483 3771 1767 3840 gentilium
1800 3782 1890 3825 re-

285 3867 597 3923 nuntiatum
641 3882 654 3920 :
698 3867 749 3921 id
791 3866 1083 3938 quominus
1113 3866 1366 3937 liqueret,
1409 3866 1797 3938 obstrepebant
1825 3865 1893 3921 ad

287 3958 621 4016 seditionem
661 3960 831 4031 parati
867 3976 881 4013 :
933 3973 1035 4014 nec
1064 3959 1301 4014 ministri
1328 3959 1553 4031 quidem
1583 3959 1774 4016 altaris
1799 3975 1897 4015 au-

285 4054 496 4111 debant
538 4070 659 4111 sese
701 4064 864 4110 tantae
908 4056 1341 4112 discordantium
1387 4058 1634 4114 inserere
1670 4067 1897 4114 conten-

287 4147 429 4202 tioni
456 4164 469 4199 :
499 4162 666 4203 unum
695 4148 992 4204 remedium
1032 4162 1323 4220 superesse
1350 4152 1527 4206 visunt
1553 4158 1658 4217 est,
1689 4161 1747 4208 ut
1772 4151 1897 4208 Flo-

291 4257 391 4297 rus
422 4252 585 4311 atque
610 4243 845 4314 Agrippa
878 4258 975 4299 rex
1004 4259 1127 4299 cum
1167 4245 1390 4300 militari
1421 4261 1584 4302 manu
1613 4245 1897 4316 adessent,

292 4347 353 4392 ut
395 4326 588 4392 suitent
619 4344 761 4393 metu
789 4337 1147 4407 desisterent,
1186 4340 1281 4412 qui
1303 4340 1535 4399 consilio
1559 4356 1898 4415 nequaquam

293 4436 713 4486 revocarentur.
748 4429 859 4488 Sed
890 4431 1115 4501 Florus,
1145 4434 1238 4505 qui
1277 4435 1465 4505 augeri
1490 4434 1654 4491 vellet
1680 4437 1903 4492 seditio-

299 4540 450 4590 nem,
494 4541 561 4580 ne
592 4525 733 4580 ullus
777 4523 979 4582 Iudaeis
1008 4540 1157 4584 esset
1200 4530 1372 4585 veniae
1402 4530 1554 4586 locus
1586 4530 1637 4604 (ε
1668 4533 1761 4604 qui
1798 4533 1899 4589 nisi

1994 3290 2064 3344 tis
2087 3330 2102 3357 ,
2135 3303 2502 3363 expugnatum
2549 3305 2633 3350 est
2667 3304 2908 3353 castrum
2950 3300 3035 3354 cui
3065 3316 3264 3358 nomen
3316 3301 3586 3374 Antonia,

1990 3386 2115 3440 Caesi
2147 3400 2338 3441 omnes
2367 3390 2625 3445 custodes
2653 3393 2880 3462 reperti,
2905 3394 3186 3451 incensum
3215 3409 3428 3468 postea.
3452 3399 3594 3456 Mas-

1992 3479 2177 3535 sadam
2207 3498 2421 3555 quoque
2459 3487 2763 3558 proripiens
2789 3504 2914 3545 sese
2946 3489 3270 3563 Manaimus,
3299 3493 3453 3550 Judae
3486 3495 3595 3552 Ga—

1993 3577 2116 3632 lilan
2148 3578 2310 3645 ﬁlius,
2340 3596 2467 3638 acer
2496 3593 2551 3638 et
2578 3586 2787 3655 peritus
2823 3590 3092 3659 sophista,
3123 3603 3177 3646 et
3207 3594 3487 3650 turbandis
3509 3610 3596 3652 re-

1993 3670 2095 3727 bus
2129 3674 2483 3742 exercitatus,
2511 3694 2786 3734 armorum
2815 3680 3022 3737 invasit
3046 3682 3315 3753 ofﬁcinas,
3336 3696 3393 3741 ct
3419 3686 3598 3745 induit

1993 3764 2163 3820 armis
2200 3770 2457 3822 inermes.
2489 3768 2899 3845 Regressusque
2930 3777 2981 3830 in
3017 3776 3470 3851 Hierosolymam,
3500 3782 3599 3839 sti-

1998 3858 2273 3927 patoribus
2316 3869 2591 3933 tamquam
2632 3867 2785 3936 regio
2827 3884 2978 3925 more
3022 3872 3442 3942 comitantibus,
3495 3875 3599 3932 im-

1995 3967 2157 4008 mane
2198 3967 2460 4026 quantum
2497 3958 2848 4030 inauleverat,
2881 3975 2938 4019 ut
2976 3967 3393 4039 supergrediens
3440 3986 3598 4029 usum

1998 4046 2268 4116 privatum
2291 4089 2308 4116 ,
2342 4064 2444 4106 nec
2470 4050 2540 4108 ab
2578 4051 2785 4112 illicitis
2815 4040 3035 4126 quidem
3070 4075 3189 4131 qua:
3221 4060 3376 4119 liberi
3415 4066 3600 4136 populi

1997 4134 2144 4195 ferre
2176 4156 2284 4196 nou
2324 4157 2580 4213 possent,
2622 4150 3031 4221 temperandum
3075 4154 3432 4213 arbitraretur
3460 4134 3602 4216 {n.—

1999 4226 2346 4306 surgentibus
2374 4238 2429 4295 in
2460 4256 2583 4297 eum
2612 4244 2876 4314 pluribus,
2903 4247 2998 4320 qui
3029 4248 3217 4307 fultum
3246 4256 3414 4325 regali
3442 4255 3602 4314 indu-

2001 4341 2223 4399 mento,
2269 4343 2561 4405 tyrannum
2603 4345 2660 4393 et
2700 4339 2981 4397 dominum
3013 4343 3327 4402 incubuisse
3360 4346 3602 4406 libertati

2001 4424 2201 4479 civium
2242 4426 2664 4499 increpitarent,
2695 4448 2890 4504 graves
2915 4450 3107 4509 poenas
3129 4440 3318 4509 dedit,
3353 4450 3412 4497 ut
3433 4445 3604 4502 amic-

2005 4526 2091 4572 tus
2121 4520 2272 4590 prius
2300 4520 2634 4581 cruciatibus
2671 4526 3074 4601 immoraretur,
3103 4548 3206 4591 nec
3237 4544 3417 4594 tamen
3445 4539 3608 4597 dissi-

300 4622 530 4677 involnti
579 4623 723 4678 bello
764 4620 962 4689 forent,
996 4624 1223 4692 urgendi
1275 4626 1495 4697 rapinas
1524 4627 1665 4698 ejus,
1695 4635 1752 4683 et
1779 4643 1900 4699 gra-

2004 4612 2153 4667 dium
2202 4626 2494 4673 remotum.
2540 4618 2673 4677 Nam
2721 4625 2894 4682 multo
2935 4629 3154 4699 gravior
3197 4643 3380 4689 motus
3427 4636 3611 4693 insur-

302 4717 455 4770 viora
487 4715 774 4770 commissa
802 4714 1033 4771 breuitas
1053 4717 1235 4773 omnis
1256 4717 1744 4794 exstingueretur),
1781 4734 1901 4789 pas-

300 4820 399 4864 sus
436 4815 522 4864 est
547 4815 797 4865 cressere
828 4810 950 4865 belli
996 4811 1263 4880 furorem,
1294 4812 1539 4884 nihilque
1571 4812 1760 4885 legatis
1788 4828 1904 4870 res-

305 4903 459 4972 ponsi
492 4902 744 4959 reddidit.
779 4905 1012 4976 Agrippa
1044 4918 1182 4961 vero
1205 4906 1224 4944 τ
1254 4922 1414 4979 quam
1443 4910 1678 4964 maxime
1697 4909 1905 4966 ambie-

306 4990 399 5051 bat
451 4995 601 5065 Scyli
653 5002 710 5052 et
760 4995 977 5069 Antipze‘
1028 4996 1425 5073 Custoba’rique
1480 5005 1904 5074 propinquorum

306 5094 530 5143 suorum
583 5089 929 5162 legationem,
966 5092 1018 5147 in
1067 5108 1357 5151 commune
1384 5094 1611 5161 bonum,
1643 5106 1699 5153 ut
1727 5097 1909 5176 eglo-

307 5180 459 5236 dmos
502 5180 763 5239 Romanis
811 5190 1091 5251 servaret,
1123 5194 1181 5243 et
1221 5186 1429 5243 ludatis
1453 5188 1792 5261 religionem,
1828 5208 1913 5262 pa-

313 5274 430 5327 tria:
458 5264 744 5345 tempinm,
782 5275 970 5332 urbem
998 5278 1228 5347 civibus,
1249 5281 1463 5351 sibique
1490 5283 1707 5352 imperii
1721 5284 1910 5354 decus,

315 5366 469 5438 regni
506 5366 957 5437 tranquillitatem
977 5400 998 5437 ι
1028 5371 1174 5427 misit
1201 5372 1309 5428 trial
1334 5373 1511 5431 inillia
1534 5376 1777 5448 etruitum
1808 5377 1914 5436 Da-

390 5493 415 5520 λ
457 5473 766 5553 Ρνώναριω.
802 5470 975 5542 ΒΑΜ.

386 5554 415 5593 δ
444 5555 581 5632 βοά.
618 5568 737 5632 vel.
757 5562 956 5632 negari.
985 5557 1062 5615 In.

392 5638 414 5667 ο
452 5628 530 5706 ιβ
558 5644 624 5706 ως
655 5628 913 5706 editione
937 5632 1271 5706 Ascensiana
1320 5635 1599 5706 supplevit
1650 5634 1797 5702 hunc
1825 5637 1912 5694 lo-

321 5712 441 5767 cum
477 5684 807 5757 Marcentes.
850 5684 1364 5767 Ᾱιξέἆῐὲζζῖιῗτιὶέ

325 5766 542 5844 Cesaris
576 5773 955 5844 "interissent.
992 5773 1276 5835 Guumr.
1337 5773 1341 5777 ’

394 5838 423 5881 ⁸
451 5838 728 5900 Futurum.
759 5842 931 5902 ΒΑΜ.

2008 4707 2172 4762 rexit.
2204 4698 2450 4783 Denique
2478 4712 2715 4771 Metilius
2749 4733 2873 4774 cum
2908 4698 3171 4779 Romanis
3200 4726 3462 4784 militibus
3489 4746 3616 4786 ora-

2009 4994 2130 5051 sine
2171 5008 2316 5054 metu
2360 4999 2606 5073 abirent,
2641 5006 2709 5061 ab
2760 5006 3025 5065 Eleazaro
3066 5023 3122 5069 et
3151 5017 3316 5072 sociis
3359 5017 3614 5079 isetiireis

2013 5095 2167 5150 multi
2191 5098 2623 5158 obtruncantur:
2656 5119 2765 5161 non
2798 5108 3165 5167 resistendum
3187 5112 3455 5172 adversus
3480 5119 3611 5187 vim,

2014 5202 2114 5242 nec
2145 5191 2474 5258 precandum
2494 5198 2621 5264 rati,
2647 5198 2744 5254 sed
2771 5204 3146 5262 tantummodo
3172 5206 3426 5264 violamm
3453 5210 3616 5268 [idem

2015 5289 2072 5377 et
2097 5283 2397 5354 periurium
2436 5288 2766 5357 perﬁdorum
2799 5295 3179 5356 vociferantes.
3202 5301 3405 5358 Omnes
3432 5306 3618 5377 itaque

2016 5376 2284 5434 iuteriecd
2312 5395 2329 5436 :
2373 5380 2609 5439 Metilius
2644 5385 2765 5457 ipse
2797 5388 3089 5460 praefectus
3116 5395 3347 5451 militum
3379 5376 3621 5471 rogando

2298 5499 2668 5591 cod.',iquibus
2695 5507 2742 5561 si
2762 5506 2985 5564 inpoliti
3002 5502 3137 5567 uno
3153 5512 3346 5585 ferent,
3366 5518 3622 5591 arguerat

2020 5573 2259 5640 rapinas,
2289 5582 2400 5629 etc.
2435 5573 2511 5629 In.

2100 5641 2120 5682 ί
2142 5644 2367 5727 .Aliquid
2424 5645 2619 5705 deesse
2666 5649 2883 5727 videtur
2911 5695 2925 5719 ,
2983 5652 3277 5727 legendum

1458 5657 1599 5692 rem
1651 5657 1912 5723 nancio-
2101 5657 2116 5682 ι
2151 5657 2367 5716 anqqu
2424 5657 2619 5705 deesse
2666 5657 2883 5707 videtur
2911 5695 2925 5719 ,
2983 5657 3277 5727 tegeaeum
3362 5662 3369 5673 ‘
3465 5680 3556 5724 sse
3603 5684 3623 5725 :

1458 5724 1490 5764 ο
1515 5725 1573 5766 se
1598 5710 1917 5781 mulierum
2026 5715 2260 5806 égrippa
2285 5733 2403 5774 vero
2426 5732 2514 5784 om
2540 5736 2697 5792 quam
2724 5726 2947 5782 maxime
2984 5718 3122 5786 an“.
3154 5758 3171 5787 δ
3199 5776 3209 5786 .
3240 5754 3257 5787 :
3281 5759 3299 5790 .·
3322 5657 3486 5806 m,
3514 5750 3627 5800 etc.

2028 5787 2310 5847 Gabino.

2108 5870 2134 5910 s
2158 5859 2392 5918 Publice.
2418 5861 2588 5919 ΒΑιιι.
