4112 6350
614 268 759 333 2055

605 402 661 450 et
677 385 1039 455 obsecrando,
1069 381 1230 442 simul
1258 379 1525 453 pollicens
1552 390 1728 451 usque
1756 376 1821 433 ad
1846 377 2215 434 circumcisio—

602 501 731 544 nem
777 495 991 557 quoque
1032 494 1093 536 se
1127 475 1375 534 Judmum
1416 473 1678 539 futurum,
1705 472 2205 529 solus'rcscrvatur.

1232 567 1462 627 CAPUT
1500 568 1597 625 XI.

677 672 918 732 Ardebat
959 668 1140 725 omnis
1183 665 1370 724 Judaaa
1417 681 1432 719 :
1481 661 1637 737 Syria
1677 675 1892 734 quoque
1930 656 2210 730 provincia

602 768 785 827 omnis
831 767 884 822 in
934 763 1138 821 bellum
1188 771 1216 800 α
1257 758 1515 815 excitata.
1563 756 1807 829 Denique
1846 737 2210 811 Cmsaricnses

605 874 980 935 quoscumque
1030 855 1302 913 habebant
1342 853 1560 910 Judteos
1615 849 2056 907 interfecerunt:
2102 860 2210 917 quo

604 957 799 1014 dolore
844 951 1092 1017 excitati,
1132 949 1393 1021 plurimas
1434 946 1609 1020 Syria:
1635 944 1800 1001 urbes
1830 941 2000 999 Judaei
2028 939 2206 996 adorsi

607 1049 1061 1107 debellaverunt:
1101 1058 1365 1115 nusquam
1401 1042 1514 1113 jus,
1544 1052 1809 1110 nusquam
1838 1036 2029 1107 religio
2058 1052 2071 1088 :
2106 1049 2207 1089 no-

607 1146 772 1202 bilior
799 1150 939 1211 erat,
974 1142 1067 1214 qui
1099 1139 1254 1213 plura
1282 1125 1606 1209 diripuerat,
1648 1132 1805 1206 quasi
1834 1130 2052 1204 praemia
2080 1142 2210 1184 con-

609 1254 807 1315 gercns
859 1236 1218 1295 fortitudinis.
1275 1234 1405 1288 Erat
1442 1229 1811 1302 spectaculum
1859 1223 2206 1290 miserabile,

605 1348 730 1391 cum
781 1331 1058 1388 inhumata
1106 1342 1338 1400 corpora
1370 1325 1575 1397 passim
1600 1322 1846 1394 jacerent
1871 1319 1926 1375 in
1960 1318 2205 1383 urbibus;

608 1429 793 1502 pueris
822 1424 1106 1484 commixti
1130 1437 1314 1491 senes,
1340 1419 1596 1476 mulieres
1617 1430 1832 1489 quoque
1855 1429 1956 1471 nec
1986 1420 2210 1484 propter

606 1521 996 1579 verecundiam
1047 1516 1413 1590 spectantium
1464 1512 1816 1569 munimentis
1868 1507 2064 1581 quibus
2109 1519 2210 1577 pu-

607 1615 784 1673 denda
826 1620 1180 1687 tegerentur,
1230 1608 1481 1666 relictis:
1530 1606 1712 1663 omnia
1757 1602 1899 1661 fmda
1948 1609 2006 1657 et
2048 1599 2207 1671 plena

607 1712 792 1785 specie
827 1707 1160 1775 miserabili,
1194 1721 1316 1778 qua:
1356 1717 1480 1761 cum
1511 1710 1712 1759 tetrum
1743 1698 2027 1754 horrorem
2049 1707 2209 1749 exce-

607 1807 804 1865 derent
825 1806 1007 1877 gravis
1034 1818 1099 1859 ac
1124 1800 1348 1858 nefaria:
1369 1794 1725 1861 crudelitatis,
1752 1790 2000 1863 graviora
2027 1797 2208 1843 tamen

607 1901 787 1958 adhuc
830 1898 933 1956 sibi
976 1897 1209 1955 invicem
1251 1891 1664 1950 minitabantur.
1703 1886 1835 1944 Erat
1870 1885 2107 1941 immane
2132 1879 2211 1935 la-

605 1994 894 2053 trocinium
942 1994 1084 2050 inter
1121 1990 1340 2048 Iudaeos
1391 2003 1455 2043 ac
1498 1986 1689 2058 Syros,
1737 1997 1860 2039 cum
1904 1994 2029 2051 spes
2062 1978 2209 2034 nulla

604 2090 797 2148 salutis
839 2096 1007 2158 esset,
1062 2085 1167 2142 nisi
1217 2090 1277 2140 ut
1310 2082 1548 2155 invicem
1570 2095 1630 2136 se
1658 2076 2047 2151 praevenirent.
2077 2073 2211 2143 Quae

607 2186 753 2243 enim
795 2183 1027 2253 civitas,
1060 2196 1181 2254 qum
1217 2194 1325 2234 non
1371 2177 1589 2234 Judmos
1626 2173 1788 2230 simul
1813 2179 1867 2229 et
1892 2171 2059 2244 Syros
2086 2184 2211 2241 per-

608 2281 811 2335 mixtos
851 2276 1112 2334 haberet?
1139 2274 1267 2330 Dies
1304 2272 1358 2328 in
1393 2268 1691 2342 sanguine,
1724 2276 1911 2323 noctes
1943 2267 1995 2322 in
2025 2263 2212 2321 formi—

603 2373 732 2431 dine
754 2371 1198 2444 transigebantur
1222 2384 1236 2424 :
1261 2382 1364 2424 nec
1397 2364 1561 2429 odiis,
1595 2378 1696 2420 nec
1734 2361 1974 2418 avaritiae
2013 2358 2209 2417 modus

606 2466 773 2523 ullus.
804 2464 940 2521 Nam
973 2472 1175 2536 prmter
1212 2471 1487 2518 sectarum
1523 2467 1580 2515 et
1602 2457 1780 2513 cultus
1810 2455 2207 2521 diversitatem,

604 2575 727 2633 quae
777 2560 833 2615 in
877 2558 1079 2614 malum
1114 2555 1392 2629 publicum
1434 2559 1724 2623 eruperat,
1756 2558 1815 2605 ut
1842 2565 1871 2606 c
1898 2549 2122 2605 diverso
2150 2561 2209 2603 se

605 2655 851 2728 perditos
881 2653 1117 2721 vellent;
1141 2650 1367 2708 avaritia
1396 2649 1629 2706 habendi
1659 2657 1714 2705 et
1742 2645 1989 2717 rapiendi
2013 2643 2209 2715 cupido

603 2748 679 2806 ita
712 2748 953 2804 animum
983 2747 1289 2814 invaserat,
1320 2753 1379 2799 ut
1407 2742 1580 2810 nulli,
1614 2756 1772 2813 quem
1804 2739 2000 2812 prteda:
2030 2737 2211 2795 studio

602 2843 964 2917 dcputassent
1004 2842 1166 2909 neci,
1210 2839 1543 2913 parcendum
1581 2837 1939 2895 aestimarent.
1970 2834 2111 2904 Quid
2142 2834 2210 2891 de

600 2939 818 2996 minore
866 2952 1098 2995 numero
1129 2949 1396 2993 cmsorum
1441 2932 1676 3006 loquar?
1698 2931 1834 2988 Nam
1861 2939 2067 3002 praeter
2091 2926 2206 2984 An-

601 3036 886 3094 tiochenos
913 3078 927 3103 ,
972 3043 1027 3091 et
1067 3033 1325 3093 Sidonios
1364 3041 1419 3089 et
1444 3031 1778 3103 Apamenos,
1809 3028 2032 3084 difficile
2057 3026 2209 3099 quis-

602 3147 764 3205 quam
796 3129 1053 3203 populus,
1083 3128 1451 3185 inhabitantes
1476 3139 1663 3182 secum
1701 3123 1920 3180 Iudaeos
1949 3137 2057 3178 non
2084 3134 2209 3192 per-

601 3239 824 3286 secutus
870 3236 976 3285 est.
1018 3227 1048 3266 b
1093 3226 1383 3285 Gerassem
1421 3231 1603 3280 autem
1646 3230 1703 3278 et
1724 3221 1971 3277 volentes
1998 3215 2204 3288 egredi,

601 3338 779 3394 usque
815 3321 883 3378 ad
909 3322 1046 3378 lines
1075 3320 1328 3392 proprios
1358 3315 1637 3390 prosecuti
1664 3322 1825 3381 sunt,
1860 3319 1920 3367 ut
1945 3312 2066 3367 sine
2097 3308 2206 3364 ulla

602 3416 797 3474 fraude
814 3415 1053 3472 abirent.
1077 3412 1424 3471 Alexandria:
1440 3425 1574 3468 vero
1591 3416 1713 3466 orta
1737 3409 1878 3464 inter
1898 3403 2129 3479 gentiles
2152 3413 2209 3459 et

601 3511 825 3569 Judaeos
863 3510 1246 3573 contentione,
1272 3510 1400 3565 dum
1433 3507 1649 3564 Hebraei
1690 3504 1986 3561 vindictam
2014 3514 2202 3571 repos-

600 3616 825 3674 cerent,
859 3622 922 3663 ac
957 3606 1130 3677 raptis
1175 3603 1414 3662 fascibus
1453 3608 1844 3674 congregatum
1891 3596 1947 3652 in
1988 3594 2203 3666 amphi-

601 3699 818 3758 theatro
867 3700 1127 3771 populum
1169 3695 1457 3770 gentilium
1503 3695 1884 3751 minitarentur
1932 3703 2198 3755 exurere,

598 3794 706 3853 alia
728 3803 1017 3852 curantem
1048 3792 1419 3851 Alexandrum
1446 3790 1725 3848 Tiberium
1754 3786 2067 3860 praefectum
2098 3783 2204 3840 loci

597 3888 652 3947 in
683 3906 745 3947 se
784 3898 1139 3958 convertere,
1171 3902 1235 3945 ac
1265 3888 1444 3960 primo
1470 3886 1691 3959 quidem
1718 3881 2071 3941 concordiam
2099 3896 2202 3951 pn-

600 3982 796 4040 blicam
828 3983 1132 4040 reformare
1156 3981 1397 4055 pacificis
1428 3980 1672 4035 tcutabat
1699 3975 2069 4035 sermonibus.
2099 3971 2199 4031 Ubi

594 4089 729 4134 vero
772 4077 991 4135 irrideri
1034 4077 1104 4134 ab
1141 4075 1230 4134 his
1261 4092 1383 4149 quae
1412 4074 1608 4133 sedulo
1639 4078 1911 4140 moneret,
1941 4069 2198 4135 advertit,

594 4187 701 4229 nec
746 4171 863 4228 ullo
906 4172 1017 4228 alio
1061 4171 1225 4228 modo
1263 4170 1378 4227 tolli
1410 4184 1571 4244 posse
1602 4175 1804 4224 tantam
1832 4165 2159 4223 seditionem
2184 4206 2197 4231 ,

594 4263 892 4322 invadendi
932 4278 1029 4321 eos
1071 4264 1337 4320 militibus
1372 4269 1701 4334 potestatem
1742 4258 1927 4326 dedit;
1960 4258 2052 4329 qui
2092 4258 2195 4312 cir-

591 4357 873 4415 cumfusos
918 4356 1141 4427 adorsi,
1184 4357 1475 4413 maximam
1515 4370 1613 4427 per
1641 4363 1808 4412 totam
1837 4352 2031 4409 urbem
2058 4360 2200 4406 stra-

592 4470 716 4527 gem
755 4455 934 4513 fecere
964 4471 978 4509 :
1011 4469 1136 4511 cum
1166 4453 1304 4511 alios
1332 4452 1691 4520 resistentes,
1727 4450 1999 4522 fugientes
2038 4448 2196 4516 alios,

590 4549 731 4605 alios
758 4547 812 4604 in
839 4548 1092 4605 domibus
1127 4548 1241 4603 suis
1262 4548 1546 4604 latitantes
1572 4554 1859 4612 necarent,
1888 4558 2065 4614 neque
2086 4543 2198 4599 ulla

591 4640 921 4710 subiaceret,
940 4639 1029 4696 vel
1050 4640 1399 4712 parvulorum
1424 4639 1822 4708 misericordia,
1838 4637 1927 4695 vel
1942 4652 2199 4694 reveren-

593 4735 670 4792 tia
708 4750 936 4804 senum,
972 4735 1062 4793 vel
1104 4736 1392 4792 mulierum
1432 4735 1786 4794 verecundia.
1828 4733 1981 4791 Cresa
2012 4732 2197 4805 itaque

591 4827 906 4885 Iudaeorum
946 4827 1333 4901 quinquaginta
1381 4829 1497 4887 fere
1538 4830 1752 4886 millia:
1793 4828 2054 4884 natabant
2081 4825 2198 4898 pla-

592 4930 694 4979 tea:
723 4921 1013 4994 sanguine,
1038 4922 1247 4994 repleta
1270 4931 1429 4980 erant
1453 4924 1636 4979 omnia
1665 4921 2045 4989 cadaveribus,
2075 4933 2198 4975 crc-

588 5014 837 5087 pitabant
872 5014 1108 5071 flammae
1133 5031 1280 5073 saevo
1311 5031 1408 5087 per
1428 5016 1622 5073 urbem
1650 5014 1928 5083 incendio,
1956 5028 2076 5084 quae
2102 5012 2198 5069 Ju-

588 5104 832 5163 dazorum
856 5106 1109 5165 domibus
1133 5119 1156 5149 ο
1188 5106 1422 5166 invectae
1442 5106 1659 5180 (Matth.
1688 5107 1900 5175 xiv,4),
1924 5106 2100 5161 vicina
2128 5107 2199 5163 si-

590 5199 707 5256 mul
735 5198 1125 5272 depascebant.
1149 5200 1391 5259 lnﬂexus
1414 5210 1595 5257 tamen
1618 5199 1951 5267 Alexander,
1978 5200 2196 5258 tandem

586 5292 792 5349 milites
826 5292 1129 5364 abstinere,
1179 5304 1235 5351 et
1284 5294 1527 5367 receptui
1570 5308 1773 5350 canere
1807 5293 1962 5365 jubet
2003 5311 2017 5349 :
2050 5294 2198 5366 vulgi

582 5393 763 5443 tamen
812 5386 894 5445 ira
939 5385 1113 5444 semel
1150 5400 1437 5460 progressa
1476 5389 1530 5444 in
1560 5396 1890 5462 potestatem
1931 5390 2193 5459 necandi,

588 5493 933 5554 nequaquam
961 5481 1338 5556 mitigabatur.

664 5632 694 5663 α
720 5621 930 5683 Excita.
962 5625 1136 5687 Buta.

661 5691 692 5735 δ
733 5694 1025 5756 Geraueni.
1069 5700 1151 5758 In.

668 5776 693 5840 ξ
732 5765 969 5840 lnjectte.
1015 5771 1093 5828 In.

660 5832 687 5876 δ
727 5832 1001 5913 Aritiquit.,
1034 5844 1129 5901 lib.
1163 5860 1313 5918 xvm,
1345 5859 1464 5921 cap.
1493 5846 1548 5918 5,
1579 5862 1728 5906 num.
1757 5850 1813 5907 5.
1856 5848 1933 5907 lo.

1935 256 2181 321 SANCTI
2220 252 2544 317 AMBROSH

3728 253 3853 315 2056

2929 362 3162 426 CAPUT
3198 362 3314 421 XII.

2390 466 2639 524 Luebant
2682 463 2831 521 enim
2884 461 3156 519 scelerum
3210 471 3428 515 suorum
3476 456 3746 528 supplicia,
3784 462 3856 531 qni

2315 572 2602 635 postquam
2640 559 2926 616 Dominum
2970 556 3155 613 Jesum
3181 552 3562 611 crucifixerunt
3596 552 3859 609 divinorum

2312 657 2614 722 arbitrum,
2665 663 2856 725 postea
2886 652 3051 709 etiam
3104 648 3404 721 discipulos
3452 648 3565 720 ejus
3603 662 3858 719 perseque~

2312 752 2528 808 bantur.
2581 750 2838 821 Plerique
2885 758 3066 804 tamen
3114 744 3454 811 Judmorum,
3500 750 3551 800 et
3603 742 3861 800 Gentilium

2314 844 2535 917 plurimi
2565 842 2920 900 crediderunt
2950 841 3003 896 in
3034 855 3183 905 eum,
3216 854 3338 896 cum
3369 837 3640 909 praeceptis
3672 836 3861 893 morali-

2314 937 2418 995 bus
2453 935 2820 1010 operibusque
2865 934 3009 991 ultra
3068 934 3359 989 humanam
3412 937 3716 1003 potestatem
3757 944 3865 1001 pro-

2313 1033 2612 1090 fluentibus
2660 1032 3019 1087 invitarentur
3058 1045 3072 1083 :
3126 1029 3325 1100 quibus
3377 1040 3445 1083 ne
3492 1039 3632 1082 mors
3675 1023 3860 1096 quidem

2315 1127 2434 1199 ejus
2481 1127 2569 1183 vel
2621 1125 2775 1193 fidei,
2825 1124 2913 1180 vel
2952 1122 3141 1193 gratim
3190 1120 3352 1176 finem
3403 1118 3679 1190 imposuit,
3727 1116 3865 1172 immo

2315 1220 2479 1277 etiam
2510 1216 2813 1275 cumulavit
2836 1215 3204 1273 devotionem.
3238 1213 3537 1269 lntulerunt
3563 1209 3733 1280 itaque
3764 1223 3866 1282 par-

2316 1311 2573 1368 ricidales
2615 1324 2839 1374 manus,
2880 1318 3044 1379 atque
3082 1314 3362 1363 auctorem
3400 1305 3526 1360 vita:
3578 1302 3866 1359 interficien-

2314 1404 2443 1461 dum
2492 1404 2563 1460 ad
2604 1403 2837 1459 Pilatum
2870 1402 3145 1458 deduxere
3180 1417 3193 1455 :
3227 1400 3581 1456 reluctantem
3623 1406 3868 1468 cmperunt

2316 1511 2617 1569 perurgere
2641 1495 2877 1567 judicem
2910 1513 2924 1551 :
2965 1496 3017 1550 in
3059 1509 3166 1565 quo
3198 1504 3375 1550 tamen
3414 1508 3520 1548 non
3553 1490 3868 1548 excusabatur

2317 1592 2545 1661 Pilatus,
2574 1590 2670 1648 sed
2700 1590 3014 1648 Judmorum
3049 1589 3288 1646 amentia
3313 1586 3742 1650 coaeervabatur;
3766 1584 3866 1656 quia

2319 1701 2420 1743 nec
2461 1685 2556 1742 ille
2578 1683 2890 1756 adjudicare
2920 1682 3129 1749 debuit,
3168 1696 3331 1753 quem
3370 1695 3518 1736 reum
3556 1678 3761 1734 minime
3789 1675 3867 1732 de-

2241 1787 2291 1850 B
2318 1779 2718 1852 prehenderat;
2768 1792 2870 1834 nec
2907 1776 2997 1833 isti
3035 1775 3380 1847 sacrilegium
3413 1771 3691 1846 parricidio
3725 1768 3865 1842 gemi-

2315 1891 2474 1944 nare,
2504 1883 2566 1932 ut
2592 1875 2662 1932 ab
2688 1875 2794 1942 his,
2826 1874 2919 1944 qui
2957 1871 3026 1928 ad
3062 1870 3410 1928 redimendos
3437 1877 3493 1927 et
3520 1865 3770 1924 sanandos
3790 1878 3867 1920 eos

2310 1984 2432 2026 sese
2469 1968 2777 2036 obtulerat,
2820 1966 3240 2024 obtruncaretur
3277 1981 3291 2018 :
3339 1963 3409 2019 de
3442 1976 3546 2033 quo
3586 1960 3682 2030 ipsi
3725 1955 3865 2014 Judaei

2310 2076 2530 2134 quoque
2584 2067 2886 2125 testantur,
2939 2057 3157 2114 dicente
3196 2053 3225 2094 ά
3265 2054 3510 2126 Josepbo
3560 2050 3866 2109 historiarum

2310 2157 2603 2226 scriptore,
2635 2153 2779 2226 quod
2822 2150 2979 2224 fuerit
3008 2152 3100 2206 illo
3142 2151 3197 2206 in
3235 2160 3465 2221 tempore
3500 2148 3574 2203 uir
3601 2145 3803 2216 sapiens,
3833 2145 3867 2196 si

2311 2259 2484 2305 tamen
2523 2256 2744 2319 Oportet,
2778 2246 2971 2317 inquit,
3014 2246 3183 2299 virum
3216 2243 3346 2310 dici,
3385 2240 3686 2297 mirabilium
3724 2245 3868 2310 patra-

2312 2351 2476 2399 torem
2507 2342 2768 2412 operumf:
2796 2339 2883 2410 qui
2911 2337 3208 2411 apparuerit
3234 2335 3509 2408 discipulis
3538 2334 3639 2389 suis
3660 2339 3763 2402 post
3788 2329 3863 2383 tri-

2312 2434 2477 2490 duum
2501 2433 2682 2489 mortis
2699 2446 2810 2488 sua:
2831 2431 2999 2486 vivens
3016 2430 3224 2496 iterum,
3237 2427 3521 2485 secundum
3542 2425 3865 2498 prapltetarmn

2309 2525 2645 2598 scripta:qui
2670 2532 2718 2579 et
2751 2525 2861 2579 haec
2886 2532 2936 2577 et
2963 2521 3071 2576 alia
3105 2517 3507 2576 innumerabilia
3540 2526 3563 2555 ο
3590 2518 3650 2571 de
3674 2514 3726 2568 eo
3741 2512 3865 2585 plena

2311 2616 2581 2674 miraculis
2627 2615 3063 2687 praphetaoerunt
3091 2629 3111 2668 :
3147 2628 3211 2668 ea
3247 2628 3352 2683 quo
3398 2609 3545 2683 coepit
3583 2602 3865 2679 congregatio

2312 2711 2728 2768 Christianorum
2756 2724 2775 2764 :
2800 2716 2857 2765 et
2900 2708 2954 2763 in
2985 2721 3148 2764 omne
3178 2705 3461 2761 hominum
3490 2698 3774 2775 penetravit
3793 2712 3865 2767 ge-

2239 374 2288 437 A

2317 2821 2454 2874 nus;
2489 2821 2591 2861 nec
2637 2804 2748 2861 ulla
2793 2802 2942 2859 natio
2985 2800 3217 2858 Romani
3263 2800 3421 2857 orbis
3463 2796 3732 2862 remansit,
3767 2805 3863 2863 quae

2313 2900 2497 2957 cultus
2522 2898 2642 2969 ejus
2667 2910 2874 2969 expers
2906 2895 3334 2967 relinqueretur.
3369 2893 3428 2950 Si
3456 2891 3607 2949 nobis
3637 2903 3733 2945 non
3767 2900 3861 2941 cre-

2312 2991 2663 3058 duntJudtei,
2702 2990 2787 3047 vel
2819 2989 2932 3046 suis
2973 2988 3204 3045 credant
3246 3005 3260 3043 :
3301 2986 3411 3044 hoc
3453 2985 3591 3042 dixit
3615 2977 3859 3051 .losephus.

2312 3102 2472 3159 quem
2503 3085 2604 3157 ipsi
2631 3082 2928 3140 maximum
2960 3090 3189 3155 putant:
3217 3088 3275 3138 et
3301 3090 3486 3137 tamen
3517 3080 3587 3137 ita
3616 3081 3665 3133 in
3686 3090 3744 3133 eo
3766 3073 3863 3142 ipso

2233 3195 2279 3260 ς
2312 3180 2458 3253 quod
2484 3195 2672 3237 verum
2722 3179 2936 3235 locutus
2965 3186 3079 3243 est,
3114 3176 3185 3232 ita
3232 3186 3420 3233 mente
3461 3174 3644 3232 devius
3678 3169 3785 3236 fuit,
3818 3173 3864 3220 ut

2310 3290 2413 3333 nec
2465 3274 2811 3330 sermonibus
2868 3273 2982 3329 suis
3040 3270 3328 3340 crederet,
3388 3273 3483 3329 sed
3549 3270 3745 3325 locutus
3799 3266 3867 3317 est

2308 3374 2533 3441 prOpter
2574 3366 2819 3423 historia:
2848 3380 2962 3420 sum
3004 3364 3192 3433 fidem,
3224 3362 3360 3434 quia
3405 3362 3595 3419 fallere
3623 3357 3758 3416 nefas
3785 3369 3865 3425 pu-

2308 3462 2458 3516 tabat
2491 3476 2504 3514 :
2536 3474 2645 3516 non
2676 3457 2911 3515 credidit
2941 3465 3165 3529 propter
3193 3456 3456 3513 duritiam
3482 3453 3654 3515 cordis
3688 3459 3738 3507 et
3762 3461 3864 3518 per-

2307 3552 2448 3609 fidiae
2466 3550 2826 3609 intentionem
2846 3567 2859 3606 :
2880 3564 2989 3606 non
3014 3558 3197 3605 tamen
3221 3547 3441 3606 veritati
3459 3546 3477 3586 ί
3498 3539 3861 3620 prmjudicabat,

2305 3648 2451 3721 quod
2482 3663 2594 3705 non
2621 3645 2875 3711 credidit,
2890 3644 2987 3702 sed
3018 3646 3142 3717 plus
3165 3643 3380 3701 addidit
3408 3640 3726 3706 testimonio,
3746 3630 3863 3707 quod

2305 3757 2409 3799 uec
2446 3740 2763 3798 incredulus
2809 3747 2867 3796 et
2914 3738 3115 3795 invitus
3163 3737 3403 3809 negavit.
3456 3737 3513 3794 In
3557 3748 3658 3807 quo
3695 3723 3862 3787 Christi

2303 3838 2434 3896 Jesu
2459 3838 2660 3895 claruit
2700 3835 2943 3907 potentia
2974 3842 3202 3902 aeterna,
3233 3832 3384 3905 quod
3415 3846 3540 3888 eum
3566 3828 3717 3887 etiam
3743 3822 3864 3895 prin-

2303 3934 2455 4005 cipes
2479 3946 2768 4005 synagoga:
2804 3943 2966 4001 quem
2994 3927 3063 3984 ad
3096 3936 3327 3984 mortem
3354 3920 3861 3998 comprehenderant,

2305 4029 2476 4085 Deum
2510 4025 2841 4082 fatebantur.
2867 4022 2938 4080 Et
2954 4036 3080 4079 vere
3100 4019 3259 4093 quasi
3284 4022 3429 4078 Deus
3451 4018 3569 4076 sine
3589 4011 3863 4084 exceptione

2304 4133 2686 4192 personarum,
2710 4126 2801 4172 aut
2836 4115 2949 4171 ulla
2978 4113 3170 4171 mortis
3213 4112 3507 4170 formidine
3546 4111 3764 4172 locutus,
3787 4114 3862 4156 ex-

2302 4214 2506 4272 cidium
2523 4226 2741 4286 quoque
2770 4208 2960 4281 templi
2988 4208 3231 4265 futurum
3260 4204 3640 4264 annuntiavit:
3668 4198 3753 4256 sed
3775 4207 3861 4250 non

2301 4323 2398 4367 eos
2425 4306 2614 4377 templi
2648 4304 2846 4377 injuria
2872 4303 3189 4371 commovit,
3222 4301 3320 4359 sed
3347 4301 3474 4374 quia
3507 4301 3562 4356 in
3587 4292 3784 4368 flagitiis
3808 4286 3861 4342 ab

2301 4415 2369 4455 eo
2400 4408 2454 4456 et
2497 4396 2803 4468 sacrilegiis
2856 4394 3325 4468 corripiebantur,
3371 4394 3503 4450 hinc
3545 4392 3619 4449 ira
3660 4383 3859 4446 exarsit,

2302 4504 2362 4549 ut
2387 4492 2765 4549 interficerent
2790 4505 2914 4547 eum
2937 4505 3100 4562 quem
3120 4489 3263 4546 nulla
3293 4488 3857 4551 habuissenttempora-

2224 4610 2279 4674 Β
2301 4585 2435 4640 Nam
2469 4599 2592 4641 cum
2614 4581 2708 4639 alii
2740 4582 3015 4655 precando
3041 4582 3348 4639 meruerint
3373 4581 3577 4649 facere,
3604 4590 3717 4649 qua:
3741 4571 3861 4627 fect:-

2301 4689 2462 4745 runt;
2496 4680 2584 4736 hic
2627 4680 2681 4735 in
2727 4685 2995 4750 potestate
3024 4678 3284 4746 habebat,
3323 4687 3381 4734 ut
3414 4675 3596 4735 omnia
3626 4684 3737 4745 qua:
3764 4661 3859 4721 fieri

2299 4774 2483 4842 vellet,
2518 4772 2836 4845 imperaret.
2875 4772 3098 4830 Occisus
3133 4782 3253 4830 erat
3296 4781 3426 4830 ante
3474 4778 3695 4829 mortem
3731 4762 3859 4823 Jesu.

2298 4869 2541 4941 Baptista
2568 4867 2808 4925 Joannes
2835 4869 2920 4925 vir
2947 4877 3189 4937 sanctus,
3222 4867 3315 4939 qui
3342 4880 3617 4938 nunquam
3646 4861 3696 4919 in
3727 4868 3752 4906 ε
3777 4869 3861 4912 533'

2299 4962 2439 5020 culis
2473 4962 2668 5020 salutis
2693 4963 2981 5019 veritatem
3020 4970 3298 5034 posuerat.
3342 4961 3592 5032 Denique
3618 4956 3683 5014 ad
3709 4948 3859 5011 omnia

2301 5072 2421 5128 quae
2458 5056 2619 5127 plena
2656 5054 2883 5127 iustitia:
2922 5056 3177 5122 docebat,
3207 5054 3406 5127 quibus
3451 5052 3519 5108 ad
3559 5050 3748 5108 cultum
3782 5037 3862 5098 Dei

2298 5148 2564 5207 invitabat
2589 5148 2833 5220 Iudaeos,
2857 5149 3021 5206 etiam
3045 5150 3375 5221 baptismum
3398 5154 3624 5220 pr0pter
3645 5137 3858 5213 purifica-

2296 5247 2500 5302 tionem
2530 5246 2729 5300 animae
2770 5252 2827 5301 et
2869 5245 3118 5315 corporis
3152 5244 3486 5301 instituerat.
3529 5237 3689 5311 Cujus
3724 5240 3861 5291 causa

2296 5338 2471 5405 necis,
2519 5338 2766 5407 libertas,
2812 5338 2958 5411 quod
3007 5339 3220 5410 perpeti
3265 5336 3515 5409 nequivit
3551 5333 3622 5392 ab
3676 5322 3862 5387 Herode

2296 5430 2526 5489 fraterni
2568 5429 2770 5488 violata
2813 5431 3076 5489 connubii
3116 5432 3242 5504 jura
3291 5473 3308 5501 ,
3336 5426 3745 5503 llgermanoque
3783 5416 3862 5475 ab-

2375 5645 2399 5712 ?
2439 5637 2575 5712 god.
2609 5646 2745 5712 vet.,
2778 5636 2890 5712 Deo
2918 5638 3061 5711 pleni
3087 5639 3341 5699 miracula
3366 5636 3605 5712 prophet.
3643 5631 3715 5691 In.

2371 5707 2391 5747 ί
2435 5709 2781 5779 Ρνωὶιιάὶοαι.
2829 5709 2907 5768 In.

2369 5791 2397 5829 Β
2440 5781 2715 5838 Secundis.
2760 5780 2835 5839 In.

2368 5852 2397 5892 ιι
2436 5852 2700 5911 Germani.
2744 5854 2820 5910 In.
