4112 6350
272 251 402 309 9.057
1199 251 1471 314 HISTOR.
1515 253 1603 309 DE
1645 251 1921 309 EXCIDIO
1962 249 2230 308 IIIEROS.
2275 249 2477 310 URBIS
2518 248 2647 307 LIB.
2687 249 2753 306 ll.
3419 253 3562 312 2058

268 375 475 431 ductam
505 369 811 445 conjugem.
853 371 985 428 Nam
1026 387 1148 430 eum
1176 373 1320 430 idem
1354 373 1597 430 Herodes
1627 373 1854 428 Romam
1885 375 1935 436 Α
1963 371 2193 441 populus
2231 369 2582 442 demigravit,
2621 372 2754 427 urbe
2790 377 2947 442 capta
2989 373 3302 445 temploque
3345 385 3561 443 exusto,

265 476 530 540 pergeret,
558 467 774 537 hOSpitii
805 483 968 524 causa
995 467 1177 524 fratris
1215 469 1490 540 ingressus
1517 467 1738 524 domum
1766 465 1854 521 cui
1956 462 2179 521 fuerunt
2223 465 2565 522 sacerdotum
2611 466 2882 537 principes
2919 483 3048 522 xvnt
3088 483 3186 538 per
3227 484 3401 526 annos
3430 485 3564 541 qua-

265 571 378 619 erat
409 578 548 618 uxor
587 563 874 631 Herodias,
903 563 1210 620 'Aristobuli
1253 563 1382 631 tilia,
1430 564 1572 635 regis
1601 563 1855 634 Agrippa:
1953 557 2272 630 dringentos
2307 569 2362 615 et
2394 561 2675 632 sexaginta
2713 567 2770 616 et
2799 576 3018 618 menses
3056 577 3177 627 sex,
3205 574 3262 618 et
3304 563 3422 620 dies
3467 563 3569 619 de-

263 671 438 721 soror,
461 670 626 711 ausus
653 664 739 712 est
763 671 882 713 earn
907 667 1113 713 natura:
1140 657 1428 712 immemor
1452 657 1775 722 sollicitare,
1797 664 1857 710 ut
1957 667 2110 720 cem;
2142 669 2249 708 Lxx
2279 663 2462 711 autem
2492 654 2650 709 annis
2675 653 2705 692 δ
2733 665 2858 726 post
2887 655 2938 710 iu
2967 655 3285 726 captivitate
3323 655 3423 711 fuit
3466 672 3567 727 po-

263 748 452 804 rclicto
492 748 680 816 fratre,
709 748 811 806 sibi
845 749 1074 806 nuberet
1101 766 1116 808 :
1146 764 1270 806 cum
1300 747 1367 804 de
1394 749 1532 806 urbe
1559 749 1732 805 Roma
1765 763 1856 804 re-
1958 748 2135 819 pulus.
2169 749 2364 806 Postea
2383 749 2560 822 Cyrus
2575 764 2696 805 cum
2727 749 3027 807 dimitteret
3059 752 3315 822 populum
3347 760 3561 822 patrum

260 842 516 900 vertisset
563 857 630 898 ex
664 857 933 899 consensu
984 843 1230 898 mulieris
1274 843 1404 899 inita
1444 843 1638 900 incesti
1677 844 1857 914 pactio
1957 840 2027 896 dc
2059 843 2281 914 regione
2299 842 2670 914 Assyriorum,
2695 854 2751 901 et
2780 846 2963 916 templi
2992 845 3297 902 azditicandi
3322 855 3562 917 potesta-

261 945 364 992 est.
405 936 572 1008 Cujus
603 936 858 994 indicium
889 937 990 1006 rei,
1026 939 1275 1008 pervenit
1302 938 1369 994 ad
1403 940 1582 995 Areta:
1621 940 1765 1011 regis
1799 939 1860 994 ti-

263 1029 414 1098 liam,
433 1030 486 1085 in
508 1029 764 1101 conjugio
793 1030 970 1087 adhuc
998 1029 1228 1087 Herodis
1252 1041 1586 1088 manentem.
1614 1032 1693 1088 Ea
1716 1032 1860 1088 riva—

263 1123 367 1179 lem
405 1122 685 1195 indignata
712 1123 962 1181 redeunti
990 1124 1188 1181 marito
1210 1125 1532 1192 insinuavit,
1564 1135 1622 1181 ut
1647 1126 1712 1181 ad
1747 1126 1859 1181 Ma-

260 1218 530 1274 cherunta
549 1219 805 1290 oppidum
829 1219 1155 1292 dirigeretur
1180 1240 1192 1276 :
1225 1218 1369 1292 quod
1399 1229 1516 1274 erat
1545 1220 1598 1274 in
1625 1219 1861 1276 conﬁnio

260 1312 459 1368 Petraai
489 1314 635 1384 regis
664 1323 719 1369 et
745 1313 973 1370 llerodis
999 1331 1012 1368 :
1037 1315 1128 1370 ille
1164 1314 1256 1385 qui
1297 1313 1432 1370 nihil
1465 1314 1859 1385 suspicaretur,

259 1404 428 1462 simul
478 1406 603 1477 quia
633 1421 849 1462 omnem
886 1406 997 1477 jam
1029 1406 1174 1463 circa
1213 1406 1462 1462 eamdem
1512 1407 1866 1462 imminuerat

257 1499 542 1566 allectum,
565 1514 671 1570 quo
698 1498 909 1556 facilius
932 1498 1222 1555 Herodiadi
1249 1497 1519 1570 pactionis
1546 1498 1708 1554 fidem
1730 1515 1866 1570 prae-

257 1603 456 1662 staret,
506 1595 553 1651 si
592 1594 870 1666 ablegaret
908 1594 1216 1666 conjugem,
1249 1594 1522 1666 acquievit
1567 1593 1687 1666 ejus
1740 1609 1864 1666 sug-

257 1688 522 1760 gestioni.
572 1688 642 1744 At
679 1688 792 1755 illa,
824 1688 914 1744 ubi
958 1688 1131 1758 patrio
1179 1702 1347 1759 regno
1385 1686 1862 1758 apprOpinquavit,

1961 942 2069 990 tem
2116 935 2300 1005 daret,
2349 938 2512 992 etiam
2562 937 2908 995 sacerdotum
2953 940 3256 1011 principem
3294 940 3563 998 Josedech

1961 1028 2050 1097 qui
2093 1028 2256 1084 simul
2295 1030 2556 1086 abductus
2585 1041 2723 1095 erat,
2765 1032 2946 1089 redire
3001 1035 3266 1104 permisit,
3316 1044 3373 1090 ut
3425 1036 3562 1091 ritus

1963 1120 2162 1176 veteris
2191 1122 2550 1180 solemnitatis
2577 1139 2673 1195 per
2702 1127 2905 1182 assueti
2933 1127 3234 1183 sacerdotis
3273 1129 3556 1185 scientiam

1963 1210 2376 1270 reformaretur.
2421 1216 2543 1287 Ipse
2573 1217 2736 1288 igitur
2764 1229 2818 1276 et
2861 1223 3064 1290 posteri
3093 1224 3212 1292 ejus
3253 1224 3564 1293 quindecim

1966 1318 2198 1361 numero
2243 1306 2368 1375 viri,
2398 1324 2427 1362 a
2468 1309 2646 1366 reditu
2679 1313 2859 1382 populi
2905 1328 3074 1385 usque
3123 1316 3190 1371 ad
3230 1315 3560 1374 Antiochum

1968 1395 2297 1466 Eupatorem
2335 1400 2516 1457 ofﬁcio
2548 1402 2719 1459 functi
2751 1415 2878 1460 sunt
2909 1421 3008 1476 per
3049 1408 3293 1465 ordinem
3341 1426 3565 1468 succes-

1967 1489 2157 1553 sionis,
2184 1501 2240 1546 et
2268 1493 2629 1566 principatum
2657 1497 2950 1554 sacerdotii
2985 1512 3449 1572 reprzesentarunt
3471 1522 3569 1562 an—

1971 1581 2052 1636 nis
2082 1599 2334 1642 ccccxrv.
2377 1587 2593 1645 Primus
2625 1589 2928 1648 Antiochus
2969 1609 3129 1664 quem
3158 1613 3323 1668 supra
3359 1614 3570 1657 memo-

1969 1677 2229 1744 ravimus,
2255 1687 2310 1735 et
2333 1679 2440 1736 dux
2461 1681 2580 1754 ejus
2607 1683 2824 1756 Lysias,
2859 1687 3042 1743 occiso
3063 1686 3200 1744 Onia
3220 1692 3569 1749 sacerdotqu

257 1782 479 1854 cognita
505 1782 640 1852 patri
668 1781 848 1838 Aretae
879 1780 1138 1852 prodidit,
1163 1781 1253 1852 qui
1273 1795 1370 1851 per
1392 1779 1616 1835 insidias
1641 1795 1860 1835 omnem
1892 1777 1938 1838 B
1965 1773 2232 1844 principe,
2266 1774 2321 1830 in
2366 1776 2543 1832 locum
2571 1779 2690 1851 ejus
2718 1780 3118 1838 substituerunt
3165 1784 3480 1842 Alehimum
3516 1788 3571 1843 in

259 1876 565 1935 exercitum
610 1874 843 1932 Herodis
891 1875 1033 1930 bello
1081 1874 1390 1930 lacessitum
1424 1872 1643 1941 delevit,
1677 1872 1865 1945 prodi-

269 1969 424 2025 tione
451 1969 587 2024 facta
619 1983 713 2039 per
743 1983 839 2024 eos
864 1967 953 2038 qui
977 1982 1043 2022 ex
1064 1966 1298 2037 Philippi
1326 1965 1611 2022 tetrarchae
1634 1966 1854 2038 populo,

264 2064 471 2121 Herodi
529 2078 650 2120 sese
687 2063 1116 2119 associaverant.
1165 2059 1323 2117 Unde
1374 2059 1618 2116 Herodes
1664 2059 1864 2116 Caesari

260 2161 544 2234 querelam
567 2157 789 2214 detulit:
809 2154 904 2212 sed
937 2154 1230 2211 vindictam
1261 2154 1582 2225 imperatam
1604 2171 1633 2210 a
1651 2154 1867 2211 Caesare

262 2252 568 2326 indignatio
590 2251 686 2308 Dei
709 2249 945 2306 sustulit.
1003 2247 1136 2303 Nam
1177 2248 1231 2303 in
1273 2249 1392 2318 ipso
1420 2256 1683 2319 apparatu
1715 2246 1864 2315 belli,

165 2397 182 2414 ,
259 2346 500 2404 Caesaris
547 2359 696 2400 mors
740 2341 1008 2407 nuntiata,
1041 2341 1206 2413 idque
1232 2357 1261 2396 a
1291 2339 1497 2397 Judzeis
1536 2340 1864 2398 aestimatum

258 2437 635 2509 comperimus
659 2445 713 2492 et
743 2433 1009 2492 creditum
1043 2431 1288 2506 (auctore
1313 2432 1553 2505 Josepho
1577 2435 1867 2490 adversum

259 2547 322 2590 se
353 2529 572 2601 idoneo)
604 2528 749 2600 quod
779 2543 890 2584 non
924 2527 1115 2584 fraude
1138 2527 1444 2595 hominum,
1477 2527 1573 2583 sed
1604 2528 1698 2583 Dei
1721 2543 1872 2584 com-

259 2626 513 2684 motione
543 2624 786 2681 Herodes
812 2621 1109 2680 exercitum
1139 2623 1389 2679 amiserit
1417 2623 1631 2694 etjuste
1651 2625 1869 2696 quidem

262 2729 493 2794 propter
543 2719 834 2776 vindictam
879 2717 1108 2773 Joannis
1156 2717 1412 2788 Baptista:
1460 2717 1561 2773 viri
1597 2717 1730 2789 justi
1778 2719 1870 2788 qui

261 2814 484 2870 dixerat
509 2813 594 2869 ei:
621 2812 742 2868 Non
769 2811 884 2867 licet
913 2811 1004 2865 tibi
1024 2811 1204 2882 fratris
1233 2826 1446 2866 uxorem
1469 2811 1652 2867 habere
1675 2811 1868 2885 (Marc.

1969 1866 2357 1923 sacerdotium.
2390 1869 2493 1938 Qui
2525 1871 2652 1928 licet
2683 1872 2850 1930 fuerit
2877 1875 2946 1931 de
2975 1877 3159 1933 Aaron
3197 1895 3427 1950 genere,
3463 1898 3571 1938 non

1970 1963 2151 2014 tamen
2179 1957 2280 2014 fuit
2307 1960 2375 2016 de
2396 1960 2511 2031 ipsa
2543 1962 2725 2020 domo.
2756 1963 2912 2022 Unde
2943 1968 3185 2025 Ananias
3207 1969 3379 2027 frater
3414 1972 3571 2030 Onia:

1971 2064 2202 2122 pergens
2247 2052 2300 2108 in
2343 2052 2660 2126 Egyptum,
2705 2058 2863 2128 petiit
2893 2075 2922 2114 a
2961 2060 3257 2118 Ptolemaeo
3292 2063 3573 2123 Philome~

1971 2151 2110 2210 tore,
2144 2155 2200 2200 et
2240 2146 2523 2217 Cleopatra
2555 2149 2791 2222 conjuge
2830 2150 3244 2223 Philometoris,
3297 2157 3390 2228 qui
3439 2158 3579 2214 ritus

1971 2234 2369 2295 observationis
2404 2241 2470 2297 ad
2493 2241 3004 2315 llierosolymitanze
3032 2248 3397 2306 solemnitatis
3424 2251 3581 2307 simi-

1972 2326 2281 2399 litudinem,
2303 2332 2356 2388 in
2383 2333 2772 2391 Alexandrinae
2803 2338 2953 2394 urbis
2981 2340 3219 2396 cultibus
3242 2343 3578 2410 inseruerat,

1969 2431 2031 2477 ut
2059 2423 2167 2479 illic
2194 2426 2452 2498 princeps
2490 2429 2840 2486 sacerdotum
2879 2432 3293 2504 subrogaretur,
3327 2451 3392 2492 eo
3430 2436 3581 2508 quod

1970 2515 2258 2575 Alchimus
2285 2520 2580 2592 legitimam
2613 2539 2721 2580 non
2755 2523 2981 2582 baheret
3022 2529 3319 2586 sacerdotii
3361 2545 3583 2588 succes-

1971 2611 2182 2669 sionem
2201 2630 2214 2681 ;
2233 2624 2396 2686 atque
2419 2616 2562 2674 idem
2592 2628 2770 2674 tamen
2790 2629 2984 2676 exacto
3004 2622 3238 2678 triennio
3268 2624 3576 2694 defunctus,

1973 2719 2074 2760 nec
2103 2720 2475 2765 successorem
2500 2709 2704 2768 habere
2733 2715 2953 2782 meruit,
2985 2716 3077 2786 qui
3109 2718 3472 2789 abrogaverat
3493 2719 3576 2776 lc-

1970 2796 2177 2866 gitimaa
2194 2800 2560 2858 successionis
2576 2805 3002 2861 solemnitatem.
3026 2807 3347 2880 Fuititaque
3369 2821 3580 2883 septem

265 2925 344 2973 η’
390 2905 500 2980 is).
545 2907 650 2964 Sed
682 2907 754 2962 Na
802 2905 916 2961 hac
956 2904 1324 2972 εοηιεχίηιυς,
1353 2906 1508 2977 quasi
1538 2907 1621 2963 νει
1665 2908 1719 2962 in
1759 2908 1874 2964 suis
1973 2891 2132 2946 annis
2163 2893 2352 2949 civitas
2393 2894 2512 2952 sine
2541 2896 2786 2968 principe
2822 2901 3138 2957 sacerdotii.
3169 2902 3354 2976 Usque
3384 2905 3449 2961 ad
3479 2905 3584 2962 hoc

263 3001 445 3058 Judaei
491 3001 730 3073 legitima
777 2997 1160 3064 custodierint,
1212 2999 1354 3070 apud
1411 3015 1548 3072 quos
1593 3001 1875 3058 interierat

1985 2992 2190 3056 tempus
2222 2997 2244 3025 ο
2278 2988 2551 3058 regressio
2578 2999 2792 3061 patrum
2821 2993 2890 3050 de
2913 2995 3076 3052 terris
3103 2998 3450 3069 Assyriorum
3488 3000 3584 3057 de-

263 3097 474 3154 summi
499 3097 589 3168 jus
622 3094 935 3164 sacerdotii,
985 3100 1081 3150 aut
1107 3093 1335 3150 avaritia
1365 3095 1751 3168 interceptum,
1781 3105 1875 3153 aut

1985 3081 2294 3136 mocratiam
2328 3085 2521 3151 tenuit,
2547 3100 2613 3140 eo
2641 3089 2785 3158 quod
2823 3105 2918 3159 per
2950 3106 3136 3162 regum
3179 3093 3494 3166 iniquitates
3528 3097 3580 3152 iu

263 3192 554 3266 potiorum
582 3191 892 3258 insolentia,
918 3189 1010 3261 qui
1037 3193 1202 3251 licere
1229 3189 1374 3261 quod
1404 3191 1630 3261 vellent,
1659 3191 1747 3262 jus
1778 3207 1878 3263 pu-

1985 3172 2352 3244 captivitatem
2382 3192 2504 3234 sese
2532 3193 2656 3235 esse
2685 3181 2978 3238 deductum
3008 3183 3320 3256 Iudaeorum
3346 3190 3585 3260 populus

265 3288 486 3343 tabant.
518 3284 765 3356 Namque
791 3299 819 3338 a
849 3285 1121 3358 principio
1150 3286 1331 3342 Aaron
1353 3300 1600 3341 summus
1622 3284 1879 3340 sacerdos

1985 3281 2420 3338 recognosceret.
2475 3272 2786 3329 Asamonaei
2841 3286 3031 3347 postea
3077 3280 3222 3336 nacti
3263 3290 3586 3352 potestatem

267 3380 404 3447 fuit,
431 3378 543 3451 qui:
571 3378 639 3435 ad
685 3378 828 3435 filios
878 3394 1007 3436 suos
1055 3396 1120 3436 ex
1162 3380 1439 3436 voluntate
1481 3379 1578 3434 Dei
1627 3377 1880 3434 unctione

1985 3360 2185 3430 p0pulo
2207 3362 2559 3432 prresidendi,
2593 3365 2882 3424 Jonatham
2910 3371 3258 3428 sacerdotum
3285 3375 3588 3446 principem

271 3473 525 3547 legitima
555 3472 859 3528 transmisit
887 3472 1178 3529 sacerdotii
1207 3471 1647 3544 prterogativam,
1695 3486 1724 3525 a
1763 3469 1881 3542 qui-

1985 3463 2339 3524 constitucre,
2363 3463 2457 3528 qui
2485 3473 2584 3529 per
2623 3469 2831 3530 septem
2862 3477 3039 3519 annos
3080 3464 3302 3523 functus
3333 3477 3590 3540 suscepto

272 3566 386 3623 bus
426 3581 523 3638 per
558 3567 809 3623 ordinem
839 3566 1208 3623 successionis
1237 3565 1521 3622 constituti
1549 3572 1698 3632 sunt,
1728 3563 1881 3634 prin-

1987 3562 2238 3615 munere,
2273 3565 2368 3620 per
2401 3551 2626 3608 insidias
2657 3553 2950 3625 Triphonis
2981 3558 3143 3614 ﬁnem
3192 3561 3313 3616 vitae
3357 3563 3589 3630 invenit,

269 3661 520 3731 cipatum
554 3658 847 3715 sacerdotii
871 3666 1144 3730 gerentes.
1170 3658 1325 3715 Unde
1362 3657 1537 3728 patrio
1565 3671 1718 3712 more
1754 3670 1881 3712 con-

1987 3641 2042 3692 in
2081 3641 2237 3710 cujus
2293 3641 2470 3696 locum
2530 3641 2717 3700 Simon
2765 3647 2932 3703 frater
2980 3665 3273 3720 germanus
3315 3662 3588 3725 tamquam

272 3754 456 3812 valuit
481 3755 752 3811 neminem
783 3753 902 3811 ﬁeri
934 3753 1238 3826 principem
1263 3752 1632 3817 sacerdotum,
1657 3750 1762 3806 nisi
1793 3749 1881 3821 qui

1985 3733 2105 3802 jure
2149 3733 2518 3804 haereditario,
2572 3753 2670 3808 per
2719 3740 3042 3798 electionem
3089 3755 3267 3801 tamen
3299 3750 3586 3815 successit,

273 3859 436 3908 esset
464 3865 531 3906 ex
559 3850 824 3922 sanguine
860 3853 1077 3905 Aaron:
1121 3849 1208 3904 cui
1247 3848 1422 3918 primo
1461 3846 1550 3918 jus
1580 3843 1887 3900 istiusmodi

274 3945 529 4002 delatum
559 3951 644 4000 est
664 3941 978 3999 sacerdotii.
1016 3943 1258 3998 Alterius
1293 3949 1473 3996 autem
1504 3938 1721 4010 generis
1747 3938 1888 4003 viro,

276 4054 390 4096 nec
420 4037 533 4110 regi
564 4037 807 4109 quidem,
836 4036 1030 4093 liceret
1055 4035 1372 4092 succedere.
1422 4031 1670 4103 Denique
1705 4029 1888 4097 Ozias,

276 4136 418 4207 quia
449 4133 733 4204 usurpavit
778 4131 1076 4190 sacerdotii
1105 4146 1324 4197 munus,
1352 4127 1602 4201 perfusus
1641 4127 1815 4198 lepra,
1863 4140 1893 4180 a

277 4229 605 4302 temploque
647 4228 879 4299 ejectus,
927 4228 1191 4300 reliquam
1236 4233 1454 4282 aetatem
1499 4223 1618 4280 sine
1667 4221 1894 4293 imperio

278 4327 514 4398 exegit:
547 4333 604 4382 et
632 4333 783 4381 certe
826 4338 923 4380 rex
963 4323 1204 4392 Optimus
1235 4321 1357 4389 fuit,
1397 4318 1494 4377 sed
1531 4331 1795 4390 usurpare
1843 4315 1895 4372 ei

281 4435 404 4477 non
436 4416 592 4474 licuit
617 4415 856 4473 ofﬁcium
887 4415 1186 4487 religionis.

894 4553 1124 4611 CAPUT
1163 4551 1305 4608 XIII.

371 4671 616 4728 Fuerunt
661 4671 844 4740 itaque
883 4684 950 4727 ex
990 4685 1096 4742 quo
1141 4668 1346 4741 egressi
1389 4675 1617 4724 suntex
1662 4665 1900 4739 {Egypto

287 4775 510 4836 patres,
530 4779 703 4835 usque
728 4763 794 4818 ad
819 4762 1236 4820 aediﬁcationem
1261 4762 1448 4834 templi
1474 4760 1616 4833 quod
1641 4760 1896 4818 Salomon

291 4858 584 4922 condidit,
639 4856 913 4928 principes
952 4857 1303 4912 sacerdotum
1339 4871 1435 4911 xm
1468 4855 1559 4926 qui
1601 4854 1737 4909 fiunt
1767 4851 1898 4909 anni

297 4963 326 4991 ιι
359 4952 581 5009 ducenti
605 4961 659 5008 et
684 4951 997 5018 duodecim,
1030 4953 1284 5023 quoniam
1307 4951 1481 5022 primo
1499 4950 1726 5021 quierat
1747 4950 1901 5021 prin-

294 5061 439 5115 ceps
468 5045 814 5101 sacerdotum
839 5060 1012 5115 usque
1033 5045 1098 5100 ad
1123 5053 1350 5100 mortem
1377 5044 1784 5114 perseverabat,
1807 5056 1908 5098 nec

297 5141 598 5212 quisquam
628 5141 679 5194 in
712 5140 889 5196 locum
916 5139 1210 5196 viventium
1236 5140 1686 5196 substituebatur.
1711 5140 1905 5196 Postea

299 5232 478 5289 etiam
510 5247 540 5286 a
583 5231 896 5287 viventibus
933 5233 1386 5304 subrogabantur.
1439 5232 1582 5303 Ergo
1612 5231 1700 5287 isti
1734 5233 1914 5288 trede-

299 5331 423 5385 cim
473 5344 573 5399 per
626 5328 1028 5384 successionem
1085 5327 1265 5398 adepti
1329 5336 1457 5382 sunt
1509 5327 1912 5394 sacerdotium;

303 5425 514 5496 quibus
548 5424 879 5494 temporibus
906 5433 959 5477 et
997 5423 1336 5478 aristocratia
1364 5423 1464 5478 fuit
1491 5431 1546 5478 et
1577 5422 1914 5488 monarchia,

304 5516 569 5574 Iudicum
619 5524 672 5572 et
717 5517 919 5587 Regum
973 5523 1236 5586 potestas.
1296 5516 1504 5571 Rursus
1552 5531 1580 5569 a
1627 5516 1921 5572 Salomone

310 5625 498 5680 usque
539 5609 605 5665 ad
651 5618 891 5681 tempora
942 5608 1302 5679 captivitatis,
1347 5607 1566 5680 quando
1609 5608 1661 5663 in
1708 5608 1921 5679 Syriam

406 5753 431 5782 ι
467 5745 566 5800 bis.
597 5743 823 5799 sexcenti
852 5758 948 5808 xu,
981 5751 1040 5798 ut
1068 5750 1122 5798 et
1148 5741 1412 5798 Eusebius
1438 5740 1495 5799 in
1519 5740 1723 5798 Chron.
1754 5741 1923 5798 BARR.

407 5813 434 5854 δ
470 5816 634 5873 Deest
656 5817 771 5872 haec
796 5814 1064 5886 particula
1090 5815 1143 5869 in
1169 5830 1270 5872 ms.
1316 5813 1393 5870 lo.

779 5909 1052 5977 Ρηιοι.
1101 5905 1244 5969 XV.

1989 3839 2150 3896 quem
2181 3827 2367 3898 generi
2409 3827 2623 3886 insidiis
2661 3831 2805 3888 inter
2832 3837 3021 3905 epulas
3061 3839 3391 3896 exstinctum
3432 3857 3593 3898 acce-

1991 3918 2202 3989 pimus;
2233 3934 2264 3974 a
2292 3936 2400 3992 quo
2445 3922 2514 3977 ad
2554 3923 2725 3980 filium
2755 3927 2874 3996 ejus
2910 3928 3242 4001 Hyrcanum,
3277 3949 3438 4005 quem
3470 3936 3594 4008 fuga

1995 4009 2236 4081 periculo
2266 4022 2569 4083 exemerat,
2599 4019 2953 4089 praerogativa
2981 4023 3277 4080 sacerdotii
3317 4026 3592 4100 demigra-

1994 4102 2091 4159 vit.
2129 4104 2378 4178 Hyrcano
2399 4117 2581 4166 autem
2618 4111 2980 4180 Aristobulus,
3016 4117 3111 4188 qui
3155 4118 3320 4175 etiam
3366 4137 3594 4193 regnum

1999 4210 2299 4257 memorato
2319 4203 2567 4275 adjunxit
2598 4209 2832 4278 muneri,
2864 4219 2926 4266 ut
2952 4215 3232 4284 utriusque
3259 4223 3407 4273 esset
3431 4217 3600 4286 parti-

1999 4306 2148 4364 ceps,
2179 4302 2235 4350 et
2260 4295 2576 4354 Aristobulo
2589 4299 2902 4357 Alexander
2917 4303 3243 4362 substitutus
3270 4315 3355 4363 est
3381 4325 3394 4362 :
3421 4307 3598 4364 Penes

2000 4387 2369 4444 Alexandrum
2413 4400 2467 4448 et
2491 4395 2736 4465 :regnum
2787 4405 2842 4452 et
2885 4398 3274 4469 sacerdotium,
3314 4416 3485 4474 usque
3530 4405 3598 4460 ad

2002 4480 2148 4537 diem
2176 4482 2301 4538 vitae
2324 4483 2443 4555 ejus
2463 4486 2665 4542 mansit
2683 4503 3022 4560 supremum,
3048 4506 3146 4562 per
3162 4501 3369 4564 septem
3389 4495 3602 4553 scilicet

1927 4571 1982 4634 D
2005 4583 2060 4630 et
2087 4574 2277 4645 viginti
2307 4591 2504 4648 annos,
2537 4579 2632 4636 sed
2664 4581 2981 4654 plerumque
3001 4583 3168 4641 dubio
3189 4594 3336 4643 statu
3361 4606 3375 4641 :
3401 4604 3526 4645 nam
3549 4599 3606 4646 et

2004 4686 2204 4738 anceps
2251 4672 2392 4728 inter
2427 4673 2607 4744 ipsum
2647 4683 2702 4732 et
2743 4676 3078 4734 Demetrium
3109 4680 3340 4738 victoria
3379 4682 3503 4750 fuit,
3551 4694 3608 4742 et

2007 4762 2188 4819 odium
2221 4763 2458 4821 immane
2488 4782 2517 4820 a
2541 4767 2771 4824 civibus.
2815 4768 2964 4825 ldem
3008 4772 3247 4830 moriens
3272 4775 3605 4845 Alexander,

2009 4858 2098 4930 qui
2125 4856 2487 4928 periculosam
2519 4860 2646 4916 ﬁliis
2676 4863 2790 4918 suis
2820 4873 3073 4921 cerneret
3101 4865 3348 4923 odiorum
3380 4885 3604 4926 suorum

2009 4951 2406 5021 haereditatem,
2458 4953 2826 5012 Alexamlram
2872 4957 3156 5031 coniugem
3203 4975 3359 5016 suam
3397 4967 3608 5020 exerci-

2013 5057 2118 5102 tam
2146 5063 2246 5103 usu
2269 5048 2502 5119 imperii,
2536 5059 2591 5105 et
2625 5053 2993 5107 communium
3042 5055 3391 5112 assuetudine
3422 5059 3606 5114 consi-

2014 5140 2232 5208 liorum,
2264 5142 2554 5211 gratiorem
2597 5153 2774 5199 tamen
2809 5145 3008 5216 populo
3035 5146 3180 5218 quod
3228 5159 3282 5204 et
3320 5151 3608 5206 adversum

2016 5233 2117 5288 viri
2145 5235 2406 5289 saevitiam
2435 5235 2871 5305 periclitantibus
2890 5238 3205 5310 frequenter
3223 5242 3477 5311 prmsidio
3500 5246 3614 5298 fue-

2021 5327 2109 5392 rit,
2145 5338 2198 5382 et
2223 5328 2438 5398 coujugi
2471 5336 2921 5399 temperamento,
2969 5334 3137 5403 regali
3182 5348 3420 5403 praeesse
3452 5337 3622 5392 voluit

2025 5419 2389 5492 gubernaculo
2422 5437 2436 5475 :
2468 5421 2727 5477 arbitram
2774 5424 2937 5479 simul
2969 5433 3236 5494 statuens,
3268 5428 3481 5485 cuinam
3525 5445 3622 5500 po-

2027 5515 2294 5571 tissimum
2323 5514 2559 5571 filiorum
2592 5531 2863 5573 summum
2915 5519 3280 5576 sacerdotium
3321 5524 3629 5581 committe—

2030 5618 2201 5665 retur.
2232 5609 2325 5665 llla
2352 5609 2664 5681 Hyrcanum
2698 5611 2833 5683 patri
2863 5611 3214 5667 substituitin
3241 5616 3628 5691 sacerdotium,

2113 5754 2135 5783 ε
2178 5743 2554 5818 Regressionis.
2598 5745 2671 5801 In.

3039 5901 3120 5964 28
