4112 6350
571 306 715 366 ευδυ
1918 290 2163 354 SANC‘l‘l
2205 292 2526 353 auenasn
3707 299 3826 357 sono

572 422 659 479 vel
700 429 920 493 propter
947 419 1171 491 maioris
1214 416 1388 473 :etatls
1431 412 1874 487 praerogativam,
1911 409 2000 466 vel
2038 406 2182 480 quod
2209 412 2265 475 Α
2287 409 2525 483 fatigatis
2555 407 2882 467 Alexandra:
2927 408 3180 481 precibus
3223 416 3429 479 socrus,
3467 408 3550 466 vel
3584 409 3829 471 insimula-

571 516 784 574 lenlore
805 530 967 587 quam
997 512 1163 568 frater
1210 507 1451 582 ingenio,
1495 507 1675 562 nullas
1701 518 1868 576 super
1904 502 2057 572 regni
2087 514 2183 555 ne-
2286 504 2528 560 tionibus
2588 503 2836 569 territus,
2885 500 3156 558 Jonatban
3201 501 3443 574 conjugis
3484 514 3589 558 ante
3642 503 3829 563 fratrem

575 610 741 681 gotiis
770 606 934 662 matri
966 604 1243 661 videretur
1270 600 1554 657 molestias
1582 600 1939 656 excitaturus.
1974 593 2185 649 Aristo-
2284 608 2495 669 septem
2528 596 2825 668 decemque
2855 608 3029 652 annos
3073 600 3321 667 agentem
3362 594 3676 652 sacerdotem
3706 612 3835 654 cm-

577 703 706 759 bnlo
735 700 867 758 nihil
902 699 1249 772 publicorum
1277 694 1555 752 commisit
1581 693 1910 749 ofﬁciorum.
1945 687 2052 746 Sed
2092 686 2185 742 ille
2284 693 2385 759 vit,
2411 708 2570 763 quem
2602 707 2728 747 mox
2757 693 2873 762 ipse
2909 690 3078 747 exitio
3109 689 3284 757 dedit,
3316 699 3611 760 suspectum
3631 689 3832 761 imperii,

575 799 740 855 etiam
771 798 989 853 vivente
1031 804 1229 862 matre,
1277 790 1616 865 egritudinis
1652 798 1834 843 tamen
1875 784 1994 855 eius
2027 795 2185 837 occa~
2284 785 2427 857 quod
2452 786 2597 840 circa
2643 798 2767 841 eum
2813 784 3086 855 ingentem
3132 782 3315 854 populi
3361 781 3521 839 tutius
3545 784 3752 854 gratiam
3791 782 3836 838 in

574 898 735 953 sione
756 896 811 951 in
842 892 1073 953 remotis
1095 904 1152 949 et
1178 889 1567 947 munitioribus
1591 886 1730 943 locis
1751 894 1933 954 regem
1958 880 2182 952 agebat:
2284 879 2403 933 dies
2430 877 2639 933 videret
2677 875 3013 933 adolescere.
3054 874 3367 931 Posthabito
3395 873 3571 946 itaque
3604 874 3837 942 Ananelo,

574 1002 684 1063 quo
726 988 933 1045 oﬁ‘ensa
979 996 1177 1051 mater.
1207 994 1262 1042 et
1305 982 1537 1057 Hyrcani
1564 978 1807 1053 querelis
1850 975 2042 1044 anxia,
2074 974 2182 1029 vim
2283 987 2445 1044 quem
2473 972 2584 1043 jam
2611 984 2680 1028 ex
2708 969 3040 1042 ignobilibus
3066 981 3193 1025 ante
3222 967 3504 1025 Ionatham
3532 967 3582 1022 in
3618 965 3840 1024 sacerdo-

576 1060 758 1141 morbi
787 1082 946 1151 aluit,
976 1095 1080 1137 nec
1104 1080 1248 1137 ultra
1295 1082 1323 1117 ι
1362 1090 1556 1133 novem
1588 1086 1765 1129 annos
1806 1068 2018 1141 imperii
2058 1080 2187 1139 pro-
2225 1134 2239 1145 .
2287 1069 2420 1124 tium
2452 1066 2869 1139 subrogaverat,
2897 1066 3138 1137 reliquos
3168 1080 3266 1137 per
3287 1063 3531 1119 ordinem
3571 1060 3843 1133 huiusmodi

574 1191 789 1249 gressa,
830 1176 1075 1231 omnium
1106 1170 1381 1229 hreredem
1420 1169 1729 1240 Hyrcanum
1773 1159 1999 1233 reliquit
2030 1170 2044 1214 ξ
2073 1170 2184 1214 non
2284 1161 2469 1232 elegit,
2494 1161 2563 1217 de
2587 1160 2787 1232 quibus
2817 1159 2950 1215 nihil
2977 1166 3292 1230 suspectum
3318 1156 3554 1212 haberet.
3574 1152 3698 1210 Nam
3721 1152 3844 1225 quod

572 1248 719 1343 quod
747 1281 1090 1325 servaturum
1122 1271 1502 1339 praesumeret,
1532 1261 1629 1317 θεά
1659 1274 1727 1314 ne
1771 1255 2056 1326 indignum
2090 1254 2179 1322 ju-
2286 1258 2340 1313 in
2368 1254 2532 1313 afﬁne
2559 1255 2769 1327 perpeti
2806 1270 2915 1311 non
2960 1259 3235 1325 potuerat.
3280 1248 3714 1323 quemadmodum
3753 1260 3843 1302 non

575 1371 859 1430 varet,aut
880 1362 1220 1433 usurpatoris
1243 1356 1589 1414 insolentiam
1614 1350 1821 1424 judicio
1837 1345 2184 1421 prosperiore
2285 1359 2504 1406 caveret
2525 1350 2579 1405 in
2602 1350 2797 1405 alienis
2825 1346 3069 1405 similia?
3099 1346 3157 1401 In
3194 1343 3499 1417 huiusmodi
3521 1339 3844 1399 ordinationi.

576 1455 903 1512 accenderet
932 1470 948 1507 :
978 1431 1166 1510 verum
1191 1449 1520 1508 Alexandros
1548 1462 1697 1503 mors
1727 1444 1893 1501 etiam
1934 1440 2185 1512 Hyrcano
2285 1442 2389 1497 bns
2414 1441 2715 1499 Archelaus
2742 1450 2962 1498 secutus
2993 1450 3233 1511 paternae
3268 1438 3500 1509 speciem
3538 1431 3847 1491 consuetudi-

574 1554 940 1610 secerdotinm
973 1564 1313 1625 regnumque
1360 1549 1583 1606 ademit.
1617 1546 1751 1603 Nam
1793 1542 1937 1602 bello
1987 1543 2179 1607 victus,
2284 1538 2391 1603 nis,
2420 1536 2756 1607 angustioris
2778 1535 2945 1591 animi
2970 1535 3148 1589 tenuit
3174 1530 3499 1588 sententiam
3528 1547 3542 1585 :
3568 1543 3708 1584 more
3734 1539 3849 1598 quo.

578 1647 647 1703 ad
680 1647 976 1703 munitiora
1006 1661 1130 1703 sese
1167 1644 1424 1711 contulit,
1473 1642 1808 1712 retentisque
1852 1637 2085 1708 cenjuge
2126 1638 2185 1691 et
2287 1630 2410 1685 dam
2443 1630 2608 1686 insito
2642 1630 2988 1694 mortalibus,
3022 1636 3080 1685 ut
3117 1626 3260 1700 apud
3292 1636 3389 1682 eos
3416 1626 3589 1680 minus
3632 1629 3848 1693 suspecta

577 1742 712 1798 liliis
731 1740 1031 1797 Aristobuli
1064 1753 1204 1812 quos
1226 1740 1279 1794 in
1307 1747 1488 1793 castro
1514 1737 1817 1801 invenerat,
1843 1730 2183 1802 amplexatus
2287 1724 2359 1778 sit
2382 1724 2598 1795 ignavia
2630 1723 2995 1791 ltebetiorum,
3030 1734 3192 1793 quam
3233 1720 3403 1793 gratia
3431 1716 3717 1782 bonorum;
3743 1726 3847 1771 cum

580 1836 666 1891 est
692 1843 902 1891 mutare
930 1807 1322 1901 conditionem,
1352 1843 1412 1888 ut
1442 1831 1509 1887 ad
1541 1828 1918 1887 Aristobulum
1940 1830 2183 1896 potestas
2212 1816 2261 1879 B
2288 1818 2534 1873 infirmus
2581 1817 2797 1871 animus
2843 1814 3167 1872 insolentior
3207 1813 3278 1868 sit
3323 1813 3376 1868 in
3426 1812 3583 1867 r¢bus
3606 1807 3845 1874 secundis.

579 1928 757 1984 omnis
788 1927 1067 1995 transiret,
1115 1934 1172 1983 et
1223 1924 1588 1982 sacerdotium
1622 1942 1636 1979 :
1679 1924 1795 1992 ipse
1841 1919 2085 1992 privatus
2126 1915 2181 1970 in
2286 1909 2608 1982 prudentior
2649 1919 2830 1965 autem
2872 1908 3087 1966 noverit
3130 1908 3304 1963 vicem
3336 1904 3547 1961 referre
3581 1898 3846 1957 beneﬂciis.

579 2020 801 2077 domum
836 2020 1134 2077 Aristobuli
1172 2018 1521 2076 concederet.
1573 2015 1684 2073 Nec
1713 2022 1894 2071 tamen
1933 2009 2027 2067 diu
2058 2022 2189 2065 con-
2290 2002 2459 2074 Igitur
2487 2017 2516 2058 a
2545 2016 2714 2075 regno
2744 2001 3001 2070 Herodis,
3033 2014 3208 2072 usque
3233 2000 3303 2054 ad
3335 1994 3364 2034 ιι
3393 1997 3685 2052 Romanum
3706 1994 3848 2062 impe-

585 2121 769 2170 tentus
796 2111 896 2169 fuit
938 2114 1117 2169 aulam
1164 2113 1370 2185 regiam
1417 2111 1640 2183 privatis
1689 2112 1926 2163 mutasse
1956 2102 2186 2159 aedibus.
2288 2096 2451 2164 rium,
2482 2097 2625 2167 quod
2659 2090 2925 2151 Archelao
2950 2094 3185 2165 deiecto,
3221 2091 3464 2149 Iudaeam
3502 2089 3712 2160 reliquis
3746 2100 3852 2157 pro-

576 2207 713 2264 Nam
742 2208 1008 2264 excitatus
1038 2206 1107 2263 ab
1136 2180 1446 2278 Antipatro,
1480 2204 1659 2276 primo
1689 2201 1743 2258 in
1776 2200 2032 2257 Arabiam
2061 2210 2192 2253 con—
2286 2192 2486 2247 vinciis
2515 2191 2900 2256 associaverat,
2930 2199 3091 2261 atque
3119 2187 3245 2244 inde
3269 2198 3438 2259 usque
3456 2182 3711 2255 adlempli
3729 2180 3852 2236 exci-

581 2302 774 2369 tendit,
806 2300 999 2358 velutb
1029 2272 1367 2358 contestatus
1406 2272 1546 2370 pacti
1581 2296 1936 2368 iniquitatem.
1984 2290 2191 2348 Deinde
2292 2285 2441 2341 dium
2460 2294 2513 2340 ct
2536 2282 2866 2355 triumphum
2888 2282 2995 2339 Titi
3018 2282 3235 2338 fuerunt
3255 2278 3595 2336 sacerdotum
3617 2272 3851 2347 principes

582 2396 675 2452 ubi
725 2396 998 2452 inﬁrmum
1039 2395 1139 2451 sibi
1174 2395 1459 2450 adversum
1507 2392 1783 2448 Romanos
1817 2402 1957 2458 quos
2010 2385 2063 2441 in
2106 2383 2191 2441 sui
2296 2377 2489 2452 viginti
2532 2390 2588 2436 et
2628 2390 2777 2449 octo,
2804 2392 2902 2451 per
2943 2390 3116 2435 annos
3156 2384 3376 2435 centum
3426 2384 3483 2432 et
3526 2370 3845 2445 septuaginta.

581 2490 897 2547 societatem
926 2504 1024 2561 per
1053 2489 1318 2546 Scaurum
1342 2484 1690 2545 Aristobulus
1714 2483 1991 2546 illexerat,
2021 2476 2190 2534 Arabi
2293 2477 2436 2531 Sane
2461 2472 2602 2548 apud
2634 2473 2924 2545 plerosque
2949 2482 3138 2529 eorum
3176 2469 3459 2543 dignitatis
3503 2467 3611 2523 sola
3655 2462 3847 2527 functio,

581 2583 747 2654 Regis
774 2555 1035 2638 auxilium
1064 2582 1319 2648 advertit,
1343 2579 1605 2650 Pompeio
1636 2576 1882 2633 Venienti
1913 2570 2193 2644 querimo-
2293 2578 2462 2639 penes
2486 2578 2688 2639 paucos
2715 2566 2879 2622 etiam
2904 2565 2993 2636 jus
3024 2565 3315 2637 potestatis
3340 2561 3457 2617 fuit.
3507 2559 3689 2631 Liquet
3715 2555 3850 2626 igitur

582 2676 727 2731 niam
757 2675 976 2742 detulit,
1002 2676 1097 2747 qui
1126 2674 1437 2731 eludentem
1465 2670 1863 2735 Aristobulum,
1892 2678 2036 2722 anno
2075 2665 2189 2737 jam

586 2772 746 2827 tertio
773 2770 1181 2842 imperitantem
1208 2769 1355 2825 bello
1380 2766 1636 2839 perculit,
1674 2762 1999 2820 auctoritate
2021 2761 2187 2829 cepit,
2292 2754 2508 2828 generis
2562 2753 2958 2811 successionem
2995 2771 3008 2807 :
3058 2752 3181 2823 quia
3214 2765 3327 2806 non
3367 2760 3557 2805 omnes
3597 2759 3660 2800 ex
3698 2743 3847 2796 Aaron

583 2872 748 2936 atque
785 2837 916 2919 ante
963 2861 1250 2917 victoriam
1293 2837 1557 2916 custodite
1594 2855 1773 2921 dedit;
1822 2860 2193 2925 superatoque
2294 2860 2471 2924 neque
2491 2851 2617 2906 lilii's
2645 2850 2888 2921 ejus,qui
2911 2849 2966 2904 in
2991 2847 3111 2919 ejus
3131 2842 3417 2917 subrogati
3441 2837 3849 2907 locum,l'ormatu

585 2957 704 3029 ejus
731 2957 932 3029 populo
958 2964 1013 3011 et
1034 2964 1193 3026 capta
1220 2955 1379 3021 urbe,
1405 2953 1676 3024 captivum
1708 2922 2036 3021 ipsum-cum
2066 2943 2191 3001 filiis
2295 2922 2627 3019 praescripta:
2652 2944 3016 3002 successionis
3054 2941 3266 2998 caeteris
3295 2939 3654 3009 dereliquere.
3694 2922 3850 2998 Itaque

581 3028 815 3105 Romam
842 3047 1004 3120 dirigi
1038 3047 1381 3120 praecipiens,
1409 3046 1661 3118 Hyrcano
1686 3040 1979 3100 sacerdotii
2009 3038 2188 3110 digni-
2292 3052 2415 3096 cum
2434 3040 2660 3095 avaritia
2682 3047 2773 3094 aut
2798 3035 3025 3109 perfidia
3047 3044 3269 3090 suorum
3292 3040 3556 3103 corrupta
3573 3028 3741 3085 essent
3759 3035 3849 3077 ma-

583 3154 753 3201 tatem
774 3117 995 3209 refudit,
1026 3117 1189 3215 atque
1210 3117 1336 3199 cum
1360 3152 1385 3183 σ
1415 3140 1701 3213 praesidem
1729 3137 1958 3202 civibus,
1983 3135 2190 3206 absque
2230 3204 2261 3215 Δ
2289 3137 2469 3209 jorum
2524 3134 2801 3200 instituta,
2853 3130 3050 3188 violata
3095 3130 3219 3201 jura
3275 3128 3577 3201 religionis,
3630 3117 3850 3179 convulsa

584 3238 893 3295 diademate
923 3204 2050 3309 tamenregniqueinfulis.statnit.Largus
2070 3204 2191 3300 qiui-
2216 3204 2263 3274 Ο
2290 3204 2563 3299 aequitatis
2589 3225 2874 3299 prtesldia;
2910 3236 3021 3280 non
3060 3223 3342 3279 immerito
3372 3230 3468 3278 eos
3510 3218 3681 3275 divina
3722 3211 3852 3268 dese-

588 3333 713 3388 dem
742 3333 988 3399 honoris,
1018 3331 1115 3387 sed
1140 3307 1419 3388 consultor
1448 3329 1666 3400 qnietis,
1712 3342 1781 3382 ne
1820 3324 2075 3381 fraternae
2101 3324 2188 3377 in-
2294 3325 2407 3381 ruit
2434 3323 2736 3395 opituiatio,
2768 3328 2943 3391 eoque
2978 3326 3257 3389 tamquam
3282 3316 3342 3371 in
3373 3324 3595 3370 vacuum
3632 3307 3852 3381 populum

590 3426 841 3483 scientiae
888 3425 1084 3497 spiritu
1133 3438 1236 3496 pax
1305 3422 1639 3479 turbaretur.
1703 3419 1783 3476 Ita
1844 3416 2192 3475 Aristobulus
2294 3419 2445 3477 omni
2488 3416 2805 3490 iniuriarum
2837 3426 3038 3487 genere
3071 3420 3417 3485 processum,
3446 3412 3507 3466 ut
3540 3400 3854 3464 seditionibus

592 3527 786 3589 captus
814 3519 962 3585 licet,
995 3518 1304 3591 Hyrcanum
1328 3525 1507 3571 tamen
1535 3526 1706 3586 regno
1733 3512 1920 3578 exuit;
1947 3510 2041 3581 qui
2062 3520 2196 3580 qua-
2295 3514 2614 3571 domesticis
2658 3512 2714 3567 in
2760 3512 2975 3581 seipsos
3019 3518 3214 3565 manus
3244 3510 3570 3563 verterent:
3600 3491 3856 3556 latrociniis

596 3624 719 3670 tuor
747 3623 804 3670 et
846 3614 1035 3685 viginti
1067 3625 1241 3668 annos
1273 3619 1461 3682 postea
1495 3608 1701 3680 majore
1749 3618 1850 3663 usu
1893 3616 2053 3674 quam
2097 3614 2199 3659 no-
2295 3610 2552 3684 gravibus
2580 3607 3002 3675 afﬂictarentur,
3035 3614 3090 3661 et
3122 3601 3441 3660 teterrimos
3467 3596 3767 3656 sortirentur
3783 3586 3856 3660 ju-

596 3707 744 3764 mine
771 3706 825 3762 in
864 3681 1137 3777 potestate
1168 3681 1352 3774 exegit
1381 3722 1393 3756 :
1422 3714 1524 3758 nec
1578 3710 1761 3756 tamen
1813 3696 1861 3754 is
1896 3696 2022 3751 ﬁnis
2071 3696 2198 3751 vita:

2314 3704 2469 3771 lices,
2486 3715 2544 3760 ut
2560 3698 2821 3773 improbis
2838 3702 3128 3774 nequiores
3142 3697 3539 3754 succederent:
3557 3688 3769 3777 denique
3781 3681 3857 3736 Μ-

2294 2663 2347 2718 in
2378 2662 2741 2719 sacerdotium
2770 2659 3104 2733 principibus
3125 2670 3234 2713 non
3260 2666 3637 2729 perseverasse
3658 2645 3849 2721 legitimi

593 3798 867 3871 Hyrcano,
904 3800 999 3870 qui
1028 3797 1314 3867 petestatis
1346 3794 1467 3850 fuit.
1514 3792 1649 3849 Nam
1676 3791 1946 3861 reliquum
1986 3798 2200 3859 tempus

594 3893 853 3950 dedecori
881 3892 1070 3955 cessit,
1100 3900 1159 3945 ut
1200 3903 1363 3961 supra
1396 3885 1817 3943 memoravimus
1852 3901 1865 3939 :
1908 3882 1951 3937 si
1979 3880 2197 3952 quidem

594 3996 890 4056 superatus
921 3984 1132 4056 praelio,
1164 3981 1382 4038 Parthis
1418 3980 1757 4050 Euphratem
1796 3973 2202 4045 transgredien-

601 4082 766 4148 tibus,
794 4087 1012 4148 captus,
1038 4086 1096 4133 et
1136 4076 1413 4147 Antigone
1451 4080 1506 4128 et
1541 4068 1840 4128 Aristobuli
1874 4066 1990 4122 tilio
2015 4064 2070 4120 in
2101 4076 2201 4134 po-

597 4182 852 4230 testatem
877 4172 1057 4239 datus,
1086 4167 1457 4238 truncatisque
1484 4165 1730 4232 auribus,
1754 4172 1858 4218 nec
1880 4161 1961 4216 sic
1980 4154 2205 4231 quidem

600 4280 859 4323 aerumna
888 4263 1220 4320 miserabilis
1251 4261 1501 4331 implevit
1530 4256 1908 4313 acerbitatem.
1933 4251 2067 4308 Nam
2083 4252 2209 4322 post

601 4362 750 4416 illam
784 4360 837 4414 in
876 4356 1152 4413 Parthiam
1195 4367 1413 4425 quoque
1444 4352 1717 4406 abductus
1764 4346 1942 4414 eXSul,
1985 4343 2203 4410 debilis,

602 4462 790 4520 senex,
825 4450 1115 4508 ludibrium
1141 4448 1209 4503 de
1237 4461 1297 4503 se
1327 4443 1575 4502 barbaris
1604 4441 1833 4514 praebuit
1860 4456 1876 4506 ;
1901 4448 1953 4495 et
1989 4437 2210 4508 cognito

603 4558 816 4619 postea,
855 4543 1003 4617 quod
1043 4540 1287 4599 Herodes
1336 4536 1698 4607 imperitaret,
1756 4531 1913 4603 cuius
1956 4530 2210 4599 coningio

608 4643 909 4699 Mariamne
931 4638 1110 4707 neptis
1132 4644 1228 4693 sua
1254 4632 1586 4704 potiebatur,
1620 4629 1672 4683 in
1708 4625 1952 4684 Juda-am
1983 4622 2212 4680 reverti-

609 4745 719 4790 tur.
763 4732 869 4791 Ubi
919 4732 1095 4804 primo
1143 4738 1353 4783 summa
1403 4722 1629 4778 honoris
1676 4719 1862 4791 specie
1906 4722 2209 4787 susceptus,

612 4828 758 4902 quod
791 4827 1108 4883 insidiatum
1141 4820 1388 4876 velamen
1414 4815 1829 4878 obtendevctnr,
1859 4808 2004 4865 haud
2044 4806 2216 4861 multo

608 4932 739 4998 post
759 4922 963 4978 afﬂicto
982 4918 1211 4974 crimine
1235 4913 1378 4986 quod
1405 4919 1730 4983 potestatem
1751 4906 1912 4962 vellet
1940 4912 2215 4974 repetere,

614 4992 977 5087 interemptus
998 5021 1103 5069 est.
1123 5009 1323 5066 Nactus
1348 5009 1510 5079 igitur
1531 5002 1774 5061 Herodes
1800 5012 2049 5068 regnum,
2071 4992 2217 5065 quod

611 5133 641 5172 a
671 5112 931 5170 Romanis
959 5123 1060 5180 pro
1089 5112 1415 5177 oppugnata:
1453 5100 1538 5155 vel
1571 5094 1799 5168 proditae
1842 5088 2030 5162 patriae
2072 5102 2215 5142 mer-

610 5210 748 5266 cede
777 5213 1088 5275 acceperat,
1134 5201 1184 5255 in
1240 5198 1420 5253 locum
1453 5190 1710 5263 Antigoni
1756 5186 1847 5255 qui
1878 5183 2113 5239 triennio
2158 5189 2214 5237 et

612 5304 789 5360 tribus
816 5298 1093 5357 mensibus
1125 5302 1375 5350 tenuerat
1418 5285 1725 5356 imperium,
1766 5278 2051 5335 substituit
2094 5288 2216 5331 suc-

612 5410 862 5457 cessores
881 5394 936 5449 in
965 5387 1358 5451 sacerdotium,
1378 5394 1486 5437 non
1509 5374 1816 5434 Asamonaei
1842 5373 2058 5444 generis
2080 5382 2217 5442 quos

614 5491 860 5550 clarioris
904 5486 1071 5542 fuisse
1117 5478 1383 5552 prosapia:
1420 5470 1767 5542 accepimus,
1812 5465 1908 5523 sed
1951 5464 2217 5537 ignobiles

613 5598 882 5658 quosque,
911 5588 1050 5651 quos
1074 5582 1169 5633 aut
1191 5570 1365 5630 libido
1393 5576 1487 5623 aut
1521 5576 1680 5623 casus
1716 5560 2000 5619 dedisset:
2032 5566 2215 5615 tamen

689 5800 715 5831 ⁸
760 5787 1177 5925 Quatuordecim.
1225 5783 1303 5839 In.

689 5867 717 5908 ιι
804 5868 1165 5922 ontcstaturtu.
1206 5855 1281 5913 Io.

689 5867 717 5908 ιι
761 5855 1165 5922 Gemmatum.
1206 5855 1281 5913 Io.

2301 3800 2460 3856 binus
2486 3772 2816 3854 deterrimus
2867 3772 3163 3850 habebatur
3183 3790 3563 3863 superibrum;
3610 3781 3700 3841 sed
3725 3772 3859 3835 Floro

2303 3898 2644 3958 successore,
2674 3892 2721 3945 is
2741 3890 2884 3945 inter
2895 3887 3071 3943 bonos
3095 3885 3322 3953 relatus,
3342 3880 3436 3957 qui
3454 3883 3619 3938 lactem
3645 3872 3754 3932 belli
3776 3878 3860 3925 ext

2304 3986 2446 4053 tulit,
2479 3983 2839 4056 praeliuinque
2855 3980 3000 4037 inter
3013 3976 3232 4037 Judtcos
3246 3974 3589 4034 etﬂomanos
3616 3962 3861 4027 accendit;

2304 4092 2425 4151 qua:
2473 4088 2636 4134 causa
2666 4086 2923 4147 supremo
2956 4070 3146 4143 templi
3182 4081 3236 4126 et
3264 4070 3419 4127 urbis
3453 4063 3659 4126 excidio
3684 4058 3790 4116 fuit.

2898 4163 3131 4223 CAPUT
3170 4160 3313 4221 XIV.

2378 4267 2623 4337 Namque
2638 4262 2855 4319 Cestius
2869 4303 2883 4328 ,
2910 4260 3001 4316 ubi
3027 4258 3220 4314 ardere
3244 4255 3470 4314 Jndteos
3489 4249 3740 4323 comperit
3760 4237 3865 4298 belli

2309 4359 2515 4427 furore,
2550 4359 2643 4429 qui
2689 4366 2957 4412 summam
3008 4352 3220 4409 militiae
3246 4350 3543 4423 regendam
3583 4346 3636 4403 in
3666 4337 3870 4416 partibus

2312 4453 2486 4526 Syriae
2507 4469 2536 4506 a
2569 4450 2830 4506 Romanis
2861 4453 3199 4516 susceperat,
3227 4444 3555 4501 duodecimo
3576 4448 3713 4494 anno
3732 4433 3872 4500 impc-

2314 4548 2380 4603 rii
2409 4546 2643 4602 Neronis
2670 4544 2838 4598 movit
2860 4557 3032 4610 arma,
3058 4550 3116 4596 ut
3148 4539 3379 4596 militum
3402 4537 3752 4594 Romanorum
3779 4520 3876 4595 qui-

2319 4641 2419 4696 bus
2441 4648 2559 4695 erat
2579 4636 2826 4693 custodia
2857 4634 3144 4691 commissa
3179 4630 3503 4690 coercendae
3528 4621 3808 4685 insolentia:
3831 4619 3877 4668 ct

2318 4726 2470 4806 pacis
2495 4722 2732 4799 tuendae,
2783 4744 2972 4785 necem
3021 4725 3401 4784 ulcisceretur.
3450 4713 3876 4793 Congregatisque

2318 4828 2485 4884 etiam
2519 4825 2792 4880 sociorum
2816 4820 3068 4885 auxiliis,
3093 4816 3340 4876 Iudaeam
3374 4817 3667 4890 ingressus,
3715 4803 3876 4861 urbem

2320 4921 2409 4976 cui
2438 4932 2636 4973 nomen
2678 4912 2947 4979 Zaliulon,
2981 4910 3207 4983 dilapsis
3251 4920 3402 4965 metu
3457 4904 3666 4967 incolis,
3695 4897 3877 4971 plenam

2322 5012 2631 5069 divitiarum
2661 5024 2796 5082 quas
2839 5006 2906 5063 ad
2930 5000 3210 5078 superiora
3235 5004 3500 5059 utentium
3541 4992 3879 5063 confugientes

2321 5106 2526 5164 domini
2549 5122 2735 5162 secum
2765 5102 2981 5159 auferre
3004 5098 3382 5172 nequiverant,
3407 5092 3567 5165 diripi
3587 5091 3651 5146 ab
3670 5079 3880 5145 exercitu

2322 5216 2533 5273 passus.
2570 5199 2882 5255 Admiratus
2912 5170 3130 5267 quoque
3168 5188 3510 5264 publicorum
3540 5196 3752 5259 operum
3782 5170 3880 5273 p01:

2319 5262 2713 5359 citritudinem,
2746 5262 2960 5346 incendi
2988 5262 3153 5361 ju—ssit
3172 5262 3198 5344 -ε
3220 5295 3276 5344 et
3314 5282 3471 5358 quasi
3500 5282 3602 5338 hoc
3629 5287 3799 5351 parum
3823 5262 3880 5361 ad

2320 5388 2615 5446 vindictam
2650 5386 2790 5441 foret
2814 5428 2830 5454 ,
2863 5383 3074 5455 Joppen
3103 5383 3386 5454 praemisso
3411 5376 3675 5442 exercitu,
3706 5358 3881 5436 nequis

2318 5478 2444 5554 fuga
2473 5497 2599 5539 sese
2644 5479 2815 5537 exitio
2855 5479 3224 5544 subduceret,
3257 5484 3400 5533 terra
3433 5472 3672 5540 marique
3714 5466 3881 5554 irruit!-

2320 5574 2577 5649 pentibus
2599 5574 2692 5644 qui
2723 5568 2987 5629 destinati
3027 5569 3276 5637 fuerant,
3325 5561 3641 5637 occupavit,
3683 5546 3885 5615 necatis-

2402 5776 2425 5805 ο
2466 5762 2784 5822 Praestiteris.
2824 5760 2902 5818 In.

2393 5834 2421 5875 τι
2451 5835 2827 5893 Romanorum.
2862 5831 3033 5891 Bm.
