4112 6350
246 318 374 380 2061

1109 321 1380 383 HISTOR.
1420 323 1512 383 ne
1554 323 1830 387 EXCIDIO
1868 290 2140 387 uissus.
2183 325 2389 388 URBIS
2419 326 2549 387 ue.
2591 328 2657 387 ιι.

3405 334 3549 394 206!

245 451 345 511 que
367 443 492 492 octo
523 435 765 493 millibus
811 437 1081 507 virorum,
1116 448 1173 497 et
1212 440 1625 513 quadringentis
1674 442 1844 499 ferme
1872 447 1925 508 Α
1949 438 2060 496 illic
2090 441 2276 514 exegit
2309 441 2566 498 triduum.
2613 441 2820 510 Quarto
2867 442 2959 501 die
3006 443 3211 517 impetu
3245 445 3388 504 facto
3412 491 3428 517 ,
3466 451 3552 505 in-

243 528 501 597 amplius,
548 529 636 587 ubi
689 530 869 602 praeda
919 531 1127 604 rapinae
1172 534 1375 599 cessit,
1420 543 1609 589 exusta
1649 534 1842 591 civitas

243 630 342 679 εεῑ.
377 621 562 678 Vicina
605 638 821 696 quoque
869 623 1135 682 Caesarea:
1180 624 1569 699 depopulatus,
1616 626 1847 697 diripuit

242 715 495 784 inventa,
540 715 691 773 vicos
732 718 996 775 incendit.
1045 718 1214 791 Cujus
1250 717 1409 793 fregit
1439 721 1700 792 impetum
1743 721 1842 778 Se-

240 812 449 888 plioris,
481 813 892 883 egredientibus
914 816 1125 871 cunctis
1150 814 1367 871 obviam
1403 814 1615 884 Cestio,
1642 815 1842 873 civium

240 901 425 959 favore
468 913 523 960 et
556 907 734 976 gratia
779 906 1061 976 delinitus,
1103 907 1401 964 immunem
1432 907 1608 965 cladis
1655 907 1847 965 urbem

240 995 480 1066 reliquit.
510 995 782 1053 Fervebat
809 997 861 1053 in
894 999 979 1054 bis
1005 999 1137 1056 locis
1163 1000 1518 1072 coiigregatio
1544 999 1844 1067 latronum,

239 1086 335 1145 sed
391 1090 713 1148 adveniente
762 1093 1042 1159 exercitu,
1074 1092 1129 1149 in
1175 1103 1391 1151 montes
1433 1105 1843 1150 concesserant.

238 1184 339 1255 Qui
372 1186 749 1244 conferentem
785 1191 941 1260 signa
972 1188 1187 1245 Gallum
1233 1191 1588 1263 prmpositum
1639 1188 1849 1247 duode-

239 1279 364 1335 ciuii
399 1281 605 1357 ordinis
629 1280 808 1338 adorsi
837 1285 1051 1339 fortiter
1077 1286 1490 1354 exagitaverunt
1517 1327 1531 1353 ,
1557 1296 1616 1341 ut
1642 1285 1848 1342 ducen-

238 1382 325 1429 tos
352 1370 527 1431 ferme
546 1375 918 1431 Romanorum
948 1376 1279 1433 occiderent.
1313 1376 1515 1434 Verum
1558 1378 1650 1435 ubi
1680 1395 1846 1450 supe—

234 1467 386 1526 riora
407 1470 653 1527 locorum
696 1486 1062 1545 occupavere,
1105 1488 1286 1544 neque
1312 1474 1546 1544 peditem
1597 1478 1848 1531 cominus

233 1572 538 1636 potuerunt
567 1565 809 1621 latrones
864 1566 1012 1637 pati,
1064 1574 1122 1622 et
1152 1566 1421 1638 fugientes
1475 1566 1545 1624 ab
1574 1569 1849 1643 equitibus

235 1655 401 1713 facile
431 1658 789 1715 circumventi
823 1668 1110 1715 necantur.
1157 1658 1295 1716 Caesi
1326 1660 1511 1732 itaque
1546 1677 1708 1733 supra
1741 1662 1849 1719 duo

234 1745 416 1804 millia
441 1791 456 1815 ,
488 1750 644 1818 pauci
675 1749 878 1822 fugati,
913 1751 1005 1822 qui
1050 1751 1103 1808 in
1130 1752 1320 1809 arduis
1354 1755 1623 1811 montium
1658 1765 1848 1826 potue-

1942 547 2166 603 gressus
2213 532 2542 590 Bethesdam
2583 535 2730 590 illico
2777 534 3052 604 incendit,
3108 547 3162 594 et
3203 538 3544 611 Cenopolim.

1946 623 2048 692 Qui
2076 623 2104 664 ι)
2136 626 2516 683 conscendens
2546 627 2612 682 ad
2638 628 2915 699 superiora
2947 628 3119 698 urbis,
3154 631 3550 703 refugientibus

1947 719 2000 774 in
2052 719 2315 776 interiora
2364 720 2666 792 seditiosis,
2717 722 2762 777 si
2815 722 3225 797 irrumpendum
3275 727 3329 783 in
3358 728 3549 784 urbem

1947 818 2223 880 putasset,
2253 810 2397 867 haud
2437 811 2601 869 dubie
2630 828 2792 870 omne
2830 815 3032 872 bellum
3087 828 3234 874 esset
3287 819 3547 875 solutum.

1948 902 2193 973 Denique
2225 904 2519 978 plerosque
2545 909 2768 964 Ananus
2795 907 3049 966 Junathte
3075 909 3222 967 filius
3250 914 3554 971 collocave-

1947 1006 2066 1062 rat,
2096 1008 2157 1053 ut
2186 997 2481 1056 invitarent
2508 1000 2786 1059 Romanos
2817 1004 3042 1060 vocibus
3071 1006 3204 1075 suis,
3247 1009 3399 1080 quasi
3431 1025 3557 1080 por-

1948 1098 2036 1146 tas
2067 1095 2386 1149 reseraturi.
2445 1094 2553 1151 Sed
2584 1095 2712 1151 dum
2765 1096 2985 1155 Cestius
3037 1100 3125 1155 vel
3179 1112 3469 1159 revocatur
3522 1121 3553 1160 a

1950 1182 2163 1249 Prisco,
2212 1186 2299 1241 vel
2344 1186 2621 1260 plerisque
2672 1190 3088 1247 centurionibus
3131 1194 3223 1263 qui
3255 1197 3500 1268 corrupti
3531 1211 3561 1250 a

1950 1276 2142 1345 Floro,
2170 1278 2375 1335 bellum
2405 1280 2723 1339 adolescere
2750 1283 3074 1354 cupiebant,
3105 1286 3193 1342 vel
3221 1303 3412 1358 parum
3434 1304 3557 1345 cre-

1949 1370 2064 1438 dit,
2098 1370 2323 1430 Ananus
2345 1389 2469 1432 cum
2489 1376 2604 1433 suis
2639 1392 2796 1433 muro
2819 1378 3090 1450 dejicitur.
3118 1378 3330 1450 Quibus
3358 1383 3424 1439 ad
3457 1399 3554 1441 sua

1951 1462 2373 1534 refugientibus,
2425 1467 2606 1524 locum
2654 1483 2845 1524 eorum
2876 1470 3121 1527 seditiosi
3168 1488 3555 1545 occupavere:

1952 1556 2295 1630 Romanique
2341 1562 2583 1633 quinque
2612 1561 2808 1619 diebus
2838 1572 3113 1620 tentantes
3143 1563 3393 1624 diversos
3439 1567 3558 1625 adi-

1953 1658 2064 1720 tus,
2096 1669 2219 1710 cum
2251 1653 2650 1727 impossibilem
2683 1657 2789 1717 sibi
2835 1669 3127 1716 cernerent
3173 1660 3552 1733 irruptionem,

1952 1745 2143 1803 electis
2178 1748 2538 1806 validioribus
2565 1750 2871 1822 quibusque
2917 1763 2973 1808 et
3012 1753 3333 1826 sagittariis,
3367 1771 3395 1809 a
3436 1771 3561 1827 sep-

235 1853 371 1898 runt
391 1843 583 1899 latere.
616 1844 685 1900 Et
714 1844 863 1901 omni
900 1861 928 1901 a
960 1846 1250 1907 latrocinio
1297 1848 1523 1920 regione
1576 1857 1799 1922 purgata
1825 1890 1843 1917 ,
1876 1840 1924 1902 B
1952 1840 2286 1897 lemll‘ionali
2311 1841 2485 1899 lalel‘e
2516 1845 2774 1915 lemplum
2810 1844 3066 1915 Ρθῑθδίιηι
3100 1862 3113 1900 ε
3140 1843 3313 1903 “dini
3346 1862 3563 1920 quoque

237 1936 431 1995 Gallus
462 1936 516 1992 in
548 1936 857 1995 Ctesaream
907 1940 1228 1995 revertitur.
1279 1938 1497 1997 Cestius
1535 1957 1658 1998 cum
1705 1940 1852 1997 omni

242 2046 409 2087 manu
432 2031 836 2104 Antipatridem
869 2034 1131 2103 perrexit,
1157 2033 1354 2105 quibus
1380 2051 1489 2091 non
1516 2035 1851 2092 mediocrem

239 2126 419 2183 Judazi
468 2136 868 2185 coacervarunt
913 2128 1338 2186 multitudinem.
1372 2128 1481 2187 Sed
1512 2134 1664 2203 prius
1688 2146 1850 2202 quam

239 2230 610 2276 consererent
638 2235 891 2290 manum,
928 2237 1026 2293 per
1049 2222 1264 2278 diversa
1296 2222 1524 2295 dilapsi,
1573 2222 1851 2296 regionem

240 2327 294 2373 et
338 2316 485 2372 vicos
515 2316 804 2388 direptioni
832 2327 885 2373 et
916 2319 1025 2391 igni
1056 2318 1488 2392 dereliquerunt.
1516 2320 1687 2377 Lidda
1717 2336 1853 2393 quo-

241 2426 353 2481 que
378 2425 543 2466 vacua
577 2410 877 2467 incolarum
903 2424 1141 2483 reperta,
1163 2423 1218 2468 et
1242 2414 1461 2469 incensa
1486 2412 1707 2472 Gabaon
1731 2432 1852 2487 quae

239 2504 313 2561 ab
373 2503 767 2577 Hierosolymis
800 2507 1193 2578 quinquaginta
1240 2506 1430 2563 stadiis
1480 2506 1707 2576 aberat,
1760 2508 1852 2565 ubi

239 2597 554 2654 Romanum
608 2599 906 2655 exercitum
940 2601 1152 2671 accepit
1196 2601 1249 2656 in
1301 2612 1599 2673 conSpeclu
1642 2601 1850 2672 posita.

239 2690 480 2746 armavit
504 2688 743 2746 Judteos.
772 2689 874 2761 Qui
908 2691 1216 2762 posthabita
1269 2690 1479 2747 sabbati
1531 2692 1853 2751 celebritate

241 2780 418 2855 (quod
465 2783 633 2839 veteri
680 2782 829 2839 cultu
874 2792 929 2839 et
974 2782 1207 2840 solemni
1256 2784 1638 2841 observatione
1670 2785 1851 2840 initia-

240 2876 406 2947 bant)
428 2886 581 2931 tanto
605 2876 806 2947 impetu
832 2876 882 2931 in
904 2874 1184 2932 Romanos
1201 2877 1530 2949 prosiluere,
1556 2886 1613 2933 ut
1632 2892 1851 2933 omnem

241 2970 554 3027 exercitum
585 2980 934 3039 averterent,
966 2972 1067 3027 nisi
1097 2974 1307 3043 equites
1349 2971 1730 3029 subvenissent
1756 2988 1850 3043 pe-

241 3064 461 3121 ditibus
510 3064 903 3122 laborantibus.
959 3065 1100 3122 Czesi
1158 3064 1528 3123 Romanorum
1572 3064 1855 3139 quingenti

240 3169 294 3215 et
321 3157 641 3231 quindecim
673 3160 809 3229 viri,
849 3160 946 3217 sed
994 3176 1183 3218 omnes
1224 3163 1461 3233 graviter
1499 3162 1789 3235 periclitati
1838 3180 1852 3218 :

1958 1950 2063 1991 non
2096 1934 2435 1993 feriabautur
2466 1937 2787 2008 proeliantes
2810 1938 3055 2009 fortiter,
3088 1948 3143 1996 et
3170 1941 3407 2011 repulsis
3437 1957 3562 1999 cre-

1955 2026 2057 2083 bro
2078 2027 2326 2085 hostibus
2352 2029 2632 2087 elatiores.
2662 2029 2744 2087 Ad
2768 2040 3105 2104 postremum
3133 2045 3154 2074 α
3189 2042 3371 2091 tamen
3415 2036 3561 2091 mul-

1956 2120 2193 2179 titudine
2239 2122 2562 2194 sagittarum
2593 2124 2864 2180 vulnerati
2896 2124 3026 2192 alii,
3086 2126 3181 2182 aiii
3216 2129 3462 2199 percussi
3508 2137 3571 2184 et

1956 2215 2167 2283 territi,
2200 2230 2420 2273 cessere
2450 2234 2463 2270 :
2489 2214 2752 2274 Romanis
2779 2232 2994 2275 murum
3024 2218 3328 2292 snﬂ'odere,
3356 2232 3413 2279 et
3437 2239 3565 2295 por-

1957 2318 2066 2367 tam
2091 2312 2386 2371 incendere
2413 2315 2604 2387 templi
2635 2315 2868 2373 adorsis.
2903 2316 3094 2389 Magna
3141 2318 3431 2376 seditiosos
3456 2320 3569 2376 for-

1957 2404 2105 2460 mido
2134 2405 2466 2473 incesserat,
2495 2418 2548 2462 et
2575 2408 2825 2477 quaedam
2860 2410 3123 2465 mentium
3151 2413 3560 2468 consternatio:

1956 2496 2192 2570 denique
2222 2497 2448 2571 plurimi
2488 2499 2641 2571 quasi
2672 2501 2936 2557 continuo
2964 2503 3221 2573 peritum
3243 2505 3393 2561 urbis
3419 2506 3567 2562 exci-

1953 2589 2046 2645 dio
2077 2606 2137 2647 se
2166 2591 2564 2647 subtrahebant
2590 2591 2741 2664 fuga;
2772 2608 2874 2650 nec
2901 2596 3207 2654 consistere
3236 2597 3377 2667 ausi,
3402 2597 3568 2655 dede-

1954 2693 2079 2739 rant
2108 2685 2308 2756 papula
2335 2685 2746 2756 confidentiam,
2780 2699 2837 2745 ut
2864 2690 3272 2751 discedentibus
3300 2696 3380 2751 eis
3428 2712 3570 2767 quo-

1955 2791 2077 2831 rum
2128 2776 2574 2835 circumvallatus
2618 2779 2798 2837 fuerat
2843 2783 3190 2841 multitudine
3222 2828 3238 2855 ,
3288 2795 3565 2860 tamquam

1951 2870 2063 2942 jam
2095 2873 2257 2940 liber,
2300 2884 2353 2929 et
2377 2874 2613 2947 quadam
2645 2885 2841 2932 exutus
2872 2879 3246 2949 improborum
3278 2883 3567 2941 obsidione

1956 2964 2098 3020 circa
2129 2974 2317 3038 portas
2346 2982 2470 3024 sese
2492 2967 2842 3037 infunderet;
2872 2971 3069 3043 quibus
3090 2975 3293 3043 apertis
3323 2975 3563 3033 Cestium

1957 3056 2249 3127 reciperet,
2285 3060 2440 3130 quasi
2466 3077 2572 3115 non
2598 3072 2969 3134 oppugnatum
3000 3065 3212 3131 urbem,
3245 3067 3341 3123 sed
3367 3068 3564 3125 defen-

1958 3162 2078 3205 sum
2108 3151 2351 3207 venisset
2401 3169 2416 3206 :
2474 3150 2572 3209 sed
2626 3152 2803 3224 ipsum
2852 3170 3069 3227 quoque
3111 3155 3353 3215 Cestium
3383 3159 3567 3217 subito

238 3252 310 3309 de
346 3252 554 3309 Judzeis
592 3264 770 3311 autem
823 3254 933 3311 duo
980 3264 1037 3312 et
1077 3254 1263 3328 viginti
1313 3255 1456 3312 bello
1494 3257 1704 3312 amissi.
1736 3256 1855 3326 Quo
1881 3242 1927 3308 C
1958 3241 2179 3312 quidem
2205 3243 2406 3301 invasit
2431 3254 2643 3318 δωρον,
2673 3257 2729 3302 ιιι
2754 3263 2858 3304 nec
2886 3247 3324 3321 desperationem
3356 3253 3567 3326 impro-

241 3345 378 3401 loco
409 3345 631 3401 emicuit
652 3347 824 3402 virtus
850 3344 1136 3403 Monubazi
1168 3358 1223 3405 et
1250 3347 1449 3414 Cedei;
1478 3347 1571 3418 qui
1596 3349 1849 3420 cognito,

239 3434 397 3509 quod
444 3453 474 3493 a
516 3437 718 3495 Judieis
757 3439 812 3495 in
862 3439 1141 3495 Romanas
1191 3440 1338 3495 acies
1378 3440 1772 3511 iusurgeretur,
1821 3455 1854 3498 a

238 3530 433 3587 fronte
459 3532 730 3604 aggressi.
761 3534 1008 3606 repulere
1040 3534 1351 3606 plerosque,
1375 3543 1431 3592 et
1474 3543 1770 3607 coegerunt
1798 3534 1851 3590 in

240 3624 444 3681 urbem
479 3622 682 3681 redire.

854 3717 1089 3776 CAPUT
1127 3718 1245 3776 XV.

314 3815 515 3873 Simon
570 3828 786 3887 quoque
821 3815 1181 3871 ascendentes
1227 3815 1503 3873 Romanos
1536 3813 1853 3887 propinqua:

240 3907 407 3965 urbis
428 3907 835 3979 impedimentis
857 3909 1030 3964 exuit.
1063 3906 1216 3965 Unde
1238 3918 1289 3965 et
1312 3908 1525 3963 CeSIius
1548 3908 1599 3962 in
1631 3907 1855 3978 regione

240 4016 374 4060 sese
393 4001 573 4056 triduo
600 4003 793 4057 tenuit.
819 4001 932 4070 Qua
958 4017 1112 4057 mora
1137 4000 1453 4057 circumfusi
1479 4000 1689 4067 hostes,
1718 4011 1773 4057 et
1798 4000 1851 4057 in

241 4094 631 4168 Superioribus
657 4096 781 4163 siti,
811 4096 1090 4168 ingressus
1110 4096 1497 4167 speculabatur
1524 4094 1850 4162 universos,

236 4204 315 4246 ne
366 4188 496 4259 quis
558 4187 783 4258 impune
846 4190 1197 4259 irrumperet.
1255 4187 1411 4257 Quod
1462 4186 1847 4253 considerans,

241 4292 269 4320 ι
290 4298 407 4337 non
426 4280 547 4337 sine
568 4281 736 4336 multa
758 4279 914 4337 clade
945 4281 1230 4352 utriusque
1245 4282 1415 4352 partis
1436 4281 1631 4337 tentari
1663 4281 1856 4352 nequi-

240 4389 331 4442 re,
359 4372 513 4431 misit
531 4388 662 4430 suos
686 4388 783 4429 rex
810 4374 1051 4446 Agrippa
1072 4373 1348 4447 Lorcyum
1376 4382 1431 4430 et
1455 4371 1741 4442 Phoebum,
1762 4374 1854 4445 qui

239 4472 496 4528 dicerent
542 4469 765 4542 populo,
815 4469 1111 4538 veniabile,
1160 4469 1419 4541 quidquid
1452 4470 1519 4525 ab
1575 4469 1656 4525 eis
1707 4477 1855 4525 esset

238 4564 542 4621 adversum
574 4560 851 4620 Romanos
881 4561 1069 4635 flagitii
1101 4563 1476 4630 commissum,
1508 4561 1553 4618 si
1602 4561 1765 4621 modo
1798 4562 1853 4617 in

1956 3333 2173 3402 borum,
2204 3352 2304 3394 nec
2342 3338 2582 3394 studium
2611 3339 2788 3412 plebis
2828 3342 3153 3399 intueretur.
3187 3344 3289 3414 Qui
3339 3349 3385 3403 si
3436 3363 3569 3420 pau-

1956 3429 2127 3500 liSper
2147 3431 2343 3500 emptis
2370 3432 2739 3502 incubuisset,
2768 3435 2974 3491 bellum
3019 3436 3336 3509 depulerat,
3369 3441 3560 3497 urbem

1957 3537 2202 3597 ceperat.
2243 3526 2354 3585 Sed
2404 3528 2634 3585 adversa
2679 3528 2961 3602 (quantum
2988 3531 3220 3603 intelligi
3248 3532 3430 3607 datur)
3461 3533 3562 3592 Ju-

1956 3617 2089 3676 daeis
2122 3620 2377 3677 voluntas
2406 3620 2532 3689 Dei,
2560 3622 2936 3680 imminentem
2968 3623 3095 3681 belli
3119 3627 3324 3682 exitum
3343 3642 3566 3699 compe-

1956 3713 2294 3777 rendinavit,
2363 3714 2539 3770 donec
2581 3715 2891 3787 complures
2950 3730 3016 3772 ac
3087 3732 3227 3789 pene
3279 3719 3565 3779 universos

1955 3809 2196 3868 Judaicae
2244 3814 2421 3884 gentis
2450 3814 2609 3869 ruina
2639 3813 2964 3870 involveret.
2997 3812 3430 3884 Exspectabatur
3466 3817 3564 3889 (ut

1956 3900 2107 3976 reor)
2137 3914 2197 3961 ut
2228 3920 2391 3961 omne
2428 3906 2585 3962 nefas
2624 3906 2897 3963 scelerum
2918 3908 3324 3979 enormitasque
3351 3924 3567 3967 cresce-

1959 4010 2079 4068 ret,
2135 4009 2191 4057 et
2246 4000 2547 4073 impietatis
2592 4001 2936 4058 incremento
2985 4015 3365 4072 supremorum
3415 4003 3561 4061 adte-

1956 4104 2149 4165 quaret
2172 4109 2486 4150 mensuram
2520 4094 2873 4166 flagitiorum.
2902 4093 3044 4162 Quid
3068 4094 3174 4150 fuit
3209 4094 3376 4163 illud,
3410 4098 3555 4167 quod

1970 4202 2091 4244 cum
2121 4202 2418 4260 perurgere
2448 4187 2713 4244 debuerat
2748 4185 2995 4256 Cestius,
3029 4188 3211 4245 subito
3256 4192 3562 4248 exercitum

1958 4285 2260 4350 revocavit,
2317 4281 2594 4354 solvitque
2648 4281 3039 4339 obsidionem?
3086 4282 3225 4353 Quia
3272 4285 3561 4356 repentina

1957 4384 2146 4432 contra
2174 4385 2546 4447 exspectatum
2573 4376 2998 4433 commutatione
3025 4392 3233 4444 rerum,
3262 4378 3417 4435 fracti
3447 4383 3563 4437 ani-

1959 4469 2030 4523 mi
2056 4468 2346 4537 bonorum,
2375 4476 2429 4525 et
2448 4470 2613 4526 erecti
2647 4470 2918 4525 latronum
2952 4484 3236 4541 sumpsere
3260 4469 3513 4528 fiduciam
3540 4490 3556 4540 ;

1958 4568 2120 4632 atque
2172 4579 2202 4619 a
2249 4564 2369 4635 fuga
2421 4563 2487 4618 ad
2532 4563 2926 4635 insequendum
2982 4565 3251 4635 regressi,
3302 4566 3564 4623 invadunt

240 4657 530 4728 reliquum
562 4656 758 4726 positis
777 4656 964 4723 armis,
990 4655 1091 4711 sibi
1122 4654 1472 4711 consulerent
1503 4672 1517 4708 :
1550 4655 1851 4724 aestimans,
1878 4652 1934 4714 ι)
1960 4656 2261 4726 posteriora
2305 4655 2536 4727 agminis
2556 4698 2571 4722 ,
2605 4657 2917 4728 multosque
2946 4656 3058 4713 illic
3080 4658 3309 4714 confuse
3341 4670 3562 4717 ruentes

233 4750 396 4822 quod
424 4750 513 4806 vel
541 4750 811 4806 universis
830 4748 1167 4805 suadendum
1192 4751 1446 4806 crederet
1471 4759 1529 4805 ut
1550 4748 1738 4821 praelio
1762 4765 1854 4805 re-

234 4844 606 4911 nuntiarent,
632 4845 721 4899 vel
746 4852 961 4916 partem
989 4842 1205 4899 caeteris
1232 4841 1599 4899 avellendam.
1627 4845 1698 4898 At
1725 4857 1857 4898 con-

234 4947 333 4995 tt'a
368 4937 654 5003 seditiosi,
709 4944 858 4993 metu
904 4952 977 4993 ne
1008 4952 1200 4993 eorum
1231 4936 1465 4993 alterum
1494 4935 1853 5008 procederet,

234 5034 464 5104 legatos
495 5031 678 5087 adorsi
706 5031 964 5088 Pltmbam
994 5029 1325 5087 interfecere
1353 5048 1366 5085 :
1401 5025 1645 5102 Lorcyus
1673 5038 1853 5085 autem

237 5136 488 5194 excepto
512 5124 761 5189 vulnere,
797 5124 882 5179 vix
915 5122 1153 5180 evadere
1185 5122 1381 5193 potuit.
1409 5121 1612 5178 Videns
1640 5120 1855 5178 Cestius

232 5216 571 5288 huiusmodi
602 5217 655 5271 in
680 5216 821 5273 urbe
846 5215 1476 5288 cunteutiones,quibus
1504 5214 1596 5270 alii
1629 5215 1681 5270 in
1711 5214 1858 5286 lega-

231 5320 341 5368 tos
396 5310 780 5381 insurgerent,
825 5309 917 5365 alii
950 5309 1236 5365 Romanos
1287 5309 1420 5364 urbe
1479 5307 1861 5379 suscipiendos

228 5403 582 5472 suaderent,
610 5407 915 5475 irrumpere
942 5414 1194 5473 conatus,
1214 5420 1393 5474 usque
1421 5403 1859 5478 Hierosolymam

226 5502 582 5559 resistwtes
612 5502 818 5572 repulit
844 5518 858 5555 :
891 5509 945 5557 et
970 5501 1089 5572 ipse
1122 5500 1186 5557 ad
1223 5502 1443 5557 tertium
1473 5500 1712 5557 Stadium
1743 5515 1862 5557 me-

230 5604 489 5651 morata:
508 5594 672 5650 miris
709 5609 836 5651 cum
870 5596 1119 5651 exercitu
1164 5593 1649 5666 appropinquavit,
1702 5603 1866 5665 atque

329 5765 361 5793 ε
403 5755 524 5812 Hzec
551 5772 657 5812 vox
680 5772 787 5811 non
817 5755 1046 5811 habetur
1068 5753 1124 5810 in
1150 5769 1252 5809 ius.
1288 5754 1364 5810 in.

326 5827 361 5865 ι’
400 5825 742 5884 Contendens.
770 5827 845 5882 In.

1959 4748 2201 4819 equitum
2227 4757 2282 4805 et
2305 4748 2543 4820 peditum
2576 4748 2994 4806 obtruncavere.
3024 4750 3094 4804 Et
3115 4751 3225 4819 jam
3258 4751 3561 4809 inclinave-

1959 4850 2047 4897 rat
2077 4841 2194 4897 dies
2225 4859 2238 4895 :
2277 4842 2423 4897 unde
2454 4849 2704 4897 metuens
2729 4840 2947 4898 Cestius
2979 4842 3154 4897 noctis
3182 4843 3561 4916 propinquita-

1961 4945 2069 4991 tem
2095 4945 2151 4992 et
2183 4935 2529 4991 tenebrarum
2570 4933 2861 5003 caliginem
2885 4977 2899 5000 ,
2928 4933 3125 5005 quibus
3153 4934 3388 5005 amplius
3419 4935 3557 4993 fide-

1962 5039 2088 5087 rent
2113 5031 2267 5103 gnari
2292 5030 2563 5096 locorum,
2617 5044 2726 5101 quo
2766 5030 3013 5087 incertos
3051 5030 3290 5101 regionis
3316 5031 3564 5105 undique

1961 5135 2263 5199 urgerent,
2305 5124 2507 5181 vallum
2539 5135 2668 5182 ante
2697 5126 2891 5181 urbem
2936 5123 3251 5193 constituit,
3281 5125 3565 5197 sequenti-

1964 5237 2069 5293 que
2096 5220 2184 5277 die
2242 5237 2363 5277 cum
2394 5219 2608 5276 hostem
2643 5220 3012 5290 relinqueret,
3065 5219 3119 5274 in
3143 5234 3265 5276 sese
3305 5220 3578 5287 armavit,

1966 5323 2027 5370 ut
2076 5313 2431 5369 discessionis
2478 5313 2597 5385 ejus
2636 5327 2855 5368 causam
2890 5321 3092 5368 metum
3142 5314 3562 5370 arbitrarentur.

1962 5406 2291 5464 Circumfusi
2349 5407 2534 5477 itaque
2560 5402 2584 5442 ἀ
2618 5407 2862 5462 latrones
2891 5422 2921 5461 a
2967 5405 3231 5462 lateribus
3253 5448 3265 5471 ,
3300 5421 3329 5461 a
3375 5414 3564 5477 tergo,

1971 5509 2279 5573 postremos
2301 5499 2537 5566 caedere;
2564 5499 2907 5556 incedentem
2928 5498 3126 5571 iaculis
3154 5501 3453 5557 exercitum
3486 5500 3569 5556 in-

1969 5594 2171 5651 festare
2194 5636 2207 5659 ,
2257 5594 2311 5648 in
2353 5592 2633 5649 confertos
2666 5593 2831 5649 inissa
2866 5593 3098 5648 telorum
3128 5592 3211 5650 vis
3240 5591 3381 5649 ltaud
3412 5593 3572 5651 facile

2052 5760 2072 5788 ε
2110 5748 2257 5804 lianc
2296 5763 2484 5803 vocem
2510 5762 2617 5802 non
2651 5749 2901 5818 agnoscit
2929 5762 3029 5801 ms.
3056 5746 3227 5818 Βλμ.

2050 5818 2073 5857 ί¹
2108 5820 2232 5877 llaec
2263 5821 2390 5875 item
2421 5835 2523 5874 vox
2554 5819 2896 5875 desideratur
2919 5820 2970 5874 in
3002 5834 3105 5876 ms.
3131 5818 3211 5876 in.
