4112 6350
574 324 718 382 2065

1901 305 2148 366 SANCTI
2189 303 2514 364 AMBROSII

3705 297 3826 359 9.064

570 434 845 494 frustrari.
875 433 934 491 Si
961 432 1080 504 quis
1123 426 1348 485 referire
1381 422 1649 490 audebat,
1695 429 1884 493 patere
1923 419 2175 483 vulneri;
2205 421 2254 481 Α
2283 417 2543 488 strepitus
2565 412 2855 479 audirent,
2879 425 2944 468 ex
2973 409 3172 483 quibus
3199 422 3389 466 omnes
3417 407 3470 465 in
3497 406 3613 464 loco
3639 421 3827 466 manere

574 537 618 591 si
645 533 767 606 quis
797 537 1122 586 convertere
1163 539 1286 579 sese
1317 520 1382 576 ad
1412 519 1782 583 infestanlem,
1813 532 1842 572 a
1873 516 1984 571 suis
2013 514 2178 570 relin-

575 631 698 702 qui,
731 628 800 683 ab
833 626 989 683 hoste
1019 620 1218 678 claudi.
1254 617 1514 674 Munitior
1542 613 1684 668 enim
1709 627 1925 682 semper
1946 618 2059 676 est,
2089 608 2179 679 qui

576 701 846 792 sequitur,
880 734 1038 789 quam
1071 713 1165 786 qui
1196 709 1454 783 praecedit
1491 727 1504 763 :
1539 706 1666 778 quia
1695 707 1783 761 hic
1810 714 2001 775 pectus
2025 701 2179 771 tegit,

578 817 670 871 ille
701 814 846 868 hosti
890 821 1038 882 terga
1065 823 1161 864 sua
1205 802 1430 874 detegit.
1465 799 1836 856 Vehementer
1883 796 2044 866 igitur
2074 794 2185 848 Ro-

577 909 721 963 mani
765 905 1100 976 urgebantur
1126 943 1139 968 ,
1176 910 1449 968 tamquam
1499 889 1712 949 obsessi
1755 890 1847 961 qui
1897 889 2181 943 obsessum

575 1008 844 1059 venerant
885 1017 898 1052 :
927 1012 1028 1053 nec
1052 995 1160 1066 jam
1194 991 1492 1055 sustinere,
1525 995 1612 1040 attt
1643 983 1852 1055 perpeti
1898 986 2182 1050 poterant,

575 1109 851 1153 armorum
877 1091 1118 1163 pondere
1149 1086 1248 1158 ipsi
1273 1098 1488 1157 graves,
1519 1077 1770 1134 hostibus
1790 1072 2182 1138 velocioribus,

577 1210 713 1267 quos
746 1204 921 1261 neque
945 1181 1208 1253 consequi
1235 1179 1390 1235 facile
1433 1185 1585 1243 erat,
1619 1181 1675 1229 et
1703 1178 1881 1227 metus
1905 1180 2182 1234 summus,

580 1303 649 1343 ne
700 1285 846 1340 acies
891 1282 1382 1345 interrumperetur
1415 1289 1429 1324 :
1463 1269 1645 1339 iniqua
1693 1279 1824 1337 ergo
1870 1261 2184 1319 certaminis

579 1378 897 1438 conditione
927 1386 1124 1428 nocere
1156 1367 1300 1424 hosti
1342 1361 1680 1432 nequibant,
1713 1374 1837 1412 cum
1869 1356 1970 1426 ipsi
2007 1353 2186 1425 gravi-

578 1485 664 1531 ter
689 1473 1061 1528 afiicerentur.
1115 1462 1368 1520 Haerebat
1397 1457 1614 1514 Cestius
1644 1452 1857 1510 consilii
1905 1452 2145 1506 incertus
2167 1488 2181 1513 ,

577 1587 699 1627 cum
727 1583 822 1640 per
845 1573 1017 1622 totum
1042 1562 1148 1617 iter
1177 1572 1306 1614 suos
1335 1553 1546 1611 conteri
1578 1549 1791 1605 videret
1820 1563 1834 1601 :
1863 1546 2027 1602 etiam
2070 1544 2185 1614 ple—

577 1637 763 1736 risque
790 1659 1009 1716 afflictis
1039 1653 1248 1711 militiae
1287 1647 1619 1722 primoribus
1649 1686 1662 1710 ,
1707 1640 1952 1698 substitit
1995 1637 2183 1703 biduo,

578 1759 732 1834 quasi
759 1756 936 1813 fessos
962 1758 1332 1824 reparaturus.
1363 1743 1471 1801 Sed
1520 1755 1641 1797 cum
1677 1736 1866 1808 magis,
1917 1748 1980 1789 ac
2012 1731 2184 1803 magis

2285 509 2561 563 Romanos
2605 505 3011 560 arbitrarentur
3051 521 3066 556 :
3095 503 3196 558 hac
3227 501 3410 557 fraude
3437 501 3611 558 eduxit
3653 503 3832 556 excrci-

2287 610 2397 656 tum
2424 599 2642 656 Cestius
2675 616 2688 654 :
2713 607 2768 655 et
2793 598 2904 668 jam
2937 596 3250 653 confecerat
3279 595 3450 651 stadia
3481 595 3704 666 triginta,
3725 611 3834 651 usus

2285 710 2585 768 paucorum
2641 695 2693 750 in
2725 694 2890 750 rebus
2915 691 3096 748 dubiis
3125 691 3254 759 fide,
3289 691 3376 762 qui
3407 690 3621 762 perituri
3662 690 3836 762 gratias

2287 797 2547 860 praestare
2578 787 2743 844 sociis
2774 786 3018 857 pericula
3073 800 3192 852 sua,
3246 800 3408 854 quam
3434 782 3650 854 perdere
3697 783 3840 839 male-

2284 883 2437 938 bant.
2475 882 2543 937 Et
2571 880 2790 953 quidem
2835 896 2948 935 nox
3003 878 3188 934 dolum
3219 886 3464 944 texerat,
3493 876 3584 932 sed
3609 876 3715 932 dies
3737 892 3842 948 pro-

2285 974 2444 1031 didit.
2479 974 2612 1030 Nam
2646 975 2737 1030 ubi
2767 974 2889 1029 luce
2926 971 3118 1028 diffusa
3155 988 3244 1028 res
3272 980 3473 1044 apertae
3494 978 3646 1038 sunt,
3679 978 3845 1026 ctom-

2287 1067 2370 1123 nis
2393 1069 2546 1122 locus
2574 1067 2627 1122 in
2659 1082 2768 1138 quo
2789 1066 3176 1123 habitaverant
3201 1065 3461 1132 Romani,
3488 1079 3679 1120 vacuus
3705 1080 3844 1135 appa~

2285 1161 2424 1226 ruit;
2481 1160 2685 1231 impetu
2735 1159 2879 1216 faeto
2921 1159 3098 1216 Judzei
3152 1160 3204 1214 in
3238 1175 3333 1214 eos
3379 1158 3600 1229 primum
3646 1174 3843 1229 quorum

2286 1253 2561 1309 simulatis
2590 1252 2785 1309 officiis
2835 1253 3051 1325 decepti
3081 1253 3334 1320 fuerant,
3380 1253 3620 1318 irruunt,
3661 1251 3846 1324 levique

2287 1347 2506 1419 negotio
2537 1346 2738 1403 deletis
2765 1346 3121 1418 quadraginta
3148 1345 3303 1412 viris,
3327 1345 3616 1403 exercitum
3645 1361 3848 1417 sequun-

2288 1451 2397 1507 tur,
2440 1441 2618 1510 quiet
2669 1448 2830 1496 nocte
2863 1439 3156 1510 plurimum
3201 1441 3362 1510 spatii
3407 1437 3774 1506 confecerant,
3800 1445 3844 1493 et

2287 1551 2384 1608 per
2413 1535 2557 1590 diem
2591 1535 2976 1607 pr0perantius
3003 1535 3108 1591 iter
3158 1533 3454 1606 urgebant,
3487 1548 3553 1590 ne
3579 1531 3848 1602 noctisjam

2290 1633 2548 1704 periculis
2579 1632 3010 1687 involverentur.
3042 1630 3211 1686 Plena
3257 1639 3376 1686 erat
3403 1629 3488 1684 via
3532 1627 3850 1700 impedimen-

2287 1734 2488 1792 torum,
2521 1741 2641 1797 quze
2691 1725 2962 1797 fugientes
3007 1724 3238 1780 Romani
3283 1722 3747 1794 derelinquebant,
3793 1734 3851 1776 ne

579 1854 764 1926 augeri
795 1862 1082 1907 numerum
1113 1841 1351 1900 hostium
1392 1843 1676 1900 cerneret,
1701 1841 1757 1888 et
1777 1829 1958 1886 ontnia
1993 1828 2047 1883 in
2078 1825 2187 1881 eir-
2215 1819 2263 1880 B
2290 1819 2494 1890 injusto
2521 1820 2805 1891 quisquam
2835 1818 2934 1874 sub
2966 1817 3114 1874 fasce
3142 1825 3556 1875 remoraretur:
3587 1813 3850 1887 passimja-

579 1920 728 2004 cuitu
752 1943 954 2000 referta
980 1935 1338 2003 adversariis,
1366 1931 1578 2001 sibique
1599 1926 1818 1984 officere
1845 1920 1986 1994 quod
2019 1933 2191 1974 mora-

578 2051 756 2107 retur,
807 2053 873 2094 eo
921 2035 1064 2108 quod
1116 2034 1302 2104 plures
1344 2028 1851 2097 congregarentur;
1909 2015 2071 2072 tertio
2102 2013 2193 2068 die

578 2131 963 2204 compendium
1015 2137 1268 2198 quaerens
1313 2118 1574 2176 transitus
1616 2112 1915 2179 facilioris,
1965 2107 2194 2179 impedi-

579 2234 763 2285 menta
786 2221 1019 2296 agminis
1047 2227 1074 2256 ει
1103 2213 1385 2272 admoveri
1417 2207 1680 2283 praseepit
1704 2223 1718 2259 :
1742 2217 1882 2260 caesa
1902 2201 2148 2271 jumenta
2177 2240 2192 2265 ,

578 2289 847 2395 pleraque
888 2312 1141 2372 vehicula
1187 2305 1562 2370 comminuta,
1611 2299 1826 2367 aliaque
1883 2289 2196 2364 huiusmodi

579 2394 702 2489 quae
724 2412 880 2470 oneri
912 2408 1088 2480 magis
1119 2421 1277 2478 quam
1322 2402 1442 2458 usui
1484 2400 1537 2454 in
1567 2394 1824 2468 periculis
1864 2396 2042 2452 erant,
2071 2401 2198 2442 con-

579 2485 795 2580 sumpta
825 2513 916 2560 aut
946 2499 1308 2574 praecipitata,
1341 2502 1401 2550 ut
1443 2490 1792 2548 obsidionum
1825 2485 2196 2540 instrumenta

581 2612 677 2660 aut
700 2614 898 2674 genera
945 2598 1204 2659 telorum,
1233 2589 1432 2663 quibus
1458 2585 1622 2643 rebus
1650 2580 1884 2651 amplius
1916 2585 2199 2632 conterre-

580 2673 807 2765 bantur,
841 2712 909 2751 ne
936 2693 1230 2750 adversum
1260 2701 1321 2743 se
1348 2686 1562 2740 hostem
1595 2679 1710 2734 suis
1738 2673 1999 2732 subsidiis
2022 2684 2200 2726 arma-

583 2801 728 2851 rent.
756 2788 914 2860 Quod
945 2786 1033 2842 ubi
1057 2780 1496 2838 animadvertere
1516 2771 1690 2829 Judaei
1711 2813 1725 2837 ,
1756 2771 1935 2838 fugam
1967 2765 2197 2836 potiusa

585 2887 850 2944 Romanis
889 2897 1053 2954 quam
1085 2877 1290 2935 bellum
1338 2871 1558 2944 parari,
1591 2878 1937 2935 occupaVere
1988 2856 2202 2916 itineris

592 2979 932 3052 angustiora,
976 2968 1353 3030 dilfusioribus
1379 2962 1714 3019 locisminus
1742 2958 1948 3013 instare
1971 2995 1988 3022 ,
2019 2949 2207 3024 prohi-

583 3077 716 3133 bere
746 3088 774 3126 a
803 3073 1005 3134 fronte,
1030 3083 1059 3122 a
1092 3063 1360 3121 lateribus
1385 3063 1672 3114 coarctare
1697 3094 1713 3120 ,
1739 3066 1934 3123 urgere
1956 3065 1984 3102 a
2010 3057 2162 3117 tergo
2187 3086 2203 3111 ,

587 3183 791 3240 cogere
844 3167 896 3220 in
929 3159 1321 3234 praecipitium,
1373 3155 1425 3210 in
1470 3149 1614 3223 quod
1661 3147 1905 3216 undique
1962 3138 2207 3198 conclusi

2295 1914 2495 1971 cebant
2525 1929 2677 1983 vasa,
2736 1913 2990 1970 utensilia
3010 1955 3024 1980 ,
3055 1913 3144 1969 vel
3175 1913 3342 1969 etiam
3374 1913 3517 1968 bello
3555 1910 3848 1976 necessaria,

2293 2007 2636 2064 arcubalisttn
2658 2049 2670 2073 ,
2695 2007 2926 2074 arietes,
2957 2015 3264 2078 cmteraque
3286 2008 3636 2062 instrumenta
3662 2003 3708 2059 in
3732 2002 3852 2058 exci-

2294 2101 2504 2156 sionem
2532 2100 2684 2156 urbis
2709 2099 2964 2168 adducta,
2996 2116 3116 2171 quae
3146 2109 3445 2170 sequentes
3467 2097 3634 2156 Judaai
3661 2106 3851 2167 praeter-

2296 2196 2482 2263 ibant,
2536 2211 2605 2251 ne
2653 2204 2839 2252 essent
2895 2211 3064 2252 mora:
3097 2213 3110 2249 :
3144 2204 3490 2252 revertentes
3531 2192 3849 2263 colligebant,

2297 2298 2353 2343 ut
2383 2287 2471 2343 his
2500 2289 2789 2344 adversum
2818 2303 2914 2345 eos
2961 2297 3242 2345 uterentur
3263 2330 3276 2353 ,
3306 2288 3336 2327 ιι
3388 2302 3613 2360 quorum
3653 2284 3767 2341 socii
3792 2282 3855 2338 di—

2297 2380 2599 2437 misissent.
2649 2381 2832 2438 Secuti
2865 2382 3009 2437 enim
3064 2397 3237 2453 usque
3267 2382 3340 2437 ad
3383 2381 3572 2437 urbem
3602 2376 3855 2449 Antipatri-

2298 2474 2420 2530 dem
2439 2517 2452 2541 ,
2482 2485 2669 2546 postea
2698 2491 2856 2547 quam
2889 2485 3340 2549 praetergressum
3382 2491 3596 2532 omnem
3623 2472 3856 2531 offendere

2299 2568 2599 2624 exercitum
2629 2567 2963 2636 Romanum,
2997 2578 3049 2625 et
3077 2568 3579 2640 comprehendendi
3619 2581 3732 2636 spes
3758 2565 3851 2633 lap-

2302 2675 2391 2728 sa;
2435 2671 2754 2734 retorquent
2788 2663 3077 2736 vestigium
3100 2705 3116 2732 ,
3164 2672 3556 2734 captantesque
3600 2659 3753 2732 spolia
3777 2671 3859 2712 cat-

2301 2770 2509 2821 sorum,
2543 2771 2664 2811 cum
2700 2756 2973 2827 triumpho
3001 2764 3057 2812 et
3085 2755 3304 2828 hymnis
3335 2754 3751 2826 Hierosolymam
3787 2763 3858 2805 re-

2303 2849 2644 2920 grediuntur.
2678 2850 2888 2919 Quibus
2916 2860 3124 2907 tantum
3159 2851 3366 2907 laetitia:
3391 2859 3658 2915 cesserat,
3687 2854 3738 2902 ut
3758 2858 3863 2916 pau-

2304 2943 2384 2998 cis
2436 2958 2656 2998 suorum
2711 2943 2928 2999 amissis
2961 2985 2976 3012 ,
3029 2944 3270 3016 quinque
3325 2946 3497 3000 millia
3547 2941 3764 3013 peditum
3808 2935 3862 2990 de

2306 3037 2549 3094 exercitu
2580 3037 2829 3094 Romano
2861 3047 2915 3093 et
2947 3039 3176 3094 trecenti
3227 3038 3445 3110 equites
3495 3037 3863 3106 exslingueren-

2308 3138 2415 3186 tur.
2451 3131 2604 3199 Quod
2635 3142 2848 3202 gestum
2881 3143 2968 3188 est
3016 3148 3094 3188 xu
3145 3147 3288 3188 anno
3318 3130 3539 3204 Imperii
3563 3127 3792 3189 Neronis,
3819 3130 3865 3178 ut

590 3276 686 3322 aut
727 3265 867 3336 lapsi
911 3260 1312 3333 dejiciebantur
1364 3272 1377 3309 :
1411 3251 1662 3323 plerique
1713 3247 1972 3302 obtexere
1999 3237 2200 3296 coelum
2229 3252 2275 3316 ρ
2306 3241 2470 3300 supra
2497 3227 2944 3284 memoravimus.

585 3362 809 3434 iaculis,
857 3356 1075 3428 operire
1114 3367 1308 3424 agmen
1360 3346 1569 3417 sagittis
1592 3387 1606 3410 ,
1641 3353 1935 3410 numquam
1970 3334 2203 3390 remisso

593 3455 798 3520 officio,
845 3451 942 3508 sed
971 3449 1090 3505 sola
1131 3442 1574 3501 adversariorum
1616 3435 1881 3508 pernicie.
1926 3429 2045 3486 Jam
2107 3437 2208 3480 nec

594 3551 697 3622 ipsi
729 3548 938 3618 pedites
961 3542 1264 3598 subsistere
1291 3542 1546 3608 poterant
1571 3548 1586 3598 ;
1625 3526 1901 3600 equitibus
1934 3535 2065 3578 vero
2087 3533 2205 3575 ma-

591 3647 681 3716 jus
704 3639 1029 3714 periculum,
1059 3636 1152 3708 qui
1180 3648 1277 3704 per
1305 3636 1581 3704 praerupta
1611 3636 1868 3679 saxorum
1893 3632 1957 3674 ae
1997 3613 2207 3670 lubrica

597 3735 912 3793 labentibus
963 3730 1122 3803 equis
1170 3723 1626 3784 devolvebantur,
1672 3731 1775 3772 nec
1801 3712 2048 3770 ordinem
2091 3722 2211 3762 ser-

598 3846 728 3886 vare
776 3835 1033 3901 poterant
1077 3829 1310 3894 angusto
1355 3814 1606 3888 impediti
1638 3812 1875 3868 tramite.
1907 3807 1990 3862 Ex
2039 3803 2210 3860 altera

604 3932 763 3994 parte
809 3934 971 3990 rupes
997 3961 1012 3987 ,
1039 3933 1108 3972 ex
1148 3916 1319 3970 altera
1351 3906 1654 3983 praecipitia
1684 3914 1740 3962 et
1776 3903 1913 3975 fugae
1952 3901 2132 3955 locum
2161 3905 2217 3951 et

601 4013 942 4073 defensionis
959 4009 1253 4082 negabant.
1281 4003 1455 4062 Judaei
1487 4011 1678 4057 contra
1708 4011 1805 4068 spe
1829 3990 2076 4050 victoriae
2099 4003 2215 4042 am—

604 4112 748 4183 plius
790 4105 1263 4169 accendebantur,
1292 4096 1655 4154 imminebant
1696 4091 1890 4155 fessis,
1940 4085 2218 4142 instabant

605 4199 961 4263 haerentibus,
993 4193 1330 4251 insultabant
1351 4183 1794 4258 desperantibus,
1822 4190 1878 4238 et
1903 4192 2074 4250 prope
2102 4190 2218 4230 om-

604 4311 706 4352 nes
750 4290 982 4348 Romani
1037 4287 1312 4344 exercitus
1361 4283 1640 4338 delessent
1692 4277 1914 4347 copias,
1963 4272 2069 4328 nisi
2111 4284 2217 4324 nox

607 4384 956 4444 subvenisset
1014 4399 1026 4435 :
1085 4379 1242 4450 cujus
1296 4375 1541 4431 tenebris
1601 4371 1805 4427 bellum
1861 4364 2218 4436 impeditum,

609 4495 770 4552 quam
799 4473 1033 4533 Romani
1055 4473 1106 4528 in
1135 4469 1386 4543 proximo
1416 4467 1539 4522 loco
1561 4464 1671 4538 (cui
1697 4461 1975 4518 Bethoron
1997 4455 2222 4525 nomen)

613 4583 878 4647 egerunt:
911 4571 981 4626 ita
1037 4577 1096 4624 ut
1143 4565 1317 4623 Judaei
1349 4560 1662 4618 circumfusi
1693 4556 1933 4627 undique
1973 4551 2223 4624 specula-

610 4676 803 4726 rentur
857 4665 1106 4720 locorum
1154 4659 1354 4726 exitus,
1412 4671 1482 4712 ne
1534 4652 1766 4710 Romani
1825 4647 2219 4706 dilaberentur.

617 4761 836 4819 Cestius
862 4764 1054 4827 aperto
1086 4754 1286 4809 itinere
1327 4749 1583 4806 diffidens
1604 4789 1621 4816 ,
1651 4747 1778 4803 dolo
1822 4742 2003 4815 fugam
2050 4749 2224 4796 tenta-

620 4855 718 4908 vit.
772 4848 1140 4920 Quadraginta
1196 4846 1378 4914 itaque
1429 4841 1593 4912 elegit
1643 4833 2051 4905 viros,quibus
2101 4845 2227 4887 eva-

622 4945 784 5003 dendi
823 4941 1134 5013 desperatio
1161 4944 1530 5006 contemptum
1557 4931 1745 4989 mortis
1794 4928 2063 4984 infuderat
2091 4943 2104 4980 :
2132 4938 2228 4981 eos

622 5037 908 5096 constituit
954 5035 1009 5090 in
1061 5029 1465 5088 munitionibus
1511 5031 1809 5097 prmeepto,
1838 5029 1896 5076 ut
1927 5028 2038 5075 tota
2066 5027 2228 5074 nocte

627 5148 749 5191 cum
803 5128 1037 5199 strepitu
1089 5124 1332 5181 maxime
1364 5120 1545 5176 officia
1595 5112 2052 5188 praetendentium
2085 5111 2230 5167 vallo

622 5226 1126 5284 circumsonarent,
1158 5232 1226 5271 ne
1259 5213 1464 5270 Judaeis
1515 5205 1916 5280 proficiscentis
1955 5203 2230 5258 exercitus

627 5324 922 5390 apparatus
943 5354 959 5380 ,
990 5310 1261 5382 aliquibus
1284 5305 1462 5362 solitis
1492 5302 1706 5358 indiciis
1738 5299 2181 5355 manifestaretur
2213 5314 2226 5349 ι

628 5414 826 5484 quibus
855 5422 978 5464 sese
1006 5405 1110 5476 ipsi
1157 5403 1494 5474 quicumque
1526 5398 1838 5463 turbantur,
1873 5393 2106 5465 prodere
2146 5405 2236 5446 so-

631 5507 792 5564 lent:
841 5500 1068 5559 silentio
1121 5504 1306 5552 autem
1347 5491 1739 5564 egrederentur
1763 5487 2046 5553 universi,
2102 5481 2239 5538 nihil

633 5595 1082 5674 suspectantibus
1125 5590 1364 5655 Judaeis;
1395 5585 1490 5660 qui
1539 5585 1816 5643 solemnes
1869 5579 2237 5640 custodiarum

707 5837 729 5864 α
768 5820 990 5880 Moveri.
1010 5819 1085 5876 In.

2902 3320 3129 3379 CAPUT
3174 3319 3321 3380 XVI.

2383 3415 2491 3472 Sed
2541 3432 2646 3471 non
2677 3416 2918 3470 omnium
2969 3414 3284 3472 Judzeorum
3319 3414 3414 3470 illa
3441 3411 3717 3472 exsultatio
3757 3414 3865 3464 erat.

2312 3507 2444 3564 Nam
2471 3509 2622 3565 fuere
2647 3549 2661 3576 ,
2707 3509 2798 3580 qui
2827 3524 2888 3564 se
2934 3518 3060 3579 post
3105 3507 3251 3564 illam
3282 3523 3396 3564 non
3428 3521 3653 3580 pugnam
3699 3499 3864 3562 Cesuii,

2311 3603 2409 3659 sed
2456 3619 2752 3659 aerumnam
2780 3603 2938 3675 quasi
2982 3605 3051 3660 de
3109 3619 3370 3675 supremo
3426 3601 3664 3676 periculo
3704 3591 3871 3664 navigii

2312 3698 2612 3768 mergentis
2640 3697 2856 3768 eripere
2885 3697 3182 3768 gestirent,
3231 3704 3398 3769 atque
3428 3706 3647 3753 enatare
3669 3691 3730 3748 de
3765 3684 3872 3744 civi-

2316 3793 2442 3847 tatis
2468 3791 2772 3863 naufragio,
2821 3807 2884 3848 ac
2935 3807 3047 3863 prae
3076 3792 3291 3848 caeteris
3345 3790 3673 3848 Custobarus
3699 3793 3745 3841 et
3767 3781 3874 3838 Sau-

2316 3884 2401 3939 lus
2435 3883 2605 3940 frater
2632 3898 2756 3939 cum
2781 3883 3031 3955 Philippo
3054 3883 3295 3956 principe
3311 3885 3525 3940 militia:
3551 3881 3686 3953 regis
3719 3875 3875 3946 Agrip-

2315 3992 2399 4048 pae
2435 3993 2447 4030 :
2483 3976 2537 4032 hi
2571 3976 2840 4047 fugientes
2865 3977 2931 4032 ad
2957 3976 3199 4032 Cestium
3224 3991 3351 4034 sese
3379 3975 3656 4033 contulere
3679 4013 3694 4037 ,
3730 3975 3877 4040 peten-

2319 4078 2400 4126 tes
2447 4077 2508 4125 ut
2532 4069 2600 4125 ad
2635 4070 2909 4127 Neronem
2945 4072 2996 4126 in
3035 4069 3296 4126 Achaiam
3350 4071 3726 4143 dirigerentur.
3751 4055 3875 4130 Quod

2319 4163 2536 4222 Cestius
2592 4165 2781 4222 volens
2829 4167 3071 4237 accepit,
3124 4182 3224 4222 nec
3282 4167 3558 4238 postulata
3611 4159 3880 4224 abnuit,ul

2321 4274 2420 4330 per
2459 4261 2608 4331 ipsos
2659 4259 2843 4316 Caesar
2886 4261 3236 4330 edoceretur,
3267 4276 3492 4318 causam
3548 4259 3669 4317 belli
3699 4255 3876 4311 Florum

2323 4355 2516 4421 fuisse;
2541 4357 2644 4412 sibi
2669 4357 2776 4412 vim
2801 4359 3037 4414 maxime
3059 4357 3412 4414 necessitatis
3435 4356 3580 4414 bello
3596 4348 3878 4410 incubuisse,

2326 4457 2386 4504 ut
2411 4449 2684 4520 inopinata
2699 4451 3131 4518 conspirantium
3155 4450 3511 4507 multitudine
3536 4444 3788 4505 exercitus
3803 4437 3883 4493 cir-

2330 4544 2737 4599 cumveniretur
2775 4561 2787 4597 :
2819 4559 2980 4615 quem
3009 4544 3182 4615 magis
3236 4543 3474 4599 consilio
3510 4540 3657 4598 ducis
3678 4541 3883 4605 ereptum

2329 4635 2606 4704 periculo,
2637 4651 2798 4707 quam
2833 4637 3166 4707 implicatum
3191 4636 3490 4709 linqueret.
3519 4635 3762 4692 Tentasse
3783 4624 3886 4681 Ces-

2335 4732 2468 4787 tium
2488 4734 2723 4790 excitata
2755 4735 2809 4788 in
2839 4735 3064 4792 Florum
3089 4734 3210 4792 odia
3240 4735 3464 4805 sedare,
3489 4733 3581 4791 sed
3603 4725 3888 4802 nequivisse.

2334 4828 2524 4902 Itaque
2570 4829 2829 4887 incidisse
2869 4831 3108 4899 bellum,
3166 4847 3275 4887 non
3308 4831 3584 4888 intulisse.
3617 4827 3733 4884 Haec
3773 4817 3888 4877 enim

2336 4925 2594 4980 mandata
2645 4935 2834 4992 erant,
2892 4934 2952 4980 ut
3005 4925 3380 4983 commotione
3409 4924 3558 4982 omni
3600 4915 3810 4978 Caesaris
3851 4909 3892 4964 in

2339 5020 2561 5076 Florum
2591 5021 2825 5075 excitata
2846 5062 2860 5087 ,
2895 5020 3067 5075 minui
3089 5020 3235 5076 circa
3257 5036 3317 5077 se
3338 5025 3588 5092 speraret
3607 5009 3814 5072 Caesaris
3833 5002 3896 5059 of-

2342 5112 2670 5180 fensionem,
2704 5128 2864 5184 quam
2894 5115 3036 5169 male
3063 5123 3235 5185 gesta:
3276 5113 3358 5170 rei
3405 5107 3731 5169 conscientia
3763 5095 3898 5174 perii-

2343 5206 2638 5261 mescebat.
2668 5205 2747 5262 Ita
2773 5216 2956 5262 autem
2983 5207 3234 5279 plerique
3264 5205 3545 5279 perterriti
3563 5212 3684 5260 sunt
3705 5188 3898 5255 Romani

2341 5299 2794 5356 ciade'exercitus
2818 5342 2834 5367 ,
2869 5311 2928 5356 ut
2967 5301 3286 5357 Damasceni
3330 5309 3640 5357 metuentes
3674 5293 3900 5362 suspecta3

2345 5394 2623 5449 societatis
2649 5393 2899 5465 contagia
2923 5436 2938 5462 ,
2969 5403 3192 5466 propter
3220 5392 3583 5449 habitationis
3602 5381 3898 5446 consortium

2342 5485 2724 5542 interficerent
2749 5486 2968 5542 Iudaeos
3012 5465 3081 5542 in,
3117 5487 3406 5561 gymnasio
3453 5487 3792 5557 congregatos
3829 5465 3903 5542 (ιιιί

2342 5593 2528 5637 secum
2559 5580 2750 5637 urbem
2802 5579 3114 5637 incolebant
3173 5597 3186 5634 :
3233 5578 3378 5654 quod
3428 5576 3510 5635 illi
3533 5575 3619 5633 vel
3640 5565 3903 5641 suspicione

2318 5806 2347 5847 ιο
2381 5807 2487 5876 Qui
2515 5824 2578 5864 ea
2607 5809 2921 5866 divisissent.
2949 5807 3027 5866 In.
