4112 6350
305 383 442 440 2063

1162 379 1433 438 HISTOR.
1478 380 1568 437 DE
1608 379 1886 436 EXCIDIO
1925 377 2194 436 HIEROS.
2238 378 2444 437 URBIS
2483 379 2612 436 LIB.
2658 379 2723 436 ll.

3458 381 3603 439 2066

302 500 384 556 vel
433 499 559 556 dolo
582 498 694 571 jam
727 499 930 555 dndmn
964 510 1424 571 procuraverant,
1459 508 1516 555 ut
1545 515 1575 555 a
1601 500 1896 571 gentilibus
1923 503 1974 562 Α
2004 499 2116 554 tani
2154 501 2424 556 incolatus
2483 500 2734 556 militiam
2765 518 2776 554 :
2809 499 2906 556 sed
2966 515 3074 555 non
3123 499 3324 557 diutius
3371 511 3604 572 cognato

299 593 532 650 coetibus
563 603 1001 664 segregarentur,
1045 609 1114 648 ne
1157 593 1286 664 quid
1328 608 1426 664 per
1469 601 1688 648 noctem
1721 607 1889 648 nova-

299 695 418 742 rent
438 726 451 748 ,
482 685 567 740 vel
598 695 652 740 ut
678 685 870 741 exsilio
898 685 997 740 soli
1033 695 1300 755 paterent.
1331 684 1560 740 Summo
1588 699 1718 740 sane
1748 699 1895 757 mys-

298 780 436 834 terio
466 779 704 843 silentii,
739 789 795 832 ut
823 794 890 834 ne
913 779 978 833 ad
1026 793 1222 833 uxores
1249 777 1468 848 quidem
1514 792 1639 832 suas
1667 786 1894 832 conatus

295 871 603 928 istiusmodi
627 880 830 928 tractus
869 883 1092 928 mearet.
1120 871 1384 942 Quoniam
1409 872 1541 942 ipsa:
1571 888 1786 944 quoque
1827 889 1893 929 ex

293 973 449 1038 parte
479 965 716 1022 maxima
739 965 1048 1022 Judmorum
1076 965 1308 1022 cultibus
1331 963 1789 1020 admiscebantur.

869 1058 1101 1116 CAPUT
1141 1058 1308 1116 XVII.

363 1154 610 1224 Angusto
641 1155 824 1225 itaque
856 1153 909 1208 in
943 1153 1068 1209 loco
1089 1168 1282 1209 omnes
1305 1152 1510 1220 adorsi,
1545 1160 1896 1222 peremerunt

288 1247 604 1304 Judaeorum
647 1247 837 1303 decem
890 1246 1080 1302 millia.
1115 1246 1269 1316 Quod
1305 1245 1462 1302 facile
1497 1245 1621 1311 fuit,
1657 1253 1714 1299 ut
1756 1259 1896 1315 prte-

289 1340 437 1394 venti
470 1340 538 1396 ab
566 1340 796 1396 armatis
825 1339 1066 1396 inermes
1093 1340 1369 1412 .pcrirent.
1405 1339 1472 1392 Et
1527 1337 1744 1408 quidem
1777 1336 1895 1407 ejus

287 1435 646 1491 immanitatis
681 1434 992 1505 exemplum
1025 1449 1241 1502 recens,
1291 1431 1611 1506 Seythopoli
1647 1431 1814 1488 etiam
1839 1433 1892 1487 iu

281 1530 467 1602 majus
497 1539 869 1602 processerat,
907 1545 1016 1600 quo
1045 1529 1300 1586 incitatos
1327 1529 1697 1584 Damascenos
1744 1543 1890 1584 reor.

279 1623 423 1679 Nam
461 1639 587 1678 cum
616 1621 792 1678 Judaei
824 1621 1059 1677 ﬁnitima
1091 1637 1323 1693 quaeque
1353 1621 1767 1693 popularentur,
1802 1637 1894 1678 ve-

280 1726 490 1773 rterunt
520 1716 920 1790 ScythOpolim,
949 1726 1112 1786 atque
1135 1715 1248 1770 illic
1272 1713 1642 1770 inhabitantes
1675 1713 1895 1769 Judaeos

277 1822 498 1868 tentare
538 1812 741 1875 adorsi,
797 1809 1142 1866 adversarios
1184 1808 1398 1880 experti
1430 1819 1578 1874 sunt,
1624 1822 1763 1878 quos
1791 1807 1894 1862 sibi

1996 592 2178 648 debita
2207 593 2459 664 sanguini
2492 593 2664 649 defuit
2714 593 2974 648 vindicta.
3031 593 3277 664 Namque
3301 593 3393 651 ubi
3435 593 3602 662 fracta

1999 687 2153 755 ﬁdes,
2181 699 2234 742 et
2257 687 2650 760 Scythopolitre
2673 687 3057 755 circumventi,
3083 689 3176 759 qui
3201 704 3267 743 ex
3297 689 3604 758 composito

1995 779 2057 835 se
2070 781 2133 834 ad
2167 796 2356 835 nemus
2377 780 2742 848 contulerant,
2767 780 2975 838 instare
2998 781 3142 837 bello
3171 783 3606 853 atqueingruere

1998 883 2306 944 coeperunt.
2353 874 2529 930 Etiam
2575 875 2713 930 ﬁlios
2745 890 2808 932 ac
2839 887 3093 945 parentes
3140 875 3381 932 Simonis
3425 878 3602 933 deleta

1998 967 2347 1023 multitudine
2389 978 2734 1036 Caeterorum,
2785 969 3000 1024 eminus
3034 970 3162 1024 licet
3193 969 3492 1024 missilibus
3543 986 3606 1025 ac

2001 1060 2121 1114 telis
2150 1060 2428 1130 petebant.
2462 1061 2664 1116 Videns
2705 1061 2896 1117 Simon
2931 1061 3391 1116 innumerabilem
3421 1061 3606 1116 multi-

2001 1153 2242 1208 tudinem
2295 1153 2440 1208 facili
2471 1155 2690 1225 negotio
2718 1155 3083 1226 superiorem,
3128 1164 3186 1210 ut
3231 1154 3438 1210 diutius
3471 1156 3608 1210 tole-

1997 1246 2105 1300 rari
2155 1247 2434 1317 nequiret,
2487 1247 2728 1318 gladium
2779 1249 3041 1315 extraxit,
3074 1255 3240 1319 atque
3287 1249 3340 1302 in
3385 1248 3601 1304 ImStem

1998 1353 2298 1394 conversus
2343 1339 2621 1395 clamabat
2676 1341 2866 1396 dicens
2917 1359 2929 1394 :
2985 1341 3157 1411 Digna
3210 1340 3606 1413 Scythopolitaa

1998 1431 2156 1487 factis
2229 1432 2437 1503 recipio
2503 1433 2663 1498 meis,
2723 1434 2810 1503 qui
2869 1443 3227 1502 cognatorum
3287 1429 3313 1468 ά
3367 1448 3598 1496 necem,

1997 1540 2160 1595 quam
2219 1525 2376 1580 vobis
2422 1525 2796 1596 impenderem
2858 1527 3239 1582 benevolentia
3275 1526 3602 1582 testiﬁcatus

2000 1634 2142 1685 sum,
2171 1629 2224 1674 et
2252 1618 2479 1676 fratrum
2504 1621 2824 1692 sanguinem
2850 1621 3004 1675 vobis
3032 1619 3277 1676 obsidem
3308 1621 3431 1675 dedi
3481 1637 3605 1691 gra-

2003 1713 2113 1779 tiae,
2159 1712 2586 1783 qnibusjustius
2611 1713 2840 1784 perﬁdia
2893 1713 3244 1768 tribueretur.
3295 1713 3446 1769 Nunc
3475 1713 3603 1767 dum

2002 1807 2321 1875 alienigenis
2355 1807 2516 1862 ﬁdem
2543 1807 2757 1874 defero,
2797 1809 2849 1862 in
2884 1808 3220 1863 domesticos
3243 1807 3400 1862 amisi
3437 1825 3450 1861 :
3486 1821 3610 1877 pro-

279 1908 429 1962 ﬁdos
460 1907 892 1973 arbitrabantur,
926 1905 1182 1976 quoniam
1217 1920 1370 1959 more
1402 1903 1604 1976 ingenii
1638 1903 1886 1970 lmmani,
1921 1904 1968 1966 B
1996 1900 2106 1956 didi
2135 1901 2297 1956 etiam
2333 1899 2559 1968 liberos,
2591 1908 2980 1970 parentesque,
3015 1915 3154 1971 quos
3185 1915 3214 1954 a
3243 1900 3398 1955 vobis
3423 1909 3604 1954 tamen

277 2013 312 2040 α
357 2001 808 2074 praeponderatur
851 2001 994 2072 apud
1023 2016 1118 2057 eos
1160 2001 1354 2055 salutis
1384 2015 1538 2067 cura,
1582 2001 1888 2056 necessitu-

275 2095 400 2152 dini
443 2117 456 2154 :
497 2097 750 2154 secundis
804 2095 969 2166 igitur
1025 2095 1424 2150 constituentes
1474 2093 1673 2150 tribule
1715 2093 1886 2149 colle-

272 2194 452 2264 gium,
478 2189 1214 2264 pra-feruntinhabitantium
1237 2189 1579 2255 societatem,
1598 2187 1888 2243 tribulibus

273 2287 493 2343 cladem
525 2287 824 2342 minantur.
857 2284 1015 2352 Quod
1061 2292 1374 2355 suspectum
1400 2281 1714 2354 gentilibus,
1758 2281 1886 2352 quia

271 2381 711 2454 promptioribus
725 2379 922 2436 studiis
942 2379 1190 2434 odiorum
1209 2379 1261 2434 in
1289 2391 1418 2432 suos
1439 2376 1719 2433 exsecutio
1745 2391 1883 2446 pra:-

271 2476 610 2532 tendebatur
640 2491 653 2530 :
687 2490 757 2530 ne
778 2471 1145 2528 simulationis
1172 2471 1354 2542 specie
1385 2469 1545 2526 dolus
1587 2469 1885 2525 adornare-

273 2581 395 2637 tur,
426 2579 590 2641 atque
619 2569 807 2624 urbem
849 2565 1243 2622 incautioribus
1273 2564 1477 2619 accolis
1510 2571 1671 2618 noctu
1705 2561 1886 2616 adori-

269 2674 498 2731 rentur,
526 2664 926 2734 prostratisqne
944 2661 1196 2717 omnibus
1211 2659 1484 2730 gentibus,
1501 2656 1644 2728 apud
1667 2655 1888 2712 Iudaeos

269 2758 384 2814 sibi
435 2756 666 2829 gratiam
714 2754 1136 2812 reconciliarent
1170 2771 1182 2808 :
1213 2768 1276 2808 ac
1323 2769 1418 2824 per
1444 2753 1550 2808 hoc
1595 2751 1638 2807 si
1682 2750 1887 2806 vellent

268 2853 444 2912 tidem
473 2867 627 2908 suam
659 2851 826 2908 etiam
849 2851 993 2906 circa
1029 2849 1266 2920 gentiles
1297 2847 1551 2920 probare,
1584 2861 1707 2902 cum
1737 2845 1882 2901 omni

268 2949 636 3022 generatione
677 2963 774 3003 sua
815 2947 949 3002 urbe
974 2945 1331 3008 excederent,
1361 2943 1711 3013 vicinumque
1735 2955 1885 3013 pete-

268 3053 407 3100 rent
465 3056 680 3099 nemus.
740 3040 858 3108 Quo
907 3039 1086 3105 facto,
1133 3054 1234 3110 per
1285 3035 1508 3093 biduum
1559 3035 1884 3106 quieverunt

265 3135 691 3209 Scythopolitte,
723 3144 782 3191 ut
811 3133 992 3205 portio
1032 3132 1343 3190 JUdiL‘Ol‘Ulll
1374 3133 1741 3203 suspicionem
1788 3132 1883 3189 de-

268 3244 531 3305 poneret,
591 3231 842 3287 indueret
891 3230 1267 3286 securitatem.
1316 3227 1500 3284 Tertia
1553 3235 1713 3282 nocte
1757 3241 1878 3282 cum

1997 2003 2020 2032 ε
2074 1995 2258 2050 necari
2291 1995 2599 2064 oportebat,
2653 1995 2696 2048 si
2740 1993 3051 2050 mercedem
3093 1993 3319 2049 sceleris
3365 1994 3606 2049 aestima-

1991 2089 2143 2143 retis.
2178 2088 2379 2143 Moriar
2402 2089 2588 2160 igitur,
2622 2089 2666 2144 si
2697 2088 2870 2144 iratus
2902 2089 3180 2156 omnibus,
3207 2087 3342 2142 nulli
3369 2089 3608 2152 amicus,

1990 2185 2081 2255 qui
2112 2185 2564 2242 circumvenerim
2603 2201 2756 2240 meos
2788 2194 2840 2241 et
2868 2186 3106 2256 pr0priis
3137 2184 3390 2240 manibus
3439 2183 3606 2238 ultio—

1987 2293 2112 2332 nem
2144 2277 2212 2333 de
2238 2294 2325 2333 mc
2352 2278 2499 2348 prius
2530 2289 2786 2349 expetam
2816 2296 2828 2332 :
2889 2277 3100 2351 peremi
3145 2279 3327 2334 socios
3381 2276 3600 2348 religio-

1990 2371 2097 2436 nis,
2155 2381 2210 2425 et
2261 2371 2385 2426 ﬁdei
2423 2381 2709 2426 consortes
2751 2389 2764 2427 :
2820 2387 3159 2442 recognosco
3208 2370 3435 2426 sceleris
3495 2371 3605 2424 mei

1987 2465 2190 2521 debita.
2240 2465 2457 2522 Solvam
2529 2476 2680 2522 tanto
2745 2466 2966 2536 dignum
3019 2465 3310 2536 sacrilegio
3360 2464 3595 2536 parrici-

1987 2561 2164 2627 dimn,
2197 2569 2254 2615 ut
2284 2576 2346 2618 ea
2377 2562 2448 2616 sit
2491 2569 2546 2616 et
2576 2576 2674 2632 pro
2703 2560 2912 2632 ﬂagitio
2939 2575 3124 2631 pwna,
3157 2570 3211 2615 et
3239 2559 3306 2614 ad
3339 2560 3597 2614 virtutem

1984 2655 2160 2726 gloria
2189 2673 2202 2710 :
2237 2671 2307 2712 ne
2329 2655 2448 2726 quis
2471 2671 2530 2712 se
2553 2655 2724 2726 jactet
2755 2655 2894 2710 alius
2927 2652 2944 2692 ί
2975 2669 3098 2709 meo
3124 2652 3374 2719 vulnere,
3409 2653 3462 2707 in
3513 2667 3600 2708 me

1985 2753 2165 2823 ipsmn
2199 2763 2384 2823 postea
2430 2761 2786 2809 convertetur
2836 2752 3032 2808 dextra
3062 2766 3180 2808 mea
3209 2769 3223 2807 :
3258 2762 3315 2805 ut
3343 2749 3598 2807 videatur

1986 2844 2192 2900 furoris
2244 2860 2366 2900 esse
2416 2845 2561 2916 quod
2615 2845 2840 2911 morior,
2891 2860 2999 2900 non
3053 2843 3450 2900 imbecillitatis
3486 2859 3596 2898 :ne

1985 2939 2112 3010 quis
2159 2938 2389 2994 insultet
2431 2938 2674 3006 cadenti,
2711 2947 2736 2986 ε
2787 2937 2858 2992 sit
2903 2937 3105 2994 vindex
3158 2935 3435 3007 parricidii
3488 2937 3600 2992 cle-

1989 3034 2218 3100 mentia,
2258 3031 2609 3102 parricidium
2635 3030 2929 3101 sacrilegii.
2957 3030 3086 3086 llarc
3106 3031 3343 3095 locutus,
3370 3044 3603 3085 conver-

1987 3127 2051 3180 tit
2080 3123 2331 3180 obtutum
2364 3124 2416 3178 in
2450 3123 2652 3180 liberos
2674 3131 3078 3195 parentesque;
3109 3130 3164 3178 et
3187 3121 3599 3194 indignantibus

1986 3219 2180 3282 oculis,
2211 3233 2335 3272 cum
2357 3217 2468 3288 jam
2502 3217 2878 3273 misericordia
2912 3219 3081 3272 mixta
3113 3217 3211 3273 irae
3237 3217 3595 3284 succederet,

261 3297 387 3399 jam
419 3334 751 3397 ρτωευηιριε
777 3322 806 3363 b
850 3323 987 3379 ﬁdes
1026 3322 1324 3395 gentilibus
1353 3321 1684 3377 removisset
1725 3321 1879 3376 solli.
1909 3297 1954 3359 C
1987 3311 2274 3381 abreptum
2326 3326 2356 3366 e
2407 3310 2587 3365 medio
2636 3318 2846 3380 patrem
2897 3309 3081 3382 gladio
3129 3311 3546 3366 transverberat
3581 3329 3595 3366 :

267 3420 600 3487 citudinem,
645 3417 888 3474 incautis
908 3426 964 3473 et
990 3417 1392 3473 dormientibus
1438 3417 1518 3472 vis
1561 3417 1740 3485 illata,
1787 3416 1882 3472 de-

266 3531 510 3588 cemque
553 3524 609 3571 et
636 3516 807 3570 tribus
849 3513 1088 3570 millibus
1117 3512 1396 3569 hominum
1430 3513 1636 3571 necatis
1666 3532 1680 3570 :
1729 3529 1880 3586 qua:-

267 3627 510 3683 cumque
539 3610 704 3668 etiam
734 3610 1062 3677 habuerunt,
1093 3608 1303 3680 direpta
1335 3620 1479 3666 sunt.

849 3701 1080 3760 CAPUT
1118 3701 1311 3758 XVIII.

350 3798 763 3868 Expositionem
793 3797 964 3869 exigit
989 3796 1233 3853 Simonis
1288 3796 1486 3852 acerba
1521 3797 1722 3866 passio,
1755 3796 1875 3852 visu

269 3900 330 3947 et
357 3890 546 3946 auditu
586 3890 918 3957 miseranda,
970 3889 1066 3945 sed
1100 3889 1344 3944 novitate
1375 3891 1454 3945 rei
1485 3889 1876 3944 memorabilis.

269 3985 324 4042 Is
384 3995 504 4042 erat
554 3987 608 4042 in
662 3987 861 4056 populo
911 3985 1252 4051 Judzeorum,
1300 3984 1466 4040 Saule
1487 3983 1628 4039 haud
1655 3984 1880 4054 ignobili

268 4079 494 4151 genitus
524 4089 696 4150 patre,
728 4079 895 4135 animi
922 4079 1146 4134 audacia
1193 4077 1488 4150 praeditus,
1537 4086 1593 4132 et
1633 4078 1882 4148 corporis

267 4173 620 4230 lortitudine.
655 4174 894 4240 Quarum
925 4182 1215 4243 utramque
1256 4173 1307 4226 in
1338 4171 1564 4226 exitium
1602 4171 1879 4226 tribulium

269 4282 500 4323 suorum
549 4267 813 4333 exercuit,
843 4266 933 4337 qui
963 4266 1230 4337 plurimos
1259 4281 1323 4321 ex
1354 4266 1554 4336 populo
1585 4265 1884 4321 adventitio

269 4361 591 4417 Judtnorum
631 4360 827 4416 crebro
867 4359 1086 4414 incursu
1119 4359 1350 4430 peremit
1381 4377 1394 4413 :
1424 4373 1486 4414 ac
1513 4360 1556 4414 si
1595 4360 1733 4415 forte
1755 4375 1887 4416 con-

270 4455 467 4529 Spirati
497 4455 773 4521 adessent,
810 4454 960 4510 solus
987 4462 1324 4510 sustentaret
1348 4454 1545 4521 aciem,
1569 4464 1625 4510 et
1659 4455 1881 4526 conglo-

271 4551 435 4606 batus
478 4550 672 4606 solitus
723 4556 992 4614 avertere,
1039 4547 1206 4602 todus
1236 4555 1356 4602 erat
1402 4545 1577 4602 nodus
1621 4562 1686 4602 ac
1727 4563 1882 4603 mora

273 4643 405 4700 belli
443 4661 456 4696 :
491 4651 549 4699 et
609 4642 932 4713 plerumque
982 4639 1289 4709 desperatis
1347 4639 1512 4709 rebus
1565 4641 1878 4697 conversio.

279 4752 299 4774 ι·
321 4737 700 4793 Exhibuerant
717 4737 826 4808 jam
845 4735 1055 4792 civibus
1075 4734 1365 4791 adversum
1389 4749 1520 4790 suos
1541 4734 1888 4807 Scythopoli-
1912 4729 1966 4790 D

351 4858 378 4886 ⁸
420 4848 818 4920 Ρηεροηάεται.
846 4849 1016 4904 Banu.

351 4920 378 4958 ι’
420 4922 512 4994 ᾼΙ.
540 4922 670 4994 [idea
699 4924 884 4994 gratia:
907 4922 1199 4977 removisset
1229 4921 1484 4978 custodiat
1509 4921 1679 4978 sollic.
1714 4922 1789 4977 In.

355 5007 377 5031 ο
418 4991 725 5048 ΕπΙιὶὺεὺαῐ.
762 4994 836 5051 ID.

351 5062 378 5101 ά
421 5063 566 5192 Arce
599 5105 612 5120 .
643 5107 655 5117 .
685 5106 699 5122 .
731 5108 744 5121 .
774 5106 789 5120 .
847 5065 1267 5123 benevolentiam.
1309 5067 1377 5122 Et
1422 5080 1550 5122 mox
1594 5070 1884 5138 fraternum

351 5154 430 5192 rm.
484 5153 536 5192 ι).

277 5154 430 5209 sang.
461 5153 536 5192 ID.

1980 3412 2106 3474 post
2151 3419 2274 3458 eum
2307 3412 2482 3458 mater
2505 3402 2819 3468 attrahitur,
2856 3417 2926 3459 ne
2949 3415 3095 3458 esset
3125 3403 3215 3475 qui
3240 3419 3339 3474 pro
3374 3403 3592 3474 nepoti-

1984 3499 2085 3554 bus
2117 3499 2492 3555 interveniret.
2520 3497 2691 3555 Oﬁ‘ert
2720 3514 2782 3556 se
2809 3515 2904 3571 per
2929 3499 3179 3555 ordinem
3208 3501 3404 3556 volens
3433 3516 3588 3568 uxor,

1982 3607 2052 3649 ne
2104 3601 2256 3648 tanto
2284 3592 2499 3663 dejecta
2546 3594 2783 3664 conjuge
2831 3594 3228 3663 superviveret.
3279 3594 3593 3650 Occurrunt

1986 3689 2108 3754 ﬁlii,
2141 3704 2210 3744 ne
2235 3689 2537 3759 degeneres
2577 3696 2732 3743 tanto
2759 3697 2912 3760 patre
2941 3687 2994 3742 in
3038 3688 3156 3758 ipsa
3185 3701 3362 3744 morte
3387 3687 3596 3758 judica-

1983 3793 2196 3838 rentur.
2229 3781 2543 3838 Festinabat
2566 3782 2686 3852 ipse
2708 3781 2816 3837 ictu
2831 3781 2996 3837 celeri
3026 3781 3238 3836 hostem
3263 3781 3589 3852 praevenire.

1985 3873 2145 3929 Omni
2176 3875 2357 3944 itaque
2387 3885 2667 3945 perempta
2707 3874 2934 3940 familia,
2962 3873 3117 3928 stetit
3144 3874 3196 3928 in
3221 3872 3404 3928 medio
3433 3872 3592 3928 fune-

1984 3985 2107 4025 rum
2147 3984 2393 4024 suorum.
2447 3968 2518 4023 Et
2548 3978 2806 4039 tauquam
2841 3965 2868 4004 ιι
2902 3966 3246 4036 triumphans
3275 3966 3594 4022 domesticis

1987 4063 2360 4136 passionibus,
2418 4063 2560 4134 quod
2606 4063 2881 4119 neminem
2931 4076 3153 4116 suorum
3188 4061 3370 4117 alieno
3412 4059 3595 4132 gladio

1987 4160 2121 4216 vidit
2154 4160 2357 4232 perire,
2387 4159 2623 4216 elevavit
2643 4158 2958 4225 dexteram,
2989 4167 3046 4214 ut
3079 4172 3270 4213 omnes
3301 4156 3554 4213 viderent
3580 4198 3594 4224 ,

1988 4271 2053 4311 ac
2072 4255 2470 4312 formidabilem
2495 4254 2710 4311 cunctis
2739 4254 3034 4325 sulijiciens
3065 4253 3166 4310 sibi
3191 4261 3447 4320 mortem,
3468 4265 3596 4322 pro-

1988 4352 2108 4421 prio
2154 4352 2332 4408 victor
2380 4366 2504 4407 sese
2559 4352 2834 4407 transfixit
2887 4365 3172 4406 mucrone.
3231 4347 3601 4404 Memorabilis

1978 4445 2198 4517 juvenis
2227 4446 2298 4501 ob
2325 4446 2603 4518 egregiam
2639 4445 3020 4501 fortitudinem
3045 4443 3315 4514 corporis,
3347 4451 3403 4498 et
3423 4440 3593 4496 animi

1989 4538 2470 4610 magnitudinem:
2505 4538 2602 4595 sed
2653 4539 2779 4608 quia
2818 4537 2979 4594 ﬁdem
3031 4535 3356 4608 alienigenis
3414 4532 3596 4605 potius

1988 4647 2150 4702 quam
2179 4635 2293 4688 suis
2319 4632 2536 4700 detulit,
2565 4630 2658 4687 tali
2688 4631 2886 4702 dignus
2909 4629 3064 4686 exitu
3094 4629 3213 4684 fuit.

2065 4863 2089 4924 ὲ
2130 4854 2327 4908 Necari
2353 4871 2456 4908 non
2486 4853 2772 4924 oportebat.
2806 4851 2880 4907 In.

2068 4923 2086 4962 ί
2130 4926 2184 4980 Μ
2192 4942 2369 4980 eorum
2389 4923 2532 4980 vuln.
2569 4926 2644 4980 In.

2064 5007 2090 5044 ε
2131 5000 2217 5054 Al.
2251 4999 2316 5052 sit
2348 4997 2505 5052 index
2535 4997 2810 5066 parricidii
2830 4995 3106 5052 dementia.
3131 4995 3208 5050 In.

2063 5067 2089 5104 ¹¹
2128 5069 2503 5142 Triumphatis.
2536 5071 2613 5127 In.

1455 5365 1801 5450 LIBER
1876 5363 2422 5452 TERTIUS.

926 5627 1160 5686 CAPUT
1199 5627 1243 5682 l.

359 5724 435 5780 Ea
477 5733 763 5797 postquam
787 5722 990 5780 Neroni
1025 5723 1274 5780 nuntiata
1298 5731 1428 5778 sunt
1449 5723 1502 5780 in
1521 5723 1742 5780 Achaiae
1765 5738 1889 5795 par-

281 5818 430 5876 tibus
483 5821 609 5886 sito,
660 5820 751 5891 qui
789 5818 1120 5890 tragieorum
1170 5818 1474 5873 carminum
1533 5817 1889 5874 meditatione

287 5913 667 5982 contenderat,
700 5922 757 5969 ut
779 5913 846 5970 de
877 5912 1124 5985 pluribus
1172 5911 1443 5968 scenicam
1493 5925 1750 5968 coronam
1800 5926 1889 5967 re-

1995 5626 2166 5684 ferret
2195 5644 2210 5682 :
2239 5628 2478 5696 nescias,
2509 5641 2620 5698 quo
2664 5627 2843 5699 magis
2866 5626 3062 5698 turpis,
3104 5635 3287 5682 utrum
3345 5629 3491 5699 quod
3540 5631 3594 5687 in

1991 5736 2215 5779 scenam
2266 5723 2567 5794 imperator
2613 5721 2882 5794 prodiret,
2923 5737 2992 5776 an
3040 5721 3184 5791 quod
3230 5736 3450 5778 scenam
3483 5725 3597 5781 suis

1991 5816 2211 5888 ﬂagitiis
2239 5819 2511 5889 impleret,
2545 5817 2639 5889 qui
2668 5824 2911 5888 turparet
2935 5815 3186 5872 Orestem
3227 5817 3500 5885 canendo,
3539 5829 3597 5875 et

1993 5913 2290 5984 parricidio
2319 5919 2763 5984 repraesentaret,
2796 5909 2979 5980 gravis
3004 5925 3126 5965 eum
3165 5906 3363 5967 invasit
3382 5921 3592 5969 metus.
