4112 6350
596 309 744 371 2067

593 518 1093 590 pertimescentem,
1116 524 1175 572 ιιι
1198 513 1490 586 aliquando
1519 530 1549 569 a
1570 511 1921 569 theatralium
1951 512 2193 582 volupta-

604 623 717 669 tum
751 613 1183 679 obscenitate,et
1212 607 1552 682 parricidalis
1580 606 1833 663 amentia:
1857 605 2042 661 furore
2068 605 2204 660 resi-

600 705 855 775 pisceret,
878 718 1041 775 atque
1067 702 1135 759 ad
1166 716 1326 757 curas
1352 699 1667 772 reipublica:
1698 713 2020 766 conversus,
2055 698 2201 753 intra

601 813 661 856 se
684 797 943 855 fremeret
968 808 1022 854 et
1047 796 1355 862 desmviret,
1381 795 1528 868 quod
1559 795 1766 852 incuria
1797 793 1952 852 ducis
1985 795 2163 866 potius
2183 835 2200 863 ,

601 907 761 963 quam
794 891 992 948 virtute
1041 890 1476 949 adversariorum
1535 899 1739 945 tantam
1771 886 1982 945 cladem
2012 903 2204 960 respu-

603 986 744 1041 blica
761 984 1003 1040 Romana
1026 983 1321 1053 acceperit.
1346 980 1617 1045 Tentabat
1669 979 1893 1054 quidem
1942 980 2203 1037 simulare

602 1079 907 1141 audaciam,
939 1076 1035 1132 sed
1072 1075 1435 1148 redarguebat
1463 1075 1660 1141 timor,
1693 1084 1748 1130 et
1777 1073 1931 1147 quasi
1965 1074 2205 1144 speciem

599 1168 1058 1239 magnanimitatis
1084 1176 1405 1237 praetexere,
1437 1175 1495 1222 ut
1515 1181 1676 1238 supra
1708 1180 2007 1221 aerumnam
2038 1178 2208 1237 nego—

598 1261 799 1317 tiorum
851 1269 1087 1316 mentem
1122 1260 1371 1317 haberet.
1421 1259 1529 1316 Sed
1562 1258 1993 1337 distringebatur
2040 1258 2207 1314 animi

601 1352 1001 1421 sollicitudine,
1052 1369 1213 1425 quem
1275 1352 1561 1409 demendae
1592 1352 1905 1424 ignominia:
1953 1352 2209 1423 belloque

602 1446 944 1501 conﬁciendo
968 1446 1177 1517 legeret
1226 1445 1445 1502 ducem.
1478 1445 1757 1517 Urgebant
1781 1445 2026 1502 Iudaeam
2080 1445 2208 1501 ulti-

606 1554 708 1594 mae
737 1538 873 1596 labis
894 1540 1079 1594 futura
1107 1539 1343 1606 excidia,
1375 1546 1436 1594 ut
1466 1537 1610 1595 Nero
1636 1540 1875 1609 regalem
1918 1553 2209 1610 personam

604 1633 893 1704 indueret,
924 1641 981 1691 et
1011 1634 1223 1705 providi
1254 1633 1583 1691 consultoris
1613 1649 1746 1691 voce
1765 1676 1780 1702 ,
1809 1634 2081 1690 salubrem
2109 1649 2208 1690 ex-

609 1727 872 1797 primeret
914 1729 1260 1784 sententiam.
1301 1727 1689 1798 Vespasianum
1742 1726 1921 1787 solum
1961 1742 2083 1783 esse
2121 1725 2210 1782 cui

1936 302 2188 371 SANCTI
2226 302 2551 369 AMBROSII

596 425 713 480 Non
766 423 859 480 illa
900 423 1152 489 ludorum
1205 421 1431 487 similia,
1488 418 1583 475 sed
1629 418 1897 476 bellorum
1948 432 2203 489 suprema
2232 420 2280 478 Α

3664 298 3667 299 ⁷
3755 302 3874 364 2068

2944 413 3177 471 CAPUT
3228 415 3289 470 Il.

2379 507 2550 565 Erant
2581 516 2711 564 tunc
2756 507 3015 580 temporis
3049 508 3238 564 Romae
3266 509 3464 565 Petrus
3489 519 3542 566 et
3570 509 3773 580 Paulus,
3794 514 3879 569 do-

2306 610 2488 655 ctores
2507 600 2972 668 Christianorum,
3004 600 3266 657 sublimes
3286 602 3566 675 operibus,
3590 603 3718 661 clari
3740 607 3881 679 magi-

2304 694 2496 758 sterio,
2529 693 2620 764 qui
2648 693 2850 749 virtute
2877 708 3098 749 suorum
3125 710 3349 765 operum
3373 694 3684 752 Neronemc
3711 697 3881 754 adven.

2305 800 2425 839 sum
2472 783 2737 851 fecerant,
2796 791 3014 856 captum
3046 785 3184 856 Magi
3232 785 3472 842 Simonis
3517 786 3877 860 delinimentis,

2306 878 2397 949 qui
2422 877 2527 933 sibi
2565 878 2805 933 animum
2834 877 2954 949 ejus
2981 879 3390 935 conciliaverat.
3416 877 3513 935 Cui
3545 879 3880 951 adiumentum

2306 971 2571 1037 victoriae,
2611 972 2981 1042 snbjectiones
3025 973 3287 1043 gentium,
3332 973 3461 1028 vita:
3492 974 3879 1045 longaevitatem,

2306 1064 2501 1120 salutis
2556 1065 2862 1121 custodiam
2918 1066 3180 1122 feralibus
3242 1067 3456 1122 artibus
3513 1068 3878 1139 pollicebatur,

2307 1168 2472 1229 atque
2495 1156 2590 1213 ille
2608 1159 2887 1226 credebat,
2916 1160 3006 1231 qui
3031 1160 3141 1215 vim
3171 1175 3355 1216 rerum
3383 1161 3618 1217 nesciret
3639 1166 3882 1229 examina-

2309 1269 2388 1310 re.
2452 1253 2691 1327 Denique
2729 1269 2998 1309 summum
3042 1254 3184 1325 apud
3225 1271 3347 1312 eum
3403 1256 3619 1313 tenebat
3646 1257 3871 1317 amicitia:

2309 1349 2485 1403 locum
2516 1365 2530 1402 :
2559 1347 3002 1421 quandoquidem
3041 1348 3209 1405 etiam
3257 1350 3542 1420 przesulem
3588 1366 3693 1407 sua:
3716 1352 3881 1408 salutis

2310 1445 2540 1515 vitaeque
2566 1443 2852 1505 custodem
2905 1442 3294 1499 arbitrabatur.
3326 1443 3435 1500 Sed
3466 1444 3555 1499 ubi
3583 1444 3761 1503 Petrus
3781 1445 3880 1517 ejus

2312 1537 2579 1592 vanitates
2604 1544 2659 1592 et
2685 1536 2888 1608 ﬂagitia
2914 1536 3122 1593 detexit
3152 1579 3167 1603 ,
3200 1545 3257 1593 et
3280 1540 3494 1608 species
3535 1538 3679 1594 illum
3716 1555 3875 1596 rerum

2311 1629 2563 1699 mentiri,
2599 1645 2710 1686 non
2760 1630 2999 1687 solidum
3054 1631 3258 1703 aliquid
3308 1641 3405 1690 aut
3457 1648 3641 1695 verum
3692 1632 3879 1691 efﬁcere

2313 1722 2729 1792 demonstravit;
2759 1724 2991 1781 ludibrio
3015 1726 3252 1796 habitus,
3287 1726 3521 1799 etdigno
3552 1736 3635 1785 est
3661 1744 3879 1784 consum-

606 1833 816 1875 summa
835 1819 1045 1876 militiae
1073 1822 1302 1878 orientis
1332 1824 1384 1877 in
1411 1822 1657 1894 partibus
1680 1823 1800 1893 jure
1824 1820 2203 1878 committere-
2236 1812 2284 1873 Β
2314 1827 2437 1889 pius
2464 1832 2720 1874 maerore.
2746 1818 2813 1875 Et
2837 1819 3087 1890 quamvis
3125 1819 3176 1874 in
3210 1819 3336 1876 aliis
3367 1830 3635 1878 terrarum
3667 1822 3877 1892 partibus

610 1927 717 1983 tur,
754 1915 925 1971 virum
965 1916 1033 1971 ab
1050 1914 1419 1973 adolescentia
1448 1916 1657 1972 militia:
1685 1916 2031 1988 triumphalis
2049 1918 2209 1973 inve-

609 2014 840 2063 teratum
873 2008 1178 2078 stipendiis,
1207 2010 1299 2080 qui
1343 2010 1641 2080 impacatas
1672 2008 1881 2066 Gallias
1906 2008 2213 2066 Germano-

610 2117 728 2157 rum
755 2102 1020 2168 tumultu,
1043 2108 1099 2158 et
1123 2101 1324 2157 ferocia
1365 2102 1615 2173 genuinis
1650 2102 1971 2157 temeritatis
1997 2102 2048 2157 in
2096 2100 2213 2158 bel-

609 2196 721 2252 lum
768 2195 1027 2267 relupsas,
1062 2211 1196 2268 pace
1239 2196 1491 2252 diuturna
1540 2204 1947 2267 composuerat.
1993 2196 2211 2252 Britan-

610 2289 756 2344 niam
806 2306 1023 2361 qnoque
1060 2291 1204 2347 inter
1232 2289 1403 2346 undas
1429 2289 1654 2346 uadhuc
1680 2291 1934 2347 latentem
1968 2289 2214 2346 Romano

612 2383 843 2452 imperio
888 2384 1059 2439 armis
1103 2384 1500 2455 acquisiverat:
1529 2382 1683 2455 cujus
1712 2383 2059 2454 triumphatae
2090 2382 2213 2454 opi-

619 2478 720 2533 bus
768 2476 938 2533 Roma
972 2476 1170 2545 ditior,
1198 2477 1456 2534 Claudius
1486 2478 1810 2542 consultior,
1841 2477 1983 2533 Nero
2016 2477 2214 2534 fortior

612 2571 1005 2626 aestimabatur.
1038 2570 1226 2643 Itaque
1269 2586 1500 2642 quarum
1527 2571 1769 2643 gentium
1804 2571 1941 2626 bella
1999 2587 2106 2626 non
2136 2570 2214 2627 vi-

612 2663 827 2727 derant,
856 2662 1261 2734 subjugatarutn
1291 2673 1494 2734 tropaea
1521 2664 1951 2721 celebraverant.
1977 2664 2090 2722 Sub
2110 2663 2214 2721 hoc

611 2755 751 2812 duce
783 2755 999 2829 (iterum
1023 2754 1167 2827 dico)
1191 2755 1335 2811 Nero
1364 2756 1619 2811 terribilis
1644 2764 1782 2823 erat,
1800 2755 1946 2812 Nero
1966 2763 2216 2812 metuen-

613 2844 739 2912 dus,
782 2856 976 2916 potens
998 2845 1151 2910 foris,
1199 2853 1346 2901 tutus
1376 2848 1522 2901 domi
1551 2865 1564 2899 :
1589 2849 1817 2918 aequatis
1849 2849 1993 2904 inter
2018 2863 2079 2904 se
2111 2848 2215 2904 Ve-

615 2938 857 3008 spasiani
890 2938 997 2995 ﬁde
1043 2954 1107 2994 ac
1142 2937 1485 2994 fortitudine.
1520 2939 1762 3009 Qunntus
1794 2941 1895 2997 iste
1923 2943 2030 3008 vir,
2057 2942 2214 3010 cujus

614 3030 781 3085 armis
813 3031 938 3085 vitia
977 3030 1209 3085 Neronis
1249 3031 1390 3102 apud
1423 3041 1639 3087 exteras
1670 3040 1859 3103 gentes
1910 3032 2214 3088 absconde-

614 3124 827 3191 bantur,
860 3132 921 3179 ιιι
951 3125 1243 3180 ludibrium
1277 3141 1457 3181 rerum
1477 3125 1860 3193 humanarum,
1892 3137 1949 3183 et
1988 3127 2212 3198 cjuratre

614 3217 940 3288 impurltatis
980 3218 1357 3289 approbrium,
1394 3219 1688 3289 triumphis
1726 3235 1946 3291 Qquue
1977 3221 2212 3275 illustra-
2240 3201 2287 3266 C

614 3310 799 3364 retur!
843 3310 980 3364 Cum
1034 3312 1387 3380 prmliandum
1434 3313 1614 3379 itaque
1646 3312 1697 3367 in
1741 3312 1945 3368 ultimis
1985 3313 2216 3368 Romani

615 3401 766 3456 orbis
814 3411 959 3456 esset
978 3401 1252 3470 conﬁniis,
1293 3402 1658 3473 Vespasianus
1676 3420 1740 3458 ex
1772 3404 2025 3459 omnibus
2053 3405 2220 3476 elige-

618 3495 794 3549 batur.
852 3495 987 3550 Cum
1034 3495 1235 3551 bellum
1276 3499 1583 3575 depositum
1642 3495 1803 3564 foret,
1853 3497 2217 3569 Vespasianus

616 3602 727 3656 prae
751 3587 964 3643 caeteris
1001 3587 1347 3657 sociabatur,
1380 3605 1451 3646 ne
1485 3591 1567 3646 vel
1618 3590 1867 3661 publicus
1905 3600 2219 3661 superesset

617 3680 811 3745 hostis,
844 3682 929 3737 vel
963 3680 1300 3739 domesticus
1329 3685 1621 3756 obreperet
1650 3684 1957 3741 insidiator.
2012 3685 2216 3756 Dignus

613 3774 706 3845 qui
734 3774 1022 3845 stipendiis
1055 3776 1243 3831 militis
1292 3792 1516 3849 regnum
1568 3779 1915 3850 praeveniret.
1974 3778 2218 3836 Docebat

612 3865 797 3933 ﬁdem,
830 3868 1152 3938 praeferebat
1178 3869 1458 3926 virtutem.
1479 3869 1687 3927 Invitus
1710 3869 1858 3927 misit
1880 3870 2022 3927 hunc
2045 3870 2214 3939 Nero,

612 3960 705 4030 qui
732 3959 833 4015 sibi
856 3960 1141 4017 auferebat
1168 3963 1480 4033 praesidium
1512 3981 1527 4018 :
1555 3963 1651 4020 sed
1679 3965 1996 4020 arctabatur
2018 3964 2217 4022 futuris

612 4053 881 4110 scelerum
927 4069 1150 4110 suorum
1202 4060 1417 4127 poenis,
1470 4067 1529 4112 ut
1576 4072 1637 4113 se
1668 4065 1818 4112 tanto
1864 4057 2216 4114 dissociatum

612 4144 877 4201 comitatu
927 4146 1120 4214 ducis,
1175 4148 1440 4205 inermem
1498 4148 1857 4220 relinqueret.
1908 4148 2215 4221 Numquam

613 4239 856 4311 profecto
890 4240 1060 4296 Galba
1094 4240 1371 4312 asplrandi
1405 4242 1476 4298 ad
1508 4240 1801 4314 imperium
1833 4242 2014 4298 studia
2056 4258 2217 4299 usur-

610 4343 816 4403 passet,
850 4334 954 4389 nisi
981 4333 1372 4405 Vespasianum
1400 4339 1682 4394 absentem
1694 4338 2078 4407 comperisset.
2107 4338 2214 4396 Sed

615 4427 927 4496 procuravit
966 4427 1070 4483 hoc
1101 4428 1276 4494 Deus,
1305 4440 1363 4484 ut
1392 4430 1444 4485 ln
1484 4429 1699 4502 Syriam
1739 4431 2071 4503 dirigeretur
2108 4432 2213 4500 vlr,

610 4522 703 4591 qui
723 4521 1106 4580 etJudaeorutn
1126 4523 1471 4580 insolentiam
1500 4539 1757 4596 supremo
1792 4526 1972 4597 gentis
1997 4526 2214 4584 excidio

2313 1911 2459 1968 Petri
2501 1920 2648 1969 esset
2693 1919 2950 1985 expertus
2989 1915 3288 1985 potentiam
3322 1932 3335 1969 :
3371 1924 3550 1971 tamen
3583 1918 3879 1988 praeveniens

2313 2006 2565 2072 Romam,
2597 2021 2765 2063 ausus
2806 2016 2890 2065 est
2902 2007 3132 2080 jactare,
3166 2009 3314 2080 quod
3346 2019 3591 2073 mortuos
3618 2013 3875 2067 resuscita-

2312 2110 2414 2157 ret.
2461 2099 2755 2158 Defunctus
2807 2110 2926 2157 erat
2968 2101 3019 2158 id
3065 2102 3328 2175 temporis
3353 2103 3541 2159 Romae
3591 2102 3869 2160 adolescens

2314 2193 2530 2262 nobilis,
2565 2194 2901 2267 propinquus
2932 2192 3200 2263 Caesaris,
3235 2211 3362 2252 cum
3395 2197 3761 2263 universorum
3794 2195 3873 2252 do-

2316 2287 2452 2343 lore.
2481 2287 2830 2343 Admonuere
2855 2287 3099 2359 plerique
3132 2289 3553 2360 experiendum,
3582 2298 3749 2346 utrum
3776 2304 3876 2361 pos-

2315 2389 2397 2436 set
2420 2380 2759 2435 resuscitari.
2787 2379 3195 2445 Celeberrimos
3224 2382 3275 2435 in
3295 2381 3384 2436 his
3412 2383 3663 2451 operibus
3678 2382 3875 2437 habeba-

2318 2483 2406 2529 tur
2436 2473 2659 2529 Petrus:
2693 2473 2788 2529 sed
2809 2474 2950 2544 apud
2979 2476 3216 2546 gentiles
3238 2476 3388 2531 nulla
3415 2474 3443 2514 ά
3476 2476 3603 2533 facti
3643 2477 3871 2548 ltujusmo-

2314 2566 2368 2621 di
2419 2565 2761 2621 deferebatur
2800 2566 2955 2623 ﬁdes.
2988 2566 3157 2623 Dolor
3186 2572 3373 2640 exegit
3402 2569 3694 2626 remedium
3725 2588 3737 2623 :
3777 2584 3872 2641 per-

2316 2669 2524 2715 rectum
2575 2667 2659 2714 est
2687 2658 2753 2715 ad
2784 2659 3025 2716 Petrum.
3080 2660 3277 2729 Fuere,
3303 2663 3395 2734 qui
3448 2664 3607 2719 etiam
3640 2664 3870 2721 Simonem

2314 2751 2704 2808 accersendum
2750 2763 3296 2826 putarent:uterque
3344 2754 3652 2811 adfuerunt.
3690 2754 3767 2811 Ait
3788 2755 3871 2810 Pe-

2317 2855 2432 2898 trus
2461 2860 2474 2898 :
2508 2844 2714 2899 Simoni
2747 2843 2837 2916 qui
2860 2859 2920 2900 se
2947 2846 3015 2900 de
3045 2861 3139 2901 sua
3157 2846 3394 2917 jactaret
3417 2847 3677 2918 potentia,
3698 2847 3870 2918 priores

2316 2951 2439 2992 sese
2471 2945 2651 3006 partes
2679 2935 2841 2992 dare:
2875 2946 2931 2992 ut
2954 2939 2998 2992 si
3031 2949 3530 3009 posset,mortuum
3544 2938 3868 2996 resuscitaret.

2318 3033 2373 3090 Si
2415 3032 2509 3088 ille
2538 3047 2649 3095 non
2675 3030 3047 3095 resuscitaret,
3076 3047 3136 3087 se
3167 3048 3273 3087 non
3308 3033 3618 3089 defuturum
3654 3040 3706 3086 ut
3742 3027 3870 3085 Chri-

2320 3137 2441 3199 ptus
2487 3144 2644 3197 opem
2681 3126 2847 3182 ferret
2891 3125 3170 3192 defuncto,
3219 3142 3332 3199 quo
3372 3137 3555 3199 posset
3609 3137 3866 3195 resurgere.

2321 3221 2546 3287 Simon,
2591 3221 2679 3288 qui
2714 3229 2928 3291 putaret
2971 3221 3112 3299 apud
3162 3223 3354 3278 urbem
3407 3221 3679 3294 gentilium
3728 3216 3866 3289 pluri-

2321 3332 2467 3370 mum
2514 3329 2641 3369 suas
2690 3315 2951 3369 valituras
2980 3324 3148 3382 artes,
3189 3315 3562 3371 conditionem
3594 3308 3865 3384 proposnit:

2321 3415 2379 3462 ut
2418 3408 2462 3462 si
2501 3406 2617 3477 ipse
2655 3408 3036 3462 resuscitasset
3081 3415 3383 3475 mortuum,
3417 3407 3603 3462 Petrus
3637 3403 3866 3458 occidere-

2322 3507 2442 3565 tur,
2497 3498 2587 3569 qui
2643 3513 2860 3554 ttAcNitu
2913 3513 3223 3553 parsurum
3257 3497 3386 3571 (sic
3426 3499 3564 3553 enim
3606 3493 3864 3566 appellaba-

2323 3597 2431 3664 tur)
2456 3593 2772 3648 lacessendo
2820 3592 3046 3663 injurias
3085 3595 3457 3663 irrogavisset;
3489 3594 3569 3649 sin
3610 3604 3724 3646 vero
3753 3600 3863 3657 priu-

2319 3686 2581 3741 valuisset
2604 3685 2799 3741 Petrus
2821 3686 2877 3740 in
2900 3685 3203 3753 Simonem,
3255 3687 3376 3756 pari
3430 3699 3627 3757 genere
3665 3677 3864 3735 vindica-

2320 3791 2496 3837 retur.
2528 3779 2810 3851 Acquievit
2859 3779 3086 3846 Petrus;
3120 3780 3350 3835 adorsus
3378 3790 3462 3835 est
3499 3778 3693 3842 Simon,
3717 3784 3864 3826 acces-

2318 3872 2389 3927 sit
2442 3871 2510 3926 ad
2562 3871 2818 3927 lectulum
2873 3870 3156 3927 defuncti:
3197 3871 3478 3927 incantare
3505 3880 3657 3940 atque
3680 3866 3865 3921 immur-

2320 3978 2537 4021 murare
2580 3964 2697 4020 dira
2747 3967 2988 4021 carmina
3044 3974 3102 4021 ut
3156 3966 3366 4036 coepit,
3422 3967 3567 4020 visus
3612 3967 3690 4018 est
3735 3960 3865 4026 caput

2318 4060 2540 4130 agitare,
2573 4061 2665 4131 qui
2703 4070 2949 4116 mortuus
2975 4072 3113 4116 erat.
3145 4057 3369 4116 Clamor
3397 4062 3581 4132 ingens
3605 4054 3861 4128 gentilium,

2319 4153 2462 4221 quod
2482 4154 2593 4222 jam
2623 4153 2851 4213 viveret.
2910 4152 3054 4223 quod
3078 4152 3393 4224 loqueretur
3418 4168 3537 4208 eum
3562 4150 3776 4208 Simone.
3802 4143 3864 4196 Ira

2318 4257 2372 4303 et
2403 4248 2700 4319 indignatio
2728 4249 2780 4302 in
2812 4247 3052 4314 Petrum,
3081 4246 3225 4317 quod
3254 4261 3423 4303 ausus
3470 4256 3611 4303 esset
3658 4240 3864 4297 conferre

2319 4355 2441 4396 sese
2464 4349 2628 4395 tanta;
2657 4339 2935 4411 potestati.
2964 4339 3199 4396 Sanctus
3248 4339 3544 4410 Apostolus
3571 4331 3784 4408 peposcit
3804 4327 3864 4381 si-

2320 4434 2646 4501 lentium,et
2670 4434 2852 4488 dixit:
2904 4433 2963 4489 Si
3022 4434 3156 4488 vivit
3192 4432 3504 4499 defunctus,
3544 4431 3767 4500 loquatur
3793 4439 3803 4475 :
3828 4417 3863 4472 si

2318 4526 2673 4581 resuscitatus
2727 4535 2834 4593 est,
2863 4534 3069 4597 surgat,
3100 4527 3362 4593 ambulet,
3389 4525 3686 4581 fabuletur:
3728 4514 3866 4587 phan-

612 4618 1052 4689 captivitatisqne
1096 4617 1365 4674 dedecore
1414 4617 1798 4687 labefactaret,
1847 4628 1902 4676 et
1938 4620 2209 4678 Neronem
2242 4602 2298 4664 D
2324 4628 2493 4673 tasma
2521 4618 2650 4674 illud
2680 4634 2823 4687 esse,
2850 4634 2955 4674 non
2983 4620 3290 4683 veritatem,
3310 4619 3453 4691 quod
3483 4616 3712 4672 videatur
3734 4609 3863 4677 cui)!ll

610 4711 814 4767 auxilio
842 4711 1162 4768 deStitueret
1187 4730 1200 4766 :
1231 4712 1358 4768 licet
1384 4713 1582 4768 nullius
1612 4715 1781 4770 virtus
1800 4717 2018 4770 statutis
2042 4716 2209 4772 aﬁ‘er-

612 4818 673 4859 re
692 4804 857 4873 possit
874 4805 1188 4861 coelestibus
1213 4805 1680 4876 impedimentum.
1717 4805 1953 4873 Demens
1973 4806 2001 4847 ι)
2026 4818 2211 4867 tamen

612 4897 757 4954 Nero
782 4913 907 4953 cum
934 4897 1243 4955 Judzeorum
1276 4899 1418 4955 bello
1447 4899 1702 4957 afﬂictam
1735 4901 1966 4957 Romani
1997 4905 2212 4960 exerci-

611 4999 700 5048 tus
724 4990 956 5046 validam
990 5006 1208 5046 manum
1239 4992 1633 5071 cognovisset,
1663 4992 1922 5049 adversus
1946 4994 2209 5063 Christia-

609 5099 711 5141 nos
738 5084 1059 5150 insurrexit,
1089 5092 1151 5139 ut
1174 5084 1224 5140 ei
1251 5083 1471 5142 debitus
1503 5086 1625 5140 linis
1654 5088 2134 5159 appropinquaret.

682 5254 709 5282 ι
751 5242 899 5295 lianc
922 5251 1110 5293 vocem
1142 5251 1250 5308 pon
1277 5235 1440 5292 habet
1467 5252 1570 5292 ms.
1601 5237 1679 5293 In.

680 5315 710 5354 δ
752 5313 876 5369 Haec
915 5320 969 5366 et
996 5310 1278 5383 sequentia
1320 5309 1587 5383 pluribus“
1617 5309 1869 5383 edissegit
1897 5310 2210 5383 Masaehius

607 5409 662 5448 v.
688 5404 737 5443 c.
771 5388 824 5440 in
847 5389 1141 5508 ctém‘ment.
1162 5381 1227 5434 ad
1254 5396 1499 5436 marmor.
1534 5380 1762 5453 Neapol.
1783 5380 2076 5442 Kalendar.
2094 5380 2205 5444 vol.

609 5463 698 5508 lll_
733 5471 850 5508 nae.
922 5454 954 5508 5
1001 5491 1014 5505 .

608 5463 701 5531 lll,
733 5454 1014 5531 pag.__sst_.

680 5471 1104 5586 ἒῑξὲέίιξθῦιιᾛιιηι
1163 5523 1633 5598 auersum‘squod
1694 5535 1749 5580 et
1798 5525 2101 5598 elegantius
2151 5540 2207 5587 et

607 5597 1229 5677 magishmbrosienuum
1258 5605 1364 5677 est:
1390 5595 1534 5661 atth
1561 5595 1940 5677 tamen-mina.
1971 5604 2207 5677 mm!”

604 5666 727 5751 9ωῇ
770 5672 996 5751 Αιιειξδεῄ
1023 5666 1397 5751 adversantia.
1443 5681 1542 5733 suo
1573 5668 1850 5751 gyoaippi
1904 5674 2206 5751 exemplari

608 5738 801 5819 legisse
826 5738 1182 5819 videaturhut
1227 5741 1319 5819 qui
1351 5738 1529 5819 in__sua
1570 5738 1812 5819 Historia
1860 5756 1980 5815 cap.
2003 5738 2083 5819 _l6
2127 5750 2207 5819 sic

608 5805 977 5876 lnTmtttaverlt
1006 5828 1018 5866 :
1071 5805 1215 5864 Nero
1244 5805 1357 5880 ’ρει-
1382 5808 1598 5884 Magum
1641 5811 1907 5883 Simonem
1928 5805 2208 5872 adversari

2319 4715 2575 4771 movisse.
2603 4712 2843 4783 Denique
2863 4722 3166 4782 separetur,
3200 4712 3398 4783 inquit,
3428 4710 3609 4767 Simon
3629 4723 3655 4760 a
3677 4700 3861 4761 lectulo;

2319 4813 2376 4861 et
2403 4815 2531 4861 tunc
2569 4821 2636 4861 ne
2673 4805 2725 4860 id
2754 4805 2974 4876 quidem
3019 4806 3262 4865 ostentui
3305 4806 3561 4864 futurum.
3606 4793 3862 4858 Abducitur

2320 4901 2507 4959 Simon
2534 4917 2564 4957 a
2591 4902 2827 4959 lectulo:
2861 4913 3046 4958 manet
3072 4905 3191 4958 sine
3239 4905 3424 4973 specie
3454 4911 3624 4961 motus
3648 4893 3857 4961 alicujus.

2318 4996 2409 5079 qui
2435 5005 2679 5063 mortuus
2706 5006 2844 5052 erat.
2875 4994 3062 5059 Astitit
3088 4995 3281 5057 Petrus
3322 4997 3548 5067 longius,
3579 5002 3629 5053 et
3671 4990 3792 5079 intra
3814 4991 3861 5079 Su

2320 5076 2599 5161 paulisper
2624 5089 2860 5145 orationi
2892 5090 3154 5157 intentus,
3186 5106 3308 5146 cum
3347 5103 3533 5159 magna
3566 5097 3686 5140 voco
3712 5077 3811 5133 ait:
3839 5076 3859 5109 θ

2315 5242 2876 5315 ιωρὶιίΑυοειοιὶεεῐιδ.
2912 5241 2950 5295 ι.
2978 5258 3027 5296 c.
3058 5259 3179 5315 pag.
3210 5243 3370 5313 855.:

2385 5305 2411 5354 δ
2453 5314 2591 5383 Puto
2635 5314 2907 5383 excidisse
2952 5328 3021 5370 ex
3058 5305 3177 5369 'hdc
3240 5305 3502 5372 vocabulo
3540 5308 3766 5383 sibilum,
3816 5305 3860 5383 ςῑ

2313 5379 2518 5451 PAC'I'IS,
2547 5379 2654 5441 non
2701 5379 2827 5457 facti
2869 5389 2938 5440 ab
2992 5387 3283 5443 Ambrosio
3327 5391 3591 5457 scriptum
3629 5379 3858 5457 fuisset-15

2310 5462 2462 5523 auito
2483 5444 2787 5530 casuscum
2806 5472 2869 5512 ea
2886 5458 3159 5530 locutione
3184 5444 3452 5530 jungitur:
3470 5458 3555 5530 In.
3574 5453 3608 5530 ζ.
3635 5468 3680 5504 c.
3697 5444 3853 5530 355?:

2385 5541 2408 5570 ο
2450 5528 2703 5585 Formula
2736 5539 2821 5583 est
2851 5529 3070 5601 eadi-_m,
3092 5521 3257 5601 atque
3285 5521 3375 5585 illa
3412 5526 3683 5601 quaidem
3696 5521 3854 5601 Petrus

2313 5602 2486 5659 utitur
2514 5601 2630 5656 Act.
2664 5616 2748 5665 ιι,
2781 5602 2850 5656 54
2884 5619 2897 5655 :
2932 5592 3130 5665 Enen,
3168 5592 3323 5657 sanat
3354 5592 3534 5673 (ἰᾶὶαι)
3564 5610 3608 5651 te
3641 5592 3855 5673 Domina:

2308 5676 2464 5741 ηεαδ
2491 5673 2729 5746 Christus
2752 5687 2775 5746 _:
2804 5688 2961 5745 surge
2988 5682 3036 5735 et
3065 5683 3236 5733 sterne
3266 5666 3379 5730 tibi.
3410 5676 3486 5730 his
3508 5666 3607 5738 ultu
3634 5666 3851 5746 Αςίίῖζίξφ

2312 5688 2464 5741 Iesus
2491 5688 2729 5798 ωιτηιαῖ
2756 5688 2775 5728 :
2804 5688 2961 5745 surge
2988 5688 3036 5735 et
3065 5688 3236 5733 sterne
3266 5688 3379 5730 ιιιη.
3410 5688 3486 5730 ω
3508 5688 3607 5738 quo
3634 5688 3851 5746 ηριηηωι

2312 5748 2431 5802 loco
2462 5744 2678 5820 videtur
2716 5743 2801 5820 Atic
2830 5758 3047 5820 quoque
3077 5745 3403 5820 ΑιιιιηοδὶιιβΔ
3427 5748 3569 5800 sanat
3592 5739 3851 5820 gorilfﬁléffg

2311 5831 2422 5873 non
2453 5814 2801 5888 deprecativo
2834 5807 2997 5871 modo
3020 5826 3184 5877 sanet.
3214 5817 3452 5881 Accedit,
3482 5807 3615 5886 quod
3650 5807 3741 5877 pisi
3762 5807 3851 5887 iam
