4112 6350
562 349 666 404 207
682 349 698 403 l

1907 352 2155 410 SANCTI
2192 353 2513 410 AMBROSII
3718 357 3842 414 2073

565 465 740 520 buunt
783 463 924 532 loca,
971 464 1167 534 quibus
1217 461 1450 534 quisque
1490 472 1770 534 praeesset,
1823 479 1942 536 qua:
1987 465 2168 520 munia
2197 468 2246 528 Α
2273 465 2414 522 bella
2459 465 2712 523 mercede
2766 473 3064 522 tractarent
3108 461 3176 519 ad
3203 472 3436 534 quatuor
3482 462 3648 519 millia
3694 465 3838 535 viros,

567 555 791 628 singuli,
824 570 960 626 quos
985 554 1228 621 ordines,
1261 555 1388 625 quid
1437 557 1677 612 muneris
1698 567 2166 629 exsequerentur:

565 649 863 720 Josephum
893 657 920 686 ι
948 646 1181 704 Culione
1208 648 1474 720 genitum,
1504 658 1558 705 et
1581 649 1829 705 Ananum
1869 652 2169 723 principem

568 744 934 809 sacerdotum,
967 742 1477 814 Hierosolymitana:
1505 745 1654 798 urbis
1674 744 1926 814 negotiis,
1951 753 2007 799 et
2035 756 2173 815 prae-

567 839 727 911 cipue
758 837 1124 893 instaurandis
1173 837 1340 892 muris
1369 837 1691 908 praeﬁciunt.
1748 837 1989 896 Ardebat
2013 841 2172 896 Elea-

567 947 728 988 zarus
757 931 994 988 Simonis
1014 930 1214 1002 aliquid
1243 930 1346 986 sibi
1387 931 1726 1002 publicorum
1753 933 2020 988 committi
2052 949 2168 988 mu-

570 1041 781 1081 nerum.
810 1025 878 1080 Et
907 1025 1035 1081 licet
1055 1039 1272 1080 omnem
1303 1023 1574 1096 praedam,
1616 1041 1777 1096 quam
1830 1025 1898 1081 de
1923 1025 2171 1081 Romano

565 1121 809 1176 exercitu
837 1130 1116 1192 ceperant,
1144 1119 1246 1176 sub
1273 1127 1600 1194 potestatem
1644 1135 1796 1176 suam
1846 1119 2170 1191 redegisset,

565 1213 733 1269 ditem
759 1215 1064 1285 praesertim
1092 1224 1255 1285 atque
1281 1214 1517 1287 Opimam
1543 1213 1768 1268 avaritia
1794 1212 1980 1272 Cestii.
2010 1222 2172 1285 atque

566 1308 872 1365 immodicis
894 1309 1096 1380 rapinis
1127 1321 1505 1366 coacervatam
1536 1328 1548 1363 :
1575 1318 1759 1365 tamen
1781 1309 2035 1380 parandae
2057 1323 2171 1364 ma-

563 1403 647 1472 gis
675 1403 779 1459 sibi
803 1404 1057 1473 potentiae
1089 1403 1381 1470 intentum,
1405 1417 1569 1474 quam
1591 1403 1865 1458 communi
1900 1402 2022 1458 usui
2050 1418 2173 1473 pro-

561 1511 693 1550 num
725 1495 1003 1562 arbitrati,
1034 1495 1418 1551 declinandum
1447 1497 1811 1551 :estimavere.
1848 1495 1956 1551 Sed
1985 1496 2173 1566 paula-

563 1589 660 1644 tim
694 1588 985 1644 ambiendo
1006 1589 1272 1660 singulos,
1301 1587 1485 1644 dando
1505 1598 1561 1644 et
1583 1588 1859 1659 largiendo
1881 1587 2081 1653 effecit,
2117 1598 2174 1644 ut

562 1699 749 1739 rerum
778 1684 1020 1739 omnium
1065 1698 1274 1738 summa
1303 1683 1421 1753 ejus
1451 1682 1679 1738 arbitrio
1708 1683 2167 1738 committeretur.

562 1778 854 1834 ldumaeam
914 1791 1130 1849 quoque
1182 1776 1340 1833 Jesus
1385 1790 1523 1831 unus
1567 1775 1635 1831 dc
1683 1775 2061 1830 sacerdotibus
2118 1783 2174 1830 et

2278 568 2572 616 sexcentos
2632 575 2849 631 quoque
2905 558 3111 615 electos
3155 556 3406 612 custodes
3463 554 3547 612 sui
3601 559 3838 628 corporis,

2275 664 2422 708 tanta
2448 669 2476 708 a
2504 653 2705 710 Judaeis
2753 654 2974 723 pertulit
3017 661 3077 708 ut
3116 651 3237 722 plus
3275 659 3401 706 ante
3445 649 3640 705 bellum
3666 666 3692 704 a
3723 652 3839 719 suis,

2271 765 2431 820 quam
2462 748 2516 803 in
2540 749 2656 819 ipso
2683 748 2827 804 bello
2851 764 2879 802 a
2914 745 3172 801 Romanis
3203 744 3442 816 pericula
3488 743 3842 816 perhorresce-

2273 851 2377 898 rct.
2411 841 2615 897 Omitto
2637 841 2765 910 quid
2815 837 3097 896 seditionis
3125 836 3414 894 excitatum
3442 855 3457 892 :
3488 838 3608 907 quia
3644 836 3838 892 latroci-

2273 937 2365 992 nio
2394 947 2578 1006 erepta
2598 935 2828 991 reddere
2853 933 3044 1003 bisqui
3069 933 3384 998 amiserant,
3424 930 3839 1002 suspeetabatur:

2273 1047 2337 1086 ac
2359 1031 2594 1086 maxime
2626 1030 2875 1100 Agrippa:
2901 1038 2957 1084 et
2986 1027 3287 1092 Bereniceo,
3315 1027 3511 1098 quibus
3539 1026 3844 1082 redhibeuda

2269 1124 2416 1195 jusle
2449 1123 2647 1188 forent,
2671 1139 2738 1178 ne
2760 1137 2941 1192 regem
2964 1121 3206 1177 facerent
3231 1119 3584 1176 infestiorem.
3607 1119 3843 1176 Ettamen

2274 1214 2392 1282 ille,
2421 1230 2527 1286 quo
2547 1214 2735 1286 populi
2752 1214 2990 1270 molliret
3009 1213 3380 1285 impetum,ad
3413 1213 3844 1268 constructionem

2276 1308 2454 1379 potius
2485 1323 2789 1376 murorum,
2813 1322 2973 1378 quam
3000 1306 3066 1362 ad
3093 1306 3440 1363 dominorum
3468 1307 3842 1363 indemnitatem

2273 1413 2544 1461 servatam
2603 1404 2923 1474 pecuniam:
2980 1405 3304 1474 omniaque,
3357 1401 3454 1458 ille
3495 1401 3698 1471 aiebat,
3743 1417 3844 1472 qua

2274 1509 2460 1570 erepta
2490 1498 2785 1554 Ptolemaeo
2831 1497 3032 1564 forent,
3071 1497 3162 1569 qui
3187 1497 3394 1567 regium
3426 1510 3639 1562 aurum,
3667 1503 3842 1561 vestes,

2273 1600 2578 1663 cmteraque
2642 1607 2866 1647 munera
2920 1591 3249 1662 portavisset
3279 1630 3295 1658 ,
3350 1589 3626 1645 aestimare
3669 1587 3844 1643 debere

2274 1684 2661 1741 Taricheatas:
2695 1685 2837 1756 apud
2877 1699 2972 1740 eos
3021 1685 3166 1740 enim
3215 1699 3302 1739 res
3340 1683 3663 1754 gerebatur,
3691 1690 3842 1736 utrum

2275 1777 2327 1833 id
2355 1777 2731 1834 instaurationi
2780 1793 3002 1834 suorum
3031 1793 3310 1833 murorutn
3367 1776 3685 1832 servandum
3714 1785 3844 1846 puta-

569 1872 862 1928 Eleazarus
907 1871 1213 1928 sacerdotis
1266 1871 1407 1927 ﬁlius
1447 1870 1659 1925 militiae
1689 1870 1988 1941 praepositi,
2014 1879 2172 1925 tuen-
2200 1873 2249 1933 B
2276 1881 2422 1938 rent,
2448 1888 2515 1927 an
2548 1871 2911 1942 diripiendum
2947 1871 3246 1927 latronibus
3275 1871 3703 1940 depromeretur.
3725 1867 3844 1922 Indi-

565 1964 691 2021 dam
739 1975 1082 2035 receperunt.
1114 1963 1355 2034 Principi
1383 1972 1562 2020 tamen
1593 1963 1762 2018 totius
1785 1962 2036 2018 Idumaeas
2079 1960 2174 2017 Ni-

565 2073 664 2130 gro
693 2059 762 2115 de
789 2059 1016 2114 summis
1063 2057 1223 2113 rebus
1253 2056 1664 2127 praerogativam
1718 2070 1936 2111 omnem
1985 2069 2172 2110 reser-

565 2160 756 2207 vantes
777 2193 792 2219 ,
825 2149 1065 2222 Josepho
1085 2149 1326 2207 Simonis
1355 2147 1612 2204 Hiericho
1662 2148 1903 2214 obvenit,
1928 2145 2174 2202 Manasse

568 2246 596 2285 b
621 2247 829 2303 Petrtea
855 2247 1008 2318 regio
1041 2247 1368 2311 commissa,
1398 2253 1548 2300 trans
1577 2242 1907 2313 Euphratem
1939 2241 2063 2307 sita;
2088 2243 2172 2296 cui

566 2340 636 2396 ab
689 2354 757 2395 co
790 2337 901 2394 indi
932 2353 1158 2404 nomen,
1198 2336 1344 2408 quod
1375 2335 1678 2406 Euphrates
1719 2333 1787 2390 ad
1814 2349 1932 2390 eam
1964 2342 2173 2405 partem

566 2431 920 2503 pergentibus
974 2430 1380 2487 transmittitur.
1435 2428 1676 2484 Joannes
1725 2428 1976 2493 Esszeus,
2033 2427 2174 2482 alius

564 2541 781 2598 quoque
824 2517 1063 2584 Joannes
1106 2526 1330 2581 Ananiae
1381 2524 1560 2592 ﬁlius,
1604 2525 1899 2595 caeterique
1929 2523 2174 2582 adversis

566 2619 813 2674 attributi
855 2618 1130 2690 partibus,
1165 2632 1301 2688 quas
1330 2632 1426 2673 sua
1479 2626 1760 2672 tuerentur
1781 2616 2169 2673 sollicitudine.

562 2710 750 2783 Itaque
795 2710 995 2782 singuli
1032 2710 1324 2781 commissa
1353 2710 1456 2766 sibi
1511 2710 1695 2765 munia
1744 2725 1852 2765 non
1893 2710 2170 2778 deserere,

561 2807 840 2862 instruere
871 2820 1080 2872 muros,
1111 2820 1331 2860 manum
1358 2804 1543 2875 legere
1574 2804 1912 2860 bellatoriam
1933 2821 2030 2861 :ex
2053 2807 2174 2875 qui-

567 2897 669 2955 bus
710 2897 980 2970 Josephus
1018 2897 1072 2953 in
1103 2897 1384 2956 Galilaeam
1415 2897 1785 2965 descendens,
1819 2899 2034 2954 munire
2081 2913 2172 2954 ca—

568 2993 752 3060 stella,
769 2994 1073 3048 instaurare
1097 2993 1521 3064 propugnacula,
1538 2991 1902 3048 validissimos
1927 3007 2173 3064 quosque

569 3097 627 3142 et
659 3085 804 3142 bello
825 3085 1267 3156 promptissimos
1298 3084 1607 3141 adsciscere
1627 3085 1732 3142 sibi
1758 3087 1988 3157 impigre
2017 3101 2172 3142 cura-

564 3180 703 3235 bat:
748 3178 1044 3249 prohibere
1100 3177 1408 3246 latrocinia,
1455 3177 1795 3248 praetendere
1840 3177 2085 3248 quotidie
2115 3177 2169 3233 in

2279 1982 2444 2037 gnum
2462 1975 2611 2022 certe
2632 1966 2824 2029 videri,
2855 1975 2913 2021 ut
2942 1980 3008 2020 eo
3038 1980 3248 2036 pcenam
3273 1965 3575 2035 exciperet,
3604 1962 3717 2033 quia
3737 1975 3844 2016 me-

2280 2061 2385 2116 lius
2429 2059 2811 2116 consuluisset.
2856 2058 3039 2129 ltaque
3066 2072 3368 2114 conversus
3406 2057 3515 2112 illis
3545 2057 3596 2111 in
3638 2055 3712 2110 sui
3743 2063 3844 2125 gra-

2279 2156 2409 2210 tiam
2467 2154 2725 2211 invidiam
2782 2153 2943 2209 simul
2984 2163 3039 2209 et
3086 2153 3388 2224 periculum
3439 2151 3629 2208 evasit.
3675 2148 3842 2204 lterum

2278 2265 2402 2304 eum
2433 2249 2664 2320 gratiam
2696 2247 2840 2318 regis
2880 2246 3132 2318 Agrippa:
3173 2244 3426 2302 Tiberias
3455 2244 3842 2311 societatemque

2277 2342 2631 2414 deposceret,
2682 2342 2988 2413 proripiens
3031 2355 3090 2396 se
3133 2339 3408 2412 Josephus
3460 2339 3529 2396 de
3580 2344 3840 2393 memorata

2277 2437 2437 2504 urbe,
2464 2435 2915 2491 Taricheatarum
2958 2434 3155 2490 clausit
3183 2441 3390 2504 portas,
3423 2449 3491 2489 ne
3517 2432 3634 2504 quis
3657 2429 3841 2486 nuntius

2276 2529 2347 2585 ad
2376 2529 2568 2585 urbem
2597 2528 2940 2584 Tiberiadem
2985 2536 3255 2598 pergeret,
3312 2536 3371 2581 et
3419 2525 3610 2581 deesse
3638 2520 3837 2592 Josepho

2277 2624 2478 2679 auxilia
2528 2622 2785 2678 militaria
2816 2621 3171 2692 signiﬁcaret.
3197 2620 3319 2692 Ipse
3357 2630 3540 2677 autem
3585 2632 3840 2689 congrega-

2278 2718 2354 2772 vit
2375 2717 2443 2772 de
2475 2716 2596 2771 lacu
2625 2715 2840 2787 navigia
2871 2715 3161 2786 piscatoria
3193 2730 3318 2785 qua:
3346 2716 3398 2770 in
3424 2723 3663 2784 tempore
3695 2711 3838 2782 potuit

2278 2809 2604 2882 investigare
2627 2818 2663 2876 ,'
2683 2819 2739 2864 et
2766 2807 3113 2864 Tiberiadem
3145 2807 3391 2874 remigiis
3431 2807 3602 2879 petiit.
3642 2803 3736 2862 Sed
3765 2801 3836 2858 ubi

2278 2903 2345 2959 ad
2392 2918 2518 2960 eum
2561 2903 2742 2958 locum
2780 2901 2950 2968 venit,
2995 2901 3048 2956 in
3100 2917 3206 2972 quo
3235 2901 3531 2971 conspicua
3554 2898 3750 2971 quidem
3793 2895 3834 2948 in

2276 2999 2412 3054 urbe
2460 2997 2653 3069 positis
2703 2996 2841 3052 foret
2883 2995 3095 3068 species
3126 2994 3494 3066 navigiorum,
3540 2987 3834 3064 deprehendi

2277 3101 2456 3150 tamen
2505 3093 2752 3164 nequiret
2800 3097 2982 3146 utrum
3024 3099 3212 3145 essent
3239 3104 3411 3144 vacua
3467 3088 3831 3160 prmliatorum:

2270 3184 2433 3255 jussit
2456 3200 2519 3240 ea
2549 3182 2790 3254 dispergi
2817 3197 2912 3253 per
2936 3191 3104 3237 totum
3128 3181 3364 3252 spatium
3400 3181 3572 3248 lacus,
3601 3188 3654 3234 ut
3690 3175 3834 3246 major

561 3274 775 3341 castris,
821 3272 1049 3328 militem
1090 3271 1351 3327 Romanae
1384 3271 1590 3327 militiae
1634 3287 1786 3327 more
1834 3272 2163 3340 exercitare,
2195 3274 2242 3340 C
2273 3291 2536 3332 numerus
2577 3276 2986 3334 mstimaretur:
3025 3289 3094 3330 ne
3139 3273 3428 3345 quisquam
3475 3289 3634 3330 vacua
3661 3271 3830 3343 potius,

567 3366 813 3421 dividere
835 3407 851 3432 ,
896 3365 1118 3421 ordines
1147 3365 1497 3433 distribuere,
1527 3365 1877 3421 centuriones
1905 3365 2167 3436 plurimos

566 3458 871 3529 prteﬁcere,
899 3470 1006 3526 quo
1048 3455 1259 3513 facilius
1285 3457 1570 3526 disciplina
1598 3457 1666 3510 ab
1703 3457 1958 3512 omnibus
1984 3458 2167 3526 exige-

563 3562 746 3607 retur:
795 3563 862 3605 ne
887 3549 1172 3620 quisquam
1200 3549 1414 3616 lateret,
1447 3549 1772 3620 quicumque
1799 3549 2016 3620 pr0pria
2047 3566 2167 3605 mu-

564 3644 655 3700 nia
708 3642 1107 3713 dereliquisset.
1139 3641 1458 3697 lustituebat
1501 3643 1688 3710 etiam,
1719 3653 1779 3697 ut
1807 3653 2166 3714 agnoscerent

561 3735 931 3793 institutiones
979 3735 1229 3790 tubarum
1269 3742 1325 3791 et
1353 3736 1733 3806 repressioues
1755 3776 1771 3805 ,
1803 3747 2164 3806 sequerentur

559 3833 838 3898 ordinem,
869 3832 1041 3886 aciem
1092 3829 1419 3902 dirigerent,
1448 3831 1674 3904 clypeos
1727 3833 2070 3897 iutexerent,
2106 3840 2165 3887 ut

559 3925 756 3982 murali
813 3923 952 3991 vice,
986 3924 1030 3979 si
1057 3922 1197 3980 forte
1236 3938 1432 3993 magna
1463 3923 1699 3980 hostium
1733 3925 1816 3979 vis
1858 3923 2159 3995 ingrueret,

558 4040 682 4082 sese
732 4022 1020 4079 adversum
1061 4019 1404 4076 incursantes
1447 4019 1822 4087 defcnsarent,
1867 4019 2162 4075 subvenire

555 4115 950 4179 laborantibus,
1003 4113 1160 4170 fessis
1188 4115 1445 4184 compati,
1491 4113 1731 4184 pericula
1760 4113 1991 4169 aliorum
2018 4115 2068 4168 in
2102 4128 2160 4169 se

557 4209 940 4266 transfundere
969 4225 984 4263 :
1010 4221 1112 4262 nec
1140 4207 1315 4263 solum
1345 4206 1471 4263 belli
1502 4215 1650 4262 artes
1676 4207 1742 4262 ad
1762 4208 1933 4263 instar
1961 4207 2159 4263 Roma-

555 4321 640 4360 na:
662 4305 861 4361 docere
904 4304 1134 4372 militiae,
1169 4302 1265 4359 sed
1305 4305 1469 4359 etiam
1497 4311 1626 4358 ante
1656 4302 1882 4370 bellum,
1915 4304 2006 4374 qui
2044 4320 2159 4359 am-

553 4402 698 4473 plius
726 4401 994 4458 bellantes
1030 4401 1284 4470 juvarent
1308 4387 1665 4466 denuntiare,
1703 4407 1765 4452 ut
1796 4399 1954 4454 miles
1974 4397 2154 4454 cibum

551 4496 656 4552 sibi
687 4504 741 4550 et
767 4510 916 4550 arma
947 4503 1222 4565 portaret,
1255 4493 1398 4548 vallo
1424 4502 1480 4548 et
1521 4492 1664 4548 fossa
1716 4507 1838 4549 sese
1894 4496 2154 4563 muniret,

547 4588 851 4660 castrisque
873 4587 1141 4659 ponendis
1170 4585 1496 4658 praeveniret
1525 4585 1770 4652 hostem,
1807 4585 2152 4657 obtempera-

2271 3385 2430 3440 quam
2482 3368 2683 3425 referta
2734 3368 3088 3424 bellatoribus
3133 3367 3454 3424 aestimaret.
3500 3367 3613 3437 Quo
3665 3361 3830 3426 territi,

2266 3463 2412 3536 quod
2468 3463 2730 3518 adversus
2783 3468 2984 3515 tantam
3029 3460 3437 3518 multitudinem
3471 3463 3699 3516 infirmos
3726 3468 3826 3511 sese

2268 3562 2695 3625 arbitrarentur,
2729 3557 3077 3630 projeceruut
3123 3571 3296 3625 arma,
3330 3559 3608 3629 portisque
3649 3565 3822 3610 resera-

2269 3656 2357 3721 tis,
2384 3653 2687 3710 eﬁ‘uderuut
2707 3668 2768 3708 se
2793 3652 3064 3723 supplices
3091 3649 3358 3722 Joscpho,
3407 3652 3500 3724 qui
3543 3649 3694 3707 veluti
3731 3645 3821 3700 dux

2268 3747 2498 3819 agminis
2519 3746 2769 3802 militaris
2793 3745 3012 3817 propius
3047 3756 3379 3800 accesserat.
3411 3745 3712 3814 Quaesitum,
3738 3751 3820 3807 (tua

2268 3842 2485 3898 tandem
2513 3840 2731 3897 vesania
2763 3839 3150 3895 discessionem
3179 3840 3703 3898 auimisinduissent,
3723 3832 3824 3904 qui-

2267 3933 2366 3989 bus
2395 3932 2710 3988 auctoribus
2733 3931 2949 4002 impulsi
2978 3946 3098 3986 sese
3116 3931 3449 3988 adversariis
3487 3928 3716 3988 tradituri
3761 3925 3825 3979 fo-

2264 4037 2387 4080 rent
2413 4034 2513 4092 ;vet
2555 4023 2715 4078 simul
2750 4031 3102 4079 occurrentes
3131 4022 3235 4077 sibi
3277 4022 3511 4094 jubebat
3538 4022 3827 4094 gubernato-

2265 4118 2413 4173 ribus
2465 4126 2523 4173 ut
2564 4115 2858 4173 Taricheas
2900 4115 3273 4185 deducerent,
3336 4127 3499 4187 atque
3547 4116 3650 4170 illic
3687 4123 3706 4151 ο
3742 4121 3827 4164 tre-

2262 4220 2453 4266 centos
2482 4211 2654 4266 ferme
2689 4210 2943 4274 curiales,
2977 4209 3268 4280 plerosque
3301 4210 3354 4264 in
3383 4209 3595 4265 vincula
3646 4207 3706 4262 de
3730 4204 3822 4276 ple-

2263 4304 2329 4360 be
2361 4304 2520 4375 rapit.
2573 4303 2789 4376 Clytum
2836 4319 3051 4375 quoque
3080 4303 3198 4374 ejus
3237 4302 3498 4359 facinoris
3535 4300 3820 4358 accersitum

2260 4399 2580 4470 principem,
2629 4397 2876 4453 manibus
2921 4396 3215 4468 amputatis
3243 4411 3434 4467 pcenas
3480 4397 3626 4452 luere
3662 4392 3821 4465 jubet;

2259 4503 2419 4562 atque
2451 4491 2546 4547 illo
2569 4501 2812 4562 rogante,
2845 4501 2904 4546 ut
2927 4505 3037 4546 una
3082 4491 3272 4546 saltem
3302 4491 3405 4547 sibi
3455 4505 3640 4546 manus
3685 4487 3822 4542 relin-

2257 4595 2540 4658 queretur,
2574 4587 2834 4657 praecepit
2871 4584 3160 4656 Josephus,
3191 4595 3250 4640 ut
3280 4585 3398 4658 ipse
3433 4584 3537 4641 sibi
3560 4597 3708 4655 quam
3729 4575 3821 4632 vel-

547 4692 632 4738 ret
656 4684 967 4755 praeceptis,
997 4681 1143 4738 furto
1167 4697 1232 4738 ac
1253 4683 1460 4752 rapinis
1477 4682 1756 4738 abstinere
1784 4692 2148 4749 assuesceret,
2180 4679 2230 4739 D
2258 4681 2358 4745 let,
2395 4681 2658 4736 demeret.
2710 4678 2848 4735 Tum
2897 4678 2989 4734 ille
3021 4678 3289 4749 arripiens
3343 4679 3533 4735 dextra
3580 4673 3818 4747 gladium,

544 4774 755 4830 lucrum
783 4775 1062 4846 preprium
1094 4784 1335 4848 putaret,
1359 4776 1403 4832 si
1428 4775 1561 4830 nihil
1585 4775 1854 4846 dispendii
1879 4775 2154 4832 ruralibus

545 4872 847 4928 cultoribus
870 4871 1224 4942 irrogaretur.
1256 4871 1395 4940 Quid
1419 4872 1566 4926 enim
1587 4870 1752 4928 distet
1777 4871 1846 4927 ab
1881 4871 2151 4938 hostibus,

544 4963 595 5019 si
619 4963 733 5034 ipse
759 4964 944 5020 hostili
975 4965 1139 5020 modo
1170 4963 1425 5020 auferat?
1451 4963 1555 5018 nisi
1603 4966 1748 5034 quod
1795 4963 2014 5034 gravius
2043 4975 2150 5031 est,

541 5071 640 5113 sua
664 5073 825 5128 quam
854 5057 1034 5114 aliena
1064 5058 1363 5124 incessere,
1393 5066 1448 5113 et
1467 5057 1676 5124 socios,
1710 5071 1870 5127 quam
1896 5056 2148 5112 adversa-

543 5152 656 5208 rios
683 5154 941 5224 spoliare.
966 5153 1265 5208 Plurimum
1298 5151 1482 5208 valere
1529 5153 1582 5206 in
1608 5151 1754 5206 bello
1783 5151 1981 5206 bonam
2013 5167 2142 5206 con-

538 5247 824 5303 scientiam
847 5288 862 5313 ,
890 5262 958 5302 eo
987 5245 1131 5317 quod
1157 5246 1391 5316 amplius
1416 5244 1486 5300 de
1507 5244 1690 5299 divino
1716 5244 1916 5298 auxilio
1939 5259 2145 5314 praesu-

539 5349 739 5405 meret,
786 5341 968 5411 quise
1019 5339 1151 5394 nulli
1179 5338 1396 5393 affinem
1428 5338 1642 5393 crimini
1699 5347 2138 5409 recognosceret.

539 5431 649 5488 Sed
691 5433 775 5488 his
815 5433 980 5488 rebus
1025 5433 1186 5487 citius
1231 5431 1330 5487 sibi
1376 5431 1518 5500 apud
1568 5431 1853 5500 improbos
1884 5441 2142 5504 expertus

537 5536 623 5582 est
661 5526 913 5581 nocuisse
940 5523 1234 5591 invidiam,
1278 5539 1437 5595 quam
1475 5523 1616 5594 apud
1647 5525 1816 5580 bonos
1867 5525 2138 5596 profuisse

534 5619 786 5688 gratiam.
840 5618 976 5675 Nam
1029 5634 1153 5676 cum
1193 5617 1263 5675 ad
1312 5618 1592 5690 sexaginta
1643 5619 1809 5674 millia
1867 5620 2132 5691 peditum,

535 5712 894 5781 paucissimos
951 5714 1194 5786 equitum
1226 5712 1704 5785 congregavisset:
1743 5727 1840 5770 eos
1883 5729 2015 5770 vero
2041 5716 2136 5788 qui

526 5826 795 5958 ΒΔὲΒἾει.
829 5827 976 5896 cod.,
1032 5826 1283 5884 Curione.
1337 5825 1629 5898 Josephus,
1677 5826 1920 5884 Gorionis
1963 5826 2126 5896 ﬁlius.

2253 4774 2442 4829 laevam
2473 4772 2724 4828 abscidit.
2762 4771 2838 4827 Ita
2888 4781 3104 4842 recepta
3137 4771 3384 4828 Tiberias
3414 4780 3519 4828 est.
3545 4768 3646 4826 Sed
3683 4764 3820 4822 etiam

2254 4869 2518 4940 Scphoris
2551 4876 2752 4924 tentata
2784 4867 3144 4934 discessione,
3173 4867 3395 4937 Josephi
3430 4875 3602 4920 tamen
3648 4856 3822 4918 vivaci-

2252 4974 2362 5034 tate
2385 4966 2526 5020 inter
2551 4962 2866 5018 Judteorum
2893 4961 3060 5018 urbes
3105 4961 3282 5017 socias
3308 4959 3646 5015 attinebatur.
3672 4952 3815 5008 Tran-

2250 5056 2598 5128 quillioribus
2620 5055 2764 5111 enim
2782 5055 3026 5111 consiliis
3043 5068 3140 5110 sua
3161 5052 3478 5121 defendere,
3497 5064 3648 5122 quam
3665 5045 3813 5100 aliena

2247 5153 2528 5210 incursare
2555 5151 2807 5209 malebat.

2868 5240 3097 5299 CAPUT
3139 5241 3226 5298 1V.

2319 5341 2390 5395 At
2444 5355 2574 5396 vero
2620 5340 2835 5396 Petates
2872 5337 3057 5408 Niger,
3088 5346 3144 5391 et
3169 5335 3496 5408 Babylonius
3538 5332 3730 5406 Syllas,
3763 5333 3808 5379 et

2244 5435 2484 5492 Joannes
2511 5435 2725 5490 Esszeus
2751 5449 2914 5490 omne
2936 5433 3078 5504 quod
3107 5439 3225 5488 erat
3251 5431 3304 5487 in
3325 5431 3507 5488 Judzea
3532 5427 3677 5500 pubis
3695 5420 3806 5478 vali-

2244 5530 2327 5586 da:
2355 5540 2747 5602 congregantes
2767 5573 2782 5596 ,
2815 5532 3144 5587 Ascalonem
3172 5540 3392 5604 petunt,
3425 5527 3649 5598 amplam
3700 5517 3802 5589 qui-

2240 5624 2363 5681 dem
2415 5635 2470 5680 et
2519 5624 2690 5680 muris
2745 5624 3033 5680 subnixam
3083 5626 3279 5682 validis
3318 5623 3524 5688 urbem,
3571 5615 3658 5673 sed
3701 5609 3803 5680 Opis

2240 5717 2580 5790 subsidiique
2611 5717 2871 5790 indigam,
2905 5734 3025 5788 quae
3053 5717 3406 5793 septingentis
3431 5710 3611 5787 viginti
3640 5701 3804 5765 stadiis

2311 5829 2339 5891 Ρ
2379 5831 2516 5904 (iud.
2565 5839 2698 5902 v,et.,
2731 5831 2930 5898 Peraea.
2963 5833 3055 5904 In.

2315 5913 2337 5940 ε
2383 5903 2519 5960 Cod.
2544 5906 2679 5973 vet.,
2709 5913 2994 5962 sexcentos.
3023 5903 3098 5960 Ib.
