4016 6476
156 414 329 470 2075

1051 407 1321 466 HISTOR.
1367 405 1452 462 DF.
1492 405 1772 462 EXCIDIO
1811 404 2081 461 llIEROS.
2115 403 2318 461 URBIS
2357 403 2485 461 LIB.
2526 402 2591 458 ll.

3337 383 3481 456 2074

157 530 240 587 ab
273 529 776 602 Hierosolymitana
802 527 939 583 urbe
968 527 1399 594 discernebatur,
1433 533 1490 581 et
1530 523 1670 581 odiis
1700 525 1783 580 in-
1807 527 1858 588 Α
1887 527 2100 583 medius
2123 528 2416 582 intersecat
2435 566 2448 589 ,
2483 522 2626 594 quia
2647 523 2780 579 solis
2797 532 2919 578 ortu
2945 521 3160 590 oriens,
3191 535 3298 577 non
3327 521 3487 594 longe

154 621 457 694 gentibus.
502 621 800 691 Propterea
861 618 1033 675 Judai
1091 619 1362 675 inimicam
1432 617 1534 674 sibi
1593 616 1781 672 urbem

155 719 401 776 diruere
431 719 740 790 cupientes,
771 719 1003 774 collecta
1044 733 1205 772 manu
1235 716 1568 772 involavere.
1601 713 1782 768 Praee-

155 823 258 870 rat
286 814 411 870 urbi
437 814 708 869 Antonius
735 812 948 868 minore
981 827 1205 867 numero
1232 810 1457 865 Romani
1489 810 1779 873 exercitus,

157 923 343 980 quam
378 925 485 980 quo
513 909 693 965 resisti
725 922 884 980 posse
921 905 1124 962 Iudaeis
1150 905 1532 960 mstimaretur.
1563 902 1668 960 Sed
1703 902 1784 957 vir

159 1001 412 1057 acrioris
435 1000 659 1073 ingenii,
691 1008 746 1056 ct
794 1016 860 1057 ex
892 1014 1049 1070 atquo
1072 997 1309 1070 prudens
1339 997 1584 1060 bellator,
1619 993 1781 1050 diffu-

158 1108 265 1150 sos
291 1102 349 1150 et
375 1109 606 1150 numero
636 1095 808 1165 magis
851 1109 1010 1164 quam
1049 1092 1244 1148 virtute
1299 1090 1530 1146 ﬁdentes
1572 1088 1781 1145 eductis

159 1189 475 1260 equitibus,
511 1189 741 1245 transire
781 1187 850 1243 ad
873 1188 1065 1244 urbem
1095 1186 1264 1241 sinit:
1297 1184 1493 1240 deinde
1533 1185 1585 1239 in
1617 1199 1782 1239 cursu

162 1297 539 1354 progressos,
587 1281 772 1353 fatigat
808 1290 1132 1353 sequentes,
1186 1277 1463 1335 confertos
1517 1277 1779 1348 dissipat,

163 1375 428 1430 turbatos
456 1373 636 1446 fugat,
682 1384 906 1445 totoque
947 1389 1141 1445 campo
1188 1374 1486 1428 insectatur
1517 1370 1780 1441 palantes;

161 1469 267 1524 alii
309 1484 466 1525 versa
493 1471 612 1525 vice
651 1479 917 1540 urgentur
967 1469 1034 1524 ad
1083 1483 1290 1535 muros,
1327 1466 1616 1522 interclusa
1643 1467 1780 1536 fuga:

161 1560 358 1631 copia,
411 1560 500 1616 alii
529 1559 744 1617 diversa
777 1570 988 1632 petunt,
1020 1561 1114 1617 sed
1142 1560 1494 1616 circumventi
1532 1558 1599 1612 ab
1629 1557 1781 1628 cqui-

164 1652 324 1708 tibus
351 1653 768 1709 obtruncantur.
793 1654 1123 1725 Multisupra
1157 1668 1217 1708 se
1258 1661 1444 1716 ruunt,
1477 1659 1531 1706 et
1563 1665 1622 1705 se
1643 1649 1780 1704 invi-

162 1763 297 1805 cem
328 1750 534 1819 impetu
563 1764 661 1806 suo
689 1759 960 1815 sternunt;
988 1751 1168 1820 itaque
1193 1762 1365 1818 usque
1391 1746 1456 1800 ad
1492 1761 1776 1816 vesperum

164 1843 330 1910 caesi,
372 1843 605 1899 amisere
633 1859 699 1899 ex
722 1843 836 1899 suis
863 1844 1051 1898 decem
1081 1843 1246 1897 millia
1281 1841 1542 1905 virorum,
1565 1840 1775 1897 Joanne

1885 625 1954 678 ab
2002 623 2135 678 urbe
2167 623 2221 677 in
2260 636 2414 676 mare
2459 617 2758 675 conditur:
2793 634 2952 690 quem
2992 617 3060 673 de
3101 615 3327 686 originis
3371 630 3486 670 suae

1884 725 2060 771 tractu
2089 713 2368 772 Orientem
2403 724 2619 770 veteres
2654 713 3026 784 appellavere,
3060 720 3119 767 ut
3147 711 3306 781 vulgo
3329 718 3488 780 pute-

1886 821 1974 865 tur
1997 809 2133 865 lccis
2163 826 2360 866 nomen
2393 807 2628 875 dedisse,
2660 821 2784 862 cum
2824 806 2949 863 inde
2976 804 3271 876 acceperit.
3317 802 3485 872 Cujus

1883 902 2102 960 ﬂuentis
2120 904 2238 974 ipso
2263 905 2469 975 impetu
2491 901 2892 973 frigidioribus,
2923 911 2976 958 et
2994 900 3249 973 zephyris
3265 897 3484 954 assiduo

1883 1016 1981 1072 per
2020 1015 2082 1054 ea
2118 1000 2366 1054 locorum
2409 998 2769 1068 Spirantibus,
2813 1005 2925 1052 tota
2962 996 3155 1052 civitas
3195 995 3484 1049 momentis

1883 1107 2054 1165 prope
2083 1091 2334 1147 omnibus
2364 1089 2749 1161 refrigeratur,
2783 1099 2841 1145 ut
2881 1088 3122 1145 Orientis
3152 1088 3205 1144 in
3238 1087 3484 1158 partibus

1882 1185 2165 1242 Orientem
2185 1182 2506 1240 abscondat.
2538 1183 2690 1238 Intus
2716 1181 2905 1238 dulces
2930 1197 3120 1253 aquai;
3156 1181 3283 1237 foris
3313 1179 3484 1236 finiti-

1883 1295 2031 1334 mum
2056 1292 2248 1334 nemus
2268 1278 2535 1333 intextum
2571 1276 2846 1346 cupressis
2876 1276 3110 1342 crebris,
3135 1275 3310 1331 fontes
3333 1276 3482 1346 aquis

1881 1375 2102 1439 uberes,
2159 1375 2437 1445 Daphnem
2477 1381 2707 1438 vocant,
2738 1371 2882 1442 quod
2925 1386 3218 1442 numquam
3247 1370 3481 1441 deponat

1881 1468 2212 1525 viriditatem
2249 1486 2261 1522 :
2294 1467 2556 1537 frequens
2582 1474 2634 1521 et
2655 1465 2834 1520 lzctior
2855 1465 3111 1535 populus,
3145 1475 3202 1519 ut
3226 1464 3483 1535 pleraque

1881 1563 2119 1620 Orientis
2141 1605 2156 1630 ,
2187 1561 2538 1632 Lfacetiorque
2568 1575 2735 1631 prope
2765 1560 3047 1624 omnibus,
3089 1558 3183 1614 sed
3216 1558 3484 1630 propitior

1881 1656 2137 1714 lasciviae.
2167 1655 2308 1712 Urbs
2339 1657 2501 1710 tertio
2531 1655 2656 1709 loco
2685 1664 2811 1708 ante
2847 1668 2911 1707 ex
2946 1652 3201 1708 omnibus
3251 1666 3372 1723 qua:
3426 1651 3478 1706 in

1881 1751 2014 1807 orbe
2037 1751 2284 1805 Romano
2305 1759 2430 1804 sunt
2455 1746 2764 1803 civitatibus
2783 1745 3044 1800 aestimata
3070 1785 3085 1810 ,
3113 1758 3256 1798 nunc
3286 1752 3480 1814 quarto

1879 1857 2162 1916 postquam
2183 1841 2684 1912 Constantinopolis
2707 1839 2951 1896 excrevit
2978 1838 3169 1893 civitas
3195 1836 3481 1908 Byzantio-

167 1943 228 1991 et
254 1934 407 2008 Sylla
435 1935 662 1992 ducibus
695 1936 898 2008 pariter
921 1937 1224 1992 exstinctis.
1249 1933 1415 1988 Pauci
1456 1946 1633 1989 autem
1667 1935 1777 1990 Ro-
1805 1929 1852 1989 B
1883 1956 2001 1995 rum
2026 1982 2040 2003 ,
2073 1939 2360 1994 Persarum
2386 1937 2661 2009 quondam
2689 1944 2852 2006 caput
2875 1976 2889 2000 ,
2920 1948 3066 1988 nunc
3093 1933 3440 2004 repulsorum
3468 1948 3482 1984 :

168 2043 468 2084 manorum
516 2045 581 2086 eo
603 2029 866 2085 vulnerati
903 2029 1089 2101 prtelio
1120 2049 1132 2083 :
1163 2044 1262 2084 nec
1314 2038 1491 2084 tamen
1524 2044 1772 2099 repressa

169 2128 262 2176 est
284 2119 595 2177 Iudaeorum
628 2123 921 2187 temeritas,
953 2123 1047 2177 sed
1071 2121 1347 2177 incanduit
1382 2140 1394 2176 :
1448 2137 1570 2177 nam
1619 2122 1775 2178 dolor

169 2217 458 2273 audaciam
485 2218 761 2285 accendit,
798 2229 853 2273 et
911 2218 1056 2273 labes
1093 2217 1390 2274 ulciscendi
1439 2217 1768 2288 cupidinem.

167 2309 472 2365 Armantur
494 2311 674 2381 itaque
704 2310 910 2380 majore
931 2311 1090 2382 longe
1122 2310 1326 2378 furore,
1366 2326 1465 2367 nec
1490 2310 1617 2366 dum
1650 2327 1773 2368 sau-

162 2403 380 2457 ciorum
431 2405 637 2460 sanatis
685 2406 1003 2462 vulneribus
1025 2451 1038 2474 ,
1075 2416 1130 2461 et
1159 2408 1499 2476 congregatis
1531 2407 1772 2478 pluribus

164 2513 335 2567 quam
366 2498 483 2555 vice
510 2502 710 2571 priore,
731 2503 946 2557 irrnunt
971 2519 983 2556 :
1025 2502 1118 2558 scd
1143 2518 1238 2558 eos
1253 2503 1532 2573 diSpositis
1561 2504 1773 2558 insidiis

164 2602 453 2666 exceptos,
487 2596 635 2667 prius
664 2612 824 2668 quam
856 2599 908 2653 in
931 2613 1123 2653 manus
1153 2598 1422 2663 venirent,
1447 2600 1641 2654 clausit
1662 2599 1772 2653 cir-

167 2688 422 2744 cumfuso
442 2692 682 2762 equitatu
714 2693 980 2748 Antonius
999 2735 1014 2760 ,
1057 2704 1110 2747 et
1138 2693 1545 2748 circumventos
1573 2708 1776 2764 praece-

168 2784 251 2852 pit
274 2785 444 2839 sterni
473 2801 486 2838 :
515 2800 655 2840 caesa
688 2786 882 2842 iterum
912 2801 1107 2842 novem
1136 2787 1322 2854 millia,
1357 2787 1548 2857 reliqui
1585 2785 1771 2858 fugati.

164 2873 342 2946 Niger
397 2878 515 2946 ipse
566 2878 788 2949 elapsus
837 2879 890 2933 in
951 2881 1347 2935 munimentum
1411 2894 1470 2935 se
1518 2880 1770 2935 contulit.

165 2965 365 3024 Turris
397 2977 514 3039 erat
542 2979 694 3040 septa
727 2971 964 3043 undique
997 2972 1174 3026 valido
1205 2987 1358 3039 saxo,
1387 2987 1548 3041 quam
1576 2971 1774 3028 Roma-

166 3060 258 3128 ni,
303 3064 428 3133 quia
471 3064 722 3120 excidere
779 3080 886 3120 non
940 3074 1226 3136 poterant,
1261 3066 1523 3135 appositis
1558 3065 1772 3137 ignibus

163 3157 600 3213 circumdedere.
651 3159 727 3214 Ea
774 3159 996 3215 incensa
1035 3160 1086 3214 in
1130 3160 1391 3230 speltcum
1431 3159 1664 3228 quodam
1703 3159 1772 3214 de

165 3260 320 3307 turre
372 3259 761 3321 transgressus,
816 3254 1026 3308 hostem
1079 3253 1270 3319 latuit,
1305 3253 1480 3324 ignem
1537 3252 1709 3307 evasit

1882 2037 2052 2105 prima
2083 2035 2227 2090 enim
2256 2033 2427 2088 Roma
2447 2075 2462 2100 ,
2515 2029 2756 2088 secunda
2784 2028 3116 2085 Alexandria
3139 2068 3154 2092 ,
3185 2026 3344 2081 tertia
3367 2025 3479 2080 An-

1879 2130 2078 2185 tiochia
2104 2171 2118 2196 ,
2151 2136 2340 2200 quarta
2364 2123 2887 2194 Constantinopolis.
2921 2121 2998 2177 De
3029 2122 3134 2177 situ
3166 2119 3314 2175 urbis
3345 2120 3478 2173 satis

1876 2221 2078 2278 dictum
2096 2229 2244 2292 puto.
2266 2219 2454 2291 Neque
2476 2219 2618 2273 enim
2639 2218 2691 2272 in
2708 2215 3084 2272 describendis
3104 2214 3222 2285 ejus
3234 2211 3476 2268 :cdificiis

1876 2317 2274 2372 immorandum
2304 2315 2547 2382 videtur,
2598 2313 2753 2383 cujus
2782 2327 2811 2366 a
2847 2322 3000 2382 tergo
3021 2325 3144 2366 cum
3201 2310 3467 2364 orientem

1875 2411 2140 2476 dixerim,
2173 2409 2307 2464 satis
2337 2409 2557 2480 liqueta
2595 2408 2729 2461 laeva
2776 2406 2842 2461 ad
2885 2405 3168 2460 meridiem
3195 2403 3410 2474 jacere,
3444 2417 3472 2456 a

1876 2507 2339 2576 fronteEuropam
2371 2518 2682 2570 occurrere,
2727 2503 2778 2556 in
2799 2502 2996 2556 dextra
3019 2497 3475 2567 septentrionales

1873 2609 2065 2672 gentes
2094 2599 2320 2670 degere,
2363 2596 2666 2667 Caspiaque
2707 2609 2876 2665 regna
2917 2593 3140 2660 haberi,
3184 2607 3304 2662 quae
3347 2598 3474 2647 ante

1877 2692 2284 2765 promptissima
2345 2691 2410 2745 ad
2467 2688 2850 2746 incursandam
2893 2687 3105 2760 Syriam
3137 2696 3314 2743 erant.
3363 2686 3470 2742 Sed

1877 2795 2161 2858 postquam
2196 2784 2504 2840 Alexander
2534 2783 2756 2851 Magnus
2785 2779 3038 2851 Caspiam
3068 2788 3278 2850 portam
3307 2778 3472 2834 Tauri

1876 2881 2080 2936 montis
2112 2886 2388 2951 prmrupto
2419 2876 2712 2947 imposuit,
2749 2883 2912 2946 atque
2930 2889 3092 2929 omne
3119 2871 3471 2927 interioribus

1874 2975 2130 3046 gentibus
2155 2972 2461 3029 interclusit
2482 2972 2604 3036 iter,
2634 2978 2992 3025 memoratam
3018 2968 3204 3022 urbem
3231 2965 3468 3036 quietam

1874 3069 2131 3134 reddidit,
2164 3067 2266 3123 nisi
2296 3067 2433 3123 forte
2465 3075 2645 3121 motus
2674 3064 2926 3120 Persicos
2956 3071 3381 3133 suspectantem.
3413 3058 3469 3114 In

1873 3178 1938 3219 ea
1971 3163 2104 3218 urbe
2121 3162 2354 3233 Agrippa
2383 3176 2478 3216 rex
2507 3175 2629 3215 cum
2657 3160 2804 3215 omni
2841 3156 3041 3213 virtute
3069 3169 3167 3210 sua
3193 3162 3474 3225 exspecta-

1755 3270 1769 3306 :
1876 3256 1968 3311 bat
1989 3254 2380 3326 Vespasianum
2413 3252 2796 3308 advenientem
2821 3293 2835 3315 ,
2883 3264 2985 3305 nec
3014 3248 3217 3304 diutius
3263 3263 3329 3304 eo
3359 3261 3475 3301 mo-

166 3345 542 3418 llomanisque
617 3348 855 3414 securis,
912 3348 1056 3418 quod
1119 3350 1234 3418 ipse
1303 3348 1463 3402 simul
1518 3348 1769 3403 incendio
1798 3324 1843 3388 (ἶ
1874 3360 2066 3416 rante,
2108 3349 2386 3405 comitatui
2416 3347 2685 3403 adhaesit:
2719 3345 3011 3416 conjuncto
3040 3345 3238 3400 itinere
3287 3343 3470 3398 Ptole-

165 3448 523 3509 consumptus
551 3441 710 3506 foret,
728 3452 849 3512 post
873 3443 1086 3496 tcrtiutn
1101 3441 1243 3496 diem
1267 3441 1634 3512 quaerentibus
1659 3443 1770 3498 suis

163 3545 366 3602 corpus
396 3532 514 3602 ejus
544 3533 610 3587 ad
641 3534 999 3605 sepulturam,
1036 3536 1222 3590 vivens
1268 3547 1321 3590 et
1372 3536 1560 3607 vigens
1586 3535 1768 3591 reddi-

166 3635 277 3680 tur.
312 3624 490 3696 Atque
518 3626 590 3682 ita
620 3642 741 3682 cum
789 3645 982 3700 magno
1025 3629 1220 3702 gaudio
1247 3629 1451 3686 Iudaeis
1495 3640 1764 3700 servatus,

166 3719 240 3776 ab
266 3719 418 3775 hoste
444 3731 886 3790 repraesentatur.

809 3814 1038 3871 CAPUT
1068 3815 1133 3873 ν.

247 3910 613 3982 Vespasianus
640 3911 846 3967 interea
870 3922 1127 3982 superato
1157 3913 1510 3983 llellesponto
1531 3955 1544 3978 ,
1578 3913 1768 3986 Bithy-

167 4005 312 4062 niam
347 4004 701 4075 (Iiliciamque
740 4006 1149 4071 transmittens,
1182 4005 1273 4059 ubi
1311 4005 1522 4076 Syriam
1555 4006 1760 4076 attigit,

165 4098 411 4170 legiones
433 4109 773 4169 craterasque
803 4098 1066 4153 militares
1096 4099 1284 4169 copias
1311 4114 1448 4168 quas
1483 4099 1534 4153 in
1566 4113 1629 4153 ea
1677 4114 1765 4154 re-

172 4193 343 4265 perit,
403 4191 748 4248 Antiochiam
783 4191 1028 4247 deduxit.
1056 4191 1198 4248 Urbs
1231 4209 1292 4246 ea
1327 4192 1502 4263 Syriae
1529 4193 1648 4247 sine
1679 4207 1766 4247 re-

169 4285 490 4341 tractatione
513 4287 714 4356 prima:
736 4284 966 4354 ideoque
991 4284 1312 4354 metropolis
1336 4285 1568 4339 habetur
1593 4303 1604 4337 :
1632 4300 1764 4339 con-

167 4379 279 4435 dita
307 4378 375 4434 ab
409 4378 492 4434 his
511 4379 602 4449 qui
628 4377 940 4432 Alexandro
965 4376 1158 4447 Magno
1190 4376 1409 4431 bellanti
1439 4375 1756 4443 adhaesere,

165 4473 468 4531 conditoris
497 4473 578 4527 sui
611 4483 918 4541 nuncupata
939 4471 1227 4526 vocabulo.
1263 4470 1414 4526 Situs
1447 4469 1599 4524 urbis
1628 4485 1755 4540 por-

169 4577 343 4624 rectus
370 4567 424 4622 in
445 4566 767 4622 immensam
791 4564 1184 4636 longitudinem
1211 4581 1223 4618 :
1245 4563 1298 4618 in
1316 4563 1426 4618 alto
1453 4563 1754 4634 angustior,

169 4662 289 4732 quia
329 4671 602 4730 praerupto
640 4659 842 4714 montis
876 4673 905 4713 a
955 4659 1092 4712 laeva
1135 4667 1397 4723 arctatur,
1446 4666 1502 4711 ut
1533 4656 1752 4712 extendi

1874 3443 2107 3500 maidem
2141 3452 2326 3514 petere
2343 3451 2652 3512 coeperunt.
2679 3440 2760 3496 Ad
2791 3455 2911 3495 eam
2961 3439 3150 3494 urbem
3183 3452 3473 3494 occurrere

1874 3538 2246 3594 inhabitantes
2295 3536 2617 3608 Sephorim,
2661 3551 2845 3606 pacem
2881 3551 3003 3590 cum
3029 3533 3284 3589 Ccsentio
3315 3531 3471 3590 Gallo

1864 3631 1976 3702 jam
2005 3630 2210 3686 dudum
2243 3631 2455 3695 initam,
2497 3627 2706 3684 firmari
2756 3644 2784 3683 a
2815 3626 3150 3697 Vespasiano
3198 3633 3465 3695 petentes.

1869 3725 2110 3795 Quorum
2161 3724 2380 3780 laudata
2436 3723 2762 3792 prudentia,
2812 3721 2956 3791 quod
3021 3718 3180 3775 saluti
3236 3717 3468 3787 propriae

1867 3819 2247 3874 consuluerint
2267 3831 2371 3871 non
2397 3815 2719 3871 lacessendo
2746 3814 3043 3879 Romanos,
3067 3821 3229 3880 atque
3247 3819 3465 3879 accepta

1870 3911 1974 3967 fide
1995 3954 2010 3978 ,
2039 3920 2093 3966 et
2121 3911 2173 3966 in
2207 3911 2502 3966 amicitiam
2535 3909 2743 3978 recepit
2772 3923 2890 3970 eos,
2922 3917 2973 3961 et
3004 3905 3202 3961 additis
3223 3904 3463 3975 peditum

1868 4004 2322 4075 ejuestribusque
2344 4003 2586 4070 auxiliis,
2614 4003 2748 4057 fovit
2768 4001 3082 4067 securitate,
3111 4015 3179 4055 ne
3203 4000 3342 4055 forte
3371 3998 3465 4054 de-

1867 4100 2162 4155 stitutionis
2183 4101 2439 4155 commoti
2474 4098 2696 4166 dolore,
2739 4097 3088 4163 insurgerent
3133 4094 3186 4149 in
3218 4109 3314 4150 eos
3335 4093 3463 4150 belli

1867 4195 2194 4251 cxcitalores
2221 4211 2233 4247 :
2267 4209 2388 4249 cum
2422 4193 2571 4249 velut
2600 4193 2897 4246 claustrum
2921 4188 3190 4262 quoddam
3223 4187 3426 4243 Judaeaa
3446 4230 3459 4253 ,

1866 4289 2243 4360 Sephoritanis
2261 4303 2382 4344 sese
2404 4288 2650 4342 Romano
2670 4283 3270 4356 imperiooﬂ'erentibus
3291 4281 3463 4337 resol-

1863 4391 2105 4444 verctur,
2132 4392 2187 4436 ut
2211 4381 2264 4436 in
2294 4397 2411 4436 eam
2436 4380 2682 4451 pervium
2712 4379 2817 4435 iter
2840 4377 2979 4432 hosti
3006 4385 3234 4447 pateret,
3257 4391 3376 4446 qua:
3393 4377 3458 4430 ad

1864 4474 2166 4531 custodiam
2189 4475 2354 4529 totius
2381 4474 2559 4545 gentis
2589 4481 2896 4542 Opportune
2924 4469 3225 4542 quodamin
3246 4469 3456 4524 hostem

1862 4570 2079 4638 obiectu
2099 4578 2433 4624 occurreret.
2467 4568 2596 4623 Erat
2619 4567 2765 4622 enim
2800 4573 2999 4636 praeter
3016 4563 3324 4634 opinionem
3355 4561 3458 4616 loci

1865 4663 2170 4718 munitioris
2202 4663 2330 4717 urbs
2344 4661 2583 4719 Galilacaa
2613 4661 2846 4716 maxima
2875 4678 2886 4713 :
2912 4675 3031 4730 qum
3052 4672 3138 4713 res
3158 4657 3458 4725 admonuit,

173 4753 390 4808 ulterius
413 4751 678 4808 metanda:
695 4750 846 4806 urbis
869 4751 1040 4821 spatia
1063 4741 1758 4821 nequiverint.Necessitas
1785 4727 1840 4789 Β
1868 4770 1924 4814 ιιι
1956 4773 2079 4813 cum
2102 4759 2220 4813 dum
2243 4758 2354 4812 sint
2373 4755 2616 4814 Galilmm
2639 4797 2653 4823 ,
2709 4771 2814 4810 una
2843 4727 3097 4826 superim-
3117 4795 3131 4819 ,
3175 4752 3345 4808 altera
3380 4753 3461 4806 in-

172 4847 341 4901 locum
375 4845 638 4916 signavit,
666 4846 785 4914 quia
820 4861 917 4916 per
946 4845 1156 4900 occulta
1178 4854 1231 4899 et
1257 4843 1414 4900 devia
1448 4845 1756 4914 irrumpen-

170 4941 301 4996 tibus
331 4939 580 5003 Parthis,
612 4955 770 4993 mons
797 4939 994 4994 celsior
1017 4938 1306 4994 latibulutn
1333 4937 1522 5004 daret,
1556 4953 1621 4992 ex
1646 4953 1756 5009 quo

172 5048 227 5089 se
255 5032 530 5100 inopinato
557 5029 786 5084 adventu
817 5041 872 5084 et
897 5031 1235 5100 promptiore
1258 5031 1460 5100 impetu
1491 5031 1544 5083 in
1582 5029 1752 5098 impa-

173 5137 331 5182 ratam
367 5123 579 5195 Syriam
609 5121 955 5177 effunderent
983 5141 996 5176 :
1030 5123 1133 5178 nisi
1164 5123 1358 5179 civitas
1406 5123 1579 5177 monti
1604 5123 1753 5177 velut

171 5221 455 5277 claustrum
481 5214 778 5285 objaceret,
799 5214 1089 5286 exitusque
1115 5215 1424 5271 obstrueret
1447 5215 1749 5270 advenien-

172 5313 299 5368 tibus
338 5329 350 5366 :
385 5319 444 5364 ut
485 5311 529 5364 si
560 5307 683 5380 quis
724 5306 1082 5362 barbarorum
1117 5307 1470 5372 ascenderet,
1504 5307 1689 5362 statim
1718 5323 1750 5363 e

171 5406 338 5463 taedio
367 5402 518 5459 urbis
561 5403 684 5457 sinu
715 5407 1180 5470 prospectaretur.
1215 5402 1456 5470 Denique
1479 5417 1601 5455 cum
1635 5401 1745 5456 ludi

169 5500 355 5557 scenici
385 5499 438 5553 in
471 5515 531 5553 ea
588 5495 1006 5553 celebrarentur
1034 5495 1198 5562 urbe,
1233 5496 1415 5552 ferunt
1454 5497 1747 5568 quemdam

171 5603 432 5651 auctorem
461 5594 749 5649 mimorum
781 5591 1004 5647 elevatis
1030 5591 1205 5647 oculis
1231 5591 1284 5645 in
1307 5601 1578 5661 montem,
1610 5591 1738 5648 Per-

174 5703 252 5745 sas
292 5686 493 5742 vidisse
523 5687 910 5754 advenientes,
950 5696 1007 5742 et
1057 5684 1266 5742 dixisse
1316 5687 1614 5742 continuo:
1648 5687 1758 5743 Ant

175 5783 424 5840 somnium
441 5782 621 5848 video,
641 5794 729 5838 aut
744 5797 996 5854 magnum
1015 5779 1316 5855 periculum
1345 5797 1356 5835 :
1383 5780 1523 5836 Ecce
1547 5783 1750 5837 Persa}.

173 5877 240 5934 lla
261 5890 412 5932 mons
444 5876 533 5960 ubi
571 5876 921 5947 przeen’tinet,
963 5885 1024 5931 ut
1067 5889 1168 5930 nec
1198 5873 1394 5958 theatri
1427 5874 1656 5930 altitudo
1685 5876 1751 5933 ad

174 5953 594 6041 pidspici'endtim
607 5972 844 6026 montem
862 5968 1253 6040 impedimento
1271 5953 1359 6028 sit.
1385 5967 1604 6026 FluVius
1631 5982 1750 6026 eam

1707 6067 1737 6084 Ι

1868 4852 2060 4916 ferior,
2118 4865 2384 4904 connexae
2447 4857 2502 4903 et
2559 4847 2866 4917 conjuncta:
2931 4845 3064 4906 sibi.
3111 4845 3336 4900 alteram
3394 4844 3463 4899 ab

1864 4943 2038 4999 altera
2057 4943 2477 5013 distinguamus.
2507 4939 2614 4996 Sed
2642 4940 2792 5010 prius
2808 4939 2875 4994 de
2906 4947 3133 5010 utraque
3147 4935 3458 4993 dicendum.

2481 5035 2710 5092 CAPUT
2755 5035 2840 5090 Vl.

1935 5132 2161 5204 Utrique
2188 5131 2426 5187 Galilzeae
2459 5130 2612 5202 Syria
2645 5139 2698 5184 et
2729 5129 2986 5186 Phceniee
3017 5129 3317 5196 adhaerent,
3346 5128 3457 5184 dis-

1860 5226 2258 5297 terminantque
2283 5241 2400 5280 eam
2423 5240 2453 5279 a
2482 5224 2613 5279 solis
2644 5238 2840 5279 occasu
2866 5223 3162 5280 Ptolemais
3200 5222 3459 5280 tertitorii

1859 5318 1939 5372 sui
1971 5316 2184 5385 finibus,
2211 5327 2267 5372 et
2288 5332 2447 5372 mons
2468 5316 2877 5388 Carmelus,qui
2905 5326 3172 5372 eratante
3193 5316 3456 5383 Galilteis,

1861 5426 2004 5466 nunc
2026 5425 2156 5466 vero
2199 5409 2489 5482 Tyriorum
2525 5409 2722 5464 finibus
2746 5411 3068 5477 associatus,
3102 5411 3185 5463 cui
3219 5423 3453 5463 connec-

1859 5503 1990 5559 titur
2041 5501 2221 5558 Gabaa
2271 5501 2462 5557 civitas
2528 5518 2650 5574 quae
2717 5503 2989 5572 quondam
3045 5501 3246 5555 Judaeis
3293 5514 3453 5553 causa

1855 5597 2039 5670 gravis
2057 5594 2321 5652 exitiifuit
2353 5615 2366 5652 :
2395 5595 2464 5652 ab
2490 5596 2702 5652 oriente
2716 5611 2835 5652 eam
2861 5595 3138 5666 Hyppenae
3163 5603 3215 5647 et
3239 5591 3451 5648 Gadara

1852 5694 1966 5749 suis
1990 5693 2188 5748 finibus
2211 5701 2480 5750 resecant.
2505 5692 2705 5749 Eadem
2727 5701 2906 5747 autem
2935 5698 2988 5744 et
3008 5686 3335 5742 Gaulanitidi
3360 5703 3448 5742 re-

1851 5787 1997 5858 gioni
2020 5796 2069 5842 et
2115 5801 2284 5858 regno
2315 5787 2568 5856 Agrippae
2616 5787 2849 5842 confinia
2911 5781 3230 5854 praescripta
3279 5781 3450 5836 veteri

1851 5898 1968 5940 avo
1989 5882 2140 5939 fuere
2165 5899 2178 5936 :
2200 5897 2229 5934 a
2246 5879 2548 5935 meridiano
2571 5880 2737 5933 latere
2755 5877 3104 5950 Scythopolis
3125 5886 3181 5933 et
3201 5875 3447 5934 Samaria

1851 5977 1963 6034 suis
1991 5985 2216 6044 utraque
2233 5971 2580 6042 excipiuntur
2599 5967 2933 6042 regionibus,
2956 5984 3055 6027 nec
3078 5967 3220 6030 ultra
3246 5963 3451 6028 ﬂuenta
