4016 6566
510 382 656 443 3015

1830 382 2074 453 SANO'I‘l
2113 382 2435 453 Αιιιιιιοθιι

3687 392 3814 452 ἒῡἝ

512 497 768 563 Jordanis
813 498 1088 569 patiuntur
1117 498 1349 563 extendi.
1406 497 1864 571 Septentrionalia
1910 499 2032 569 ejus
2079 511 2111 559 a
2137 502 2189 569 Α
2218 508 2306 557 tur
2339 520 2352 558 :
2388 502 2734 569 Samaritana
2765 518 2980 577 quoque
3008 504 3161 578 regio
3200 505 3347 569 inter
3375 502 3629 567 Iudaeam
3673 518 3815 571 atque

514 592 712 655 dextro
733 591 901 659 latere
924 591 1099 665 Tyrus
1126 590 1356 658 claudit.
1393 592 1678 664 omnisque
1723 592 1873 666 regio
1913 591 2111 665 Tyrio-

519 700 673 753 rum,
704 683 858 755 cujus
883 682 1097 755 olijectu
1119 683 1358 749 Galilaere
1386 686 1561 756 spatia
1589 684 1941 749 deﬁniuntur,
1974 684 2113 756 Ipsm

519 787 700 837 autem
748 778 891 837 inter
927 791 1049 835 sese
1087 778 1189 833 hoc
1215 777 1620 849 distinguuntur
1648 778 1832 846 modo,
1876 787 1936 835 ut
1989 794 2113 849 quae

523 872 748 933 inferior
806 871 1029 937 Galiltca
1062 872 1280 939 dicitur,
1341 873 1410 931 ab
1441 874 1576 935 urbe
1606 874 1896 935 Tiberiade
1941 890 2117 946 usque

520 966 585 1021 ad
616 966 803 1023 urbem
842 965 930 1027 cui
958 981 1158 1029 nomen
1191 965 1434 1025 Zabulon
1458 1008 1472 1031 ,
1499 982 1660 1039 supra
1690 967 1958 1031 maritima
1991 967 2119 1025 Plo-

522 1061 769 1125 letnaidis
790 1071 1008 1127 extenta
1025 1061 1362 1133 longitudine
1382 1062 1745 1129 diffundatur;
1769 1062 1997 1125 latitudo
2024 1078 2121 1127 au-

524 1169 628 1215 tem
661 1158 780 1229 ejus
799 1173 826 1212 a
853 1157 971 1213 vico
993 1155 1183 1217 Zaloth
1216 1158 1305 1228 qui
1329 1167 1414 1217 eat
1440 1158 1491 1215 in
1522 1172 1714 1227 campo
1746 1159 2008 1223 maximo,
2029 1171 2122 1212 us-

521 1266 627 1324 que
652 1251 718 1306 ad
751 1251 1043 1308 Bersabem
1067 1250 1210 1308 haud
1238 1250 1401 1308 dubie
1432 1251 1739 1309 deducitur.
1777 1251 1928 1309 Unde
1955 1252 2120 1308 etiam

522 1346 788 1415 superiori
842 1343 1083 1406 Galilaaze
1125 1344 1368 1418 aperitur
1416 1345 1735 1415 exordium,
1789 1345 1967 1417 quoad
2013 1345 2121 1407 vici

523 1438 767 1499 Bathatae
796 1436 934 1505 lines
955 1439 1204 1513 attingat.
1232 1437 1356 1510 Ipso
1381 1446 1560 1499 autem
1587 1438 1708 1495 vico
1747 1438 1911 1495 etiam
1944 1438 2123 1512 Tyria:

523 1539 681 1591 terra:
704 1530 841 1597 lines
870 1530 1347 1591 determinantur:
1378 1531 1733 1604 longitudinis
1756 1545 1974 1611 quoque
2002 1532 2125 1603 ejus

526 1622 738 1687 initium
772 1623 923 1687 vicus
969 1632 1052 1679 est
1079 1620 1304 1691 Thalia,
1350 1624 1472 1679 linis
1516 1632 1603 1681 est
1634 1624 1859 1687 Rothala
1896 1624 2125 1691 Jordani

528 1716 808 1779 linitimus.
842 1716 979 1781 Hinc
1010 1717 1237 1789 intelligi
1261 1717 1444 1782 datur,
1468 1728 1728 1788 quantum
1760 1732 1821 1775 se
1848 1720 2128 1790 porrigant

528 1809 703 1887 Spatia
734 1808 972 1875 Galilacte
1029 1811 1359 1883 superioris,
1411 1812 1567 1879 cujus
1604 1810 1815 1867 initium
1867 1810 2127 1869 Jortlauis

2215 594 2498 657 Galilaeam
2532 596 2708 661 media
2740 597 2924 667 iacet,
2975 598 3251 670 incipiens
3279 613 3310 653 a
3345 598 3470 655 vico
3494 596 3587 654 cui
3634 614 3817 657 mea

2220 686 2368 749 Elas.
2387 686 2654 745 deficiens
2680 688 2734 751 iu
2765 698 2908 747 terra
2930 690 3447 754 Acrabathenorum
3478 701 3681 749 natura
3700 708 3819 755 eoa.

2216 782 2416 847 simili,
2440 797 2542 841 uec
2568 779 2594 819 ά
2624 782 2736 845 ullo
2774 783 2936 841 modo
2966 784 3229 843 differens
3259 801 3289 838 a
3339 784 3561 851 Judma.
3594 784 3823 856 Utraque

2218 875 2363 935 enim
2416 884 2665 937 montosa
2697 885 2860 948 atque
2899 878 3226 950 campestris
3272 888 3393 946 est,
3450 893 3557 949 pro
3584 877 3822 941 locum

2219 965 2563 1034 diversitate;
2598 982 2777 1038 neque
2806 977 2918 1037 tota
2943 970 3155 1043 campis
3179 969 3540 1037 dilfnnditur.
3573 986 3754 1043 neque
3780 973 3825 1029 in

2221 1059 2359 1127 locis
2386 1061 2640 1117 omnibus
2666 1062 2931 1127 montium
2946 1064 3175 1141 rupibus
3202 1064 3626 1130 scinditur;sed
3643 1066 3826 1124 utrius-

2221 1169 2327 1226 que
2349 1158 2626 1227 qualitatis
2657 1156 2821 1213 habet
2846 1158 3071 1235 gratiam
3091 1201 3107 1226 ,
3150 1159 3217 1215 ad
3244 1161 3580 1227 exercitium
3610 1161 3827 1225 cultura

2222 1249 2475 1311 solubilis
2519 1259 2664 1306 terra
2688 1260 2745 1306 et
2777 1252 3021 1320 mollior,
3046 1268 3225 1324 eoque
3257 1253 3557 1319 frumentis
3581 1256 3760 1323 utilia,
3785 1268 3828 1313 et

2224 1357 2396 1413 prope
2425 1344 2568 1403 circa
2599 1341 2939 1409 fertilitatem
2968 1344 3069 1407 soli
3100 1345 3230 1413 nulli
3259 1346 3544 1414 secunda,
3602 1350 3826 1409 maturi.

2227 1445 2337 1493 tate
2363 1444 2513 1492 certe
2554 1436 2825 1503 fructuum
2855 1440 3006 1510 prior
3034 1440 3309 1505 omnibus.
3337 1438 3479 1497 Nam
3507 1456 3639 1503 cum
3669 1442 3831 1501 adhuc

2224 1531 2351 1597 alibi
2398 1541 2657 1597 seruntur
2704 1533 2973 1601 frumenta
3001 1575 3017 1599 ,
3060 1534 3220 1601 isthic
3276 1544 3589 1601 metuntur.
3619 1535 3829 1609 Species

2226 1640 2444 1699 quoque
2477 1635 2642 1705 atque
2684 1627 2804 1697 ipsa
2835 1627 3091 1685 frumenti
3125 1639 3353 1696 natura,
3408 1628 3559 1689 haud
3612 1645 3827 1701 usquam

2227 1723 2580 1795 praestantior
2612 1720 2864 1789 habetur.
2898 1724 3050 1794 Aqua
3072 1722 3284 1789 dulcis,
3331 1722 3545 1779 decora
3592 1723 3668 1779 ad
3719 1738 3827 1795 sps

2231 1816 2402 1885 ciem,
2427 1815 2607 1877 suavis
2635 1815 2701 1873 ad
2737 1822 2958 1891 potum,
3008 1827 3067 1873 ut
3097 1817 3403 1879 secundum
3438 1820 3827 1883 elementorum

528 1911 613 1969 est
644 1902 728 1958 vel
781 1904 899 1975 ejus
930 1902 1184 1971 confinia.
1218 1903 1327 1960 llac
1366 1904 1530 1976 igitur
1577 1920 1691 1959 sme
1734 1904 2127 1977 magnitudinis
2154 1888 2205 1953 Β
2232 1908 2459 1979 gratiam
2489 1888 3076 1971 mstimaverintludaei
3103 1923 3221 1969 eam
3241 1911 3580 1982 promissam
3604 1912 3827 1982 mnibus

530 1995 892 2055 aestimatione
923 2002 1150 2064 utraque
1181 1994 1407 2057 Galilaea
1428 1994 1802 2067 distinguitur.
1829 1995 1996 2051 Terra
2026 2012 2128 2051 au-

531 2095 636 2142 tem
681 2088 911 2159 pinguis,
963 2088 1216 2155 herbosa,
1271 2088 1488 2144 diverso
1525 2090 1755 2145 culturae
1799 2104 2004 2162 genere
2040 2091 2124 2145 ni-

533 2189 685 2245 tens,
738 2179 989 2235 distincta
1023 2181 1353 2248 arboribus,
1398 2190 1461 2237 ut
1507 2184 1752 2254 quemvis
1803 2184 2007 2245 alliciat
2057 2184 2126 2241 ad

530 2275 611 2327 sui
635 2274 862 2345 gratiam
887 2317 901 2343 ,
928 2284 983 2331 et
1015 2274 1336 2349 fugitantem
1367 2276 1583 2333 labores
1600 2277 1666 2333 ad
1690 2278 1868 2343 studia
1899 2280 2128 2337 culturae

533 2368 729 2435 invitet
754 2381 917 2443 atque
950 2372 1174 2428 excitet.
1211 2372 1453 2444 Denique
1484 2373 1632 2428 nulla
1656 2372 1768 2429 illic
1796 2374 1881 2429 vel
1932 2376 2128 2445 exigua

528 2470 691 2525 terrm
712 2446 893 2541 portio
909 2474 1065 2519 vacat
1089 2481 1102 2518 :
1128 2464 1505 2535 frequentatur
1524 2465 1803 2537 plerisque
1818 2466 2129 2522 inhabitan-

531 2556 673 2613 tibus
700 2575 712 2611 :
745 2556 951 2613 crebrae
982 2559 1178 2625 urbes,
1214 2559 1317 2614 vici
1346 2558 1693 2631 frequentes,
1717 2562 2008 2618 multitudo
2032 2563 2130 2619 bo-

527 2652 733 2707 miuum
764 2653 1174 2713 innumerabilis
1194 2696 1209 2721 ,
1238 2664 1296 2711 ut
1321 2655 1548 2726 exiguus
1572 2656 1724 2712 vicus
1752 2657 1805 2710 in
1834 2670 1934 2712 suo
1954 2666 2128 2715 tractu

531 2746 769 2802 habent"
813 2748 998 2819 viginti
1058 2749 1224 2805 millia
1278 2750 1718 2806 inhabitantium.
1772 2751 2130 2811 Circumfnsis

529 2856 745 2914 quoque
777 2840 1084 2898 nationibus
1123 2843 1440 2914 alienigenis
1485 2854 1715 2917 utraque
1766 2844 1991 2909 Galiltca
2022 2845 2131 2902 cir-

528 2933 835 3001 cumdatur,
879 2942 935 2990 et
990 2935 1114 2990 ideo
1158 2950 1332 3006 genus
1379 2936 1660 2993 hominum
1690 2938 2045 3007 bellicosum,
2097 2955 2129 2997 a

529 3025 701 3097 prima
755 3035 913 3082 aetate
966 3027 1267 3084 exercitum
1332 3029 1676 3101 prmliaribus
1738 3033 2128 3111 tentamentis,

525 3119 811 3176 abundans
828 3136 1077 3189 numero,
1092 3122 1318 3191 audacia
1334 3131 1666 3194 promptum,
1682 3132 1844 3205 atque
1857 3124 1922 3185 ad
1937 3140 2131 3199 omnes

529 3214 657 3271 belli
710 3226 858 3271 artes
904 3226 1175 3289 paratum.
1234 3217 1461 3274 Praestat
1521 3228 1700 3281 tamen
1758 3220 2130 3290 magnitudine

530 3308 737 3367 Petraea
761 3313 914 3385 regio
931 3354 945 3380 ,
975 3327 1096 3385 quae
1125 3312 1268 3367 unde
1293 3313 1613 3377 vocabulum
1636 3300 1928 3388 acceperit,
1964 3330 2125 3388 supra

530 3400 787 3458 diximus.
818 3403 986 3475 Major
1010 3406 1165 3477 hmo;
1194 3406 1289 3461 sed
1331 3408 1516 3462 utilior
1556 3406 1805 3477 Galilrea,
1847 3410 1973 3480 quia
2021 3420 2130 3479 tota

533 3507 841 3568 exercetur,
868 3516 967 3555 nec
992 3502 1095 3556 ulla
1123 3517 1246 3572 pars
1264 3503 1384 3572 ejus
1408 3502 1671 3560 fructibus
1695 3504 1979 3575 infecunda
2010 3520 2128 3577 est;

535 3591 631 3648 sed
664 3595 916 3650 universa
942 3595 1232 3666 terraiejus
1254 3597 1431 3667 opima
1453 3605 1508 3653 et
1528 3600 1702 3655 ferax.
1727 3599 1931 3665 Petraea
1950 3611 2131 3671 autem

535 3685 804 3752 diffusior,
837 3688 933 3747 sed
957 3704 1027 3745 ex
1051 3691 1257 3762 majore
1283 3702 1434 3765 parte
1460 3692 1676 3759 deserta
1694 3710 1758 3751 ac
1790 3695 1982 3766 rigida,
2012 3714 2133 3768 qua;

539 3796 918 3839 mansuescere
962 3785 1168 3840 arando
1208 3786 1443 3856 nesciat,
1478 3802 1577 3845 nec
1617 3790 1927 3860 asperiores
1960 3789 2136 3857 facilis

537 3889 732 3932 succos
753 3876 996 3935 domare.
1026 3878 1130 3933 Sed
1158 3893 1351 3935 rursus
1378 3881 1557 3951 portio
1579 3880 1698 3952 ejus
1721 3883 1902 3943 mollis
1922 3882 1988 3947 ad
2020 3885 2136 3941 cul-

538 3977 684 4036 tum,
724 3967 915 4037 fertilis
943 3970 1009 4027 ad
1042 3987 1196 4039 nsum
1221 4015 1235 4039 ,
1268 3982 1417 4045 grata
1449 3973 1517 4029 ad
1548 3985 1869 4046 aspectum,
1902 3977 2049 4045 mitis
2067 3978 2134 4034 ad

536 4061 880 4129 exercitium,
938 4062 1171 4133 insitlvis
1219 4066 1371 4121 utilis
1396 4066 1572 4137 pomis
1592 4109 1608 4135 ,
1639 4068 1819 4124 omnia
1849 4067 2054 4135 ferens,
2080 4078 2137 4139 ut

538 4169 760 4226 campos
790 4156 907 4227 ejus
934 4157 1205 4212 distinctae
1239 4159 1289 4214 in
1317 4158 1495 4214 fronte
1528 4170 1826 4230 praetexam
1873 4163 2098 4219 arbores
2119 4205 2133 4229 ,

538 4250 591 4307 in
622 4250 801 4304 medio
825 4261 1113 4307 venustent
1145 4261 1239 4306 :et
1290 4252 1611 4323 plerumque
1638 4269 1663 4306 a
1698 4254 1864 4308 nimio
1887 4255 2003 4323 sole
2047 4253 2135 4323 vel

538 4343 739 4415 frigore
792 4344 1086 4403 defendant
1134 4352 1252 4400 sata
1290 4362 1303 4398 :
1338 4345 1684 4418 maximeque
1738 4346 1860 4401 olea
1904 4347 2137 4403 vestitus

539 4455 688 4513 ager,
719 4452 813 4496 aut
840 4441 1041 4498 vitibus
1066 4442 1327 4509 intextus,
1356 4441 1988 4514 autpalmisinsignitus.
2015 4442 2139 4498 Ine-

541 4536 811 4593 narrabile
839 4546 1041 4608 quanto
1068 4536 1252 4592 decori
1288 4536 1379 4601 sit,
1412 4552 1534 4605 cum
1567 4545 1731 4593 vento
1774 4536 1993 4607 impulsi
2026 4536 2143 4609 pal-

544 4644 752 4695 marum
784 4628 1007 4693 ordines
1035 4637 1401 4698 concrepant,
1428 4638 1479 4685 et
1501 4629 1787 4695 suaviores
1828 4629 1993 4685 solito
2022 4631 2140 4685 l'un-

545 4720 746 4789 duntur
775 4720 1110 4790 dactylorum
1136 4721 1357 4778 odnrcs.
1385 4720 1496 4777 Nec
1526 4723 1721 4777 mirum
1740 4722 1783 4776 si
1817 4721 1996 4792 omnis
2029 4722 2142 4777 illic

544 4815 718 4887 gratia
739 4815 1027 4873 viriditatis
1054 4826 1158 4881 est,
1175 4817 1265 4877 ubi
1288 4818 1517 4872 ammnis
1542 4816 1824 4872 fluviorum
1851 4816 2143 4886 meatibus,

547 4923 609 4961 ex
640 4908 924 4977 superiore
952 4909 1358 4965 decurrentium
1397 4910 1527 4983 jugo
1561 4912 1862 4979 montium,
1896 4910 2148 4985 superfu-

546 5017 641 5058 sus
667 5018 796 5071 ager
823 5004 1056 5075 rigatur,
1080 5014 1133 5058 et
1156 5003 1332 5065 niveis
1358 5004 1599 5062 fontibus
1626 5013 1844 5061 scatens
1864 5003 2146 5076 possidea-

550 5105 635 5152 tur
656 5113 777 5152 cum
803 5098 1004 5154 invidia
1024 5140 1039 5163 ,
1077 5099 1418 5167 desideretur
1450 5115 1574 5165 cum
1617 5101 1812 5171 gratia.
1840 5098 2149 5171 Longitudo

549 5191 665 5263 ejus
706 5206 737 5246 a
766 5191 1117 5251 Macheruute
1144 5210 1315 5266 usque
1343 5195 1409 5250 ad
1440 5196 1669 5259 Pellam.
1704 5196 1754 5252 id
1779 5203 1896 5266 est,
1920 5211 1950 5250 a
1976 5196 2146 5251 latere

550 5286 858 5353 meridiano
880 5300 1049 5357 usque
1074 5287 1129 5343 in
1154 5291 1609 5361 Septentrionem.
1638 5289 1891 5357 Latitudo
1913 5301 2092 5353 autem
2115 5305 2146 5347 ἃ

552 5380 926 5449 Philadelphia
950 5396 1121 5452 usque
1146 5385 1210 5436 ad
1234 5384 1433 5441 flumen
1455 5384 1773 5452 Jordanem,
1801 5386 1906 5451 hoc
1924 5398 2007 5447 eat
2028 5386 2056 5425 ι»
2079 5386 2150 5459 ab

550 5486 669 5534 orttt
697 5478 830 5533 solis
862 5492 1034 5550 usque
1064 5474 1277 5532 Arabia:
1305 5481 1627 5546 protexitttr.
1685 5480 1740 5541 lu
1770 5496 2023 5547 occasum
2054 5498 2149 5535 au-

553 5578 659 5626 tem
691 5573 827 5637 urbe
855 5572 920 5631 ad
951 5568 1243 5635 Jordanem
1278 5583 1298 5609 ε
1332 5572 1552 5637 flumine
1577 5573 1799 5630 extendi
1830 5574 2150 5643 manifesta.-

627 5687 800 5744 ‘Cod.
819 5697 951 5749 vet..
966 5686 1283 5758 quindecim.
1307 5686 1401 5745 Sic
1423 5699 1471 5746 et
1492 5689 1713 5759 Ioseph.
1730 5691 1769 5746 Ι.
1786 5690 1827 5755 1,
1841 5691 1960 5746 0.2.
1979 5690 2149 5748 ΒΑιιιι.

556 5834 598 5892 Β
634 5765 664 5800 ι’
693 5760 828 5818 Cod.
856 5768 994 5828 vet.,
1025 5762 1089 5815 ab
1112 5769 1230 5816 ortu
1248 5763 1376 5821 solis
1396 5776 1557 5828 usque
1576 5761 1820 5820 Arabiam
1838 5765 2162 5835 praetexitur.

603 5852 728 5892 uta.

603 5852 728 5892 ΑΚΒ.

651 5918 676 5962 9
705 5911 784 5963 An
812 5907 1042 5984 ﬂumen?
1085 5906 1192 5964 Sed
1217 5909 1349 5979 nihil
1371 5918 1539 5966 muto.
1575 5908 1851 5976 GALLAND.

2230 2009 2433 2057 terram
2461 1999 2720 2057 fluentem
2765 2001 2849 2061 lac
2884 2010 2940 2061 et
2966 2002 3106 2068 mel,
3142 2018 3266 2059 cum
3313 2003 3695 2075 spOpondet-it
3739 2006 3824 2061 illis

2230 2092 2654 2153 resurrectionis
2709 2095 3146 2169 praerogativam.
3206 2096 3273 2152 Et
3343 2108 3649 2169 utrumque
3722 2102 3823 2168 qui-

2230 2188 2354 2247 dem
2387 2188 2573 2249 divina
2601 2188 2777 2260 pietas
2806 2190 3154 2254 contulerat,
3195 2190 3243 2244 si
3273 2189 3440 2255 fidem
3471 2203 3820 2257 ServaSSeat:

2230 2282 2326 2338 sed
2360 2282 2669 2347 inﬁdelibus
2698 2280 2897 2351 animis
2935 2292 3230 2354 utrumque
3267 2293 3526 2354 ereptum
3555 2300 3572 2339 :
3602 2284 3697 2341 hic
3715 2284 3821 2358 jugs

2230 2375 2558 2448 captivitatis
2582 2417 2598 2443 ,
2650 2374 2765 2431 illic
2792 2375 3011 2433 vinculo
3052 2377 3284 2448 peccati.
3318 2376 3630 2445 Nemorosa
3664 2380 3817 2449 regio,

2230 2478 2287 2526 et
2316 2469 2440 2525 ideo
2463 2468 2619 2525 dives
2651 2470 2898 2540 pecoris,
2950 2479 3004 2525 et
3032 2468 3318 2525 abundans
3353 2468 3541 2533 lactis.
3608 2471 3819 2539 Denique

2233 2577 2496 2633 nusquam
2528 2562 2607 2617 sic
2636 2563 2778 2619 lacte
2807 2562 3043 2619 distenta
3076 2578 3243 2634 pecus
3272 2564 3444 2619 ubera
3473 2566 3644 2635 gerit.
3682 2564 3816 2629 Poma

2231 2656 2503 2711 silvestria
2527 2655 2612 2717 vel
2640 2655 2852 2711 insitiva
2870 2671 3034 2727 super
3051 2656 3295 2719 omnium
3311 2658 3608 2727 regionum
3634 2657 3813 2727 copias.

2231 2747 2456 2805 Referta
2486 2756 2665 2805 autem
2698 2759 2929 2818 utraque
2950 2749 3033 2805 vel
3062 2748 3248 2813 Judtea
3276 2751 3358 2804 vel
3382 2751 3641 2817 Samaria
3670 2750 3812 2804 homi-

2235 2859 2364 2907 num
2399 2841 2770 2909 multitudine,
2797 2851 2854 2895 ut
2885 2840 3017 2896 mihi
3042 2840 3331 2899 videantur
3362 2840 3495 2911 hinc
3517 2841 3652 2909 illud
3677 2842 3813 2899 inter-

2234 2939 2429 3012 pretati
2460 2936 2633 2993 Judati
2671 2935 2815 3007 quod
2855 2938 3114 3007 scriptum
3145 2944 3258 3004 est,
3294 2936 3423 3009 quia
3457 2939 3612 2997 nulla
3637 2939 3735 2993 erit
3771 2938 3809 2997 is

2236 3032 2323 3101 his
2367 3032 2502 3088 locis
2525 3029 2734 3086 sterilis
2764 3039 2823 3086 et
2844 3029 3133 3085 infecunda
3157 3071 3173 3096 ,
3205 3045 3330 3097 cum
3359 3030 3467 3089 hoc
3498 3030 3589 3086 lex
3639 3032 3703 3086 de
3728 3045 3809 3085 tue-

2235 3127 2462 3189 ritorum
2494 3123 2825 3181 fecunditate
2855 3124 3271 3197 praescripserit,
3302 3134 3359 3187 et
3393 3122 3659 3183 virtutum
3692 3124 3809 3180 ferti-

2234 3220 2403 3283 litate.
2436 3218 2766 3287 Principium
2797 3217 3057 3283 Samaria:
3081 3216 3151 3274 de
3179 3215 3399 3285 Arabia:
3428 3218 3639 3277 ﬁnibus
3659 3235 3687 3272 a
3718 3219 3807 3275 vim

2153 3281 2205 3350 α
2236 3313 2321 3369 cui
2348 3327 2545 3367 nomen
2568 3309 2825 3376 Jordani,
2862 3309 2982 3364 linis
3004 3310 3070 3364 ad
3103 3311 3420 3381 aquilonem
3457 3311 3585 3366 vico
3618 3312 3804 3373 Bnl’t‘eﬂ;

2236 3406 2470 3462 latitudo
2498 3414 2677 3461 autem
2694 3402 2895 3459 Judmte
2918 3419 2947 3459 a
2973 3402 3142 3459 fluvio
3159 3403 3400 3460 Jordane
3414 3420 3595 3476 usque
3614 3404 3802 3475 Joppen.

2238 3502 2429 3574 Incipit
2458 3501 2602 3557 enim
2646 3515 2675 3552 a
2701 3498 2939 3554 fontibus
2956 3498 3234 3564 .lordauis,
3259 3508 3315 3554 et
3340 3514 3372 3553 a
3405 3510 3600 3555 monte
3622 3499 3803 3565 Libano,

2237 3603 2293 3650 et
2315 3610 2487 3673 usque
2504 3592 2568 3648 ad
2584 3591 2892 3659 Tiberiadis
2916 3593 3090 3655 lacum
3105 3591 3384 3648 dilatatur.
3410 3593 3455 3651 Α
3484 3593 3611 3649 vico
3632 3607 3805 3663 quoque

2238 3686 2408 3741 Artha
2426 3685 2642 3740 initium
2670 3684 3029 3754 longitudinis
3051 3684 3192 3754 ejus,
3214 3699 3337 3754 qua:
3368 3700 3547 3756 usque
3572 3685 3638 3740 ad
3665 3686 3802 3738 vicum

2238 3777 2551 3833 extenditur
2576 3775 2866 3842 Iuliadem,
2890 3776 2943 3839 in
2966 3791 3075 3845 quo
3100 3774 3413 3831 .Iutlaeorum
3440 3779 3649 3848 pariter
3668 3788 3715 3832 et
3730 3777 3803 3847 Ty-

2241 3874 2444 3939 riornm
2473 3871 2783 3926 communis
2808 3870 3094 3926 habitatio.
3125 3868 3182 3924 lu
3211 3869 3398 3925 medio
3428 3879 3618 3939 autem
3646 3870 3803 3927 ludam

2239 3969 2433 4023 civitas
2472 3966 2871 4039 Hierosolyma,
2901 3965 3055 4037 quasi
3083 3964 3377 4020 umbilicus
3396 3967 3641 4045 regionis
3657 3966 3802 4031 totius,

2242 4072 2299 4116 ut
2323 4060 2681 4132 prudentibus
2714 4060 2935 4130 placuit,
2968 4067 3312 4129 nuncupatur
3343 4075 3358 4112 :
3387 4059 3677 4125 abundans
3696 4060 3804 4127 regio

2242 4155 2655 4225 mediterraneis
2686 4152 2877 4223 copiis,
2927 4167 3029 4223 pec
3060 4150 3309 4208 fraudata
3368 4152 3685 4220 maritimis,
3714 4150 3801 4221 quia

2245 4251 2533 4329 praetendit
2577 4266 2747 4322 usque
2775 4250 2842 4304 ad
2921 4249 3336 4316 Ptoletuaidem,
3394 4260 3449 4313 et
3495 4261 3667 4321 totum
3706 4245 3800 4307 illud

2244 4362 2394 4401 mare
2422 4345 2677 4416 prmtexit
2703 4342 2971 4399 littoribus
2988 4345 3122 4407 suis.
3157 4343 3337 4407 Multa:
3367 4344 3560 4411 urbes,
3591 4344 3683 4409 sed
3704 4344 3802 4402 inter

2243 4454 2435 4493 omnes
2486 4437 2859 4508 Hierosolyma
2912 4436 3116 4501 eminet
3150 4453 3163 4489 :
3194 4436 3266 4495 ita
3298 4444 3358 4491 ut
3400 4438 3556 4507 quasi
3604 4434 3801 4517 capulis

2243 4549 2473 4610 corpore
2504 4548 2611 4593 non
2638 4533 2925 4589 obumbret
2947 4546 3041 4587 sua
3066 4532 3334 4599 membra,
3359 4530 3456 4587 sed
3488 4545 3658 4604 regat,
3680 4543 3801 4601 atque

2245 4629 2325 4684 eis
2358 4624 2570 4682 tuitioui
2596 4625 2667 4679 sit
2696 4634 2753 4680 et
2795 4622 3209 4701 pulchritudini.
3241 4623 3318 4689 De
3348 4620 3543 4681 Iudaea
3569 4624 3731 4693 itaque
3766 4627 3804 4674 et

2251 4716 2494 4773 finitimis
2526 4715 2856 4786 regionibus,
2891 4724 3197 4795 opportuno
3229 4714 3361 4783 licet
3387 4714 3722 4785 compendio,
3754 4726 3799 4777 ea

2249 4832 2368 4889 qua:
2394 4812 2746 4886 significanda
2772 4811 3008 4876 fuerant,
3026 4826 3133 4867 non
3158 4812 3635 4881 prmtermisimus.

2864 4903 3092 4965 CAPUT
3135 4902 3243 4969 VII.

2325 4999 2673 5072 Sephoritani
2701 5009 2724 5037 ο
2757 5014 2974 5071 quoque
2993 5009 3045 5065 et
3076 4999 3276 5065 tributa
3302 5004 3359 5067 et
3386 4996 3629 5061 subsidia
3652 4994 3803 5065 milita-

2252 5098 2353 5166 ria,
2380 5097 2634 5168 regiones
2657 5094 2913 5165 finitimns
2953 5092 3324 5169 incursabant,
3366 5093 3728 5153 auctoritatem
3749 5090 3801 5143 la-

2257 5190 2560 5259 trocinandi
2610 5190 2870 5261 liberam,
2921 5188 3023 5253 sibi
3078 5187 3203 5245 belli
3254 5186 3442 5258 specie
3494 5185 3800 5247 vindicantes,

2256 5287 2400 5360 qnod
2428 5287 2660 5358 imperio
2697 5286 2942 5351 Romano
2977 5299 3007 5351 a
3052 5282 3254 5349 Iudaeis
3284 5282 3640 5351 inferebatur.
3690 5277 3801 5336 Unde

2255 5382 2526 5454 Josephus
2546 5375 3372 5453 acceptteaccrbitatisinjuriam
3388 5375 3576 5441 ulcisci
3596 5373 3798 5455 gestiens,

2258 5482 2465 5541 irruere
2494 5478 2547 5533 in
2571 5476 2758 5543 urbem
2777 5473 3065 5544 Sephorim
3083 5513 3097 5535 ,
3131 5471 3336 5531 sociato
3361 5468 3465 5537 sibi
3491 5468 3794 5533 Plurimorum

2259 5589 2484 5633 numero
2509 5570 2809 5635 contendit.
2832 5581 2890 5626 ut
2911 5584 3007 5639 eos
3025 5576 3118 5639 aut
3146 5575 3431 5635 revocaret
3461 5566 3513 5635 in
3542 5563 3794 5621 societatem

2333 5685 2362 5733 δ
2388 5685 2673 5743 Barrensis
2719 5684 2890 5741 editio
2914 5699 3021 5742 non
3050 5681 3214 5747 habet
3241 5679 3399 5739 modo
3433 5695 3453 5733 :
3498 5677 3706 5734 fortasse
3738 5689 3795 5729 rev

2273 5762 2439 5834 otius;
2472 5757 2794 5834 (inuno:
2875 5828 2885 5834 _
2969 5828 2980 5834 _
3078 5827 3091 5834 _
3534 5822 3547 5834 ,

2347 5817 2383 5869 ε’
2401 5830 2538 5887 Cod.
2573 5839 2709 5896 vet.,
2756 5827 3117 5901 Sephoritam'a
3147 5822 3438 5901 contrib_uta
3466 5821 3678 5878 subsidia
3701 5817 3793 5871 mili-

2272 5904 2405 5971 taria
2430 5904 2657 5977 regionis
2680 5897 2916 5974 ﬁnitima
2940 5898 3295 5956 incursabant.
3327 5897 3500 5967 Bentt.
