4112 6350
327 382 472 443 ΞΟΠ

1198 377 1471 438 HISTOR.
1514 377 1605 434 DE
1645 375 1928 443 EXCIDIO
1964 375 2243 439 HIEROS.
2286 374 2493 434 URBIS
2530 373 2660 433 LIB.
2702 374 2769 432 II.

3492 366 3637 429 εοτε

328 493 566 559 διιάωερ,
596 500 690 555 aut
717 492 1033 555 resistentes
1053 506 1312 564 supremo
1341 489 1419 565 (si
1454 492 1670 563 posset)
1719 489 1933 555 excidio
1958 497 2013 555 Α
2036 490 2165 553 dum
2215 499 2448 555 mature.
2506 490 2637 555 Haec
2680 489 2918 553 strictim
2957 488 3306 563 significavit.
3350 487 3484 557 nihil
3516 502 3642 560 pro-

335 589 707 651 labefactaret.
741 587 847 649 Sed
893 587 1176 658 utriusque
1200 595 1429 647 conatus
1456 585 1653 651 effectu
1681 584 1883 645 excidit
1913 603 1928 641 :

330 683 455 755 quia
489 696 590 746 nec
638 681 956 741 dissuadere
990 681 1167 752 potuit
1219 679 1481 739 Romanae
1531 676 1933 750 coniunctionis

329 775 689 845 electionem,
735 789 836 833 nec
872 774 1061 837 urbem
1093 781 1373 845 evertere,
1403 788 1564 846 quam
1598 774 1713 846 ipse
1736 771 1932 827 talibus

328 868 687 931 munimentis
720 868 1065 936 firmaverat,
1094 877 1153 926 ut
1181 883 1212 924 a
1241 867 1498 925 Romanis
1524 880 1737 938 quoque
1773 865 1931 937 longe

327 962 805 1035 praestantioribus
850 962 1149 1035 expugnari
1177 962 1447 1033 nequiret.
1506 960 1719 1018 Cecinit
1747 960 1931 1031 itaque

323 1056 652 1122 classicum,
705 1063 911 1115 tentata
952 1054 1255 1127 irruptione
1300 1052 1421 1113 sine
1471 1053 1588 1111 ullo
1639 1050 1925 1122 profectu,

324 1158 488 1225 atque
518 1148 573 1204 in
602 1155 768 1203 totam
799 1146 1075 1217 regionem
1105 1146 1307 1205 bellum
1331 1145 1609 1203 excitavit.
1639 1144 1931 1216 Vastabant

321 1242 504 1297 cannia
525 1283 540 1307 ,
572 1240 662 1298 die
692 1249 963 1313 noctuque
990 1248 1282 1296 exurentes
1311 1240 1537 1295 aedificia
1561 1280 1575 1306 ,
1606 1239 1929 1309 diripientes

322 1335 686 1413 patrimonia,
746 1335 1082 1413 perimentes
1135 1347 1509 1411 quoscumque
1540 1331 1686 1388 bello
1715 1331 1928 1389 habiles

319 1425 904 1499 compreltcndissent,
964 1424 1211 1482 infirmos
1255 1424 1500 1483 servituti
1547 1424 1923 1495 subjicientes.

323 1518 553 1591 Repleta
582 1527 700 1574 erat
723 1517 945 1575 Galilaca
976 1517 1158 1572 omnis
1188 1517 1476 1584 incendio,
1522 1518 1817 1590 sanguine,
1850 1518 1927 1575 la-

321 1613 587 1679 trocinio,
625 1612 825 1668 nullius
856 1611 1114 1668 immunis
1145 1613 1380 1667 miseria:
1403 1653 1417 1678 ,
1448 1620 1504 1667 et
1531 1622 1555 1649 τι
1578 1611 1810 1669 deformi
1843 1627 1926 1668 re-

320 1723 439 1762 rum
470 1705 716 1762 omnium
745 1705 960 1781 specie,
1007 1720 1129 1760 cum
1160 1704 1207 1761 si
1237 1705 1364 1778 quid
1396 1706 1503 1777 igni
1537 1714 1631 1763 aut
1677 1707 1795 1763 neci
1834 1721 1927 1763 su-

318 1799 615 1877 perfuisset
634 1842 650 1868 ,
678 1799 979 1873 captivitati
1002 1809 1398 1867 reservaretur.
1434 1800 1603 1875 Cujus
1625 1799 1654 1839 ι)
1682 1801 1811 1859 mali
1833 1801 1924 1859 illa

318 1910 439 1971 quae
480 1894 644 1971 paulo
684 1904 812 1950 ante
842 1894 1126 1950 acerbiora
1150 1894 1421 1955 aestimata
1464 1905 1626 1965 sunt,
1665 1894 1924 1971 praefere-

322 1988 543 2044 bantur.

915 2078 1146 2147 CAPUT
1187 2080 1329 2141 VIII.

392 2172 520 2232 Haec
548 2174 806 2248 praelusio
834 2174 1083 2249 quaedam
1114 2174 1241 2233 belli
1273 2176 1411 2232 facta
1433 2219 1447 2245 ,
1482 2186 1610 2235 ante
1637 2193 1795 2252 quam
1826 2178 1920 2237 Τί·-

315 2278 403 2323 tus
427 2269 641 2329 veniret
667 2286 680 2322 :
713 2268 805 2338 qui
838 2267 1185 2342 simulatque
1211 2286 1277 2327 ex
1305 2270 1504 2335 Achaia
1534 2271 1919 2335 Alexandriam

316 2363 651 2441 transmisit,
675 2361 957 2434 perductis
979 2363 1244 2427 militibus
1270 2365 1570 2422 secundum
1604 2365 1920 2423 mandatum

320 2459 515 2537 patris,
550 2455 616 2512 ad
641 2457 830 2521 urbem
856 2457 1099 2514 occurrit
1124 2457 1547 2526 Ptolemaidem,
1578 2459 1762 2543 ibique
1783 2475 1919 2515 cono

312 2551 471 2611 nexis
489 2549 772 2613 ordinibus
787 2550 975 2623 quinto
996 2561 1052 2607 ct
1066 2550 1302 2615 decimo,
1321 2551 1503 2617 addito
1518 2553 1677 2611 etiam
1699 2552 1922 2627 quinto-

308 2647 547 2717 decimo,
566 2647 656 2718 qui
678 2655 836 2713 erant
851 2647 1363 2721 praecellentissimi,
1380 2656 1818 2725 congregatoque
1835 2649 1920 2713 vel

306 2738 582 2806 Romano,
611 2739 691 2794 vel
714 2737 991 2794 sociorum
1014 2738 1283 2806 exercitu,
1303 2752 1461 2796 atrox
1485 2753 1541 2797 et
1560 2743 1920 2811 memorabile

308 2838 514 2893 bellum
537 2835 987 2908 cmperunt.Nain
1014 2837 1108 2893 ubi
1138 2838 1331 2909 primis
1364 2836 1536 2893 initiis
1561 2838 1772 2908 placido
1794 2838 1920 2896 duci

302 2944 571 3002 prospere
586 2930 779 3000 gestis,
796 2928 1035 2986 secunda
1055 2929 1107 2984 in
1129 2930 1415 2985 adversum
1440 2945 1679 2998 cessere,
1705 2931 1919 3002 profec-

305 3032 397 3083 tus
422 3021 1057 3094 infensiorVespasianus
1073 3038 1195 3079 cum
1215 3024 1328 3078 lilio
1346 3023 1415 3079 de
1431 3023 1783 3081 Ptolemaidis
1798 3027 1920 3083 fini-

300 3117 432 3191 bus,
461 3116 514 3170 in
559 3114 840 3179 Galilaeam
892 3130 1016 3171 sese
1047 3115 1355 3171 immersit:
1386 3115 1723 3193 Cognitoque
1773 3119 1917 3199 quod

300 3223 499 3280 pacem
546 3211 885 3276 abnuerent,
919 3209 1118 3283 quibus
1157 3209 1434 3277 obtulerat
1482 3211 1914 3277 condemnanda}

2037 599 2205 659 pense
2231 588 2285 649 in
2306 584 2535 649 alteram
2562 593 2795 657 partem.
2816 600 2884 641 ne
2901 596 2991 641 aut
3012 584 3243 649 bellator
3264 581 3640 652 meticulosus,

2037 687 2133 735 aut
2162 679 2413 749 pertinax
2447 678 2679 743 rebellio
2701 678 3064 750 judicaretur.

2656 771 2884 830 CAPUT
2926 771 3022 833 IX.

2105 865 2320 929 Rursus
2362 864 2433 922 de
2481 863 2619 923 urbe
2646 864 2937 922 Tiberiade
2981 864 3289 937 .lotapatam
3324 862 3480 935 petit,
3520 862 3637 919 sive

2032 958 2179 1035 quod
2211 958 2473 1025 munitior
2512 959 2727 1017 caeteris
2755 966 2925 1021 esset.
2958 965 3014 1015 et
3052 964 3346 1029 propterea
3388 956 3441 1019 in
3487 969 3638 1019 eam.

2032 1052 2156 1113 dem
2186 1052 2401 1124 plurimi
2423 1066 2484 1109 se
2513 1051 2877 1113 contulissent
2900 1049 3044 1107 bello
3077 1048 3447 1127 promptiores
3474 1063 3488 1101 :
3521 1047 3637 1107 sive

2032 1146 2178 1218 quod
2226 1160 2292 1202 eo
2344 1145 2711 1216 Vespasianus
2754 1143 3043 1213 plerosque
3082 1156 3152 1203 ex
3195 1141 3309 1205 suis
3355 1138 3667 1199 direxerat.

2031 1240 2121 1314 qtti
2154 1240 2437 1303 munirent
2472 1238 2598 1306 iter,
2631 1236 2776 1309 quod
2807 1253 2901 1308 per
2950 1245 3168 1297 montes
3197 1232 3417 1295 difﬁcile
3465 1246 3630 1291 saxo—

2030 1352 2279 1407 sumque,
2308 1350 2559 1406 asperum
2592 1331 2884 1404 peditibus,
2908 1329 3181 1399 equitibus
3210 1336 3389 1391 autem
3417 1325 3625 1391 invium

2031 1440 2191 1502 atque
2240 1426 2610 1498 insuperabile
2641 1424 2800 1481 foret.
2852 1424 3092 1491 Denique
3137 1421 3330 1475 diebus
3377 1428 3631 1490 quatuor,

2033 1544 2100 1585 ne
2123 1524 2388 1599 angustiae
2420 1522 2725 1585 officerent.
2762 1526 3003 1575 reserata
3026 1525 3158 1575 sunt
3187 1515 3395 1575 viarum
3421 1522 3590 1571 strata
3616 1530 3631 1567 ε

2029 1618 2391 1693 compositum
2417 1614 2542 1681 iter,
2574 1628 2683 1686 quo
2705 1611 2921 1671 facilius
2947 1609 3125 1667 omnis
3149 1608 3421 1669 exercitus
3453 1617 3634 1661 trans—

2031 1712 2358 1777 mitteretur.
2391 1709 2592 1778 Quinto
2633 1706 2724 1762 die
2773 1705 3027 1765 transivit
3056 1718 3121 1758 eo
3153 1700 3449 1777 Iosephus,
3483 1699 3634 1771 deje-

2028 1819 2256 1880 ctosque
2293 1804 2605 1869 Judaaorum
2650 1800 2866 1859 animos
2892 1799 3089 1854 erexit.
3128 1794 3460 1871 Vespasiano
3491 1807 3629 1863 quo-

1952 1902 2002 1962 B
2028 1917 2135 1973 que
2160 1900 2250 1961 ubi
2282 1899 2481 1969 factum
2526 1894 2785 1957 indicium
2812 1908 2879 1949 eo
2916 1890 3217 1961 .Iosephum
3264 1901 3629 1955 commeasse,

2029 1995 2360 2061 incentivum
2404 1987 2683 2053 celerandi
2726 1985 2941 2043 itineris
2987 1983 3243 2051 accessit,
3272 1978 3414 2052 quod
3458 1978 3631 2035 confi-

2025 2088 2202 2151 ciendi
2235 2085 2362 2151 belli
2390 2082 2776 2155 compendium
2809 2088 3048 2157 putaret.
3077 2078 3123 2135 si
3150 2077 3257 2135 dux
3308 2084 3363 2133 et
3388 2073 3626 2147 populus

2006 2185 2169 2242 ’bello
2200 2181 2503 2255 promptior
2535 2175 2975 2246 interciperetur,
3018 2173 3251 2232 Advenit
3282 2172 3464 2243 itaque
3503 2183 3628 2235 cum

2025 2278 2268 2345 exercitu
2297 2295 2309 2333 :
2339 2286 2396 2333 et
2423 2274 2601 2348 primo
2643 2273 2733 2333 die
2762 2269 3024 2338 curandis
3067 2268 3192 2324 cibo
3236 2266 3520 2333 militibus,
3554 2279 3627 2325 ne

2022 2389 2092 2432 ex
2114 2373 2308 2437 itinere
2336 2370 2591 2443 fatigatos
2612 2383 2747 2431 cura
2776 2367 2903 2424 belli
2928 2367 3249 2430 incesseret,
3283 2371 3499 2431 tempus
3529 2359 3627 2416 de-

2022 2469 2121 2533 dit,
2154 2464 2415 2539 Sequenti
2446 2463 2536 2521 die
2567 2461 2769 2533 duplici
2798 2463 2916 2523 acie
2944 2457 3169 2517 vallavit
3197 2456 3410 2521 urbem,
3442 2464 3494 2510 et
3520 2463 3630 2523 ter-

2023 2562 2099 2618 tio
2139 2558 2381 2634 equestri
2427 2557 2642 2621 ordine,
2690 2552 2845 2627 Quod
2897 2552 3147 2617 videntes
3174 2549 3347 2611 Judaei
3380 2548 3625 2613 inclusos

2021 2671 2103 2723 se,
2133 2663 2190 2710 et
2220 2653 2475 2719 obsessos
2510 2649 2769 2720 undique,
2800 2662 2903 2703 nec
2936 2646 3106 2707 ullum
3139 2653 3161 2682 ο
3194 2642 3384 2714 refugii
3415 2641 3621 2707 locum,

2022 2750 2136 2820 ipsa
2165 2747 2546 2817 desperatione
2595 2743 2878 2799 audaciam
2923 2755 3227 2812 sumpsere.
3269 2738 3431 2801 Nulla
3473 2738 3621 2803 enim

2020 2859 2109 2901 res
2142 2844 2531 2915 promptiorem
2563 2838 2706 2897 bello
2736 2836 2963 2901 militem
3005 2834 3202 2900 reddit,
3236 2847 3398 2905 quam
3427 2846 3623 2887 neces-

2019 2938 2153 2995 sitas
2193 2933 2498 3009 prmliandi,
2549 2942 2606 2989 et
2652 2937 2983 3002 praeruptum
3031 2925 3352 3001 periculum.
3388 2923 3626 2996 Urgebat

2019 3031 2387 3101 Vespasianus
2403 3026 2621 3099 jaculis,
2647 3023 2874 3096 urgebat
2902 3021 3138 3093 sagittis,
3166 3018 3464 3085 missilibus
3483 3030 3621 3089 quo-

2017 3139 2124 3201 que
2158 3122 2376 3193 plurimi
2400 3119 2712 3185 Judmorum
2744 3117 2883 3175 ultra
2915 3129 3101 3179 muros
3133 3114 3429 3184 progressi,
3452 3110 3625 3171 desti-

2018 3227 2142 3283 nata
2172 3215 2403 3281 feriendi
2445 3223 2562 3277 arte
2603 3211 3033 3269 vulnerabantur
3065 3224 3078 3263 :
3113 3207 3405 3273 manebant
3437 3214 3622 3260 tamen

300 3314 328 3342 ε
355 3303 717 3359 dissensionis
748 3303 986 3375 c0piam,
1019 3300 1066 3358 si
1090 3302 1191 3361 sibi
1224 3304 1615 3359 consulendum
1641 3313 1911 3375 putarent,
1939 3301 1985 3363 C
2019 3310 2584 3386 impavidi,Tentabat
2603 3308 2785 3369 omnia
2812 3307 2983 3373 virtus
3002 3304 3245 3367 Romana
3268 3319 3283 3370 ;
3303 3312 3354 3359 et
3385 3301 3622 3363 maxime

292 3396 574 3453 Gadaram
608 3395 848 3452 funditus
862 3398 1077 3462 evertit,
1103 3412 1328 3452 vacuam
1359 3397 1713 3465 bellatoribus
1743 3398 1910 3454 olfen-

293 3492 460 3553 dens,
478 3491 623 3563 quod
642 3506 833 3547 omnes
853 3492 1164 3557 validiores,
1185 3490 1501 3549 diffidentes
1522 3492 1913 3561 inﬁrmioribus

293 3585 683 3651 munimentis,
716 3585 781 3642 ad
816 3588 1111 3647 munitiora
1143 3603 1263 3645 sese
1292 3588 1654 3645 contulerant.
1705 3590 1912 3663 Reper-

294 3683 372 3735 tis
396 3682 580 3757 itaque
609 3697 715 3737 non
744 3682 1008 3759 pepercit,
1028 3682 1123 3737 sed
1139 3698 1330 3738 omnes
1351 3683 1728 3752 necarijussit,
1762 3685 1909 3747 nulla

291 3773 478 3829 aetatis
506 3776 969 3848 contemplatione
991 3817 1006 3841 ,
1037 3776 1185 3831 nulla
1223 3776 1556 3839 infirmitatis
1596 3778 1911 3845 misericor-

292 3867 423 3938 dia,
457 3868 602 3940 quod
630 3885 737 3924 non
768 3877 874 3924 tam
901 3868 1023 3940 jure
1055 3869 1207 3937 belli,
1233 3887 1395 3941 quam
1424 3870 1696 3927 Cestianae
1715 3887 1907 3942 pugnae

288 3960 511 4030 dolore,
541 3972 597 4019 et
625 3961 812 4027 eﬂ'usis
841 3963 895 4019 in
927 3962 1143 4020 Iudaeos
1177 3964 1320 4020 odiis
1348 3968 1774 4041 exsequebatur.
1807 3967 1909 4024 Dc-

291 4057 462 4127 n‘ique
494 4072 603 4119 non
624 4059 802 4114 solum
834 4058 1058 4124 urbem,
1096 4058 1192 4115 sed
1220 4059 1382 4115 etiam
1414 4058 1563 4116 vicos
1592 4069 1646 4114 et
1668 4060 1905 4125 munici-

289 4152 381 4222 pia
415 4152 569 4206 exuri
595 4152 875 4225 praecepit.
907 4153 1016 4209 Nec
1042 4154 1241 4225 iniusta
1265 4155 1700 4211 eratcommotio
1732 4172 1745 4210 :
1775 4156 1924 4227 quia,

291 4256 419 4318 post
451 4255 659 4313 tantam
689 4248 1035 4315 insolentiam
1066 4249 1391 4305 emendandi
1431 4249 1643 4306 erroris
1673 4246 1904 4306 faculta-

287 4350 402 4396 tem
434 4340 680 4409 dederat,
730 4358 832 4410 nec
878 4344 1337 4421 obtemperatum.
1367 4345 1688 4409 Transierat
1732 4362 1798 4405 ex
1837 4362 1902 4415 ea

288 4433 432 4498 urbe
460 4433 732 4507 Joseplius
760 4439 813 4501 in
841 4437 1211 4519 Tiberiadem,
1238 4440 1389 4509 prius
1411 4455 1573 4513 quam
1624 4441 1902 4505 Romanus

285 4527 568 4583 exercitus
584 4530 1048 4613 appropinquaret
1064 4551 1076 4597 ς
1094 4532 1188 4599 sed
1209 4533 1329 4604 plus
1345 4532 1652 4591 formidinis
1665 4550 1731 4601 ex
1748 4534 1896 4611 fuga,

283 4635 452 4695 quam
483 4617 693 4676 fiduciae
745 4638 810 4685 ex
848 4626 1135 4694 praesentia
1178 4643 1191 4678 :
1226 4624 1329 4693 hoc
1370 4626 1492 4697 ipso.
1539 4628 1685 4689 enim
1718 4629 1896 4685 territi

284 4725 420 4783 sunt
440 4759 453 4781 ,
480 4717 626 4787 quod
656 4718 804 4785 bello
848 4719 1113 4783 adversus
1146 4721 1419 4787 Romanos
1445 4724 1685 4803 gerendo
1726 4726 1897 4796 impa-

285 4825 404 4867 rem
453 4825 514 4865 se
542 4809 813 4883 Josepbus
853 4814 1245 4883 arbitrabatur.
1278 4815 1467 4887 Neque
1517 4834 1646 4879 vero
1676 4818 1896 4877 aliunde

286 4905 673 4981 prmsumpsit,
727 4906 831 4973 nisi
877 4908 1015 4969 forte
1052 4908 1223 4965 Judaei
1267 4911 1441 4977 studia
1474 4912 1603 4969 belli
1653 4913 1896 4987 depone-

282 5006 429 5067 rent.
459 4996 533 5067 Ea
563 5009 679 5054 erat
718 5000 798 5056 illi
832 4996 858 5038 δ
889 5002 1040 5074 prior
1067 5007 1336 5069 sententia
1372 5023 1385 5071 ;
1418 5007 1461 5067 si
1493 5008 1694 5073 bellum
1727 5008 1896 5083 elige..-

283 5104 449 5167 rent,
496 5093 660 5159 malle
711 5109 772 5150 se
823 5096 1107 5163 subeundo
1154 5098 1402 5170 periculo
1432 5099 1594 5167 ﬁdem
1640 5101 1893 5171 civibus,

286 5199 453 5261 quam
500 5184 830 5251 declinando
872 5199 1134 5260 prazstare
1173 5190 1526 5261 proditorem.
1570 5192 1716 5259 Nihil
1744 5196 1890 5263 enim

286 5276 461 5347 magis
491 5292 723 5343 cavere,
753 5264 913 5349 quam
948 5296 1017 5337 ne
1061 5283 1414 5347 commissum
1449 5285 1625 5356 ipsum
1653 5287 1757 5351 sibi
1793 5289 1889 5345 ho-

282 5382 479 5439 norem
522 5369 733 5441 militiae
784 5380 1047 5442 turparet.
1083 5374 1267 5444 Itaque
1315 5377 1535 5447 scripsit
1575 5379 1642 5437 ad
1697 5379 1889 5443 urbem

281 5461 720 5538 Hierosolymam
748 5466 951 5533 bellum
1005 5469 1359 5539 incubuisse,
1405 5487 1744 5553 propereque
1802 5491 1889 5543 re-

252 5557 588 5643 scriberem
636 5574 825 5631 pacem
877 5577 945 5631 an.
976 5564 1222 5637 praelium
1275 5567 1499 5633 mallent
1537 5586 1551 5623 :
1593 5570 1887 5639 consulen-

354 5685 380 5713 ει
408 5676 698 5745 Deformis.
732 5676 810 5734 In.

352 5745 379 5786 δ
413 5748 593 5804 Malis.
631 5750 704 5806 In.

354 5828 375 5857 ε
405 5819 772 5881 Discessionis.
798 5822 878 5882 In.

351 5888 375 5929 δ
402 5889 602 5967 Potior.
636 5894 759 5975 Mox
791 5897 955 5956 videri
982 5913 1081 5970 pro
1106 5908 1371 5974 praetore.
1400 5903 1572 5979 Bina.

2017 3410 2109 3467 ubi
2150 3406 2447 3471 infirmiora
2499 3402 2815 3471 adverterat
2861 3412 3141 3459 murorum
3188 3394 3455 3462 subsidia,
3503 3393 3616 3451 illic

2016 3500 2226 3572 majore
2258 3496 2607 3569 incumbebat
2636 3510 2797 3559 manu
2828 3510 2839 3547 :
2871 3492 3057 3553 Pudor
3096 3492 3217 3556 hos,
3273 3491 3395 3555 illos
3439 3502 3619 3549 arma-

2012 3596 2110 3655 bat
2137 3609 2263 3668 spes
2288 3592 2499 3658 ultitna,
2534 3590 2679 3649 ferro
2702 3587 2804 3653 sibi
2833 3587 3053 3661 aperire
3080 3585 3220 3649 viam
3247 3584 3438 3649 salutis
3466 3582 3620 3643 desi-

2012 3688 2294 3753 derantes,
2342 3684 2539 3753 Gravia
2577 3682 2886 3745 tolerabant
2908 3680 3104 3747 Judtci,
3152 3692 3254 3735 nec
3284 3675 3497 3732 minora
3531 3691 3620 3731 re-

2010 3780 2259 3849 ferebant
2282 3786 2617 3845 tentaipenta
2641 3772 2905 3837 audaciae,
2931 3772 3131 3833 Peritia
3155 3785 3184 3823 a
3210 3767 3469 3827 Romanis
3490 3781 3614 3827 cum

2012 3873 2232 3939 virtute,
2250 3868 2403 3935 luror
2424 3883 2454 3927 a
2476 3867 2678 3931 Jtttltcis
2703 3880 2825 3931 cum
2851 3864 3155 3925 temeritate
3186 3860 3453 3917 certabat.
3482 3858 3614 3922 Fes-

2008 3967 2085 4029 sis
2110 3964 2292 4037 itaque
2324 3972 2437 4029 tota
2465 3961 2552 4019 die
2590 3959 2700 4025 illis
2749 3974 2848 4031 pro
2892 3959 3091 4026 salute,
3142 3956 3260 4012 istis
3292 3970 3393 4031 pro
3426 3955 3617 4011 trium-

2009 4061 2118 4133 pho
2165 4058 2575 4120 dimicantibus,
2632 4071 2740 4119 nox
2796 4053 3045 4125 praelium
3101 4050 3286 4117 soltit.
3352 4049 3614 4123 Sequenti

2005 4172 2224 4235 quoque
2270 4154 2361 4213 die
2436 4161 2494 4221 et
2534 4152 2698 4215 tertio
2752 4159 3056 4222 quartaque
3109 4147 3502 4210 consimiliter,
3559 4154 3616 4201 et

2006 4251 2196 4323 quinto
2227 4248 2533 4320 prteliatttm
2582 4246 2784 4317 acriter
2820 4261 2833 4299 :
2868 4243 2963 4300 sed
2994 4253 3052 4298 ut
3110 4241 3252 4303 solet
3282 4241 3398 4309 ﬁeri
3427 4239 3482 4299 in
3533 4249 3613 4305 ta-

2004 4345 2146 4413 libus
2173 4343 2401 4419 prteliis,
2433 4342 2589 4415 plura
2632 4340 2861 4403 vulnera
2908 4351 3070 4413 quam
3103 4349 3267 4401 neces
3298 4332 3612 4400 infereban-

2006 4450 2115 4507 tur,
2146 4440 2273 4507 licet
2312 4451 2460 4511 saepe
2500 4444 2558 4497 et
2586 4446 2850 4501 excursus
2896 4446 2925 4486 a
2956 4428 3159 4491 luctans
3196 4433 3251 4483 et
3279 4442 3308 4481 a
3341 4424 3604 4491 Romanis

2003 4541 2347 4603 tentarentur
2386 4530 2706 4604 eruptiones
2751 4545 2764 4585 :
2800 4539 2938 4594 quos
2986 4526 3039 4580 in
3090 4523 3225 4589 iram
3268 4519 3607 4585 accendebat

2001 4629 2195 4700 pudor,
2244 4640 2312 4688 eo
2342 4624 2487 4696 quod
2518 4622 2755 4693 victores
2784 4617 3070 4681 Annibalis
3117 4623 3174 4682 et
3201 4611 3454 4675 Antiochi
3486 4626 3609 4667 om-

1926 4697 1978 4758 D
2004 4697 2264 4793 niumque
2301 4719 2567 4792 gentium,
2609 4714 2848 4773 Judaicis
2894 4710 3097 4785 praeliis
3148 4707 3603 4777 immorahantnr.

2004 4816 2176 4879 Tanta
2222 4823 2341 4881 erat
2384 4811 2645 4875 Romana:
2694 4806 2915 4862 virtutis
2948 4802 2967 4842 ί
3003 4803 3340 4868 constantia,
3392 4810 3449 4861 ut
3495 4815 3605 4857 non

2002 4907 2112 4975 cito
2155 4906 2374 4972 vincere
2421 4916 2546 4975 pars
2590 4897 2720 4961 victi
2768 4898 3134 4957 arstimaretur
3164 4912 3179 4950 :
3208 4893 3302 4950 sed
3339 4892 3604 4961 adversus

2001 5013 2248 5065 naturam
2297 4999 2471 5069 magis
2512 5005 2669 5057 erant
2706 4993 2836 5057 illis,
2866 5006 3028 5067 quam
3062 4990 3115 5049 in
3159 4988 3372 5049 hostem
3419 4998 3601 5054 cena-

2002 5098 2170 5156 mina.
2195 5095 2331 5155 Nam
2358 5092 2552 5159 civitas
2575 5087 2866 5163 praeruptis
2895 5084 3132 5154 undique
3160 5098 3331 5155 prope
3367 5091 3485 5138 erat
3515 5081 3601 5136 itt-

1998 5190 2233 5257 terclusa
2255 5186 2504 5263 rupibus,
2551 5196 2659 5240 non
2701 5179 2845 5233 vallo
2890 5187 2946 5233 et
2972 5176 3142 5245 fossa,
3170 5184 3222 5241 ut
3253 5173 3375 5241 alia:
3408 5172 3597 5237 urbes,

1990 5284 2088 5347 sed
2136 5281 2417 5356 profundis
2460 5286 2579 5339 erat
2627 5270 3041 5333 circuntVaIIata
3089 5265 3426 5341 prtecipitiis,
3476 5278 3596 5341 quae

1993 5392 2095 5439 nec
2132 5380 2280 5435 visus
2307 5370 2588 5429 hominum
2637 5362 3155 5435 comprehenderet,
3188 5374 3289 5414 nec
3332 5371 3463 5412 usus
3507 5357 3593 5410 irt-

1990 5469 2304 5541 vestigaret,
2356 5472 2413 5527 et
2455 5463 2649 5529 horror
2679 5470 2704 5509 8
2746 5457 3039 5519 sollicitius
3069 5454 3372 5511 intuentem
3426 5450 3597 5527 magis

1992 5564 2276 5642 magisque
2307 5559 2611 5627 involvet-et
2641 5577 2655 5610 :
2688 5564 2895 5625 tantum
2940 5552 3009 5617 ab
3051 5547 3306 5622 aquilone
3344 5546 3397 5615 in
3432 5560 3589 5605 mon-

2062 5695 2086 5724 ε
2106 5682 2330 5753 Eﬂ'ugii.
2363 5680 2438 5737 In.

2064 5756 2083 5796 ί
2106 5751 2449 5813 Conscientia.
2483 5751 2559 5808 In.

2054 5840 2079 5878 Β
2105 5828 2396 5900 Sollicitus.
2429 5825 2505 5899 In.
