4112 6350
561 366 705 424 9.079

1887 356 2136 417 SANCTI
2173 357 2498 416 AMBROSII

3712 354 3833 415 9080

559 481 631 537 tis
657 480 874 538 defectu
917 493 1056 535 unus
1095 477 1163 534 ad
1197 477 1387 533 urbem
1435 489 1712 543 accessus,
1768 473 1942 531 arduo
1973 483 2152 530 tamen
2178 478 2232 538 Α
2258 490 2475 547 quoque
2525 475 2814 531 marmoris
2867 475 3022 531 ruina
3082 489 3190 530 non
3231 474 3460 546 frangit,
3519 484 3574 530 et
3621 489 3837 531 marmor

563 591 794 632 ascensu
836 573 1079 646 patebat.
1111 571 1284 640 Quem
1329 569 1604 642 Iosephus
1643 583 1800 624 muro
1830 567 2164 635 interclusit,

563 669 1064 743 propugnatoribus
1103 667 1298 739 sepsit,
1331 673 1391 722 ut
1419 666 1560 720 inter
1592 679 1804 719 murum
1852 662 2164 718 inferiorem

562 773 618 820 et
645 765 832 818 urbem
860 762 1198 832 superiorem
1233 758 1545 831 periculosa
1578 767 1604 795 ει
1637 757 1852 827 eruptio
1878 756 2038 812 ﬁeret
2064 755 2187 810 oh-'

571 856 897 924 sidentibus,
945 865 1000 912 et
1029 854 1263 910 intuenti
1304 863 1452 909 esset
1498 851 1898 908 inaestimabilis
1929 851 2169 923 cognitio

567 950 934 1022 superiorum.
969 947 1178 1004 Civitas
1223 947 1368 1002 enim
1399 947 1514 1016 ipsa
1548 946 1599 1000 in
1643 946 1843 1000 montis
1873 943 2168 1015 supercilio

566 1043 690 1109 sita,
725 1041 777 1096 in
811 1039 1039 1097 circuitu
1066 1038 1419 1095 finitimorum
1454 1037 1719 1094 montium
1751 1037 1899 1092 velut
1928 1037 2162 1108 quodam

571 1133 804 1189 naturali
831 1133 979 1189 vallo
1021 1131 1466 1188 circumdabatur
1501 1141 1657 1202 septo
1687 1131 1910 1202 genitali
1938 1129 2170 1184 abscon-

569 1226 708 1297 dita,
729 1237 786 1282 ttt
814 1241 976 1283 nemo
1003 1227 1155 1298 prius
1182 1225 1296 1280 illic
1325 1226 1512 1281 urbem
1541 1239 1664 1281 esse
1693 1223 1984 1296 intelligat,
2008 1239 2170 1296 quam

570 1319 624 1374 in
657 1321 847 1375 urbem
879 1318 1052 1392 ipsam
1089 1319 1252 1374 fuerit
1294 1319 1592 1390 ingressus.

1200 1413 1430 1470 CAPUT
1473 1413 1543 1470 X.

643 1508 1012 1579 Vestiasianus
1055 1524 1178 1565 cum
1207 1509 1431 1564 vincere
1461 1516 1712 1564 naturam
1746 1507 2019 1578 nequiret,
2051 1520 2172 1561 eam

569 1606 674 1662 sibi
722 1606 838 1677 ipse
879 1607 933 1660 in
983 1604 1357 1676 adiumentum
1414 1604 1726 1671 accersivit,
1783 1612 1840 1658 ut
1887 1601 2176 1658 obsidione

569 1699 831 1755 diuturna
862 1714 958 1770 per
987 1698 1228 1770 inepiam
1268 1698 1376 1753 cibi
1406 1704 1462 1754 et
1490 1707 1647 1768 potus
1675 1702 1898 1767 cogeret
1920 1694 2176 1750 obsessos

571 1792 640 1848 ad
669 1793 1002 1850 deditionem
1055 1809 1069 1848 :
1113 1793 1207 1848 sed
1265 1791 1525 1847 frumenti
1573 1790 1762 1860 copia,
1816 1787 1991 1844 multo
2045 1795 2177 1842 ante

2269 585 2450 625 arenae
2481 569 2638 625 ruina
2682 569 3088 624 comminuitur.
3122 568 3453 624 Retulerunt
3493 579 3668 625 tamen
3695 571 3837 626 etiam

2270 664 2522 732 Romani,
2554 680 2661 736 quo
2691 675 3002 721 commenta
3033 664 3355 720 refellerent
3378 663 3842 730 Judzeorum,con-

2272 768 2353 814 tra
2379 759 2543 814 falces
2573 761 2821 830 Iigantes,
2869 759 3067 829 quibus
3107 757 3378 814 demissos
3411 757 3718 814 inciderent
3743 773 3843 813 sac-

2270 867 2386 918 cos,
2431 851 2576 923 quod
2613 852 2858 907 vacuatis
2895 853 3064 922 paleis
3105 853 3312 908 evitare
3354 852 3548 907 arietis
3577 852 3736 907 ictum
3765 866 3844 907 ne-

2270 946 2508 1018 quirent.
2535 945 2806 1017 Reparato
2838 946 3019 1016 itaque
3059 946 3296 1017 impulsu
3328 946 3620 1013 machimc,
3651 961 3766 1001 cum
3795 959 3844 1001 se

2269 1037 2443 1094 Judaei
2482 1041 2662 1110 urgeri
2688 1039 2954 1107 viderent,
3010 1055 3150 1095 unus
3181 1055 3247 1096 ex
3281 1040 3366 1094 his
3414 1041 3727 1104 Eleazarus,
3773 1040 3846 1094 in-

2272 1132 2453 1203 gentis
2489 1133 2875 1204 magnitudinis
2905 1148 3092 1188 saxum
3133 1134 3375 1199 elevans,
3410 1132 3480 1188 de
3527 1147 3681 1188 muro
3705 1149 3849 1204 super

2272 1229 2497 1284 arietem
2528 1229 2680 1285 elisit
2723 1239 2868 1284 tanta
2907 1229 2984 1296 vi,
3021 1237 3079 1283 ut
3122 1229 3526 1283 comminueret
3571 1236 3727 1298 caput
3755 1241 3850 1282 ma-

2273 1322 2634 1377 chinamenti.
2667 1322 2940 1378 Exsilicns
2971 1337 3191 1394 quoque
3241 1322 3295 1378 in
3339 1322 3585 1378 medium
3614 1320 3847 1384 hostium,

2276 1414 2454 1484 rapuit
2487 1415 2639 1480 illud,
2680 1425 2844 1486 atque
2876 1415 2929 1470 in
2964 1431 3177 1471 murum
3220 1414 3435 1471 ferebat
3490 1413 3781 1483 intrepidus
3807 1413 3850 1468 in

2273 1518 2569 1580 conspectu
2611 1509 3079 1576 adversariorum,
3122 1518 3175 1564 et
3214 1519 3407 1580 patens
3436 1507 3669 1562 vulneri.
3703 1506 3846 1561 Deni-

2277 1619 2382 1674 que
2405 1603 2600 1674 jaculis
2623 1603 2865 1674 quinque
2898 1603 3098 1674 figitur,
3129 1603 3225 1658 sed
3277 1616 3623 1672 nequaquam
3647 1614 3846 1656 conver-

2276 1710 2370 1752 sus
2392 1696 2460 1752 ad
2496 1697 2743 1765 vulnera,
2778 1696 3052 1768 quomodo
3083 1697 3200 1767 ipse
3223 1696 3347 1750 saxi
3377 1695 3532 1750 ruina
3566 1695 3762 1750 hostem
3786 1693 3850 1747 in-

2279 1791 2544 1858 volveret,
2571 1790 2911 1848 intendebat.
2943 1792 3207 1846 Ascendit
3227 1791 3413 1860 itaque
3435 1806 3647 1846 murum
3670 1831 3683 1855 ,
3706 1799 3755 1844 et
3777 1788 3842 1842 vi-

571 1895 857 1958 congcsta,
909 1888 1262 1959 propulsabat
1291 1888 1594 1959 periculum
1636 1886 1812 1941 famis.
1847 1884 2016 1955 Aqua:
2059 1890 2177 1938 erat
2208 1905 2253 1964 Β
2281 1899 2401 1943 ctor
2425 1887 2635 1942 doloris
2675 1888 2824 1942 stetit
2853 1887 3183 1955 conspicuus
3214 1893 3379 1940 tanta:
3414 1883 3846 1955 praesumptionis,

571 1979 868 2036 difﬁcultas
892 1981 1150 2046 maxima,
1179 1981 1303 2051 quia
1336 1995 1513 2051 neque
1533 1981 1676 2034 ullus
1705 1978 1760 2033 iu
1787 1978 1924 2034 urbe
1954 1977 2096 2044 fons,
2122 1985 2178 2031 et

573 2074 836 2129 solemnis
864 2075 1083 2130 siccitas
1125 2075 1267 2130 raris
1303 2089 1401 2144 per
1427 2089 1490 2129 ea
1523 2075 1769 2129 locorum
1801 2071 2067 2127 imbribus
2097 2070 2181 2126 bi-

574 2165 740 2221 bendi
769 2165 1072 2221 subsidium
1108 2173 1509 2222 attenuaverat.
1548 2168 1748 2221 Ductus
1776 2181 1970 2221 omnes
2013 2179 2180 2236 aqua-

571 2275 690 2315 rum
732 2259 1106 2324 obstruxerat,
1151 2274 1220 2315 ne
1274 2259 1330 2314 in
1383 2260 1571 2315 urbem
1612 2267 1879 2314 mearent.
1933 2257 2182 2329 Augebat

575 2353 758 2423 inopia
789 2351 1128 2420 aviditatem,
1175 2353 1515 2424 repugnabat
1547 2361 1762 2408 natura.
1794 2351 2179 2408 Commentum

572 2446 846 2518 Josephus
875 2447 1096 2514 detulit,
1131 2457 1187 2503 ut
1217 2447 1412 2504 infusa:
1443 2456 1626 2504 vestes
1677 2462 1833 2503 muro
1879 2447 2184 2518 suSpende-

575 2552 786 2612 rentur,
833 2557 942 2614 quo
979 2542 1242 2614 paulatim
1293 2542 1604 2598 rotantibus
1647 2543 1825 2612 aquis,
1859 2540 2184 2597 crederetur

576 2637 684 2693 illis
714 2652 819 2692 non
849 2637 1045 2694 deesse
1075 2637 1142 2692 ad
1178 2645 1385 2708 potum,
1420 2636 1564 2706 quod
1611 2636 1914 2693 abundaret
1941 2636 2006 2692 ad
2039 2637 2183 2692 lava-

577 2748 729 2789 crum
757 2733 1239 2788 vestimentorum.

1211 2823 1442 2881 CAPUT
1466 2822 1560 2888 XI.

657 2921 912 2990 Dejectus
941 2934 1008 2975 eo
1028 2919 1419 2991 Vespasianus,
1447 2932 1640 2973 rursus
1670 2917 1736 2973 ad
1766 2915 2183 2989 expugnandam

584 3014 774 3068 urbem
822 3012 1166 3080 accenditur,
1217 3022 1382 3081 atque
1429 3026 1647 3066 omnem
1696 3011 1995 3066 exercitum
2041 3011 2188 3066 circa

585 3117 930 3180 congregat:
967 3106 1235 3163 machinis
1284 3122 1496 3161 murum
1553 3109 1746 3177 quatit,
1795 3105 1975 3176 pulsat
2019 3105 2186 3160 aries.

585 3201 792 3257 Nomen
826 3201 930 3257 hoc
958 3202 1174 3272 species
1214 3199 1384 3267 dedit,
1418 3215 1486 3256 eo
1523 3199 1667 3269 quod
1699 3199 1892 3254 validae
1920 3213 1985 3255 ae
2017 3197 2190 3253 nodo-

2281 1996 2345 2037 ac
2371 1997 2539 2052 super
2578 1982 2806 2036 arietem
2848 1995 2911 2036 se
2957 1995 3258 2051 saxumque
3298 1978 3528 2049 deiecit,
3571 1987 3624 2034 ct
3648 1991 3758 2032 cum
3797 1990 3849 2029 eo

2278 2073 2510 2129 corruit.
2543 2073 2734 2128 Victus
2760 2071 2981 2144 quidem
3015 2080 3212 2139 morte,
3253 2071 3354 2126 sed
3403 2071 3583 2126 victor
3611 2067 3850 2124 machina-

2281 2166 2472 2234 menti,
2503 2181 2625 2220 eum
2654 2176 2674 2204 ε
2710 2166 2763 2220 in
2806 2181 2866 2221 se
2896 2165 3047 2220 solus
3073 2163 3395 2220 discesserit
3424 2165 3642 2234 patrim;
3671 2162 3719 2216 in
3754 2175 3846 2214 ma-

2283 2262 2618 2318 chinamenti
2661 2269 2843 2318 autem
2877 2261 3333 2327 comminutione,
3378 2268 3547 2314 totam
3591 2256 3763 2312 urbem
3796 2253 3847 2307 ah

2284 2355 2500 2411 excidio
2543 2357 2866 2412 servaverit.
2909 2355 3142 2427 Netyras
3184 2368 3409 2424 quoque
3439 2361 3494 2408 et
3519 2349 3782 2420 Philippus
3807 2349 3846 2400 in

2285 2452 2528 2507 medium
2559 2467 2619 2508 se
2645 2451 2831 2521 jecere
2852 2465 3069 2523 agmen,
3100 2459 3158 2504 ut
3186 2456 3532 2514 averterent,
3571 2458 3701 2516 quos
3725 2439 3748 2480 ά
3777 2455 3842 2511 pe

2287 2547 2514 2602 tierant.
2553 2544 2827 2616 Iosephus
2853 2555 3034 2599 autem
3069 2543 3284 2614 ignibus
3327 2541 3487 2606 actis,
3523 2547 3579 2594 ut
3609 2535 3843 2592 machina-

2285 2653 2466 2695 menta
2514 2641 2697 2695 omnia
2731 2649 3010 2707 exureret,
3051 2638 3204 2694 brevi
3236 2634 3583 2706 consumpsit
3629 2629 3844 2706 plurima,

2287 2735 2382 2790 sed
2410 2745 2736 2806 consumpta
2770 2734 3188 2807 reparabantur.

2891 2826 3121 2883 CAPUT
3161 2824 3288 2898 .xu.

2371 2924 2610 2978 Instabat
2645 2921 3041 2993 Vespasianus,
3092 2919 3318 2990 urgebat
3350 2915 3452 2983 ita,
3499 2921 3557 2970 ut
3587 2913 3638 2968 in
3668 2909 3764 2966 talo
3786 2905 3847 2961 fe-

2291 3019 2493 3074 riretur
2521 3018 2706 3090 jaculo
2758 3019 2992 3087 sagittae.
3026 3013 3253 3069 Turbati
3304 3021 3440 3067 sunt
3477 3005 3712 3071 Romani,
3751 3014 3846 3056 cum

2291 3113 2613 3184 sanguinem
2648 3111 2799 3168 ducis
2826 3111 2995 3166 fluere
3026 3115 3340 3165 cernerent.
3382 3105 3688 3176 Exagitatus
3714 3095 3847 3157 illius,

2292 3208 2537 3264 cucurrit
2564 3205 2631 3260 ad
2663 3217 2898 3276 patrem.
2926 3202 3035 3260 Sed
3067 3201 3164 3257 ille
3187 3215 3350 3272 supra
3385 3199 3495 3254 vim
3521 3191 3738 3251 vulneris
3762 3186 3846 3241 vir-

584 3309 659 3349 δίη
710 3294 923 3350 arboris
961 3303 1124 3364 caput
1161 3292 1308 3348 ferro
1358 3292 1611 3358 vestitur,
1674 3302 1729 3348 et
1764 3291 1908 3362 quod
1955 3300 2014 3345 ut
2041 3291 2188 3345 frons
2215 3301 2260 3366 [ζ
2298 3310 2467 3357 iurem
2500 3316 2700 3372 gerens
2738 3297 2931 3364 animi,
2965 3295 3220 3366 prohibet
3248 3291 3529 3363 trepidare
3557 3288 3728 3350 ﬁlium,
3757 3293 3846 3335 ma-

586 3388 774 3442 arietis
802 3387 1178 3456 prmtcnditur,
1213 3400 1335 3457 qua:
1375 3386 1626 3441 obductis
1653 3385 1872 3442 laminis
1907 3386 2190 3456 turgescit,

586 3493 641 3537 et
685 3481 1002 3552 prominet:
1037 3497 1068 3536 e
1120 3481 1301 3536 medio
1350 3481 1472 3550 ejus
1525 3480 1680 3551 quasi
1727 3495 1900 3535 cornu
1944 3479 2194 3549 procedit

588 3575 718 3631 ferri
757 3573 1053 3631 solidioris.
1099 3573 1412 3644 Magnitudo
1452 3573 1663 3629 arboris
1696 3575 1747 3627 in
1794 3574 2015 3628 modum
2062 3573 2192 3628 mali

590 3667 818 3736 navalis,
850 3682 1011 3738 quam
1043 3681 1151 3723 non
1180 3674 1467 3722 ventorum
1511 3667 1774 3737 procella,
1808 3682 1916 3723 non
1945 3667 2193 3723 velorum

589 3761 744 3816 sinus
773 3759 1015 3815 flectant.
1043 3759 1120 3816 Ea
1153 3775 1418 3830 suspensa
1449 3758 1670 3815 funibus
1697 3758 1766 3815 ad
1805 3760 2086 3830 superiora
2109 3769 2193 3813 at-

590 3869 697 3925 que
727 3853 950 3909 robusta
981 3852 1239 3909 arborqu
1274 3854 1449 3917 nexis,
1483 3852 1778 3908 multorum
1827 3867 1989 3907 manu
2018 3851 2196 3909 valide

590 3950 645 4005 in
674 3964 888 4004 murum
918 3949 1324 4019 impellebatur.
1351 3947 1560 4005 Deinde
1586 3958 1885 4004 retrorsum
1911 3949 2092 4016 ducta,
2115 3957 2197 4002 at-

589 4061 696 4115 que
728 4045 778 4100 in
794 4053 1013 4099 statera:
1041 4044 1260 4098 modum
1286 4051 1593 4099 sustentata
1624 4043 1965 4110 retinaculis,
1991 4043 2198 4113 majore

591 4139 799 4208 impetu
851 4137 1255 4206 destinabatur,
1313 4148 1370 4193 ut
1420 4139 1629 4194 crebris
1658 4139 1867 4194 'ictibus
1913 4138 2197 4210 fatigatum

593 4231 734 4287 muri
764 4231 903 4286 latus
933 4231 1179 4298 cederet,
1211 4240 1573 4302 cavatumque
1614 4233 1665 4286 vi
1689 4229 1718 4270 δ
1760 4235 2000 4303 rupturis
2023 4234 2200 4287 fenes-

595 4335 733 4380 tram
778 4324 954 4391 daret,
987 4339 1091 4396 qua
1137 4324 1398 4380 Romanis
1439 4324 1690 4379 hostibus
1717 4323 1803 4378 via
1844 4324 1896 4379 in
1937 4323 2197 4379 interiora

595 4419 744 4474 urbis
771 4427 1003 4489 pateret.
1032 4417 1214 4474 Primo
1239 4419 1400 4489 igitur
1427 4418 1535 4473 ictu
1559 4433 1747 4473 murus
1769 4433 2069 4474 concussus
2093 4428 2197 4487 est,

595 4516 1038 4586 contremuitque
1083 4517 1285 4572 omnis.
1341 4513 1560 4572 Clamor
1596 4512 1743 4569 illico
1793 4512 2197 4578 universorum,

596 4610 751 4680 quasi
783 4619 1089 4680 expugnata
1125 4609 1258 4665 urbe
1290 4607 1704 4680 trepidantium,
1737 4622 1804 4662 ne
1843 4621 2200 4677 repercussus

2295 3396 2488 3468 gisque
2516 3371 2570 3448 in
2603 3393 2851 3463 praelium
2874 3388 3128 3446 accendit
3159 3387 3386 3454 milites,
3429 3396 3489 3440 ut
3520 3381 3744 3453 injuriam
3767 3371 3845 3428 du-

2297 3491 2378 3544 cis
2406 3488 2820 3544 ulciscerentur.
2844 3486 2965 3558 Ipse
2995 3483 3225 3556 signifer
3254 3482 3552 3537 revocabat
3573 3475 3839 3533 exercitum,

2298 3592 2353 3638 et
2381 3581 2447 3636 ad
2482 3597 2663 3639 muros
2715 3581 2963 3652 cogebat.
3014 3579 3134 3649 Ipse
3177 3577 3230 3630 in
3269 3575 3476 3631 bellum
3521 3579 3724 3627 cmteros
3761 3558 3838 3614 ad-

2301 3676 2640 3743 hortabatur,
2681 3676 2773 3731 alii
2825 3673 3059 3746 sagittis,
3107 3671 3201 3726 alii
3235 3671 3382 3735 telis,
3427 3667 3516 3723 alii
3560 3660 3744 3720 balistis
3765 3654 3843 3708 ho-

2300 3782 2439 3826 stem
2470 3769 2934 3842 urgebant.'l‘anta
2965 3778 3145 3823 autem
3170 3773 3288 3821 erat
3319 3763 3481 3836 hujus
3511 3751 3739 3815 tormenti
3761 3747 3840 3810 vis,

2300 3881 2408 3937 quo
2437 3881 2566 3920 saxa
2601 3866 2653 3920 iu
2688 3866 2903 3920 hostem
2926 3862 3291 3934 jacicbantur,
3338 3868 3400 3914 ut
3437 3866 3707 3929 percussus
3732 3855 3844 3900 unus

2299 3976 2368 4016 ex
2399 3959 2567 4016 sociis
2596 3959 2798 4030 Joseph
2831 3960 2922 4030 qui
2947 3971 3117 4027 prope
3146 3953 3412 4020 adstaret,
3444 3947 3756 4007 comminuto
3776 3951 3845 3990 ca-

2302 4054 2411 4125 pite
2439 4063 2652 4119 rueret,
2693 4065 2746 4108 et
2789 4050 3104 4122 occipitium
3158 4047 3278 4118 ejus
3321 4061 3495 4117 usque
3523 4052 3545 4080 θ
3576 4039 3637 4095 ad
3664 4031 3843 4129 tertium

2301 4147 2540 4202 stadium
2592 4155 2940 4203 excuteretur
2983 4162 2997 4198 :
3038 4143 3232 4197 mulier
3278 4153 3499 4212 quoque
3546 4135 3658 4190 alvo
3701 4133 3844 4197 gravis

2303 4257 2562 4315 percussa
2597 4251 2833 4306 uterum,
2879 4254 3044 4308 supra
3086 4235 3374 4292 dimidium
3423 4229 3580 4289 stadii
3607 4225 3670 4280 de
3695 4217 3844 4315 inti"!a

2303 4313 2436 4394 sedc
2493 4338 2693 4393 secreti
2723 4333 3001 4406 genitalis,
3037 4339 3322 4388 excuteret
3369 4326 3641 4384 infantem.
3671 4313 3741 4372 Ad
3766 4320 3844 4381 PO'

2302 4439 2563 4486 stremum
2583 4444 2705 4485 cum
2738 4429 2916 4484 victor
2938 4427 3050 4496 jam
3095 4440 3254 4480 muro
3283 4423 3560 4478 Romanus
3587 4411 3726 4470 miles
3748 4413 3846 4496 suc-

2303 4525 2546 4592 cederet,
2576 4533 2632 4579 et
2675 4525 2730 4578 in
2758 4523 2876 4594 ipso
2905 4495 3054 4577 aditu
3107 4519 3379 4589 utrimque
3407 4513 3574 4570 valida
3605 4516 3747 4594 manu
3771 4495 3845 4550 de-

2303 4626 2648 4674 certaretur:
2683 4618 3007 4671 sicuterant
3045 4612 3304 4676 conserti,
3337 4610 3461 4666 oleo
3490 4597 3699 4670 ferventi
3723 4591 3840 4648 Jose-

601 4717 786 4757 murus
818 4703 1114 4757 fatisceret.
1148 4702 1254 4759 Sed
1282 4701 1551 4773 Iosephus
1593 4715 1786 4757 saccos
1821 4700 1993 4771 paleis
2021 4699 2198 4770 reple-
2223 4702 2278 4762 D
2305 4711 2444 4783 phus
2466 4708 2722 4781 perfundi
2749 4709 3028 4764 Romanos
3061 4708 3235 4777 jubet,
3267 4703 3416 4773 quod
3445 4697 3598 4756 facile
3623 4709 3651 4748 a
3679 4681 3844 4783 vertice

601 4804 708 4860 tos,
741 4795 798 4849 in
827 4809 950 4850 eum
980 4794 1176 4850 dimitti
1207 4795 1384 4850 locum
1409 4795 1690 4865 praecepit,
1735 4794 1787 4848 in
1810 4807 1970 4864 quem
1997 4793 2142 4848 aries
2167 4808 2198 4848 a

602 4886 864 4942 Romanis
909 4887 1343 4959 intorquebatur,
1379 4898 1436 4944 ut
1463 4889 1584 4942 laxo
1614 4901 1903 4943 saecorum
1931 4887 2052 4941 sinu
2085 4887 2197 4942 lusa

601 4981 758 5052 plaga
794 4983 969 5037 omnis
1008 4983 1196 5039 arietis
1240 4983 1597 5038 emolliretur.
1630 4982 1780 5037 Illisa
1835 4983 1978 5036 enim
2011 4980 2200 5036 solidis

599 5075 770 5130 solida
804 5087 1022 5142 nocent,
1055 5076 1414 5132 solutioribns
1459 5085 1815 5132 evacuantur.
1850 5074 2093 5145 Denique
2123 5073 2201 5129 fa-

597 5168 756 5224 cilius
805 5170 1063 5226 solidiora
1095 5171 1441 5227 mollioribus
1484 5169 1708 5238 cedunt,
1753 5184 1916 5239 quam
1949 5168 2198 5225 molliora

601 5264 976 5320 solidioribus.
1007 5265 1140 5320 Nam
1165 5277 1222 5322 et
1246 5282 1402 5334 aqua:
1433 5266 1710 5322 alluvione
1735 5265 1950 5336 sc0puli
1976 5265 2199 5321 solvun-

602 5367 711 5425 tur,
739 5372 838 5413 nec
859 5357 1013 5414 ruina
1047 5361 1198 5430 rupis
1231 5359 1398 5414 ullum
1428 5369 1513 5415 est
1539 5359 1795 5414 damnqu
1829 5374 2122 5429 aquarum;
2149 5367 2205 5414 et

597 5450 826 5520 jactisiu
860 5451 997 5507 freta
1029 5451 1288 5519 molibus,
1324 5467 1463 5523 aqua
1490 5466 1620 5508 suos
1644 5468 1776 5508 usus
1797 5462 2074 5518 reservat;
2106 5451 2202 5508 sed

601 5552 754 5614 petra
806 5544 950 5602 inter
991 5545 1163 5603 undas
1214 5559 1500 5603 reservare
1545 5560 1676 5602 suos
1721 5547 1916 5604 nescit.
1965 5546 2201 5603 Arenam

673 5765 700 5794 ι
722 5753 978 5826 Irruptio.
1011 5756 1088 5812 11).

669 5827 698 5866 ιι
724 5826 1038 5900 l_rrupturis.
1072 5827 1150 5884 In.

680 5910 700 5937 ιε
728 5893 896 5956 Forte
926 5900 1240 5970 legendum,
1273 5901 1384 5972 ipse
1413 5902 1553 5958 solus
1588 5899 1879 5957 decesserit.
1915 5893 2085 5957 Hann.

2301 4777 2368 4858 ad
2393 4777 2502 4858 ima
2533 4801 2809 4859 defluebat
2835 4799 3081 4871 vestigia.
3113 4797 3223 4853 Nec
3248 4796 3431 4852 minor
3458 4784 3696 4848 incendio
3723 4777 3846 4871 ﬂam-

2304 4917 2407 4957 mae
2447 4900 2758 4967 candentis,
2801 4896 2911 4954 olei
2938 4896 3120 4952 fervor
3151 4908 3344 4948 omnes
3389 4897 3536 4946 artus
3562 4869 3843 4967 deposceba-

2305 5002 2412 5049 tur.
2445 4992 2823 5050 SuCCedebant
2853 5000 3032 5045 tamen
3061 4987 3174 5055 alii,
3218 4985 3492 5057 plerisque
3531 4977 3683 5033 etiam
3709 4959 3843 5059 sudo-1:

2301 5087 2550 5158 profluus
2572 5085 2676 5140 olei
2697 5085 2807 5139 vim
2833 5049 3307 5153 refrigerabat.'Et
3325 5049 3568 5147 quamvis
3580 5049 3842 5158 ΙιυῙυεηξθᾴξ

2307 5153 2414 5235 olei
2445 5187 2634 5234 natura
2664 5179 2756 5243 sit,
2792 5186 2850 5231 ut
2875 5175 2986 5231 cito
3006 5175 3264 5238 calescat,
3297 5181 3353 5227 et
3372 5168 3544 5225 serius
3569 5153 3842 5243 concel’“_"'1

2307 5273 2547 5343 deponat
2587 5272 2856 5338 calorem;
2893 5279 3072 5326 tamen
3113 5267 3358 5324 victoriae
3385 5259 3561 5318 studio
3586 5238 3842 5343 absconde:

2306 5337 2438 5421 bant
2463 5364 2740 5436 injuriam.
2770 5337 3050 5419 Ardebant
3070 5359 3288 5428 animis,
3333 5365 3391 5413 ut
3420 5349 3614 5409 nullmn
3639 5337 3841 5436 carpo":

2305 5431 2580 5516 sentirent
2626 5456 2965 5522 incendium,
3013 5469 3115 5510 nec
3153 5453 3284 5508 tanti
3333 5431 3842 5534 aestimabatllllmf

2306 5551 2580 5610 ferventis
2633 5551 2903 5618 dolorem,
2957 5548 3143 5621 quanti
3190 5542 3524 5618 dispendium
3575 5523 3759 5603 gloriae.
3804 5523 3838 5565 ει

2379 5760 2407 5797 ά
2431 5757 2702 5815 Poterant.
2727 5757 2806 5816 In.

2382 5841 2404 5866 θ
2431 5831 2602 5887 Ultra.
2633 5830 2752 5890 Mox
2774 5840 2940 5886 utero.
2965 5829 3042 5886 In.
