4016 6474
159 309 333 368 208i

1066 300 1341 362 HISTOR.
1385 303 1472 359 ΠΕ
1515 303 1794 363 EXCIDIO
1833 306 2104 364 HIEBOS.
2149 304 2351 364 URBIS
2387 305 2518 364 LIB.
2559 304 2624 363 II.

3364 308 3509 367 2082

163 433 469 497 tantquam
519 429 768 479 exsortes
819 421 1216 492 triumphorum
1259 421 1592 479 desisterem
1631 423 1794 490 bello,
1827 425 1872 484 A
1904 439 2020 478 rum
2058 438 2257 494 genera
2282 422 2674 493 jaculantibns.
2711 421 2957 494 Denique
2985 439 3082 480 sex
3123 424 3276 480 boris
3305 425 3358 480 in
3389 427 3508 496 ipso

159 521 280 586 qui
313 521 482 574 duces
509 517 722 572 fuerant
766 516 1158 586 periculorum.
1191 516 1290 572 Vel
1317 516 1582 587 sanguine
1611 516 1792 588 itaque

156 626 290 667 suo
325 611 667 684 rcsﬁngnere
700 609 1010 667 incendium
1051 610 1157 665 olei
1186 610 1488 666 certabant.

795 702 1025 760 CAPUT
1067 702 1206 758 XIII.

261 799 378 856 Hac
409 814 560 856 mora
604 797 929 865 obsidionis,
959 797 1124 853 etiam
1155 795 1346 866 Japhze
1382 795 1535 852 urbis
1561 809 1687 867 qua:
1717 793 1800 849 vi-

165 894 313 949 cina
346 901 486 960 erat,
510 893 745 965 pepulus
773 893 1121 957 insoleverat,
1154 889 1300 961 quod
1333 889 1424 946 diu
1454 887 1796 946 decerneba-

168 995 302 1043 tur.
327 986 483 1044 Unde
505 994 690 1044 motus
718 985 1106 1056 Vespasianus,
1133 983 1425 1052 Trajanum
1450 981 1541 1053 qui
1568 990 1801 1052 praeerat

169 1081 371 1137 ordini
403 1082 594 1152 quinto
629 1079 867 1145 decimo,
898 1077 1143 1134 ductoris
1184 1076 1389 1142 officio,
1427 1075 1632 1132 direxit
1675 1089 1795 1130 cum

172 1176 346 1232 mille
375 1175 676 1247 equitibus,
698 1180 754 1228 et
784 1172 998 1228 duobus
1038 1169 1276 1227 millibus
1308 1169 1550 1224 virorum
1590 1167 1799 1223 militia:

177 1270 486 1342 pedestris.
521 1269 624 1338 Qui
649 1268 771 1324 sine
814 1267 1204 1323 retractatione
1235 1263 1536 1336 profectus,
1558 1262 1641 1317 vir
1673 1275 1802 1316 acer

177 1376 247 1421 et
291 1363 534 1421 bellandi
572 1361 785 1418 artibus
818 1359 1104 1432 praeditus,
1142 1359 1570 1414 convenientem
1601 1352 1800 1409 studiis

180 1460 313 1514 suis
339 1466 592 1514 eventum
621 1455 750 1512 belli
781 1454 1009 1525 reperit.
1034 1452 1167 1507 Nam
1187 1467 1307 1506 cum
1331 1457 1480 1506 esset
1499 1448 1712 1514 civitas,
1744 1456 1801 1502 et

182 1562 391 1608 natura
433 1550 538 1605 loci
581 1557 757 1619 septa,
797 1555 853 1603 et
891 1545 1116 1618 gemino
1159 1558 1316 1600 muro
1357 1540 1797 1609 circumvallata,

185 1662 307 1700 non
337 1650 629 1700 contentus
659 1651 844 1712 tegere
869 1655 928 1696 se
958 1640 1190 1711 populus
1224 1638 1342 1709 ejus
1373 1634 1796 1700 munitionibus,

183 1735 596 1794 occurrendum
631 1734 898 1791 Romanis
922 1733 1135 1804 putavit
1165 1751 1176 1787 :
1205 1731 1300 1787 sed
1327 1730 1606 1800 paulisper
1634 1729 1802 1785 resis-

1905 517 2013 572 line
2061 518 2212 587 quasi
2260 517 2326 572 ab
2378 517 2607 572 exordio
2654 527 2974 588 pugnatum.
3037 517 3117 573 Ad
3167 529 3506 589 postremum

1902 610 2082 675 cazsis,
2125 611 2216 681 qui
2263 609 2626 667 constiterant
2671 611 2980 682 pugnaturi,
3035 619 3148 666 tum
3180 611 3233 666 in
3279 619 3510 666 caeteros

1903 703 2023 760 sine
2052 704 2402 771 ordine,sine
2422 705 2608 770 modo,
2634 705 2753 761 sine
2775 704 3173 770 misericordia;
3201 717 3362 760 senes
3385 717 3512 758 cum

1904 795 2350 854 adolescentibus
2367 797 2784 869 jugulahantur;
2822 797 3081 854 mulieres
3115 813 3239 854 cum
3269 795 3514 869 parvulis

1903 901 2224 958 reservatae,
2255 907 2365 947 non
2391 892 2459 948 ad
2490 892 2843 959 veniam,sed
2866 892 2934 948 ad
2962 893 3288 950 servitutem
3323 908 3338 947 :
3366 906 3512 948 mas-

1903 981 2012 1036 culi
2032 997 2222 1037 omnes
2253 984 2548 1054 interfecti,
2581 985 2684 1040 nisi
2713 1001 2852 1056 quos
2877 986 3128 1056 pueritia,
3161 995 3256 1042 aut
3282 984 3509 1041 infantia

1904 1075 2172 1143 defendit;
2201 1077 2256 1133 in
2288 1079 2530 1150 praedam
2558 1080 2720 1136 ducta
2760 1091 2890 1136 sunt
2925 1082 3032 1138 duo
3061 1082 3258 1149 millia,
3287 1091 3509 1138 centum

1901 1179 1958 1227 et
2003 1171 2227 1241 triginta
2282 1173 2578 1244 mancipia,
2610 1173 2820 1230 domini
2873 1191 3000 1231 cum
3033 1175 3274 1231 servulis
3300 1171 3327 1212 ἀ
3349 1190 3507 1245 ξείνια

1894 1263 2009 1333 jam
2039 1275 2189 1321 sorte
2225 1265 2582 1335 conditionis,
2604 1283 2742 1340 quos
2768 1269 3057 1340 captivitas
3089 1285 3250 1342 pares
3275 1268 3505 1343 fecerat.

2501 1363 2735 1421 CAPUT
2773 1364 2916 1421 XIV.

1976 1455 2086 1512 Nec
2115 1456 2402 1514 Samarita:
2452 1458 2724 1516 immunes
2763 1460 3114 1518 miseriarum
3147 1462 3319 1520 fuere.
3372 1463 3510 1522 Nam

1902 1567 2028 1608 cum
2068 1553 2369 1610 secundum
2393 1554 2848 1612 consuetudinem
2882 1571 3037 1614 suam
3072 1568 3095 1595 ε
3128 1558 3512 1616 ascendissent

1905 1654 2144 1702 montem
2173 1646 2436 1715 Garizim,
2465 1651 2556 1720 qui
2579 1658 2699 1705 erat
2727 1648 2836 1704 illis
2862 1661 3236 1718 consecratus,
3268 1651 3358 1707 ubi
3380 1651 3513 1708 ado-

1904 1753 2029 1796 rare
2073 1740 2356 1797 solebant:
2386 1742 2530 1799 unde
2573 1752 2629 1799 et
2672 1744 2727 1799 in
2757 1743 3057 1815 Evangelio
3089 1743 3224 1800 dicit
3266 1745 3505 1802 Samari-

192 1844 320 1890 tcre
345 1831 483 1898 ausi,
512 1833 649 1887 intra
678 1845 892 1886 murum
915 1827 1246 1886 exteriorem
1273 1824 1523 1894 l'eCipel'e
1548 1838 1671 1880 sese
1701 1837 1799 1878 νο-
1827 1833 1876 1894 Β
1904 1840 2028 1888 lana
2064 1850 2078 1887 :
2111 1833 2294 1890 Patres
2319 1836 2486 1890 nostri
2509 1836 2850 1892 adoraverunt
2878 1837 2933 1891 in
2963 1837 3059 1892 hoc
3088 1847 3282 1892 mante.
3327 1837 3394 1893 Et
3415 1853 3508 1894 re-

194 1927 379 1984 lentes
410 1925 623 1980 hostem
653 1923 856 1995 pariter
883 1936 1162 1992 recepere.
1191 1917 1322 1973 Nam
1346 1933 1468 1974 cum
1497 1915 1630 1988 ipsis
1651 1915 1801 1970 festi-

197 2018 463 2076 nantibus
492 2018 652 2074 etiam
683 2015 911 2072 Romani
947 2014 1394 2070 subintraverunt
1429 2028 1442 2064 :
1474 2008 1800 2081 confugien-

203 2115 354 2171 tibus
383 2128 601 2186 quoque
630 2111 697 2166 ad
735 2124 949 2166 murum
989 2107 1331 2174 interiorem,
1374 2105 1577 2160 clausa'
1607 2111 1802 2175 portae,

202 2223 278 2262 ne
307 2221 495 2261 rursus
517 2202 742 2258 Romani
775 2202 980 2272 pariter
1009 2201 1400 2270 irrumperent.
1433 2197 1511 2252 Ita
1550 2211 1745 2253 averso
1773 2210 1802 2249 a

199 2315 262 2354 se
294 2298 388 2354 Dei
409 2297 635 2362 auxilio,
658 2295 832 2352 Judaei
855 2294 1264 2365 praeliabantnr,
1297 2310 1406 2367 quo
1429 2301 1556 2349 ante
1582 2291 1805 2348 vincere

198 2393 490 2459 solebant;
522 2390 614 2447 sed
631 2389 976 2446 offenderant
997 2389 1243 2445 scelestis
1261 2387 1501 2460 flagitiis,
1524 2398 1578 2444 et
1594 2387 1718 2443 ideo
1735 2386 1806 2441 ab

201 2486 295 2543 his
327 2502 486 2558 poena
511 2485 694 2542 debita
725 2485 1142 2556 reposeebatur,
1173 2493 1230 2539 ut
1251 2483 1590 2538 donarentur
1615 2495 1804 2537 eorum

199 2579 469 2650 supplicia
498 2577 1107 2647 nationibus.‘;Deuique
1135 2576 1318 2646 plures
1341 2590 1512 2646 prope
1529 2573 1642 2631 suis
1666 2575 1808 2628 inter

203 2691 268 2731 se
298 2674 478 2739 bellis,
509 2688 675 2744 quam
703 2673 770 2729 ab
794 2671 1069 2738 hostibus,
1099 2670 1514 2726 obterebantur.
1543 2667 1810 2738 Exemplo

201 2780 290 2824 est
317 2769 510 2838 Japbae
541 2767 797 2838 populus,
831 2767 925 2838 qui
948 2765 1212 2821 Romanis
1249 2773 1437 2834 portas
1471 2763 1703 2836 aperuit,
1752 2771 1809 2819 et

205 2864 312 2920 sibi
335 2863 554 2919 clausit.
584 2862 720 2918 Nam
750 2869 811 2918 ut
840 2861 1073 2933 primum
1107 2876 1318 2915 murum
1347 2859 1577 2914 Romani
1605 2859 1808 2914 irrum-

207 2963 445 3027 perent,
499 2953 606 3026 ipsi
650 2951 1028 3026 patefecerunt
1067 2969 1081 3005 :
1131 2960 1190 3008 ut
1246 2950 1545 3007 secundum
1593 2965 1807 3006 murum

206 3050 380 3107 Judaei
409 3065 518 3106 non
547 3058 920 3121 penetrarent,
949 3049 1122 3105 Judaei
1168 3047 1508 3104 clauserunt.
1536 3047 1811 3118 Receptus

211 3144 396 3216 itaque
439 3144 614 3200 hostis
639 3153 744 3210 est,
771 3143 957 3200 socius
987 3143 1265 3199 exclusus.
1303 3143 1578 3214 Receptus
1600 3142 1712 3208 ille,
1743 3157 1812 3197 ne

1899 1941 2162 1996 Sponsum
2187 1937 2272 1984 est
2316 1929 2364 1984 ei
2400 1947 2413 1984 :
2453 1928 2632 1986 Veniet
2672 1930 2823 1999 hora,
2865 1931 3074 2004 quando
3119 1947 3282 2004 neque
3326 1932 3378 1986 in
3415 1930 3512 1988 hoc

1903 2032 2092 2089 monte,
2127 2039 2287 2092 neque
2321 2022 2705 2096 Hierosolymis
2739 2026 3025 2081 adorabitis
3048 2036 3246 2097 patrem
3275 2024 3318 2097 (Ι
3345 2024 3506 2082 Joan.

1903 2128 1976 2181 tv,
2006 2113 2078 2170 20
2108 2127 2154 2169 et
2184 2115 2302 2186 2|).
2338 2117 2652 2173 Debebatur
2681 2119 2849 2186 enim,
2884 2128 2943 2174 ut
2971 2127 3218 2175 cessaret
3243 2119 3515 2190 supersti-

1907 2207 2006 2273 tio,
2038 2216 2092 2262 et
2122 2223 2251 2263 vera
2275 2208 2470 2280 religio
2500 2209 2825 2267 succederet
2858 2229 2870 2265 :
2905 2221 3265 2269 evacuaretur
3293 2213 3510 2280 umbra,

1905 2301 2120 2357 veniret
2145 2303 2348 2358 veritas
2383 2321 2398 2359 :
2426 2312 2488 2360 ut
2509 2303 2623 2374 jam
2649 2319 2755 2362 non
2789 2304 2842 2360 in
2873 2315 3082 2374 monte,
3105 2307 3247 2362 sicut
3275 2306 3516 2362 Samari-

1909 2396 2041 2462 tani,
2070 2412 2176 2452 non
2204 2397 2256 2452 in
2287 2397 2684 2471 Hierosolymis
2719 2408 2800 2455 ter
2827 2400 2882 2454 in
2913 2413 3082 2468 anno,
3116 2402 3259 2456 sicut
3286 2399 3462 2457 Judaei
3495 2417 3508 2456 :

1909 2488 2006 2544 sed
2047 2490 2101 2544 in
2147 2490 2340 2559 spiritu
2388 2491 2443 2546 in
2490 2496 2637 2548 omni
2678 2494 2804 2548 loco
2845 2494 3068 2550 elevans
3115 2510 3278 2565 puras
3318 2509 3514 2550 manus

1913 2578 2078 2636 homo
2104 2582 2282 2638 omnis
2303 2583 2559 2640 adoraret
2592 2584 2784 2653 Deum,
2809 2596 2864 2641 et
2891 2587 2943 2641 in
2976 2586 3198 2643 nomine
3218 2586 3346 2644 Jesu
3367 2601 3514 2658 genu

1913 2673 2180 2731 flecteret.
2210 2673 2344 2732 Cum
2387 2677 2574 2748 igitur,
2619 2686 2682 2734 ut
2725 2695 2889 2750 supra
2932 2679 3196 2748 diximus,
3228 2683 3282 2738 in
3331 2693 3518 2740 monte

1912 2767 2155 2836 collecti,
2190 2769 2490 2825 secundum
2513 2785 2645 2827 suos
2673 2772 2814 2829 ritus
2841 2784 3150 2842 manerent,
3174 2775 3301 2832 belli
3332 2783 3515 2833 autem

1915 2865 2093 2920 minas
2123 2866 2494 2935 prmtenderet
2527 2866 2642 2936 ipsa
2676 2868 3119 2939 congregationis
3153 2870 3386 2940 species,
3427 2871 3516 2928 vel

1915 2974 2110 3017 sensus
2151 2975 2365 3028 eorum,
2393 2961 2483 3031 qui
2513 2976 2616 3018 nec
2660 2963 2820 3018 malis
2852 2962 3094 3020 finitimis
3123 2964 3513 3036 resipiscebat;

1917 3054 2089 3109 multo
2139 3064 2321 3109 autem
2379 3055 2614 3123 amplius
2656 3058 3097 3128 prosperioribns
3140 3058 3514 3114 Romanorum

1916 3147 2264 3204 successibus
2293 3165 2392 3219 per
2431 3149 2690 3204 invidiam
2721 3160 3225 3220 commoverentur,
3255 3167 3320 3209 ac
3346 3167 3517 3224 prope

214 3255 508 3313 percussor
536 3240 756 3296 deesset
787 3239 1081 3295 :exclusns
1115 3239 1238 3305 iste,
1271 3254 1339 3294 ne
1365 3248 1390 3276 α
1421 3239 1637 3309 penitus
1683 3253 1816 3294 eva-
1840 3231 1885 3294 C
1921 3243 2206 3299 tumultum
2226 3259 2316 3300 res
2340 3253 2564 3310 essent;
2593 3245 2902 3302 consultius
2929 3245 3257 3302 aestimatum
3291 3254 3397 3313 est,
3419 3260 3518 3304 eos

214 3333 394 3389 deret.
430 3331 576 3387 Intra
623 3331 762 3387 duos
799 3331 981 3402 itaque
1008 3345 1196 3387 muros
1235 3331 1585 3387 caadebantur
1615 3329 1813 3398 Judaei,

217 3442 381 3483 manu
406 3427 680 3494 cominus,
705 3426 774 3483 de
806 3442 963 3483 muro
993 3427 1230 3482 eminus.
1261 3426 1511 3498 Plerique
1536 3427 1682 3484 enim
1711 3426 1818 3482 Ro-

220 3537 396 3577 mana:
458 3521 664 3576 militiae
724 3520 827 3576 viri
891 3521 1177 3577 constricti
1244 3521 1550 3592 angustiis,
1599 3536 1815 3576 murum

218 3614 608 3680 ascendebant,
630 3623 795 3685 atque
821 3614 946 3670 inde
974 3615 1030 3670 in
1062 3615 1347 3685 subjectos
1372 3614 1475 3671 tela
1498 3613 1818 3686 jaculaban-

223 3719 330 3768 tur.
363 3710 549 3781 Itaque
583 3709 796 3766 Galiltei
835 3710 970 3774 suis,
1004 3725 1166 3780 quam
1198 3709 1446 3764 hostibus
1480 3708 1815 3776 infestiores,

223 3805 512 3876 rogabant,
547 3812 605 3858 ut
631 3803 682 3858 in
716 3803 998 3858 interioris
1028 3803 1167 3857 muri
1198 3802 1469 3857 vestibulo
1499 3802 1818 3868 reciperen-

227 3910 331 3964 tur,
368 3899 463 3955 sed
508 3896 835 3954 resistebant
882 3896 991 3952 sui.
1043 3895 1413 3950 Dimicabatur
1445 3894 1498 3948 in
1545 3903 1720 3965 portae
1751 3894 1819 3948 li-

226 3991 394 4060 mine,
429 3989 635 4048 .ludacis
673 3990 816 4044 inter
851 4003 911 4044 se
950 3987 1316 4058 pugnantibus
1351 4003 1363 4039 :
1399 3985 1490 4041 isti
1522 3987 1821 4042 irruentem

227 4099 458 4142 cuneum
487 4082 686 4154 gladiis
725 4081 1072 4153 excipiebant
1106 4098 1119 4136 :
1156 4080 1238 4136 illi
1268 4079 1590 4136 resistentes
1617 4082 1822 4137 morie-

229 4179 445 4236 bantur.
471 4175 1011 4247 Saevaimprecantes
1032 4174 1135 4231 sibi
1165 4174 1423 4239 invicem,
1449 4183 1504 4229 et
1525 4175 1733 4230 minora
1767 4189 1826 4231 se

233 4271 438 4328 meritis
468 4270 580 4325 suis
609 4269 819 4340 perpeti
841 4267 1111 4339 supremis
1143 4266 1371 4322 vocibus
1400 4266 1823 4322 attestabantur.

233 4365 419 4437 Itaque
447 4364 718 4421 exstincta
749 4371 878 4420 sunt
903 4362 932 4402 δ
953 4363 1061 4419 duo
1103 4361 1275 4418 millia
1303 4363 1546 4418 virorum
1583 4363 1828 4418 omnium

236 4460 622 4532 praeliatorum.
654 4458 929 4530 Ratusque
951 4458 1221 4529 Trajanus
1243 4459 1330 4515 vel
1355 4458 1562 4514 nullum
1589 4457 1701 4529 jam
1726 4459 1828 4515 sibi

235 4562 698 4627 repugnaturum,
758 4554 846 4609 vel
889 4553 1098 4609 facilem
1137 4553 1294 4609 urbis
1337 4555 1828 4626 expugnationem,

1921 3339 2231 3409 praeveniri,
2262 3355 2332 3394 ne
2361 3340 2412 3394 in
2452 3340 2719 3410 majorem
2755 3349 2964 3412 pestem
3003 3349 3376 3411 erumperent.
3411 3341 3520 3396 Vo-

1919 3442 2152 3503 catoqne
2184 3432 2446 3503 prmfecto
2473 3433 2682 3490 ordinis
2713 3435 2887 3506 quinti
2922 3450 3046 3492 cum
3077 3436 3254 3492 tribus
3276 3433 3521 3493 millibus

1921 3528 2208 3600 utriusque
2250 3528 2462 3585 militia:
2504 3529 2660 3597 viris,
2709 3545 2775 3586 eo
2807 3528 2825 3568 ί
2859 3545 2981 3586 eum
3034 3529 3399 3601 Vespasianus
3441 3530 3524 3586 di~

1919 3624 2085 3679 rexit.
2113 3623 2184 3678 At
2215 3624 2306 3679 ille
2330 3623 2632 3681 ascendere
2650 3636 2888 3682 montem
2916 3627 3093 3696 primo
3116 3624 3346 3682 exordio
3378 3625 3525 3695 peri-

1921 3717 2170 3773 culosum
2203 3727 2354 3771 ratus
2383 3717 2528 3786 (erat
2572 3717 2720 3773 enim
2760 3717 2920 3772 simul
2944 3717 3132 3788 juncta
3165 3718 3361 3772 terrori
3386 3717 3526 3773 mul-

1924 3811 2099 3866 titudo
2143 3812 2358 3882 populi,
2399 3819 2457 3869 et
2495 3820 2831 3883 praeruptum
2887 3809 3121 3884 naturae)
3165 3810 3530 3868 circumdedit

1924 3904 2169 3960 exercitu
2219 3904 2419 3960 montis
2470 3906 2712 3960 confinia
2741 3923 2754 3959 :
2788 3913 2844 3960 et
2891 3912 3008 3959 toto
3048 3903 3137 3959 die
3166 3903 3370 3960 deferri
3401 3903 3533 3960 fecit

1925 3998 2250 4068 custodiam,
2285 4013 2354 4055 ne
2383 3999 2509 4069 quis
2533 4009 2794 4071 aquatum
2831 3998 3217 4055 descenderet.
3263 3997 3398 4054 Cum
3429 3997 3532 4069 igi-

1929 4100 2017 4148 tur
2057 4101 2262 4147 tantam
2309 4091 2591 4148 hominum
2617 4103 2641 4139 κ
2666 4090 3070 4147 multitudinem
3117 4099 3348 4148 vexaret
3385 4089 3530 4158 sitis,

1929 4199 2051 4254 qum
2085 4185 2256 4256 magis
2285 4199 2348 4240 ac
2378 4184 2554 4254 magis
2585 4193 2721 4239 aestu
2755 4183 3169 4251 exardescebat,
3200 4194 3257 4240 et
3284 4182 3534 4255 plerique

1932 4278 2180 4334 servituti
2223 4294 2283 4335 se
2325 4279 2407 4334 vel
2439 4279 2608 4334 etiam
2655 4279 2776 4335 neci
2827 4277 3050 4334 mallent
3095 4278 3313 4349 offerre,
3348 4293 3417 4334 ne
3446 4277 3534 4332 vel

1929 4369 2076 4427 fame
2117 4370 2201 4427 vel
2231 4371 2321 4426 siti
2369 4371 2644 4442 perirent;
2686 4369 2934 4428 Cerealis
2974 4370 3106 4444 (hoc
3145 4369 3292 4426 ettim
3331 4383 3532 4425 nomen

1934 4464 2218 4537 prtefecto)
2249 4481 2317 4522 ex
2358 4465 2819 4522 descendentibus
2862 4466 3154 4522 universos
3182 4479 3308 4521 esse
3335 4463 3537 4520 defati-

1936 4569 2091 4632 gatos
2135 4561 2438 4629 aestimans,
2482 4561 2655 4618 cinxit
2699 4567 2964 4628 montem,
3019 4574 3082 4616 ac
3113 4574 3268 4616 more
3316 4558 3540 4615 militari

243 4649 444 4707 veteris
465 4648 547 4703 vir
567 4646 871 4718 disciplina:
895 4661 1163 4702 summam
1187 4647 1471 4704 victoriam
1496 4648 1834 4719 Vespasiano
1860 4635 1917 4699 D
1943 4655 2211 4726 pollicens
2257 4654 2489 4712 salutem
2518 4651 2565 4710 si
2608 4669 2758 4710 arma
2790 4654 3154 4724 deponerent,
3195 4662 3541 4711 recusantes-

240 4741 559 4805 reservavit,
612 4739 870 4811 misitque
914 4739 984 4795 ad
1032 4755 1178 4808 eum,
1231 4741 1516 4812 postulans
1562 4749 1623 4797 ut
1661 4741 1831 4798 filium

241 4852 394 4894 suum
436 4835 700 4906 dirigeret
725 4833 928 4900 Titum,
963 4833 1055 4904 qui
1096 4833 1260 4891 finem
1293 4834 1486 4905 praelio
1514 4834 1690 4891 daret.
1713 4837 1834 4904 Quo

243 4930 587 4990 adventante,
618 4925 759 4982 facta
782 4927 1036 4997 irruptio,
1077 4927 1316 4999 caasique
1353 4928 1510 4984 multi
1551 4929 1832 4997 mortales,

246 5037 343 5078 nec
372 5021 489 5077 sine
513 5020 699 5076 labore
729 5033 794 5075 ac
823 5019 1069 5090 periculo
1102 5019 1331 5076 victoria
1354 5023 1523 5078 cessit
1549 5022 1832 5081 Romanis.

247 5116 451 5183 Quibus
507 5112 771 5185 ingressis
817 5127 1030 5166 murum
1085 5113 1434 5182 interiorem,
1471 5123 1492 5152 ο
1524 5112 1840 5184 obiecerant

247 5209 679 5280 se,quicumque
707 5214 865 5262 erant
889 5205 1036 5261 bello
1065 5205 1242 5262 idonei
1278 5218 1334 5262 et
1361 5207 1415 5263 in
1450 5207 1718 5278 angustiis
1745 5223 1845 5279 po-

251 5303 366 5370 siti;
399 5315 600 5372 anceps
628 5299 833 5357 bellum
865 5298 1165 5355 victoribus
1193 5299 1448 5367 effecere,
1480 5303 1847 5372 pugnantibus

253 5399 486 5469 desuper
526 5395 670 5452 virili
702 5411 765 5452 ac
792 5392 1046 5451 muliebri
1094 5409 1252 5464 sexu,
1299 5411 1363 5453 ac
1408 5412 1555 5468 saepe
1583 5397 1746 5454 etiam
1793 5398 1845 5452 iu

1943 4763 2050 4820 que
2074 4748 2236 4819 jussit
2271 4748 2445 4804 feriri.
2493 4747 2682 4821 Itaque
2722 4749 2993 4804 exstincta
3041 4755 3170 4804 sunt
3209 4747 3322 4804 illic
3369 4745 3543 4804 millia

1944 4841 2196 4898 undecim
2228 4851 2283 4899 et
2303 4842 2549 4898 sexcenti
2577 4841 2704 4898 viri.

2569 4933 2799 4992 CAPUT
2839 4935 2958 4992 XV.

2017 5028 2282 5100 Jotapatae
2313 5043 2532 5100 quoque
2553 5028 2969 5102 quadragesimo
2994 5038 3049 5087 et
3073 5039 3267 5088 octavo
3294 5031 3385 5090 die
3406 5031 3548 5088 facta

1946 5123 2250 5195 irruptione
2291 5125 2471 5196 primo
2510 5125 2774 5193 diluculo,
2802 5142 2925 5183 cum
2958 5128 3137 5184 adhuc
3171 5129 3345 5186 multo
3382 5144 3548 5200 supe-

1947 5219 2108 5272 rioris
2178 5218 2289 5274 diei
2364 5218 2494 5275 fessi
2565 5220 2752 5276 labore
2824 5221 3273 5293 requiescerent,
3343 5225 3552 5295 primus

1948 5311 2192 5367 omnium
2221 5312 2377 5368 Titus
2398 5312 2543 5385 :cum
2573 5314 2782 5372 Sabino
2811 5313 3095 5387 ingressus
3117 5358 3133 5384 ,
3163 5317 3382 5372 caeteris
3409 5317 3553 5372 viam

1951 5406 2206 5475 prazbuit.
2264 5404 2802 5482 Comprehensisque
2851 5411 3230 5484 superioribus
3274 5410 3442 5478 locis,
3497 5411 3554 5467 in

251 5506 376 5550 suos
421 5502 551 5545 saxa
583 5498 748 5562 atque
792 5487 972 5545 omnia
1019 5501 1137 5557 quze
1173 5487 1317 5546 forte
1365 5498 1684 5562 repererant
1715 5491 1854 5547 telo-
1953 5499 2219 5570 angustiis
2247 5499 2546 5570 platearum
2588 5506 2788 5574 passim
2813 5547 2828 5573 ,
2870 5514 2926 5562 et
2966 5505 3140 5575 ignari
3179 5503 3357 5559 adhuc
3401 5503 3560 5562 factas

322 5638 349 5665 ει
368 5627 668 5682 Periturae.
700 5626 779 5682 In.

323 5697 351 5737 ιν
376 5697 667 5770 Duodecim
693 5697 883 5764 millia,
915 5694 1188 5769 Iosephus
1216 5699 1314 5757 lib.
1346 5716 1429 5770 tu,
1452 5715 1504 5759 c.
1537 5701 1623 5759 ll.
1654 5701 1731 5758 In.

332 5782 353 5840 εξ
382 5768 652 5840 0_bjecere.
682 5770 761 5826 In.

329 5837 356 5876 ἀ
376 5837 636 5911 Equam.
667 5842 744 5898 Io.

2039 5645 2061 5712 ξ
2081 5633 2393 5712 Qangregati
2413 5643 2783 5700 ascendissent.
2811 5644 2887 5700 In.

2034 5703 2054 5743 ί
2090 5703 2395 5767 Pronomen
2422 5712 2566 5770 istud
2587 5717 2762 5773 codex
2786 5731 2921 5774 mss.
2952 5727 3060 5770 non
3086 5713 3270 5772 habet.
3300 5712 3469 5771 Bsnn.

2036 5786 2063 5824 η
2095 5779 2555 5852 Constipationem.
2586 5785 2665 5842 In.
