4112 6350
541 275 644 334 908
656 277 684 329 5
1890 269 2136 332 BANCTI
2153 265 2506 344 ,AMBROSII
3694 277 3807 342 208i

536 393 858 464 irruptionis
888 393 1248 450 feriebantur.
1283 389 1389 448 Alii
1419 393 1476 448 in
1525 392 1640 487 suis
1686 392 1898 460 stratis,
1927 393 2021 448 alii
2054 408 2152 449 ex-
2182 400 2237 460 Α
2262 413 2368 483 phe
2405 432 2415 467 τ
2453 415 2559 468 vim
2615 411 2708 468 [ibi
2765 411 3118 483 promum”,
3167 413 3262 470 sed
3310 422 3559 486 paramur
3603 416 3808 487 “mima

537 487 838 560 pergefacti
857 530 873 556 ,
903 489 995 544 alii
1025 488 1318 558 vigilantes
1343 529 1358 553 ,
1394 487 1490 543 sed
1522 486 1704 544 inedia
1743 501 1804 542 ac
1833 501 2030 543 somno
2060 501 2112 541 se

2261 516 2458 561 morte.
2483 506 2742 561 Vicerunt
2774 515 2827 562 te
2868 506 3111 561 Romana
3155 522 3302 563 arma
3327 550 3341 574 ,
3369 524 3471 563 non
3498 486 3664 580 capiat
3691 509 3811 565 frau-

537 579 636 636 luti
688 595 878 651 pinnas
929 580 1154 636 dabant.
1191 580 1382 636 Adhuc
1418 591 1597 636 tamen
1643 588 1810 636 totam
1849 580 2038 636 urbem
2071 582 2112 635 vi

2258 597 2524 652 dulentia.
2558 595 2842 653 Atrociora
2869 608 2992 653 sunt
3015 599 3157 653 dona
3190 615 3399 666 eorum,
3430 617 3580 669 quam
3604 603 3809 657 vulnera.

539 673 747 729 latebat
777 675 1068 729 malorum.
1095 673 1205 729 Sed
1241 675 1331 729 ubi
1376 674 1649 728 exercitus
1693 674 1974 745 ingressus
2011 672 2152 728 mili-
2255 688 2353 744 ma
2381 693 2528 744 enim
2555 691 2921 760 captivitatem
2956 689 3259 758 minantur,
3287 693 3399 747 “me
3431 691 3716 748 libertatem
3740 711 3811 749 re,

540 767 644 822 tari
672 766 953 822 infremuit
975 765 1207 832 ululatu,
1239 764 1307 821 ad
1331 765 1511 821 solum
1537 765 1650 821 fere
1671 765 1976 822 subeundae
2009 779 2112 819 IIIOI

2257 793 2496 836 servant.
2523 779 2840 848 inﬂecteris,
2874 781 3135 854 Josephe,
3169 793 3222 839 et
3269 784 3431 839 animi
3463 786 3675 856 quadam
3727 784 3816 841 ira-

540 864 610 917 tis
640 859 894 917 affectum
925 861 1371 916 insurrexerunt.
1407 860 1472 914 Et
1514 860 1559 915 si
1603 860 1693 932 qui
1732 860 2018 930 superiora
2060 872 2154 950 ru-
2257 888 2376 932 ctus
2409 877 2661 946 mollitia,
2691 877 2774 932 vis
2803 893 2923 934 esse
2952 883 3143 950 pan-nc
3173 879 3489 950 superstes?
3519 877 3614 936 Ubi
3642 889 3717 935 est
3739 881 3809 936 do~

539 963 658 1011 tere
689 961 1057 1021 tentaverant,
1091 954 1298 1025 repulsi
1339 952 1728 1018 caedebantur;
1761 960 1819 1006 et
1844 949 2040 1021 quibus
2071 949 2112 1003 ul

2255 970 2431 1026 ctrina
2463 971 2682 1042 Moysis,
2714 971 2800 1042 qui
2833 987 2893 1026 se
2919 948 2988 1026 de
3017 971 3156 1027 libro
3180 948 3389 1027 caelesti
3417 971 3580 1028 deleri
3613 974 3814 1042 petebat,

537 1047 779 1102 ciscendi
808 1047 889 1101 vis
919 1055 1216 1117 suppetere
1246 1056 1500 1118 poterat,
1533 1047 1648 1114 ipsa
1686 1041 1986 1100 coarctatio
2035 1043 2112 1096 vin

2254 1083 2322 1122 ne
2336 1065 2480 1138 plebi
2502 1064 2718 1121 Domini
2735 1065 3145 1137 superviveret?
3162 1063 3265 1123 Ubi
3284 1078 3364 1121 est
3389 1065 3586 1133 Aaron,
3603 1041 3682 1136 qui
3703 1065 3818 1122 inter

537 1139 740 1194 dictam
799 1140 1129 1208 ademerat;
1183 1148 1239 1197 et
1297 1142 1342 1196 si
1409 1143 1500 1212 qui
1569 1141 1826 1196 resistere
1886 1138 2107 1209 parabat

2255 1162 2410 1216 vivos
2442 1176 2504 1217 ac
2533 1169 2776 1216 mortuos
2807 1160 3023 1216 medius
3073 1161 3258 1228 stetit,
3290 1177 3357 1217 ne
3387 1175 3530 1216 mors
3581 1162 3816 1218 viventem

535 1234 876 1290 irruentibus
901 1250 1070 1306 supra
1095 1250 1155 1290 se
1181 1234 1324 1303 aliis,
1349 1234 1492 1290 bello
1518 1233 2017 1290 abscondebantur.
2046 1231 2150 1286 Alii
2251 1255 2508 1326 populum
2538 1271 2684 1311 saevo
2712 1253 2967 1326 contagio
3004 1253 3031 1294 ι,
3063 1255 3430 1326 depascere”
3469 1253 3566 1311 Ubi
3608 1264 3684 1312 θη
3703 1257 3818 1327 regis

537 1332 714 1386 multo
745 1331 875 1386 fessi
899 1329 1224 1399 certamine,
1241 1330 1498 1386 demissis
1527 1329 1778 1385 manibus
1805 1343 1927 1385 sese
1955 1327 2152 1383 oifere-
2252 1347 2435 1405 Sami-5
2467 1359 2522 1406 et
2564 1348 2814 1406 jonalhw
2841 1350 3070 1406 devotus
3113 1351 3306 1422 ρὶιιτεω
3339 1351 3545 1405 animm
3565 1393 3579 1416 ,
3609 1361 3657 1405 ρι
3694 1365 3816 1405 mors

532 1424 665 1481 bant
694 1427 937 1493 vulneri,
966 1437 1025 1481 ut
1059 1428 1143 1482 vel
1175 1435 1353 1482 morte
1392 1436 1500 1481 tam
1555 1424 1824 1480 feralibus
1881 1422 2148 1477 mulorum
2251 1441 2342 1497 in“
2379 1458 2476 1511 pro
2505 1441 2714 1496 chibus
2746 1451 2994 1511 suscepta
3021 1484 3034 1508 ,
3071 1451 3120 1497 cl
3149 1440 3363 1496 former
3391 1442 3712 1512 gloriamque
3737 1457 3814 1496 ex,

533 1533 760 1572 suorum
791 1519 1124 1589 Spectaculis
1150 1519 1520 1588 θτίβθτθηιυτσ
1556 1516 1666 1571 “ac
1698 1515 1956 1586 decepms
1992 1527 2150 1569 seen”
2253 1535 2456 1607 petita?
2486 1535 2628 1590 ﬁltus
2651 1546 2856 1606 patrem
2891 1535 3150 1606 exemplo
3178 1535 3429 1591 ittthavit
3451 1577 3465 1600 ,
3501 1545 3644 1608 pater
3669 1534 3810 1591 lilium

535 1613 698 1669 ritate
723 1615 1073 1684 pereuntium
1098 1615 1350 1670 centurio
1377 1614 1674 1678 Antonius,
1707 1619 1932 1682 rogatus
1962 1623 1991 1664 a
2015 1624 2112 1680 quc

2252 1633 2446 1686 mortis
2475 1632 2754 1702 proposito
2784 1647 2890 1686 non
2919 1629 3229 1702 dereliquit.
3262 1629 3364 1694 Qui
3405 1645 3524 1685 cum
3567 1638 3728 1700 posset
3755 1627 3816 1683 vi-

531 1705 680 1773 dam,
729 1709 820 1778 qui
849 1707 904 1761 in
930 1707 1132 1776 spelaea
1161 1707 1504 1778 confugerat,
1552 1714 1611 1760 ut
1639 1707 1687 1761 ei
1731 1706 2012 1760 dexteram
2051 1704 2112 1758 da

2253 1742 2403 1790 vere,
2436 1726 2625 1779 maluit
2651 1740 2710 1781 se
2741 1725 3006 1792 interﬁci,
3037 1740 3197 1794 quam
3230 1727 3296 1780 ab
3330 1725 3483 1779 hoste
3514 1723 3812 1792 triumphari.

532 1809 618 1854 τθί
641 1841 654 1865 θ
679 1799 925 1855 θδδίδθω
960 1801 1135 1854 “inii”
1182 1812 1234 1854 εί
1274 1799 1466 1853 iam“
1496 1805 1833 1868 δθίίυθδίτθίη
1870 1811 1882 1849 ³
1907 1793 2150 1866 “mem
2181 1801 2229 1864 Β
2255 1818 2587 1875 Hortabatur
2613 1819 2942 1888 armigerum
2970 1793 3126 1874 suum
3154 1819 3346 1874 dicens
3373 1835 3386 1871 :
3420 1815 3632 1872 Percutc
3653 1833 3738 1883 me,
3766 1832 3814 1870 ne

539 1891 713 1958 imm,
741 1892 854 1948 (Ῐοίί
884 1893 1199 1964 ηεειίεθηε,
1236 1902 1290 1948 εί
1319 1907 1398 1947 Vi“
1427 1893 1628 1946 "iis"!
1662 1891 1886 1946 nimium
1923 1902 2149 1983 securus
2256 1911 2458 1965 veniant
2488 1910 2834 1965 incircumcisi
2861 1910 2947 1964 isti
2972 1952 2987 1979 ,
3011 1921 3057 1966 et
3087 1911 3381 1983 percutiant
3413 1925 3523 1979 me,
3560 1919 3603 1964 et
3628 1909 3816 1964 illudunt

535 1985 794 2056 triumphi
826 2004 838 2039 :
867 1985 965 2043 sed
1002 1987 1094 2042 ille
1125 1985 1401 2042 incautum
1447 1985 1661 2056 spiculo
1691 1983 1848 2048 ferit,
1878 1993 1930 2038 et
1963 1981 2146 2077 statim
2257 2021 2334 2058 ,ηε
2361 2002 2425 2077 (ι
2452 2001 2586 2076 ηερ,
2620 2019 2750 2058 χχχ,
2772 2045 2788 2070 ,
2827 2002 2896 2075 ι)
2932 2021 2944 2058 ε
2979 1981 3102 2075 quia
3147 2004 3382 2076 armiger
3419 2003 3621 2069 timuit,
3649 2003 3814 2073 ipsese

533 2081 826 2151 transfigit,
857 2097 924 2136 ne
953 2081 1174 2152 impleta
1198 2091 1347 2137 esset
1372 2081 1654 2136 incruenta
1687 2078 1949 2132 Romanis
1967 2075 2146 2132 victo-
2253 2075 2436 2167 glad-,0
2481 2075 2958 2151 mnsvcrberavil.
2993 2094 3198 2168 Dignus
3245 2075 3408 2168 (λύθη,
3458 2095 3617 2152 David
3657 2094 3815 2166 spimu

536 2174 638 2228 ria-
669 2174 910 2244 ιίίοίβεο
939 2175 1024 2231 (ίίο
1055 2174 1332 2232 inierim”
1387 2188 1616 2239 omnes,
1669 2173 2002 2242 αιιὶιτυιηίιυε
2061 2172 2144 2225 ίη·
2255 2188 2572 2259 prophetico
2620 2187 2965 2244 vindicaret:
3001 2189 3126 2259 quia
3173 2204 3234 2243 se
3275 2189 3514 2259 degener
3558 2186 3813 2244 Amalecita

529 2269 699 2323 venti.
727 2269 1095 2340 Sequentibus
1145 2279 1328 2325 autem
1357 2269 1550 2324 diebus
1577 2266 1739 2323 etiam
1783 2265 1854 2320 de
1882 2264 2112 2337 hypogei

2251 2281 2319 2338 de
2349 2281 2468 2353 ejus
2498 2291 2672 2336 morte
2697 2280 2836 2337 falso
2853 2281 3184 2351 jactaverat,
3213 2291 3268 2337 et
3297 2281 3526 2353 gloriam
3549 2280 3642 2337 viri
3670 2281 3745 2351 qui
3769 2291 3815 2334 se

529 2370 588 2418 et
611 2365 830 2419 exteris
851 2364 1088 2419 defessis
1121 2365 1393 2435 specubus
1425 2360 1863 2434 producebantur
1886 2401 1900 2425 ,
1930 2359 2018 2414 vel
2042 2358 2112 2412 ibi

2251 2373 2428 2444 ipsum
2466 2371 2605 2427 hosti
2636 2379 2956 2440 exemerat,
2989 2371 3422 2428 imminuendam
3468 2373 3695 2444 putavit,
3723 2381 3812 2426 uta

529 2461 654 2515 dem
697 2460 1225 2532 exstinguebantur,
1255 2461 1498 2531 exceptis
1535 2457 1776 2528 parvulis
1805 2469 1868 2510 ac
1902 2452 2112 2509 mulieri

2250 2479 2311 2520 se
2335 2464 2682 2520 interfectum
2717 2465 3064 2521 mentiretur.
3094 2464 3301 2537 Dignus
3330 2463 3492 2521 etiam
3514 2509 3528 2534 ,
3553 2479 3699 2538 quem
3721 2474 3811 2518 tan-

528 2553 653 2609 bus.
683 2554 860 2622 Cassa,
895 2569 988 2624 per
1017 2569 1210 2610 omnes
1237 2553 1378 2621 dies,
1411 2551 1763 2624 quadraginta
1797 2548 1990 2614 millia,
2019 2559 2142 2617 qua!
2254 2567 2341 2612 tus
2374 2557 2620 2614 laudaret
2653 2555 2918 2629 propheta
2945 2558 3136 2614 dicens
3167 2575 3179 2612 :
3213 2559 3351 2614 Sani
3377 2568 3422 2614 et
3455 2557 3698 2614 Jonathas
3723 2572 3812 2626 spe-

529 2662 764 2703 lllitllel'O
791 2647 1189 2718 comprehensa
1219 2656 1379 2711 Slllll;
1412 2645 1466 2699 ill
1505 2645 1876 2714 captivitatem
1917 2637 2141 2695 deducti
2247 2652 2373 2706 (δοδὶ
2398 2661 2445 2706 εει
2475 2651 2769 2705 εὴανὶεδεηιξ
2796 2650 3166 2721 inseparabiles
3192 2651 3247 2706 in
3275 2651 3385 2706 vim
3410 2661 3585 2719 33m,“
3611 2652 3661 2706 in
3684 2661 3814 2704 morte

527 2742 676 2798 mille
706 2751 762 2796 et
788 2741 1039 2808 ducenti;
1070 2755 1264 2796 eversa
1291 2749 1344 2795 et
1372 2739 1478 2809 igni
1501 2749 1696 2794 exusta
1730 2745 1814 2792 est
1840 2735 2054 2798 civitas,
2085 2741 2144 2788 et
2249 2760 2352 2798 ηοη
2375 2753 2494 2798 sunt
2527 2744 2756 2815 separati
2789 2760 2806 2798 :
2838 2760 2994 2816 super
3019 2742 3222 2816 aquilas
3245 2745 3483 2813 leviores,
3511 2760 3655 2816 super
3675 2744 3811 2798 leones

526 2836 749 2892 castella
779 2836 900 2906 ejus
923 2834 1128 2901 omnia,
1153 2847 1301 2890 anno
1329 2835 1541 2903 imperii
1571 2831 1804 2887 Neronis
1839 2844 1954 2886 xm.
1985 2829 2142 2884 Josc—
2247 2839 2560 2908 potentiores
2591 2835 2675 2908 (li
2703 2835 2832 2908 Reg.
2863 2851 2914 2904 ι,
2938 2837 3067 2909 25).
3099 2837 3221 2909 ipse
3251 2853 3473 2910 quoque
3519 2837 3677 2894 David
3713 2851 3809 2892 cum

525 2929 665 2999 phus
693 2931 901 2986 interea
933 2931 1074 2985 inter
1103 2928 1315 2983 favillas
1345 2926 1495 2982 urbis
1537 2927 1590 2981 in
1627 2925 1864 2996 quodam
1893 2923 2013 2978 lacu
2042 2921 2138 2977 de-
2245 2932 2504 3004 pupulum
2535 2932 2747 3002 percuti
2773 2933 2842 2987 ab
2869 2934 3063 3005 angelo
3095 2933 3346 3002 videret,
3377 2935 3430 2990 in
3462 2949 3518 2990 se
3543 2933 3698 2989 voluit
3723 2946 3811 2986 cm-

520 3021 824 3090 litescebat,
891 3022 1034 3078 haud
1091 3023 1295 3077 inscius
1341 3020 1490 3091 quod
1537 3019 1693 3089 quasi
1741 3018 1846 3072 dux
1917 3015 2135 3072 adversi
2243 3027 2435 3082 testem
2465 3026 2700 3081 derivari
2733 3025 3065 3094 vindictam,
3097 3041 3166 3082 ne
3207 3037 3478 3098 pereunte
3517 3027 3700 3100 populo
3739 3039 3809 3080 re-

522 3118 758 3188 agminis
809 3116 1112 3171 studiosius
1160 3115 1558 3187 requireretur.
1602 3113 1870 3184 Egressus
1914 3111 2005 3166 die
2053 3123 2140 3165 δε·-
2241 3131 2570 3175 servaretur.
2596 3119 2882 3175 Pus-tremo
2914 3120 3004 3175 ubi
3027 3119 3118 3175 lex
3149 3119 3336 3176 divina
3383 3121 3535 3192 cujus
3581 3121 3809 3190 interpres

521 3210 720 3276 eundo,
749 3209 837 3264 ubi
868 3218 1017 3280 septa
1046 3208 1280 3264 advertit
1303 3208 1507 3272 omnia,
1534 3206 1824 3262 revertitur
1846 3206 1899 3259 in
1929 3203 2127 3258 lacum.
2157 3214 2203 3278 ο
2236 3229 2455 3283 semper
2485 3211 2656 3279 fuisti,
2678 3228 2799 3285 qua;
2829 3229 2930 3285 pro
2961 3221 3060 3270 hac
3097 3213 3251 3270 brevi
3279 3217 3394 3271 vim
3432 3226 3723 3288 perpetuam
3741 3211 3811 3282 δυ.

521 3300 710 3359 Tertio
735 3303 824 3359 die
853 3303 1049 3358 mulier
1075 3303 1325 3373 qutedam
1353 3310 1567 3371 reperta
1592 3342 1606 3367 ,
1635 3299 1882 3370 cognitas
1910 3297 2012 3352 Sibi
2043 3295 2130 3351 εἶθ’
2241 3309 2338 3362 stis
2369 3308 2617 3378 promisit
2638 3306 3148 3364 immortalitatem?
3170 3307 3274 3365 Ubi
3302 3311 3445 3366 Deus
3477 3310 3806 3372 Hebraeorum,

519 3401 676 3469 sephi
729 3399 1002 3464 latebras,
1051 3399 1427 3469 quaerentibus
1474 3394 1872 3452 demonstravit
1905 3394 2039 3464 (sed
2081 3393 2136 3447 in
2239 3400 2333 3471 qui
2372 3400 2534 3455 docet
2574 3399 2752 3470 jnstos
2787 3399 2982 3455 mortis
3011 3410 3393 3472 contemptum
3423 3396 3809 3458 haberciiiefu-

515 3495 638 3548 lacu
687 3502 712 3530 ⁸
738 3491 1096 3563 quadraginta
1139 3492 1283 3555 viri,
1314 3493 1405 3562 qui
1445 3506 1512 3545 co
1557 3487 1956 3559 confugerant,
2013 3501 2136 3541 sese
2237 3509 2367 3565 gere
2388 3494 2550 3548 etiam
2577 3492 2780 3549 debere
2806 3502 3087 3550 terrenum
3120 3495 3517 3564 habitaculum,
3539 3507 3561 3534 ε
3585 3492 3805 3549 anhelare

519 3587 951 3660 tegebant).Qui
981 3588 1070 3643 ubi
1099 3586 1454 3643 advertebant
1481 3585 1802 3655 .losephum,
1835 3583 2009 3654 primo
2039 3596 2134 3652 per
2239 3587 2306 3643 ad
2353 3603 2620 3658 superna,
2654 3589 2720 3643 ad
2752 3590 3030 3662 regionem
3064 3589 3304 3661 paradisi
3332 3635 3346 3658 ,
3398 3591 3489 3648 ubi
3538 3592 3665 3647 Deus
3707 3587 3802 3656 ipse

523 3682 808 3738 Paulinum
841 3690 898 3738 et
921 3682 1262 3740 Gallicanum
1291 3698 1318 3736 a
1351 3682 1690 3752 Vespasiano
1715 3679 1783 3735 ad
1811 3693 1962 3750 spem
1987 3678 2134 3733 salu—
2237 3682 2358 3753 pias
2387 3681 2594 3738 animas
2618 3685 2983 3739 conservavit.
3013 3683 3163 3741 Nunc
3199 3686 3422 3742 demum
3465 3685 3611 3758 cupis
3636 3729 3648 3751 ,
3679 3681 3806 3737 lose-

514 3775 586 3831 tis
621 3777 826 3842 vocari,
853 3786 1042 3847 postea
1076 3791 1173 3848 per
1205 3776 1564 3843 Nicanorem,
1590 3775 1679 3846 qui
1709 3773 1952 3843 Josepho
1981 3783 2134 3829 vetc-
2238 3775 2369 3848 phe,
2406 3776 2610 3842 vivere,
2641 3777 2858 3848 quando
2887 3791 2994 3832 non
3023 3787 3263 3849 oportet,
3311 3777 3483 3836 immo
3523 3794 3619 3834 nec
3656 3776 3762 3831 licet
3794 3785 3805 3824 ε

517 3871 596 3928 ris
624 3873 880 3927 amicitiae
914 3872 1082 3942 gratia
1109 3871 1492 3942 copulabatur,
1533 3879 1587 3925 et
1642 3869 1763 3924 ideo
1806 3870 2025 3936 missus,
2071 3877 2133 3923 ut
2238 3874 2438 3940 immo,
2470 3871 2613 3942 quod
2639 3871 2814 3944 majus
2838 3882 2950 3938 est,
2982 3887 3091 3928 non
3123 3870 3282 3929 decet
3313 3892 3327 3928 :
3353 3885 3410 3930 et
3434 3871 3461 3911 ἀ
3491 3885 3697 3944 carpere
3733 3867 3808 3922 deo

523 3965 808 4021 dexteram
837 3965 1016 4032 daret,
1053 3966 1358 4037 promptius
1389 3965 1627 4022 oflicium
1675 3965 1913 4020 mandati
1941 3980 2132 4020 mune-
2236 3964 2448 4020 sideras
2476 3964 2660 4020 lumen
2693 3963 2827 4020 illud
2857 3963 3060 4037 (ausim
3091 3964 3276 4022 dicere
3303 3968 3324 4036 )
3353 3967 3661 4027 servitutis,
3689 3957 3808 4032 quod

515 4060 592 4114 ris
620 4061 1063 4131 exsequebatur:
1097 4061 1408 4116 circumfusi
1442 4060 1739 4132 JOScpbum
1769 4061 1968 4116 talibus
1994 4060 2130 4116 ado-
2237 4059 2290 4113 in
2315 4057 2490 4113 aliena
2516 4067 2786 4128 potestate
2813 4068 2920 4127 est,
2954 4057 3088 4114 utid
3128 4059 3351 4129 quando
3388 4059 3619 4114 voluerit
3644 4055 3811 4110 Roma-

518 4154 802 4211 riebantur
820 4155 1202 4212 sermonibus:
2235 4168 2336 4207 nus
2363 4153 2560 4224 eripiat
2589 4169 2602 4205 :
2633 4151 2850 4224 quando
2873 4153 3029 4219 velit,
3055 4155 3292 4209 carceris
3325 4153 3568 4211 tenebris
3587 4148 3806 4211 obducat;

1131 4246 1362 4304 CAPUT
1393 4246 1539 4304 XVI.
1595 4292 1597 4294 .
2237 4258 2294 4303 ut
2323 4258 2478 4318 optes
2509 4247 2634 4303 hinc
2664 4247 2872 4320 fugere,
2903 4263 3003 4304 nec
3035 4248 3196 4303 liceat
3223 4249 3370 4304 mori
3399 4268 3412 4304 :
3437 4258 3492 4304 et
3515 4263 3613 4319 quo
3637 4243 3812 4316 pudore

591 4341 742 4398 Nunc
782 4342 956 4414 major
991 4341 1162 4399 Judaei
1196 4343 1437 4398 nominis
1487 4352 1734 4398 tentatur
1774 4343 1950 4407 ruina,
1983 4357 2126 4398 nunc
2231 4340 2298 4395 ad
2323 4356 2418 4397 eos
2447 4341 2568 4408 ibis,
2588 4340 2783 4412 quibus
2805 4341 3124 4412 persuasisti
3155 4355 3254 4412 pro
3275 4341 3456 4411 patria
3485 4339 3650 4396 mori?
3673 4345 3809 4408 quam

514 4433 695 4489 favilla
743 4436 969 4504 tctrior,
1003 4452 1123 4506 quae
1177 4435 1411 4506 sepeliat
1457 4445 1513 4492 et
1543 4435 1846 4491 abscondat
1885 4435 2124 4506 splendi-
2229 4437 2634 4492 excusationem
2667 4434 2918 4503 habebis,
2951 4435 3094 4508 quod
3128 4444 3235 4490 tam
3269 4433 3364 4491 diu
3395 4430 3697 4491 resederis?
3721 4427 3812 4484 Ex-

516 4528 755 4584 dissiutae
769 4529 1110 4600 disciplinam
1132 4531 1425 4601 prosapiae,
1449 4541 1614 4601 atque
1632 4545 1792 4585 omne
1808 4529 1974 4585 decus
1997 4530 2118 4584 sub-

515 4631 638 4676 ruat
668 4665 683 4688 ,
733 4625 956 4695 quando
1017 4624 1290 4694 Jusephus
1360 4624 1427 4680 ad
1496 4624 1831 4696 triumphum
1880 4625 2127 4695 captivus
2155 4619 2209 4686 1)
2237 4632 2324 4678 tur
2362 4623 2664 4693 Josephus,
2695 4624 2783 4694 qui
2817 4623 3119 4692 praevenire
3161 4621 3394 4677 debuit!
3429 4635 3528 4676 cur
3565 4629 3667 4674 tam
3706 4623 3809 4669 sero

511 4719 784 4771 reservari
806 4718 1049 4786 jubetur.
1081 4717 1345 4786 Quidsibi
1370 4718 1558 4774 volunt
1589 4729 1696 4774 tam
1726 4718 1913 4774 sedula
1941 4719 2122 4773 subito
2225 4717 2515 4790 sequitur?
2547 4731 2644 4774 cur
2694 4716 2994 4789 discipulos
3033 4729 3163 4773 suos
3201 4717 3404 4787 quibus
3447 4733 3542 4788 pro
3585 4714 3808 4769 libertate

511 4811 869 4866 invitamenta
909 4811 1190 4868 hostium?
1221 4814 1360 4882 Quid
1391 4814 1532 4869 dona
1565 4813 1757 4870 salutis
1786 4813 2124 4884 spontanea?
2227 4811 2568 4868 moriendum
2642 4813 2854 4878 suasit,
2905 4809 3106 4866 imitari
3170 4811 3437 4867 recusat?
3497 4807 3806 4866 Pcrferemus

509 4901 846 4971 Rugantibus
888 4904 1057 4959 vitam
1107 4903 1230 4959 aliis
1281 4917 1386 4959 non
1435 4916 1816 4977 pepercerunt.
1849 4905 2122 4975 Josephus
2223 4918 2373 4962 certe
2400 4921 2500 4962 nos
2521 4949 2534 4973 ,
2564 4903 2706 4978 quod
2740 4905 2946 4961 servire
2985 4903 3219 4975 elegeris
3243 4913 3486 4961 assertor
3521 4903 3651 4974 legis
3675 4905 3726 4954 et
3751 4893 3808 4949 li-

511 4996 1133 5068 accersitur,Jose'phus
1162 5006 1384 5069 rogatur
1412 5003 1470 5054 ut
1500 4999 1669 5054 vivat.
1693 4999 1943 5055 Metuunt
1971 5000 2122 5055 vide—
2225 5001 2476 5066 bertatis,
2526 4998 2670 5070 quod
2715 4998 3050 5069 mancipium
3101 5008 3156 5053 te
3205 4995 3469 5054 Romanis
3516 4988 3801 5052 addixerit).

507 5087 655 5155 licet,
688 5103 756 5145 ne
784 5101 1036 5162 pompam
1067 5091 1320 5148 amittant
1352 5092 1633 5164 triumphi,
1662 5108 1729 5148 ne
1757 5091 1922 5158 desit,
1955 5107 2117 5164 quem
2225 5095 2369 5166 quod
2405 5094 2780 5166 captivitatem
2817 5090 3058 5148 libertati
3103 5089 3493 5162 prmposueris.
3532 5086 3638 5146 Sed
3668 5091 3802 5145 esto.

508 5193 720 5255 spectet
751 5184 923 5240 Roma
947 5188 1248 5257 captivum,
1279 5203 1438 5259 quem
1473 5198 1788 5244 catenatum
1826 5187 2116 5259 Vespasia-
2225 5187 2361 5244 velis
2389 5189 2605 5253 vivere,
2639 5184 2916 5257 quomodo
2957 5187 3060 5240 hoc
3099 5183 3420 5255 impetrabis
3466 5185 3535 5240 τι)
3579 5181 3676 5246 his,
3722 5174 3804 5230 ad-

508 5291 612 5334 nus
639 5287 767 5335 ante
803 5296 1022 5335 currum
1064 5295 1217 5336 suum
1247 5282 1469 5353 dirigat.
1503 5282 1583 5338 Ad
1626 5283 1741 5338 haec
1773 5281 1936 5354 igitur
1973 5283 2117 5339 ludi-

505 5371 623 5428 bria
659 5374 737 5430 vis
764 5373 1071 5431 reservari?
1111 5375 1176 5430 Et
1220 5375 1366 5431 unde
1415 5376 1856 5447 triumphabant,
1904 5379 1948 5433 si
1999 5379 2116 5434 dux

504 5479 694 5522 eorum
746 5468 984 5525 defuerit
1025 5467 1097 5524 de
1137 5468 1332 5539 quibus
1394 5468 1806 5540 triumphatur?
1859 5472 1967 5528 Aut
2017 5472 2109 5543 qui

499 5561 840 5631 triumphus,
873 5563 917 5618 si
945 5561 1178 5618 amicitia
1201 5561 1363 5620 datur
1391 5561 1581 5620 victis?
1602 5561 1681 5620 Ne
1703 5563 1920 5632 eredas.
1949 5564 2104 5622 .lose-

582 5686 605 5714 ⁸
635 5674 776 5733 XLII
813 5676 1032 5734 ΜΛ».

576 5747 602 5787 δ
639 5750 1030 5822 ρεραεοεγεων.
1062 5749 1138 5806 lo.

574 5830 594 5858 τ
628 5820 898 5878 Revolare.
934 5821 1000 5878 Et
1040 5822 1201 5893 paulo
1241 5833 1365 5893 post
1401 5825 1620 5880 sacravit
1647 5839 1747 5896 pro
1772 5829 2111 5883 conservavit.

2220 5297 2438 5338 versum
2463 5295 2599 5353 quos
2627 5280 2791 5336 toties
2813 5280 3092 5352 prmliatus
3120 5295 3180 5336 es
3199 5281 3225 5334 Ὺ
3247 5277 3537 5349 Quomodo
3563 5287 3614 5332 te
3650 5274 3804 5330 intue-

2218 5375 2460 5434 buntur!
2487 5373 2684 5448 quibus
2707 5374 2920 5432 oculis?
2947 5375 3145 5448 quibus
3168 5370 3693 5442 atiimiSYQuomodo
3711 5367 3802 5422 ira-

2213 5471 2281 5528 tis
2306 5470 2564 5537 dominis,
2595 5470 2908 5535 etsiliceat,
2939 5468 3126 5526 vivere
3155 5469 3344 5525 voles?
3368 5468 3476 5524 Aut
3494 5465 3611 5539 quis
3638 5458 3799 5534 prodi-

2216 5555 2388 5622 lorem
2421 5565 2609 5636 patria:
2639 5581 2742 5620 non
2770 5563 2960 5620 credet
2984 5564 3150 5620 fuisse
3176 5605 3191 5632 ,
3216 5564 3302 5620 cui
3329 5559 3633 5620 mercedem
3668 5553 3795 5612 solu-

2223 5681 2396 5738 BARB.

2293 5753 2319 5792 ιι
2344 5755 2560 5826 Qapere.
2586 5753 2661 5810 In.

2301 5833 2324 5861 θ
2348 5823 2546 5882 Dicunt
2566 5829 2702 5899 jam.
2739 5825 2814 5880 lo.

2231 4538 2481 4601 spectant
2517 4529 2642 4599 quid
2673 4542 2802 4602 agas
2836 4547 2848 4585 :
2893 4538 2917 4566 ε
2950 4529 3138 4586 dicent
3166 4526 3419 4600 profecto
3451 4542 3465 4582 :
3494 4526 3632 4595 Quid
3661 4535 3812 4580 mora-
