4112 6350
257 285 403 351 9083

1125 292 1393 354 HISTOR.
1444 294 1532 354 DE
1575 287 1851 354 EXCIDIO
1892 289 2166 354 lilEROﬁ
2207 291 2414 355 URBIS
2453 295 2586 354 LIB.
2630 298 2697 358 ii.

3442 305 3587 371 9086

263 417 372 462 tam
417 402 742 478 proditionis
789 401 1039 465 videbit?
1071 408 1263 466 Utrum
1325 410 1498 466 mavis
1543 410 1686 482 elige
1719 426 1734 462 :
1770 410 1863 464 ho-
1900 416 1952 476 Α
1983 421 2201 480 propter
2218 423 2437 480 peccata
2461 420 2644 468 nostra
2667 425 2766 469 nos
2789 412 3136 483 adjudicavit.
3163 417 3590 480 Necmihiblan-

262 517 380 556 rum
412 502 640 558 alterum
668 503 740 560 sit
771 515 998 560 necesse
1030 511 1138 560 est.
1171 505 1295 561 Vita
1332 515 1419 560 tua
1452 515 1542 560 aut
1578 506 1870 577 praemium

259 596 584 669 proditionis
614 597 738 665 erit,
775 608 869 654 aut
905 599 1182 656 servitutis
1211 600 1560 672 supplicium.
1592 601 1684 655 llis
1716 599 1877 656 dictis

263 691 866 763 intentarttn’tgludios,
896 692 1200 748 addentes:
1247 693 1304 749 Si
1357 691 1662 764 acquiescis
1713 692 1874 759 mori,

257 785 416 854 quasi
472 783 627 840 amici
687 785 1054 841 ministerium
1115 787 1432 856 praebemus
1473 805 1486 842 :
1525 787 1570 842 si
1627 799 1875 854 recusas,

256 875 420 949 quasi
449 878 648 949 proditi
679 879 945 934 ultionem
978 880 1266 951 exigimus.

842 972 1073 1030 CAPUT
1121 973 1292 1029 XVII.

333 1064 415 1120 Ad
445 1065 562 1122 inec
587 1064 858 1137 Josepltus
885 1065 1052 1124 refert
1081 1084 1093 1121 :
1121 1067 1188 1123 Et
1216 1069 1338 1139 quis
1369 1069 1502 1124 velit
1541 1083 1665 1125 esse
1711 1077 1876 1123 tanta:

255 1158 454 1212 mortis
477 1159 780 1229 superstes?
807 1158 943 1228 Quis
957 1160 1126 1231 eligat
1150 1159 1266 1216 ﬁeri
1287 1162 1465 1215 lneres
1484 1159 1690 1216 doloris
1707 1160 1877 1229 'tQuis

253 1253 498 1308 animam
545 1267 697 1308 suam
725 1255 861 1310 nolit
881 1265 947 1310 ex
980 1255 1096 1324 ipso
1113 1267 1346 1326 corpore
1378 1256 1592 1321 mortis,
1616 1256 1660 1310 si
1692 1255 1873 1322 liceat,

254 1347 470 1405 absolvi
495 1348 631 1406 ised
664 1365 770 1406 non
803 1351 933 1406 licet
982 1352 1228 1420 solvere,
1259 1353 1361 1406 nisi
1393 1353 1444 1408 ei
1465 1351 1560 1421 qui
1591 1351 1873 1420 iigaverit.

251 1443 476 1498 Natura:
504 1443 725 1500 vinculo
745 1444 1036 1514 conjuncta
1066 1455 1150 1500 est
1169 1445 1344 1498 anima
1378 1444 1766 1515 corpori.QuiB
1785 1459 1880 1498 att-

252 1545 380 1593 ctor
398 1543 606 1591 natura:
622 1535 723 1591 nisi
751 1536 1097 1606 omnipotens
1115 1536 1292 1592 Deus?
1315 1536 1449 1606 Quis
1471 1536 1576 1591 hoc
1600 1536 1796 1590 animae
1823 1543 1880 1590 et

250 1630 511 1701 corporis
536 1629 707 1685 nostri
731 1629 841 1686 Deo
864 1631 1117 1701 placitum
1139 1630 1560 1685 contubernium
1585 1630 1881 1684 interrum-

248 1739 390 1795 pere
417 1739 480 1780 ac
501 1723 803 1780 dissociare
829 1725 1072 1781 audeat?
1110 1725 1167 1781 Si
1199 1724 1318 1795 quis
1345 1723 1598 1794 imposita
1625 1725 1877 1780 manibus

1981 504 2122 568 dior,
2164 510 2306 575 quod
2359 508 2688 576 parcendum
2741 509 3064 580 spondeant.
3097 511 3310 570 Utinam
3363 517 3585 574 fallant!

1987 596 2078 652 γει
2124 596 2229 652 hoc
2287 598 2496 654 lucrum
2549 599 2741 669 ferant,
2771 604 2914 674 quod
2959 620 3045 660 me
3082 605 3160 661 sic
3204 608 3510 666 timuerunt
3537 624 3594 668 ut

1980 685 2267 756 fallerent;
2294 692 2376 746 vel
2402 691 2542 748 hanc
2577 694 2838 750 ultionem
2873 697 3108 753 referam
3133 739 3146 765 ,
3170 702 3297 771 quia
3329 702 3591 775 frangunt

1977 781 2162 838 fidem.
2184 783 2322 840 Malo
2351 784 2570 842 illorum
2599 789 2884 846 latrocinio
2917 795 3092 859 perire
3124 811 3283 864 quant
3311 812 3455 853 meo.
3481 799 3583 854 La-

1983 878 2269 931 ll‘OClﬂiUlll
2295 893 2474 933 meum
2501 889 2614 948 est,
2650 882 2694 935 si
2724 881 2853 936 mihi
2893 883 3010 954 ipse
3042 885 3280 943 intulere
3321 902 3539 944 manum
3571 908 3585 943 :

1980 971 2024 1022 si
2050 969 2261 1037 hostes,
2280 972 2623 1029 beneficium.
2643 976 2785 1047 Ergo
2811 978 2941 1033 illud
2966 995 3090 1036 cum
3115 981 3436 1038 beneﬁcium
3459 986 3590 1043 dare

1983 1072 2209 1131 possent
2236 1066 2602 1124 interitnendo
2628 1111 2643 1135 ,
2665 1073 2993 1128 servandum
3021 1087 3344 1144 putaverunt
3363 1080 3510 1150 quod
3534 1083 3588 1137 in

1980 1165 2251 1224 potestate
2277 1159 2588 1216 habelrant:
2621 1171 2683 1216 ut
2709 1179 2927 1234 captum
2960 1168 3278 1225 occiderent
3307 1211 3323 1236 ,
3366 1173 3588 1230 latroci-

1980 1251 2090 1303 ttati
2121 1261 2266 1306 sunt.
2299 1253 2408 1309 Sed
2438 1255 2765 1325 pollicemini
2799 1261 2931 1314 mihi
2959 1277 3156 1318 manus
3193 1273 3393 1320 vestrae
3423 1267 3588 1323 inini-

1979 1346 2205 1402 sterium
2244 1367 2257 1404 :
2306 1365 2362 1404 re
2397 1366 2519 1405 vera
2551 1367 2842 1422 percussor
2875 1357 3029 1412 nobis
3065 1358 3269 1425 defuit,
3312 1371 3370 1415 ut
3397 1371 3588 1418 nostro

1979 1441 2193 1496 scelere
2219 1457 2526 1511 pereamus.
2544 1445 2842 1515 Nolomeo,
2869 1451 2994 1506 nolo
3018 1461 3200 1508 vestro
3230 1455 3439 1510 scelere
3465 1471 3592 1528 per-

1983 1535 2062 1590 ire
2083 1571 2098 1601 ,
2142 1537 2288 1607 quod
2317 1539 2442 1609 plus
2469 1552 2552 1595 est
2584 1555 2744 1611 quam
2778 1559 2899 1598 meo
2924 1586 2938 1609 ,
2982 1545 3107 1600 nolo
3133 1558 3337 1604 mutuo.
3367 1549 3479 1606 iioc
3507 1561 3597 1607 est

1980 1629 2128 1683 enim
2151 1643 2592 1702 unumquemque
2617 1644 2862 1691 nostrum
2895 1641 2996 1692 sibi
3027 1656 3219 1696 tuanus
3259 1641 3480 1710 inferre,
3516 1647 3585 1698 κεί-

1979 1722 2141 1776 cariae
2179 1724 2329 1778 necis
2382 1727 2693 1781 mercedem
2721 1731 2946 1786 solvere
2983 1749 2996 1784 :
3029 1745 3084 1787 ut
3109 1733 3219 1803 jam
3261 1751 3367 1790 non
3413 1737 3589 1793 solum

249 1817 374 1874 suis
404 1828 676 1888 prtecepto
701 1817 858 1873 herili
890 1818 1131 1881 vincula,
1166 1817 1283 1873 sine
1305 1818 1528 1872 arbitrio
1557 1817 1762 1872 domini
1793 1816 1873 1872 sui
1906 1815 1954 1882 Β
1985 1829 2080 1882 pro
2109 1831 2207 1868 suo
2257 1820 2514 1888 quisque,
2553 1819 2650 1874 sed
2693 1821 2860 1877 etiam
2903 1839 3001 1893 pro
3052 1827 3281 1882 alterius
3328 1832 3592 1900 sanguine

252 1909 532 1979 detrahat,
561 1926 744 1966 nonne
765 1912 809 1966 is
835 1913 984 1982 gravi
1013 1911 1258 1982 pulsasse
1282 1911 1478 1981 injuria
1522 1924 1679 1967 suum
1702 1913 1876 1967 domi-

254 2021 390 2060 num
409 2003 899 2060 eundemnabitur?
925 2005 1017 2060 Dei
1041 2006 1318 2076 possessio
1340 2019 1550 2071 sumus,
1576 2005 1689 2059 Deo
1711 2004 1880 2060 servi-

254 2099 395 2154 tium
417 2097 709 2164 debemus;
733 2099 886 2169 quasi
901 2101 1041 2154 servi
1062 2108 1441 2170 exspectemus
1459 2100 1706 2169 imperia,
1722 2098 1876 2170 quasi

253 2193 432 2247 vincti
456 2207 797 2248 reservemus
815 2193 1028 2248 vincula
1047 2235 1061 2256 ,
1087 2194 1242 2264 quasi
1259 2194 1449 2250 fideles
1485 2195 1686 2250 bonum
1710 2195 1879 2263 depo—

255 2290 433 2344 situm
457 2288 852 2344 custodiamus.
875 2288 991 2343 Non
1021 2303 1333 2345 recusemus
1354 2289 1484 2345 vitae
1505 2290 1663 2344 istius
1678 2301 1877 2346 munus

256 2379 405 2453 quod
429 2381 575 2437 dedit
607 2382 761 2436 nobis
779 2424 792 2448 ,
824 2393 934 2436 non
965 2381 1296 2454 refugiamus
1320 2383 1522 2438 donum
1545 2384 1794 2439 cmleste.
1821 2381 1880 2438 Si

258 2471 641 2530 hominisdata
662 2474 902 2546 rejieias,
926 2477 1354 2530 contumeliosus
1370 2489 1459 2531 es:
1483 2485 1688 2544 quanto
1711 2475 1882 2544 magis

257 2581 488 2623 servate
513 2567 798 2632 debemus,
824 2568 974 2638 quod
1007 2582 1036 2622 a
1058 2567 1172 2623 Deo
1198 2579 1392 2624 nostro
1431 2568 1776 2638 accepimus?
1799 2568 1882 2622 Ab

259 2663 390 2734 ipso
418 2662 597 2734 itaque
636 2662 943 2732 accepimus
970 2705 984 2729 ,
1013 2663 1156 2733 quod
1189 2675 1378 2718 sumus
1407 2679 1421 2717 :
1456 2661 1630 2732 ipsius
1660 2671 1884 2732 quoque

260 2755 431 2811 debet
455 2770 593 2819 esse,
629 2765 687 2809 ut
713 2755 972 2826 quamdiu
1007 2755 1162 2822 velit,
1191 2754 1706 2825 simus.Utrumqne
1733 2753 1881 2808 enim

263 2851 465 2922 ingrati
495 2857 600 2916 cst,
635 2861 688 2905 et
716 2850 884 2906 citius
911 2850 1193 2906 discedere
1213 2863 1378 2921 quam
1412 2849 1559 2913 velit,
1592 2859 1646 2904 et
1678 2847 1884 2903 diutius

267 2943 461 2998 vivere
493 2957 654 3013 quam
688 2943 919 2998 voluerit
961 2943 1082 3013 ipse
1123 2943 1213 3012 qui
1247 2942 1410 2997 vitam
1453 2941 1695 2996 donavit.
1721 2940 1886 2996 Num-

271 3038 407 3108 quid
463 3045 588 3093 ante
651 3037 930 3092 festinavit
985 3036 1140 3093 exire
1197 3035 1521 3092 Abraham?
1577 3035 1882 3105 numquid,

268 3142 403 3187 ante
469 3132 710 3187 ascendit
779 3131 997 3186 Abarim
1076 3131 1286 3196 Moses,
1363 3146 1522 3198 quam
1611 3129 1886 3183 diceretur

1979 1910 2158 1964 scelus
2181 1909 2401 1966 debeat.
2421 1911 2619 1967 Verum
2647 1915 2792 1985 regis
2811 1916 2942 1972 Saul
2966 1921 3274 1992 exemplum
3299 1928 3590 1995 promitur,

1980 2001 2100 2071 ejus
2118 2011 2265 2058 certe
2291 2006 2385 2074 qui
2415 2005 2679 2062 adversus
2708 2009 3042 2069 voluntatem
3083 2015 3320 2071 divinam
3360 2033 3455 2073 rex
3498 2034 3594 2088 po-

1981 2098 2218 2154 stulatus
2247 2111 2366 2162 est,
2397 2115 2452 2156 et
2499 2101 2770 2160 offensam
2820 2107 3021 2162 meruit
3068 2109 3184 2164 Dei.
3221 2111 3375 2166 Unde
3426 2115 3589 2169 etiam

1980 2205 2102 2246 cum
2137 2195 2368 2261 viveret,
2401 2210 2778 2255 successorem
2819 2203 3051 2273 accepit.
3089 2203 3379 2276 Egregium
3409 2223 3593 2264 exem-

1983 2286 2127 2354 plum
2157 2287 2290 2354 viri,
2325 2289 2412 2344 cui
2450 2289 2625 2348 defuit
2675 2293 2769 2350 Dei
2821 2298 3034 2367 gratia,
3085 2309 3138 2353 et
3181 2309 3364 2356 tamen
3416 2303 3592 2358 voluit

1983 2382 2142 2447 mori,
2171 2381 2297 2452 quia
2334 2383 2444 2452 jam
2475 2400 2582 2440 non
2615 2397 2832 2458 poterat
2861 2390 3060 2446 vivere.
3096 2392 3277 2448 Voluit
3314 2405 3498 2451 tamen
3537 2409 3590 2453 et

1986 2475 2104 2543 ipse
2133 2489 2190 2530 ut
2220 2493 2344 2532 eum
2378 2481 2560 2535 socius
2587 2484 2863 2539 occideret
2896 2487 3033 2541 :sed
3065 2498 3121 2543 et
3155 2488 3250 2544 ille
3285 2492 3464 2547 scelus
3495 2509 3593 2564 pu~

1987 2567 2140 2635 tavit,
2165 2573 2437 2626 recusavit
2469 2573 2854 2630 ministerium.
2887 2577 3004 2632 Non
3047 2580 3207 2652 igitur
3245 2598 3374 2639 usus
3406 2589 3591 2641 consi~

1987 2661 2082 2727 lio,
2125 2663 2222 2717 sed
2247 2664 2540 2721 destitutus
2571 2668 2878 2726 ministerio
2905 2673 3068 2742 l'ccit,
3107 2687 3169 2730 ut
3199 2677 3318 2746 ipse
3352 2679 3591 2747 gladium

1987 2755 2040 2809 iu
2073 2771 2135 2811 se
2164 2770 2529 2816 converteret.
2555 2761 2609 2816 Si
2637 2763 2836 2818 timens
2873 2765 3002 2821 fecit
3029 2807 3045 2834 ,
3077 2783 3146 2825 ne
3181 2771 3289 2826 sibi
3327 2773 3592 2831 illudcre-

1986 2860 2091 2918 tur,
2121 2852 2252 2920 quid
2285 2853 2473 2908 laudas
2503 2858 2648 2925 quod
2675 2857 2888 2915 timoris
2909 2863 3028 2916 est?
3051 2864 3106 2919 Si
3139 2879 3246 2921 non
3269 2869 3468 2938 timuit,
3493 2885 3593 2928 cur

1985 2945 2165 3010 primo
2196 2946 2339 3000 aliud
2367 2948 2575 3019 elegit?
2598 2951 2713 3022 Ego
2742 2967 2846 3008 nec
2876 2955 3168 3014 illudentes
3212 2960 3491 3021 Rornanos
3522 2967 3592 3021 ti-

1990 3053 2143 3106 meo,
2176 3054 2281 3094 nec
2309 3042 2655 3098 mentientes.
2704 3045 2832 3102 Sani
2881 3058 3088 3105 tantum
3133 3065 3197 3108 se
3241 3055 3394 3111 solus
3440 3072 3596 3129 pereo

1990 3135 2116 3198 mit;
2160 3150 2264 3189 non
2305 3133 2589 3204 Jonatltas,
2621 3155 2733 3196 non
2777 3144 3062 3216 quisquam
3111 3150 3250 3206 alius
3295 3152 3347 3207 in
3397 3158 3596 3212 nostris

269 3226 357 3282 ei:
393 3226 618 3280 Ascende
643 3226 697 3278 in
723 3235 947 3279 montem
973 3223 1182 3278 Abarim
1203 3225 1222 3296 (
1245 3223 1395 3278 Deut.
1427 3238 1600 3288 xxx",
1629 3219 1749 3292 49)?
1778 3221 1883 3276 Sed
1910 3224 1957 3287 C
1989 3225 2304 3296 Scripturis.
2337 3229 2474 3296 Quid
2507 3234 2725 3300 mirum,
2755 3237 2801 3290 si
2835 3239 3012 3306 potuit
3059 3251 3120 3296 Se
3159 3245 3446 3315 perimere,
3502 3248 3596 3320 qui

269 3322 479 3377 dicmm
527 3330 636 3386 est,
666 3321 936 3375 Ascende:
977 3331 1030 3374 et
1059 3319 1339 3383 ascendit,
1367 3329 1424 3372 et
1471 3329 1717 3372 mortuus
1762 3325 1878 3371 est:

270 3415 430 3488 quasi
446 3416 621 3471 bonus
649 3415 920 3479 servulus,
936 3413 1272 3483 exspectavit
1291 3410 1504 3465 Dmnini
1530 3420 1880 3480 prmeeptum.

271 3511 400 3580 Ipse
426 3507 529 3564 Job
556 3507 646 3578 qui
684 3506 859 3562 dixit:
894 3504 1080 3560 Pereat
1109 3506 1217 3560 dies
1258 3505 1351 3559 illa
1376 3505 1428 3558 in
1467 3519 1569 3574 qua
1595 3512 1745 3556 natus
1772 3519 1884 3557 sum

272 3602 403 3676 (Job
435 3619 516 3668 tn,
539 3603 596 3673 ὅ)
632 3622 646 3657 :
679 3611 858 3658 tamen
894 3602 946 3656 in
978 3601 1292 3656 vulneribus
1320 3610 1373 3655 et
1398 3600 1686 3655 doloribus
1737 3601 1885 3670 posi-

277 3708 388 3761 tus,
420 3696 543 3752 vitae
572 3696 730 3766 hujus
761 3696 973 3750 vincula
997 3710 1102 3750 non
1133 3695 1529 3764 disrutnpebat,
1549 3695 1642 3749 sed
1667 3703 1726 3748 ttt
1755 3694 1888 3748 libe-

277 3799 495 3846 raretur
522 3790 773 3860 rogabat,
801 3789 991 3845 dicens
1017 3807 1030 3842 :
1058 3787 1126 3844 Ut
1151 3789 1277 3858 quid
1299 3787 1480 3842 datum
1507 3799 1582 3841 est
1609 3788 1662 3840 in
1695 3787 1888 3840 amari—

279 3883 462 3936 tudine
489 3881 661 3936 lumen
685 3924 701 3951 ,
731 3883 837 3936 vita
865 3892 1038 3936 autem
1078 3882 1131 3934 in
1164 3880 1433 3936 doloribus
1463 3881 1652 3935 animle
1678 3879 1884 3948 (lbid.,

278 3977 411 4048 ‘20)?
439 3975 722 4032 Laudabat
747 3978 928 4044 itaque
957 3988 1211 4040 mortem,
1242 3991 1366 4032 cum
1400 3977 1609 4032 diceret
1641 3993 1654 4030 :
1688 3977 1833 4032 Mors
1860 3987 1887 4015 α

279 4083 401 4124 vero
427 4071 633 4138 requies
659 4067 782 4142 (Iob
811 4083 949 4138 xvn,
994 4069 1084 4141 i6)
1121 4087 1134 4124 :
1171 4077 1351 4124 tamen
1380 4083 1488 4124 non
1519 4069 1885 4140 praeripiebat,

282 4161 377 4218 sed
411 4163 753 4232 postulabat,
784 4173 844 4219 ut
869 4165 1131 4235 scriptum
1169 4173 1256 4218 est
1285 4179 1299 4216 :
1332 4163 1613 4218 Concutior
1650 4163 1890 4220 omnibus

283 4257 522 4313 membris
549 4273 567 4312 ε
593 4266 642 4312 et
663 4257 783 4325 quia
803 4274 916 4311 sum
938 4258 1148 4328 impius,
1173 4272 1332 4326 quare
1353 4273 1453 4310 non
1477 4272 1593 4310 sunt
1618 4266 1850 4311 mortuus
1865 4256 1891 4310 ?

283 4349 392 4406 Cur
419 4351 483 4404 de
521 4360 698 4405 ventre
725 4351 907 4406 matris
937 4365 1038 4404 non
1066 4350 1122 4403 in
1151 4349 1448 4421 sepulcrum
1478 4349 1686 4405 decidi?
1723 4351 1826 4404 Aut
1861 4349 1889 4389 δ

288 4443 537 4514 numquid
565 4446 712 4498 breve
731 4453 931 4513 tempus
961 4444 1080 4497 vitae
1111 4457 1242 4498 mete
1263 4444 1288 4496 .9
1316 4441 1532 4497 Dimitte
1558 4459 1640 4498 me
1687 4444 1889 4515 requie-

289 4551 432 4589 scere
455 4536 730 4607 paululum
779 4534 903 4608 (Job
950 4551 1018 4602 ι,
1044 4534 1270 4606 18-20).
1308 4535 1460 4589 Alius
1497 4549 1717 4606 quoque
1767 4549 1892 4589 san-

1994 3321 2170 3388 potuit
2189 3321 2352 3376 etiam
2385 3323 2554 3380 lilium
2589 3327 2884 3385 occidere?
2919 3331 3100 3389 Aaron
3147 3337 3290 3394 inter
3333 3341 3485 3396 vivos
3532 3358 3599 3399 ac

1990 3424 2233 3469 mortuos
2284 3416 2435 3471 stetit
2485 3435 2498 3470 :
2546 3426 2603 3474 et
2648 3419 2754 3477 hoc
2803 3426 3017 3480 virtutis
3069 3438 3191 3495 est,
3224 3446 3330 3486 non
3373 3435 3597 3489 temeri—

1989 3504 2116 3558 tatis
2163 3525 2175 3559 :
2223 3523 2330 3562 non
2386 3509 2532 3566 enim
2582 3523 2810 3570 mortem
2869 3518 2974 3573 sibi
3029 3520 3249 3592 intulit,
3296 3525 3393 3581 sed
3449 3543 3598 3584 mor-

1987 3609 2097 3654 tem
2157 3617 2262 3658 non
2317 3605 2498 3662 timuit
2527 3625 2541 3659 :
2569 3608 2660 3679 qui
2691 3626 2809 3665 eam
2839 3627 3070 3684 corpore
3114 3633 3214 3672 suo
3266 3621 3492 3689 repulit,
3539 3634 3597 3680 et

1987 3698 2232 3789 serpenti
2270 3697 2295 3736 ἀ
2335 3699 2388 3754 in
2439 3704 2588 3757 omni
2640 3706 2924 3764 obstaculo
2972 3711 3093 3765 fuit.
3145 3712 3261 3768 Non
3322 3731 3423 3784 ego
3468 3722 3598 3789 qui-

1989 3786 2114 3842 dem
2140 3789 2356 3857 Aaron,
2381 3794 2478 3849 sed
2511 3804 2689 3852 tamen
2732 3815 2840 3855 non
2882 3803 3124 3873 degener
3161 3807 3233 3863 ab
3281 3823 3375 3875 eo,
3420 3786 3600 3869 etiam

1991 3895 2215 3948 manus;
2259 3883 2459 3942 feriant
2505 3897 2564 3944 ut
2613 3891 2822 3949 volunt.
2873 3893 2931 3953 Si
2987 3913 3203 3967 possum
3243 3917 3434 3960 eorum
3479 3919 3600 3963 nta-

1992 3989 2095 4028 nus
2143 3975 2353 4042 timere,
2381 3979 2574 4051 dignus
2603 3998 2722 4040 sum
2767 3987 2862 4057 qui
2913 3991 3160 4048 manibus
3183 4007 3404 4064 peream
3433 4001 3594 4056 meis.

1994 4067 2050 4124 Si
2076 4079 2106 4164 f
2139 4081 2366 4139 pereunt
2415 4075 2492 4131 illi
2541 4077 2877 4150 adversario,
2923 4100 3024 4140 cur
3063 4102 3169 4158 ego
3221 4106 3329 4147 non
3379 4107 3594 4164 pereant

1993 4160 2171 4217 mliti?
2200 4163 2258 4220 Si
2302 4169 2546 4236 quaeritis
2583 4185 2682 4228 cur
2719 4190 2947 4244 parcere
2993 4180 3190 4249 velint;
3233 4194 3292 4240 et
3339 4160 3394 4242 in
3439 4189 3598 4245 hoste

1993 4256 2249 4354 virtutem
2281 4263 2572 4320 mirantur.
2600 4267 2769 4323 Tanta
2813 4281 2903 4328 est
2947 4276 3096 4331 enim
3149 4279 3362 4336 virtutis
3399 4288 3594 4354 gratia,

1994 4359 2051 4404 ut
2098 4351 2410 4423 frequenter
2454 4359 2616 4414 etiam
2667 4361 2876 4419 hostem
2922 4365 3176 4426 delectet.
3207 4351 3594 4432 Nostis'etiam

1994 4443 2117 4513 ipsi,
2166 4458 2368 4517 quanta
2425 4450 2703 4509 intulerim
2753 4459 2915 4512 exitia
2969 4460 3269 4530 Romanis,
3320 4471 3599 4537 quomodo

1993 4539 2228 4595 victores
2255 4543 2494 4598 omnium
2523 4548 2765 4616 gentium
2789 4591 2802 4615 ,
2840 4552 3108 4626 Jotapatte
3155 4558 3406 4628 ignobilis
3449 4564 3601 4622 urbis

284 4641 410 4684 ctus
434 4628 566 4683 dicit
597 4645 610 4682 :
645 4627 791 4682 Edita
837 4627 902 4682 de
951 4626 1190 4682 custodia
1233 4627 1463 4681 annnam
1492 4643 1658 4683 meam
1688 4630 1708 4698 (
1737 4627 1886 4683 Psal.
1917 4627 1974 4689 D
1998 4633 2249 4690 diuturna
2281 4638 2595 4709 obsidione,
2628 4643 2696 4699 ab
2721 4626 3229 4721 Hierosolymitanae
3270 4655 3417 4711 urbis
3446 4658 3602 4714 cui-

289 4739 438 4791 cm,
457 4722 537 4795 8).
571 4723 712 4778 Petit
737 4722 970 4779 evadere
1001 4740 1015 4776 :
1047 4723 1184 4792 petit
1209 4737 1277 4777 ex
1313 4722 1415 4777 hoc
1455 4737 1691 4793 corpore
1739 4723 1896 4793 quasi

289 4817 357 4873 de
377 4816 611 4887 quodam
636 4815 853 4871 liberari
875 4829 1096 4871 carcere
1121 4833 1133 4869 :
1165 4815 1348 4870 nullus
1377 4824 1556 4870 tamen
1583 4824 1893 4869 sanctorum

291 4923 482 4965 necem
510 4909 614 4964 sibi
649 4909 768 4980 ipse
799 4917 1052 4980 usurpat,
1083 4907 1266 4964 nullus
1305 4907 1565 4978 praeripit.
1593 4907 1650 4964 Si
1683 4909 1896 4963 lucrum

291 5013 376 5059 est
401 5004 564 5069 mori,
584 5002 788 5059 furtum
820 5013 904 5059 est
932 5018 1198 5074 usurpare
1227 5012 1353 5058 ante
1383 5012 1760 5070 exspectatum
1798 5021 1810 5058 :
1841 5003 1900 5059 Si

291 5096 495 5152 bonum
523 5105 608 5152 est
633 5095 818 5152 vivere
842 5135 858 5162 ,
893 5107 916 5136 α
947 5095 1294 5167 sacrilegium
1336 5107 1422 5152 est
1459 5096 1747 5166 repudiare
1776 5107 1902 5152 ante

288 5206 454 5262 quam
503 5200 843 5262 reposcatur.
892 5192 1001 5249 Sed
1058 5192 1354 5264 gloriosum
1401 5194 1609 5264 putatis
1660 5195 1713 5250 in
1755 5195 1899 5252 bello

293 5287 469 5342 mori?
491 5283 603 5342 Nec
627 5299 731 5358 ego
756 5289 935 5342 abnuo
966 5287 1165 5342 bonum
1188 5303 1310 5343 esse
1339 5303 1442 5358 pro
1471 5289 1665 5360 patria,
1699 5289 1897 5345 bonum

293 5393 392 5449 pro
421 5376 632 5434 civibus
655 5381 713 5433 in
738 5379 884 5436 bello
909 5380 1072 5435 mori.
1096 5379 1201 5436 Sed
1224 5380 1354 5437 belli
1397 5381 1516 5453 lege
1541 5380 1714 5438 eiero
1739 5383 1899 5453 jugu-

293 5472 429 5539 lum,
469 5471 514 5526 si
563 5471 736 5527 hostis
769 5481 917 5543 petat
948 5490 962 5528 :
992 5472 1039 5528 si
1077 5489 1393 5531 mucronem
1432 5461 1752 5547 demergant
1789 5477 1898 5532 Ro-

293 5566 441 5621 mani
458 5607 474 5634 ,
501 5567 697 5637 quibus
723 5566 791 5624 de
817 5567 979 5625 nobis
1001 5568 1148 5627 Deus
1177 5569 1458 5627 victoriam
1480 5570 1634 5628 dedit
1651 5609 1673 5637 ,
1695 5570 1897 5642 quibus

369 5717 393 5745 ι
421 5691 579 5763 Viro.
599 5697 678 5766 In.

370 5776 397 5865 ις
424 5776 695 5865 lliumquid
716 5799 824 5865 non_
841 5785 1003 5837 breve.
1033 5781 1110 5839 in.

376 5858 400 5888 ο
430 5849 776 5925 Sacrilegum.
810 5855 884 5910 in.

1997 4727 2086 4782 dio
2141 4731 2453 4786 averterim.
2526 4733 2688 4791 Brevi
2757 4738 2958 4797 damno
3017 4745 3180 4802 totius
3235 4747 3366 4804 belli
3419 4753 3599 4806 aleam

1999 4820 2122 4874 lusi.
2181 4822 2503 4880 ilidicerttnt
2538 4831 2722 4885 caeteri
2749 4847 2872 4889 meo
2897 4837 3139 4904 peticulo
3161 4856 3354 4911 pacem
3391 4853 3602 4912 Optare.

2000 4911 2274 4971 Fortassis
2317 4916 2513 4974 adhoc
2557 4935 2923 4993 reservamur,
2967 4939 3022 4984 ut
3071 4947 3179 4987 non
3221 4911 3606 4996 deterreantur

1997 5009 2210 5079 exteri,
2251 5010 2345 5066 sed
2395 5026 2777 5082 provocentur.
2829 5019 2936 5078 Sed
2981 5036 3151 5081 suave
3195 5029 3436 5088 asseritis
3462 5034 3603 5089 meri

2005 5115 2106 5171 pro
2152 5101 2421 5160 libertate.
2479 5107 2613 5175 Quis
2675 5122 2836 5182 negat
2885 5125 2941 5169 et
2997 5116 3167 5174 illud?
3203 5129 3388 5180 tamen
3445 5126 3602 5183 dulce

2008 5198 2192 5251 vivere
2243 5212 2347 5268 pro
2395 5199 2668 5259 libertate.
2737 5205 2867 5262 Nam
2925 5211 3019 5279 qui
3069 5213 3368 5272 amicitiam
3399 5219 3555 5277 offert
3586 5264 3601 5288 ,

2003 5291 2311 5352 libertatem
2357 5299 2645 5368 promittit.
2705 5303 2860 5372 Quod
2893 5309 2938 5362 si
2987 5312 3310 5370 servitutem
3362 5317 3598 5386 inferat,

2003 5394 2130 5442 tunc
2168 5389 2273 5444 erit
2313 5401 2466 5448 certe
2509 5402 2873 5467 opportunior
2918 5406 3187 5464 moriendi
3234 5411 3516 5481 voluntas,
3549 5415 3608 5472 si

2001 5483 2308 5550 oportuerit
2375 5489 2513 5543 mori
2573 5507 2588 5544 :
2642 5491 2794 5548 Nunc
2854 5507 3036 5554 autem
3092 5493 3595 5574 vitam'oﬁ‘emnt;

2001 5575 2197 5632 nolunt
2235 5579 2511 5638 occidere.
2562 5583 2810 5645 Timidus
2847 5599 3038 5648 autem
3085 5605 3208 5663 est,
3241 5607 3304 5653 et
3353 5601 3445 5671 qui
3485 5617 3599 5661 non

2071 5710 2097 5750 ἀ
2121 5712 2189 5778 In
2217 5733 2415 5775 omnes.
2437 5720 2516 5778 In.

2080 5795 2102 5823 ε
2127 5771 2633 5860 Legfp'dr'éini..."
2664 5814 2894 5869 parcam.
2931 5798 3006 5858 in.
3089 5807 3092 5810 ’
