4112 6350
636 229 780 290 9087

1993 231 2240 293 SANCTI
2278 235 2600 296 AMBROSII

3758 247 3871 308 2088

637 353 755 408 vult
808 352 946 409 mori
993 351 1214 424 quando
1261 358 1516 425 oportet;
1567 360 1622 408 et
1674 353 1765 424 qui
1817 352 1967 419 \‘ult,
2013 353 2229 424 quando
2257 357 2304 417 Α
2333 355 2405 409 sit
2447 355 2603 410 nobis
2643 356 3096 423 custodiendum,
3126 359 3301 430 quoad
3348 355 3450 431 ipsi
3497 358 3697 432 placeat
3738 378 3870 433 repo-

633 463 743 504 non
788 456 1025 518 Oportet.
1075 448 1210 517 Quis
1259 447 1403 503 enim
1457 449 1668 519 ignorat
1698 446 1920 504 fetninze
1971 450 2230 504 timidita-

637 542 706 598 tis
751 557 910 609 esse,
965 553 1018 598 et
1048 541 1332 598 muliebris
1371 550 1397 579 ⁸
1441 541 1806 608 fortitudinis,
1839 557 1910 598 ne
1953 543 2223 610 moriare,

636 636 774 691 mori
825 635 1004 691 velle?
1034 635 1278 706 Denique
1311 634 1517 706 pavida:
1543 635 1801 691 mulieres
1826 676 1841 703 ,
1891 634 1980 691 ubi
2007 634 2225 707 aliquod

634 731 921 804 imminere
976 730 1078 786 sibi
1125 729 1423 801 periculum
1481 731 1875 801 cognoverint,
1927 731 2106 786 solent
2164 744 2226 786 se

629 825 932 898 praecipitio
963 824 1114 881 dare.
1168 826 1395 897 Augusti
1426 825 1572 882 enim
1605 826 1769 881 animi
1802 824 2000 881 molem
2033 824 2222 880 formi-

626 921 794 984 dinis,
846 927 902 976 et
946 930 1148 975 metum
1205 920 1396 974 mortis
1451 921 1720 976 sustinere
1772 927 2067 991 nequeunt.
2127 917 2224 974 Vir

627 1022 809 1070 autem
843 1015 1091 1085 patiens,
1133 1013 1224 1084 qui
1277 1014 1567 1085 praesentia
1617 1029 1724 1069 non
1776 1013 1935 1069 timet
1961 1025 2015 1068 et
2038 1011 2222 1068 futura

624 1105 846 1178 cogitat,
874 1105 1048 1162 nescit
1095 1105 1389 1176 trepidare,
1437 1106 1527 1162 ubi
1584 1122 1690 1162 non
1727 1115 1813 1162 est
1843 1106 2028 1166 timor.
2058 1105 2224 1161 Deni-

624 1215 732 1272 que
759 1201 1023 1272 scriptum
1047 1209 1162 1268 est,
1190 1202 1315 1274 quia
1338 1202 1527 1258 anima:
1553 1201 1972 1270 effeminatorum
1995 1202 2221 1257 esuriem

623 1293 820 1366 (Prov.
874 1313 1025 1362 xvm,
1067 1297 1158 1369 8),
1182 1313 1302 1368 qua)
1329 1298 1508 1354 cibum
1534 1299 1718 1369 utique
1750 1298 1970 1354 virtutis
1992 1314 2100 1353 non
2123 1297 2221 1352 ba-

623 1387 817 1444 bentes
855 1389 1140 1446 csuriunt:
1171 1389 1403 1462 ideoque
1448 1390 1516 1446 ad
1568 1399 1798 1448 mortem
1849 1401 1976 1446 ante
2006 1401 2221 1462 tempus

620 1481 896 1538 festinant.
923 1481 1111 1555 Neque
1129 1484 1272 1540 enim
1310 1485 1551 1556 repletus
1572 1485 1694 1541 cibo
1719 1485 1907 1556 gratiae
1936 1485 2218 1555 spiritalis,

617 1578 724 1635 sibi
753 1579 854 1651 ipsi
885 1595 1080 1636 manus
1108 1582 1335 1652 irrogat,
1368 1596 1490 1637 cum
1523 1582 1784 1651 scriptum
1826 1579 1899 1636 sit
1928 1596 1942 1635 :
1977 1579 2116 1648 Quia
2163 1595 2222 1634 os

622 1675 965 1743 imprudentis
1021 1684 1237 1730 mortem
1275 1677 1498 1730 invocat.
1542 1675 1611 1730 Et
1636 1675 1834 1730 iterum
1881 1673 2221 1744 dicitScrip—

2331 462 2508 505 scere.
2548 447 2740 506 Nonne
2776 449 2830 504 in
2885 457 3118 521 utroque
3169 452 3371 508 crimen
3412 462 3523 521 est,
3567 455 3650 511 vel
3684 456 3870 526 rejicerc

2329 539 2669 612 depositum,
2731 559 2838 600 non
2872 556 3196 616 reposcente
3235 547 3322 617 qui
3372 546 3714 605 dederitzvel
3741 565 3870 620 repo-

2328 645 2515 694 scente
2557 639 2792 710 negare?
2837 639 2892 698 Si
2925 640 3162 697 hominis
3183 641 3486 714 depositum
3510 644 3720 710 violare,
3744 660 3870 715 ptena

2328 729 2566 786 infamia:
2595 742 2678 789 est
2709 751 2722 787 :
2752 741 2955 804 quanto
2997 735 3170 806 magis
3216 736 3417 794 violare
3467 737 3748 810 depositum
3769 741 3869 797 Dei!

2331 822 2645 894 Depositum
2703 826 2796 882 Dei
2837 825 2864 864 ἀ
2906 829 2959 883 in
3017 830 3198 886 anima
3243 841 3322 885 est
3377 831 3429 886 in
3490 833 3587 888 hoc
3633 849 3870 906 corpore,

2325 917 2505 972 anima
2532 935 2652 988 qua:
2692 922 2880 976 mortis
2933 922 3090 978 istius
3143 938 3312 992 capax
3356 940 3460 980 non
3509 925 3585 981 fit.
3623 926 3732 984 Non
3755 929 3870 984 enim

2325 1009 2439 1066 ullo
2490 1014 2682 1070 mortis
2737 1014 2958 1071 vinculo
3016 1018 3335 1089 astringitur
3401 1029 3559 1090 atque
3618 1019 3870 1094 alligatur,

2323 1105 2420 1162 sed
2473 1105 2692 1163 videtur
2736 1117 2964 1165 mortem
3015 1110 3288 1180 opperiri,
3335 1126 3456 1166 cum
3506 1111 3721 1167 solvitur
3771 1127 3871 1169 cor-

2325 1217 2478 1272 pore,
2524 1211 2690 1274 atque
2716 1202 2785 1258 de
2838 1203 3134 1260 commisso
3178 1204 3280 1261 sibi
3329 1206 3681 1262 contubernio
3723 1207 3872 1278 sejun-

2323 1296 2488 1368 gitur.
2517 1296 2628 1352 Cur
2656 1297 2819 1369 igitur
2848 1309 2974 1353 ante
3016 1300 3309 1370 repetitum
3341 1300 3642 1370 depositum
3676 1309 3869 1356 mortem

2324 1388 2660 1460 irrogamus,
2708 1399 2764 1446 et
2814 1391 3052 1447 animam
3105 1391 3262 1463 quasi
3330 1392 3570 1448 inutilem
3623 1393 3765 1448 nobis
3804 1409 3871 1448 re-

2323 1482 2626 1549 mittimus,
2685 1491 2849 1553 atque
2903 1500 2934 1540 e
2978 1484 3142 1541 domo
3196 1494 3379 1540 nostra
3441 1485 3792 1552 excludimus,
3829 1497 3871 1542 ct

2321 1589 2522 1646 corpus
2571 1576 2690 1632 sine
2721 1577 2923 1634 decore
2972 1588 3027 1634 et
3055 1578 3229 1650 gratia
3260 1579 3343 1634 sui
3374 1578 3426 1634 in
3461 1590 3652 1636 terram
3681 1580 3870 1635 resolvi-

2324 1686 2443 1726 mus
2461 1674 2483 1726 ?
2499 1687 2595 1727 cur
2617 1672 2850 1728 exeundi
2875 1671 3000 1728 hinc
3021 1681 3350 1744 praeceptum
3379 1690 3484 1730 non
3511 1674 3868 1744 exspectamus?

621 1773 736 1820 tura
773 1782 787 1819 :
836 1763 904 1822 Et
923 1767 1011 1838 qui
1055 1784 1158 1822 non
1211 1777 1362 1823 curat
1399 1768 1624 1841 seipsum
1670 1768 1725 1822 in
1765 1767 2006 1840 aperibus
2061 1767 2171 1822 suis
2199 1808 2213 1833 ,
2247 1767 2296 1827 B
2322 1765 2475 1823 Miles
2532 1776 2792 1823 tesseram
2873 1778 3198 1838 exspectat,
3259 1782 3452 1824 servus
3505 1767 3783 1838 imperium.
3824 1765 3868 1820 Si

624 1857 652 1897 ι’
688 1865 850 1932 frater
875 1872 951 1917 est
998 1864 1111 1934 ejus
1159 1863 1248 1934 qui
1277 1880 1331 1918 se
1358 1863 1529 1934 ipsum
1559 1863 1868 1918 exterminat
1894 1861 2064 1936 (Ibid.
2085 1903 2103 1930 ,
2131 1860 2212 1931 9).

616 1951 1020 2010 Condemnatur
1064 1970 1196 2027 ergo
1223 1957 1313 2027 qui
1347 1972 1407 2013 se
1457 1955 1635 2026 ipsum
1688 1956 2042 2028 percusserit.
2073 1953 2217 2024 Quid

615 2049 761 2105 enim
813 2058 920 2104 tam
955 2060 1142 2106 contra
1197 2051 1370 2124 legem
1411 2052 1655 2107 naturas?
1685 2051 1825 2119 Quid
1881 2053 2046 2108 etiam
2104 2059 2213 2106 tam

613 2151 804 2198 contra
860 2153 1108 2200 naturam
1138 2146 1382 2202 omnium
1435 2146 1829 2202 animantium?
1878 2145 2215 2218 quibuslibet

613 2233 745 2292 feris
777 2235 902 2292 licet
945 2247 1108 2309 atque
1159 2241 1489 2310 agrestibus,
1520 2239 1744 2295 insitum
1791 2248 1877 2295 est
1913 2253 1974 2296 se
2001 2253 2207 2295 amare.

609 2325 828 2383 Naturae
866 2330 1012 2386 enim
1042 2330 1128 2386 lex
1158 2331 1334 2386 valida
1379 2341 1463 2388 est
1507 2332 1646 2388 velle
1698 2331 1904 2398 vivere,
1957 2346 2057 2386 nec
2106 2329 2210 2386 sibi

610 2434 842 2482 mortem
863 2424 1192 2483 adsciscere.
1221 2425 1464 2498 Denique
1477 2427 1624 2483 ferro
1644 2427 1698 2482 in
1721 2442 1780 2482 sc
1800 2427 2000 2482 armari
2023 2424 2206 2481 omnia

604 2531 804 2589 genera
833 2517 1189 2575 animantium
1216 2561 1230 2586 ,
1265 2534 1365 2576 nec
1405 2521 1449 2575 si
1498 2519 1684 2590 velint,
1729 2528 1977 2591 possunt.
2030 2517 2202 2574 Infor-

609 2627 752 2669 mem
798 2611 935 2669 lethi
960 2612 1208 2684 laqueum
1250 2611 1500 2670 homines
1547 2612 1900 2682 invenerunt,
1950 2613 2080 2670 ferm
2111 2629 2210 2670 ne-

608 2705 810 2760 sciunt.
833 2705 940 2762 Sed
960 2720 1175 2762 morsus
1199 2704 1439 2762 ferarum
1469 2722 1620 2762 arma
1637 2717 1783 2773 sunt,
1802 2706 1995 2764 dentes
2016 2722 2206 2764 eorum

605 2800 1038 2873 gladii.Quando
1089 2812 1267 2857 tamen
1298 2802 1582 2874 quisquam
1624 2801 1872 2869 audivit,
1926 2801 2070 2873 quod
2103 2803 2206 2858 sibi

605 2895 787 2968 aliqua
834 2898 944 2952 fera
995 2899 1218 2968 proprio
1283 2911 1466 2952 morsu
1515 2897 1821 2954 membrum
1893 2897 2206 2953 ademerit?

602 2991 892 3048 adversum
922 2992 1059 3048 alios
1091 2992 1324 3048 faucium
1357 3008 1578 3048 suarum
1610 2993 1781 3049 armis
1811 3000 2073 3061 utuntur,
2104 2992 2205 3048 ad-

604 3101 819 3144 versum
871 3102 931 3143 se
975 3087 1198 3143 osculis.
1263 3087 1430 3143 Nobis
1477 3103 1694 3160 quoque
1732 3088 1864 3160 quid
1913 3099 2018 3144 tam
2045 3089 2204 3146 dulce

2321 1858 2444 1930 quis
2472 1859 2664 1915 horum
2720 1860 2840 1916 sine
2886 1872 3160 1931 prazcepto
3189 1860 3386 1916 exierit
3436 1879 3449 1914 :
3488 1860 3619 1917 alter
3645 1859 3864 1924 desertor,

2319 1955 2458 2011 alter
2488 1955 2744 2026 fugitivus
2792 1964 2894 2012 est.
2949 1954 3051 2024 Qui
3105 1955 3384 2012 hominem
3433 1955 3606 2027 fugit,
3653 1970 3772 2027 pene
3801 1962 3867 2008 est

2317 2049 2609 2116 obnoxius,
2637 2053 2885 2121 quamvis
2913 2050 3224 2121 improbum
3254 2050 3453 2123 fugerit
3477 2049 3763 2106 dominum:
3788 2063 3863 2103 nos

2317 2141 2580 2212 optimum
2611 2143 2855 2198 omnium
2909 2143 3181 2215 fugientes
3215 2159 3508 2216 possumus
3538 2158 3642 2200 non
3683 2141 3863 2212 astringi

2315 2233 2608 2304 impietatis
2640 2235 2884 2308 ﬂagitio?
2936 2237 3074 2292 Num
3122 2239 3286 2293 etiam
3332 2238 3480 2295 istud
3525 2237 3746 2310 praeterit
3783 2250 3861 2290 no-

2314 2339 2486 2386 stram
2524 2331 2835 2403 opinionem
2880 2332 3045 2404 quod,
3089 2335 3334 2405 apposuit
3386 2332 3527 2390 Deus
3567 2333 3790 2406 Augeium
3821 2331 3860 2384 iit

2311 2423 2530 2479 circuitu
2561 2425 2844 2481 timentium
2872 2443 2986 2482 eum
3019 2427 3211 2500 (Psat.
3265 2428 3588 2502 xxxm,8)?
3633 2428 3719 2484 Est
3762 2437 3858 2496 ergo

2311 2519 2401 2588 qui
2452 2519 2756 2590 prohibeat.
2813 2522 2914 2576 nisi
2964 2535 3298 2594 praeceptum
3357 2523 3727 2597 acccperit?si
3769 2520 3852 2577 nul-

2313 2611 2421 2666 lum
2455 2625 2807 2686 praeceptum,
2841 2616 3046 2672 nullum
3074 2617 3353 2675 viaticum.
3379 2619 3450 2674 Et
3492 2615 3746 2692 quomodo
3763 2629 3854 2686 per-

2312 2707 2594 2763 veniemus
2625 2711 2744 2764 sine
2770 2710 3008 2766 vialico?
3037 2710 3171 2780 Quis
3220 2728 3325 2769 nos
3374 2713 3599 2784 recipiet
3658 2711 3706 2768 in
3741 2709 3854 2765 illum

2311 2813 2503 2870 purum
2533 2810 2586 2857 et
2613 2813 2883 2859 secretum
2910 2804 3089 2860 locum
3112 2805 3136 2856 ?
3161 2805 3298 2874 Quis
3321 2821 3424 2862 nos
3445 2805 3684 2862 admittet
3709 2802 3764 2857 ad
3788 2799 3855 2856 illa

2307 2905 2618 2951 sanctarum
2685 2897 2991 2954 animarum
3062 2900 3385 2955 consortia?
3439 2899 3607 2955 Adam
3656 2897 3852 2958 latebat.

2309 2992 2433 3061 quia
2463 2999 2794 3062 praeceptum
2839 2992 2932 3048 Dei
2966 2992 3362 3063 praevaricatus
3391 3002 3477 3050 est
3503 3011 3515 3047 :
3547 2992 3770 3049 exclusus
3790 2995 3856 3044 est

2312 3084 2380 3140 de
2407 3085 2680 3155 paradiso,
2723 3087 2850 3157 quia
2903 3102 3009 3143 non
3042 3088 3280 3144 servavit
3338 3089 3659 3145 mandatum.
3690 3083 3854 3141 Dicitur

602 3197 763 3252 quam
796 3181 943 3237 vita?
985 3181 1124 3249 Quid
1155 3190 1263 3238 tam
1315 3183 1594 3248 inimicum
1643 3200 1803 3256 quam
1851 3184 2045 3240 mors?
2098 3185 2202 3241 De-
2227 3170 2273 3233 C
2307 3177 2356 3234 ei
2392 3178 2627 3246 =Adam,
2671 3179 2758 3235 ubi
2801 3197 2856 3235 es
2915 3180 3084 3254 (iGeu.
3116 3198 3212 3250 ιιι,
3256 3181 3361 3255 9)?
3414 3184 3573 3252 Quasi
3600 3183 3645 3240 ei
3685 3178 3762 3253 qui
3795 3175 3856 3232 fu-

604 3279 767 3347 niquc
795 3279 886 3348 qui
933 3277 1097 3333 vitam
1122 3279 1438 3348 protexerit,
1476 3289 1740 3350 patronus
1769 3289 1855 3336 est
1884 3297 1897 3334 :
1932 3281 2023 3351 qui
2055 3294 2204 3335 mor-

604 3379 713 3427 tem
759 3379 1018 3440 appetere
1071 3371 1392 3437 tentaverit,
1428 3372 1714 3428 insidiator
1735 3379 1839 3428 est.
1881 3372 2035 3442 Quod
2071 3387 2202 3442 ergo

601 3464 655 3521 in
692 3463 815 3520 aliis
864 3477 1247 3531 exsecramur,
1300 3465 1347 3520 si
1393 3479 1494 3520 nos
1536 3473 1860 3536 appetamus
1888 3465 1988 3535 ipsi
2044 3464 2202 3520 nobis

602 3557 852 3614 volumus
904 3556 1142 3614 inferre:
1176 3566 1232 3614 et
1286 3558 1431 3630 quod
1481 3558 1548 3615 ab
1582 3557 1704 3614 aliis
1763 3572 1861 3628 pro
1892 3571 2054 3627 pmna
2081 3555 2201 3612 exi-

600 3651 814 3724 gimus,
877 3652 979 3708 hoc
1017 3651 1120 3722 ipsi
1173 3651 1331 3707 nobis
1380 3651 1684 3724 irrogamus
1735 3667 1832 3722 pro
1878 3649 2053 3723 gratia
2095 3667 2108 3704 :
2144 3657 2198 3705 et

601 3749 1022 3822 gubernatorem
1049 3749 1096 3804 si
1151 3747 1500 3804 commissam
1549 3747 1652 3804 sibi
1705 3762 1898 3804 navem
1931 3762 2067 3802 saxo
2094 3745 2203 3801 illi-

598 3845 726 3913 dat,
771 3844 1148 3917 persequimur
1198 3860 1212 3898 :
1257 3857 1358 3900 nos
1402 3841 1758 3899 commissum
1814 3840 1971 3898 nobis
2028 3841 2199 3897 nostri

597 3939 848 4012 corporis
883 3939 1309 4012 gubernaculum
1361 3937 1507 3994 ferro
1537 3936 1937 4007 exstinguimus
1959 3977 1973 4003 ,
2006 3945 2061 3992 ct
2091 3950 2192 3990 vo-

599 4034 836 4091 luntario
893 4034 1171 4105 naufragio
1224 4031 1568 4089 addicimus?
1607 4030 1716 4088 Sed
1770 4029 2012 4100 objicitis
2058 4026 2196 4083 mihi

597 4140 830 4186 mortem
855 4139 1123 4185 maturam
1146 4171 1160 4197 ,
1190 4143 1314 4185 cum
1341 4128 1394 4184 in
1420 4135 1744 4198 potestatem
1777 4125 2016 4180 hostium
2043 4122 2199 4179 fuero

597 4224 886 4282 deductus.
934 4223 1075 4293 Quid
1102 4238 1233 4295 ergo
1274 4221 1608 4279 Iucrifaciam
1652 4222 1696 4276 si
1747 4219 1892 4292 quod
1922 4219 1991 4275 ab
2041 4219 2200 4274 hoste

597 4326 804 4384 metuo,
836 4314 1075 4386 hocipse
1107 4315 1241 4371 mihi
1271 4315 1498 4370 inferam
1531 4332 1545 4368 :
1570 4329 1694 4371 cum
1724 4313 1900 4384 possit
1927 4310 2196 4376 accidere,

599 4421 658 4466 ut
695 4408 842 4482 quod
873 4409 1115 4465 suadetis
1149 4408 1284 4464 mihi
1313 4407 1527 4474 facere,
1573 4421 1682 4462 non
1714 4407 1876 4462 faciat
1908 4404 2199 4461 inimicus?

597 4504 919 4576 Huiusmodi
949 4503 1092 4559 istud
1119 4510 1240 4569 est,
1290 4516 1354 4558 ac
1383 4501 1427 4556 si
1472 4500 1667 4556 videns
1700 4498 2032 4572 gubernator
2060 4506 2198 4554 tem-

2304 3272 2485 3342 gerit,
2528 3271 2681 3343 quasi
2725 3274 2773 3330 ei
2805 3275 2961 3346 cujus
3007 3275 3152 3346 apud
3203 3276 3378 3332 Deum
3427 3293 3530 3334 non
3556 3285 3634 3334 est
3658 3287 3852 3346 praesen°

2307 3364 2401 3418 tia.
2444 3363 2643 3423 Nonne
2691 3375 2746 3422 ct
2786 3367 2918 3424 mitti
2973 3369 3194 3436 dicitur,
3246 3369 3353 3428 Ubi
3403 3375 3498 3427 es?
3557 3371 3643 3443 qui
3695 3373 3852 3440 prater

2304 3472 2634 3530 prazceptum
2658 3463 2894 3530 venisti,
2943 3481 3104 3537 quem
3153 3481 3254 3538 ego
3289 3469 3624 3524 naturalibus
3669 3461 3851 3520 vinculis

2305 3568 2413 3608 non
2445 3556 2732 3612 relaxavi?
2775 3557 2967 3615 Tollite
3019 3576 3137 3615 eum
3181 3561 3235 3616 iu
3287 3562 3526 3618 tenebras
3579 3559 3843 3621 exteriores.

2304 3647 2392 3701 ubi
2440 3650 2538 3704 erit
2581 3651 2730 3721 ﬂetus
2776 3660 2823 3707 et
2871 3653 3064 3709 stridor
3091 3655 3325 3711 dentium
3361 3667 3411 3713 et
3458 3658 3605 3713 dolor
3640 3656 3668 3724 _(
3694 3649 3847 3708 Matth.

2304 3755 2448 3808 χχιι,
2484 3742 2615 3815 15).
2667 3744 2794 3802 Haec
2817 3761 2924 3802 non
2965 3747 3139 3803 solum
3187 3750 3437 3807 moribus
3477 3739 3848 3813 bominum,sed

2302 3836 2465 3890 etiam
2524 3837 2736 3908 legibus
2793 3839 3080 3896 interdicta
3144 3845 3464 3914 accepimus
3494 3862 3507 3899 :
3537 3854 3744 3913 namque
3777 3831 3850 3890 alii

2304 3927 2608 4002 insepultos
2650 3933 2840 4004 projici
2891 3935 3086 4006 jubent
3136 3951 3268 4006 eos,
3330 3939 3422 4010 qui
3470 3954 3530 3996 se
3585 3939 3634 3994 in
3682 3934 3848 3990 ferrum

2303 4025 2641 4096 dejecerunt.
2693 4026 2922 4098 Dignum
2952 4038 3038 4085 est
3065 4029 3237 4098 enim,
3282 4041 3346 4087 ut
3396 4031 3490 4103 qui
3534 4029 3689 4103 patris
3715 4027 3850 4093 impe-

2302 4121 2440 4176 rium
2471 4137 2578 4177 non
2610 4132 3108 4194 exspectaverunt,
3161 4127 3452 4198 priventur
3482 4127 3627 4200 quasi
3655 4121 3847 4198 quodam

2303 4213 2491 4270 matris
2518 4215 2731 4286 gremio
2757 4257 2772 4283 ,
2819 4225 2982 4274 terra:
3026 4219 3302 4290 sepulcro.
3347 4222 3452 4278 Alii
3478 4223 3734 4278 dexteram
3761 4228 3848 4269 rna-

2302 4322 2427 4362 nmn
2457 4307 2786 4364 abscindunt
2809 4308 3107 4380 defunctis,
3157 4321 3216 4368 ut
3257 4325 3548 4386 separetur
3576 4329 3605 4368 a
3633 4303 3847 4366 membris

2301 4401 2386 4457 sui
2431 4403 2699 4473 corporis,
2729 4413 2752 4441 θ
2793 4403 2940 4476 quod
2969 4405 3233 4462 adversus
3263 4422 3466 4480 corpus
3495 4422 3646 4464 suum
3685 4412 3848 4458 vesano

2302 4493 2555 4548 militavit
2599 4493 2806 4552 furore.
2854 4497 2963 4554 Sed
3003 4497 3150 4554 hunc
3174 4500 3384 4558 exitum
3413 4498 3653 4571 sacrilegi
3681 4496 3845 4554 ferunt,

599 4571 867 4671 pestatem
913 4598 1145 4654 futuram
1171 4639 1185 4665 ,
1238 4595 1582 4666 tempestatis
1636 4571 1809 4665 gratia
1853 4590 2196 4649 declinanda:
2223 4571 2274 4632 Ῑ)
2302 4597 2394 4644 aut
2429 4590 2737 4659 proditores
2779 4591 2864 4648 vel
2907 4607 3258 4664 percussores
3307 4604 3610 4666 parentum,
3657 4590 3738 4663 qui
3777 4599 3848 4640 ve-

595 4709 788 4752 navem
810 4693 1060 4750 ﬂuctibus
1082 4692 1390 4762 immergat.
1444 4688 1528 4745 An
1557 4688 1681 4759 quia
1709 4686 1954 4760 graviora
1985 4685 2194 4756 suppli-

599 4788 680 4845 cia
739 4798 1033 4844 exacturus
1060 4793 1148 4842 est
1199 4783 1568 4849 adversarius,
1595 4782 1720 4839 ideo
1750 4781 2192 4854 praeveniendum

596 4883 835 4955 putatis?
882 4881 966 4938 vel
1025 4880 1151 4953 quia
1201 4889 1487 4936 strenuum
1515 4875 1883 4941 arbitramini,
1917 4882 1974 4930 ut
2002 4874 2055 4929 in
2089 4887 2192 4928 nos

594 4977 696 5048 ipsi
735 4975 880 5032 ferro
927 4974 1182 5031 utamur?
1229 4972 1325 5029 sed
1359 4972 1411 5027 id
1462 4970 1858 5027 imbecillitatis
1897 4967 2188 5039 suffugium

596 5079 700 5138 est,
735 5082 846 5125 non
875 5067 1091 5124 virtutis
1145 5074 1433 5138 tropmum,
1482 5075 1704 5135 captare
1751 5062 1956 5118 lucrum
1980 5061 2190 5132 suppli-

591 5162 821 5219 ciorum.
854 5161 914 5217 In
945 5161 1049 5218 hoc
1074 5161 1240 5232 igitur
1267 5158 1631 5219 inhteremus,
1657 5155 1800 5226 quod
1833 5171 1933 5211 nec
1959 5155 2190 5226 insignia

595 5254 792 5311 habeat
840 5253 1210 5318 fortitudinis,
1244 5268 1346 5308 nec
1396 5251 1697 5322 profectum
1749 5249 2017 5305 utilitatis.
2048 5247 2189 5316 Quid

591 5357 775 5406 autem
816 5354 1054 5403 attexam
1081 5356 1104 5384 ο
1163 5345 1352 5400 violati
1379 5343 1610 5413 depositi
1657 5341 2016 5413 religionem?
2046 5341 2189 5396 Deus

589 5441 936 5513 omnipotens
983 5439 1297 5496 thesaurum
1327 5436 1486 5494 nobis
1533 5437 1798 5508 optimum
1829 5435 2001 5502 dedit,
2025 5445 2188 5506 atque

589 5535 858 5592 inclusum
885 5535 942 5591 in
970 5535 1073 5590 hoc
1099 5547 1227 5590 vase
1273 5531 1427 5588 ﬁctili
1453 5537 1510 5587 et
1533 5531 1934 5604 consignatum,
1962 5530 2187 5586 commi-

662 5638 692 5670 ⁸
720 5628 1060 5688 Formidinis.
1114 5629 1286 5686 Bann.

661 5700 690 5741 δ
736 5699 860 5771 Yet.
910 5703 1068 5770 cod.,
1101 5701 1260 5771 frater
1305 5707 1379 5755 est
1425 5715 1519 5753 sua
1568 5712 1724 5768 opera
1753 5695 2177 5766 dissipantist.

669 5783 692 5808 α
751 5770 948 5808 l’inln...‘

669 5783 692 5808 ρ
774 5770 813 5798 ν’
937 5778 948 5789 ο
1104 5770 1110 5771 '

664 5802 691 5882 εί
735 5770 1153 5907 ἒέεέὲνξίειξιῗιῖια
1197 5841 1508 5919 praepositio
1527 5883 1546 5914 ,
1589 5839 1984 5914 legendumque
2017 5857 2028 5895 :
2074 5838 2182 5896 De-

2303 4697 2420 4738 Wm
2450 4690 2654 4753 Patrem
2695 4699 2802 4740 non
2856 4696 3215 4757 agnoverunt,
3249 4702 3351 4744 nec
3389 4703 3512 4745 sese
3537 4685 3843 4757 cognoscunt.

2301 4774 2428 4832 Ideo
2452 4787 2544 4833 aut
2591 4779 2807 4850 penitus
2837 4780 3054 4851 sepeliri
3087 4781 3480 4852 prohibentur,
3533 4787 3620 4835 aut
3648 4791 3744 4832 non
3769 4767 3847 4825 toti

2299 4873 2659 4944 sepeliuntur.
2712 4875 2936 4932 Animas
2977 4889 3189 4947 quoque
3217 4891 3407 4933 eorum
3453 4890 3559 4931 non
3605 4867 3846 4944 paradisus

2299 4967 2532 5041 recipit,
2562 4969 2660 5026 sed
2713 4970 3013 5027 inferorum
3059 4971 3337 5038 tenebrat,
3379 4982 3628 5041 saevaque
3675 4955 3846 5032 suPP'i‘

2297 5063 2404 5118 cia.
2457 5063 2578 5120 Haec
2628 5063 2764 5120 mihi
2793 5065 3090 5135 reputanti,
3119 5079 3447 5136 quamquam
3493 5059 3662 5119 omnia
3687 5059 3842 5122 erepta

2298 5158 2408 5212 sint
2433 5199 2449 5224 ,
2507 5157 2620 5213 sola
2654 5167 2838 5213 tamen
2869 5156 3069 5214 terrori
3111 5173 3175 5213 ac
3207 5155 3482 5214 formidini
3532 5161 3650 5209 sunt
3681 5167 3694 5205 :
3722 5145 3738 5185 ί
3765 5153 3844 5198 nec

2299 5250 2432 5305 mihi
2463 5250 2566 5320 ipsi
2617 5251 2866 5318 inferam,
2894 5266 3017 5322 qua:
3038 5266 3165 5307 nec.
3197 5250 3368 5306 hostis
3399 5247 3596 5321 poterit
3633 5241 3840 5299 inferre:

2298 5354 2352 5400 et
2385 5345 2474 5400 illa
2499 5344 2737 5415 paradisi
2783 5345 3034 5416 eripiam,
3063 5360 3185 5416 quae
3234 5343 3513 5400 Romanus
3557 5336 3718 5394 adhuc
3755 5339 3841 5384 non

2299 5438 2475 5510 potuit
2525 5428 2762 5509 erip'ere.
2819 5438 2981 5495 Certe
3026 5437 3336 5494 accelerare
3383 5433 3584 5506 potuit,
3639 5431 3838 5492 noul‘o‘

2297 5533 2426 5589 terit
2454 5533 2671 5590 auferre
2695 5573 2713 5601 ,
2765 5546 2888 5603 qua;
2914 5531 3031 5588 sola
3083 5529 3432 5602 impatienter
3458 5522 3715 5583 desidero.
3743 5512 3837 5570 Non

2296 5627 2517 5695 positum
2547 5624 2680 5691 Dei,
2703 5625 2879 5680 anima
2923 5635 2995 5680 est
3024 5624 3080 5678 in
3109 5622 3203 5678 hoc
3228 5635 3461 5692 corpore.
3490 5616 3746 5675 GALLAND.

2363 5709 2386 5736 ε
2431 5699 2568 5768 Qua.
2599 5698 2770 5753 Buta.

2366 5775 2378 5808 ί
2435 5771 2515 5826 Ne
2564 5769 2707 5824 mihi.
2743 5769 2814 5826 In.
