4112 6350
278 316 426 377 2089

1139 320 1414 381 HISTOR.
1457 323 1549 382 DE
1589 322 1867 386 EXCIDIO
1905 326 2177 392 HIEROS.
2222 332 2426 397 URBIS
2459 337 2593 397 LIB.
2624 340 2717 399 III.

3446 349 3595 409 2090

282 432 429 489 θυίιη
475 431 600 525 Vi?”
653 430 815 505 huius
861 432 971 491 una
1011 448 1099 493 me
1138 437 1412 509 ουρῑάὶιειε
1456 447 1606 495 ιθηθι
1631 482 1646 507 ν
1680 441 1733 496 in
1775 457 1882 513 qua
1908 452 1958 515 Α
1987 460 2165 517 esset,
2195 455 2463 525 sanguine
2511 456 2646 513 socii
2690 456 3146 516 contaminandus
3194 460 3354 519 foret.
3386 461 3594 522 Suadet

284 539 389 582 nec
411 524 557 596 apud
608 526 775 594 cives,
808 542 909 584 nec
932 529 1077 600 apud
1108 529 1296 586 hostes
1341 532 1460 603 cepi
1513 532 1655 604 quod
1703 534 1888 591 delec-

285 627 448 675 taret.
495 617 589 674 Isti
616 618 748 675 mihi
796 634 987 692 pacem
1037 634 1335 695 negarunt,
1387 623 1464 679 illi
1515 627 1746 696 patriam
1778 628 1888 684 eri-

284 719 543 782 pueruut.
597 709 748 768 Inter
796 720 879 769 tot
927 715 1067 772 mala
1108 716 1236 787 quid
1291 726 1471 789 potest
1515 720 1801 777 suavitatis
1828 721 1883 778 in

280 803 388 861 bac
429 803 543 861 vita
588 807 932 876 superesse?
970 806 1052 864 'I‘u
1074 809 1241 865 modo
1263 850 1279 876 ,
1313 810 1659 882 omnipotens
1698 812 1883 883 Pater,

281 898 373 971 qui
402 907 611 954 natura:
652 909 846 957 auctor
871 908 1036 973 atque
1062 902 1270 959 arbiter
1295 919 1354 960 es
1381 946 1396 971 ,
1444 904 1735 962 honestum
1770 907 1880 962 lar-

278 992 397 1064 gire
449 991 654 1048 exitum
682 1034 698 1059 ,
760 1001 818 1049 tu
869 1010 1063 1067 rumpe
1107 996 1358 1053 naturale
1398 996 1501 1053 hoc
1556 998 1878 1055 vinculum:

280 1084 450 1142 redde
499 1085 736 1142 animam
776 1102 954 1145 meam
1008 1091 1237 1146 secretis
1278 1091 1414 1147 suis.
1447 1091 1763 1150 Exstinctus
1811 1094 1884 1150 sit

277 1181 514 1254 populus
536 1223 552 1249 ,
579 1191 826 1254 ereptum
869 1184 979 1254 jus,
1024 1185 1252 1243 libertas
1283 1185 1517 1242 infracta
1549 1206 1563 1243 :
1601 1202 1709 1243 non
1741 1203 1880 1260 prae-

275 1276 562 1334 varicabor
609 1286 787 1333 tamen
816 1277 992 1349 legem
1040 1287 1184 1335 tuam
1211 1321 1226 1347 ,
1266 1288 1326 1335 ut
1375 1280 1586 1336 moriar
1612 1280 1873 1351 iniussus.

273 1367 550 1438 Exspecto
604 1378 662 1425 ut
683 1368 907 1442 jubeas,
938 1380 1198 1443 eXSpecto
1254 1381 1310 1428 ut
1345 1372 1616 1431 volentem
1651 1374 1874 1432 liberes.

272 1461 475 1519 Multos
504 1462 674 1520 habes
696 1465 772 1519 tui
812 1464 1027 1537 imperii
1055 1475 1412 1524 exsecutores
1437 1484 1452 1523 :
1481 1483 1512 1523 a
1544 1475 1598 1525 te
1623 1478 1879 1542 exspecto

271 1555 592 1626 imperium,
621 1556 691 1613 ab
726 1568 1054 1615 exsecutore
1103 1559 1490 1617 ministerium.
1529 1561 1739 1617 Bonum
1795 1572 1879 1618 est

268 1649 414 1706 mori
447 1668 460 1706 :
501 1651 598 1707 sed
631 1651 859 1722 moriar,
893 1661 950 1707 ut
1005 1652 1292 1724 Hebraeus,
1320 1670 1429 1710 non
1455 1663 1515 1710 ut
1556 1654 1698 1711 latro
1719 1696 1736 1723 ,
1766 1672 1873 1713 non

271 1756 336 1801 ut
357 1744 625 1814 carnifex,
660 1762 766 1802 non
797 1756 857 1803 ut
896 1746 1090 1804 hostis.
1126 1746 1318 1805 Victus
1351 1748 1456 1805 sim
1505 1748 1633 1804 licet
1685 1749 1830 1806 bello
1856 1792 1870 1820 ,

1993 553 2051 598 ut
2077 545 2211 600 sorti
2260 548 2620 605 renuntiaret.
2671 549 2760 606 Sic
2809 550 3169 609 domesticum
3226 557 3395 612 evasit
3453 574 3594 628 prae-

1993 637 2144 709 lium,
2178 649 2234 696 et
2257 657 2353 711 per
2396 642 2718 699 Nicanorem
2765 644 2833 700 ad
2861 645 3249 718 Vespasianum
3283 650 3588 709 deducitur.

1989 731 2078 787 Fit
2104 748 2405 790 concursus
2428 735 2493 791 ad
2522 736 2640 809 ejus
2665 736 3014 796 advenientis
3032 742 3402 812 spectaculum
3433 785 3448 810 ,
3481 743 3590 798 Ro-

1987 826 2161 882 manis
2209 826 2322 883 fere
2350 829 2605 884 omnibus
2643 830 3088 901 conﬂuentibus;
3138 834 3228 889 alii
3262 835 3449 892 videre
3495 837 3592 892 de-

1980 917 2187 988 iectum
2211 919 2620 990 desiderabant,
2639 940 2798 992 quem
2844 926 3005 996 paulo
3027 936 3154 983 ante
3171 927 3225 982 in
3252 929 3589 999 amplissimo

1987 1011 2197 1069 honore
2227 1016 2461 1085 positum
2487 1060 2501 1082 ,
2544 1032 2771 1074 summa:
2818 1021 2894 1076 rei
2925 1036 3163 1092 praeesse
3194 1021 3543 1079 intuebantur
3572 1041 3586 1079 :

1984 1105 2076 1160 alii
2106 1108 2392 1164 certabant
2417 1120 2578 1181 capto
2630 1112 2895 1179 illudere,
2923 1114 3015 1170 alii
3064 1116 3213 1171 vices
3258 1133 3441 1173 rerum
3490 1118 3589 1175 hu-

1983 1213 2267 1255 manarum
2310 1210 2421 1256 tam
2482 1203 2657 1260 varias
2706 1216 2870 1275 atque
2920 1205 3187 1264 ﬂexibiles
3223 1209 3583 1265 mirabantur.

1983 1290 2236 1365 Plerique
2278 1296 2583 1353 consultius
2632 1298 3081 1370 ingemiscebant.
3152 1302 3242 1374 qui
3284 1304 3337 1359 in
3391 1305 3585 1360 alienis

1981 1387 2202 1442 casibus
2223 1388 2328 1444 sibi
2356 1405 2517 1461 posse
2546 1393 2734 1448 eadem
2764 1394 3018 1450 accidere
3049 1398 3395 1467 reputabant.
3431 1397 3585 1454 Titus

1983 1496 2094 1552 pra:
2119 1485 2335 1540 caeteris
2373 1487 2722 1554 movebatur,
2753 1488 2991 1560 ingenita
3041 1490 3209 1545 animi
3265 1504 3582 1549 mansuetu-

1979 1572 2104 1631 dine
2136 1593 2149 1629 :
2183 1576 2335 1633 illum
2404 1579 2607 1635 dudum
2660 1580 2982 1638 bellatorem
3049 1583 3341 1653 superbam
3400 1585 3580 1642 subito

1980 1672 2237 1740 potestati
2285 1671 2561 1729 addictum
2592 1674 2829 1731 hostium
2882 1676 3047 1731 alieni
3082 1673 3111 1714 ἀ
3160 1687 3339 1733 motus
3364 1688 3569 1735 sortem

1978 1762 2217 1832 opperiri
2251 1767 2378 1819 vita:
2430 1764 2792 1841 naufragium,
2821 1768 3062 1824 exsulem
3111 1770 3269 1840 spei,
3311 1770 3577 1827 incertum

264 1840 503 1898 manebo
530 1850 733 1910 tamen,
766 1841 911 1914 quod
952 1852 1114 1899 natus
1158 1857 1300 1910 sum.
1331 1850 1392 1899 ιιι
1421 1841 1659 1899 Abram“
1698 1845 1869 1914 Patris
1897 1858 1946 1919 B
1974 1856 2184 1913 salutis.
2231 1858 2465 1915 Tantum
2492 1861 2676 1917 valere
2706 1840 2977 1918 mementa
3003 1864 3056 1918 in
3088 1865 3312 1936 prteliis,
3344 1872 3404 1921 ut
3430 1865 3582 1922 brevi

273 1935 652 1993 haereditatem
701 1952 811 1993 non
843 1937 1116 1994 deseram.
1173 1936 1293 1993 Non
1326 1938 1568 1994 transibo
1613 1939 1668 1994 in
1694 1954 1881 1994 nume-

264 2046 391 2086 rum
411 2030 671 2099 hostium,
695 2039 755 2087 ut
780 2031 897 2102 ipse
918 2046 1070 2088 meus
1098 2046 1390 2103 percussor
1414 2032 1540 2089 sim.
1567 2031 1781 2089 Offerre
1794 2048 1883 2090 me

266 2123 419 2182 hosti
447 2125 859 2198 percutiendum
884 2127 1002 2182 sine
1020 2126 1239 2197 pietatis
1281 2140 1506 2198 possum
1547 2126 1878 2199 dispendio:

274 2234 472 2275 manus
495 2233 649 2277 meas
678 2219 815 2276 mihi
839 2228 865 2257 δ
881 2219 933 2275 in
954 2220 1164 2275 hostem
1186 2227 1509 2275 convertere
1528 2220 1647 2275 sine
1672 2221 1881 2276 scelere

259 2330 376 2372 non
405 2330 649 2385 possum.
678 2314 764 2371 An
793 2329 927 2372 vero
951 2322 1129 2371 metus
1156 2323 1260 2381 est,
1292 2330 1360 2369 ne
1382 2329 1490 2369 non
1522 2313 1684 2371 liceat
1716 2314 1875 2372 nobis

259 2405 568 2463 secundum
607 2407 785 2479 legem
838 2405 1068 2462 vivere?
1094 2404 1305 2462 Revera
1333 2421 1477 2462 nunc
1495 2420 1691 2477 magna
1713 2405 1879 2463 liber-

259 2510 352 2556 tas
373 2508 488 2568 est,
529 2498 725 2572 quibus
751 2513 898 2556 nunc
924 2498 1049 2555 licet
1077 2496 1375 2556 secundum
1404 2498 1579 2570 legem
1608 2497 1767 2555 mori.

830 2614 1063 2672 CAPUT
1092 2614 1289 2672 XVIII.

340 2709 464 2766 Haec
504 2708 777 2782 Iosephus
828 2708 1131 2782 allegabat,
1176 2723 1288 2781 quo
1343 2716 1643 2766 evaenaret
1679 2707 1875 2765 volun-

258 2802 420 2860 tarite
473 2803 665 2860 mortis
718 2801 749 2843 δ
801 2801 1167 2859 affectionem.
1222 2799 1330 2858 Sed
1387 2799 1507 2869 illi,
1567 2800 1661 2873 qui
1700 2796 1871 2856 semel

261 2912 393 2954 sese
431 2896 592 2954 morti
624 2896 999 2963 devoverant,
1053 2895 1178 2966 quia
1210 2893 1393 2951 verbis
1443 2893 1706 2950 resistere
1754 2906 1864 2947 non

258 2998 538 3065 poterant,
564 2989 763 3063 gladiis
805 2987 959 3061 quasi
998 2986 1211 3045 ferituri
1237 2986 1403 3055 illico,
1432 2984 1608 3042 virum
1636 2984 1870 3041 circum-

258 3094 470 3143 stetere
495 3085 597 3140 nisi
638 3081 1097 3156 acquiescendum
1142 3089 1379 3153 putaret.
1414 3080 1486 3137 At
1510 3080 1603 3136 ille
1633 3078 1868 3136 circum-

256 3179 458 3247 datus,
512 3178 676 3236 alium
718 3178 875 3235 ducis
902 3177 1197 3235 revocabat
1242 3174 1566 3232 auctoritate
1609 3183 1665 3230 et
1694 3174 1865 3229 virtu-

1983 1963 2110 2005 casu
2156 1950 2403 2023 dispares
2427 1953 2511 2009 sui
2558 1954 2826 2024 reddant,
2868 1971 2990 2011 cum
3024 1968 3117 2012 aut
3168 1966 3415 2029 potentes
3443 1960 3582 2031 deji-

1981 2045 2238 2115 ciuntur,
2284 2055 2379 2103 aut
2423 2047 2610 2105 afﬂicti
2658 2049 2926 2105 levantur.
2984 2050 3171 2122 Itaque
3201 2067 3326 2121 pars
3355 2054 3580 2121 melior,

1981 2154 2168 2195 eorum
2226 2140 2438 2198 scilicet
2495 2142 2586 2212 qui
2659 2141 2869 2197 honore
2919 2143 3306 2212 potiebantur,
3366 2145 3580 2200 mitiora

1979 2233 2205 2290 consilia
2255 2234 2457 2291 dabant
2485 2254 2499 2291 :
2532 2236 2767 2291 maxima
2800 2244 2980 2292 tamen
3011 2238 3188 2307 portio
3226 2239 3417 2295 salutis
3439 2241 3581 2310 apud

1978 2338 2189 2399 patrem
2210 2329 2450 2400 Josepho
2495 2329 2652 2387 Titus
2679 2330 2799 2386 fuit.
2847 2330 3222 2402 Vespasianus
3253 2347 3375 2389 eum
3401 2348 3581 2391 asser-

1977 2423 2090 2479 vari
2121 2423 2399 2494 prtecepit,
2430 2438 2498 2480 ne
2526 2423 2665 2479 forte
2694 2424 3025 2480 elaberetur.

2562 2517 2792 2574 CAPUT
2846 2516 2990 2573 XIX.

2049 2612 2179 2668 Inde
2205 2612 2392 2684 paucis
2421 2608 2546 2683 pust
2575 2611 2765 2667 diebus
2798 2610 3190 2669 Ptolomaidem
3226 2615 3446 2684 repetit,
3491 2623 3575 2669 at-

1974 2721 2081 2777 que
2107 2705 2233 2760 inde
2258 2704 2567 2761 Caesaream
2614 2703 2916 2768 contendit,
2960 2703 3063 2761 urb
3082 2721 3150 2760 2m
3173 2704 3374 2761 Iudaeae
3398 2708 3574 2762 maxi-

1973 2813 2139 2863 mam,
2171 2797 2268 2853 sed
2294 2799 2466 2869 magis
2492 2796 2783 2869 gentilibus
2811 2796 3068 2853 refertam
3101 2798 3534 2856 inhabitantibus
3561 2815 3574 2853 ι

1973 2893 2119 2948 unde
2164 2907 2285 2948 cum
2344 2891 2536 2963 plausu
2598 2902 2652 2948 et
2699 2892 2882 2947 laetitia
2940 2908 3232 2965 suscepere
3274 2899 3572 2953 exercitum

1972 2984 2297 3053 Romanum,
2335 3000 2441 3041 non
2497 2984 2672 3041 solum
2707 2985 2966 3041 Romana:
3009 2987 3289 3045 societatis
3318 2998 3571 3059 exoptata

1970 3078 2071 3135 sibi
2110 3078 2305 3150 gratia,
2346 3078 2439 3134 sed
2485 3078 2646 3134 insito
2674 3094 2889 3150 quoque
2938 3080 3065 3135 odio
3106 3080 3279 3151 plebis
3307 3081 3509 3138 Iudaea:
3554 3103 3568 3139 :

1969 3173 2124 3245 cujus
2153 3174 2450 3245 principem
2481 3173 2776 3245 Josephum
2810 3185 3064 3245 oportere
3096 3178 3272 3244 puniri
3320 3180 3571 3235 maximis

259 3275 339 3329 tis
376 3273 719 3340 constantia,
775 3272 940 3329 alium
986 3286 1181 3329 severo
1236 3270 1424 3326 obtutu
1482 3267 1866 3327 conveniebat.
1894 3250 1941 3315 (Ζ
1974 3268 2309 3324 clamoribus
2362 3269 2819 3327 vociferabantur.
2864 3270 3036 3337 Quam
3084 3271 3485 3343 Vespasianus,
3517 3284 3574 3331 ut

256 3365 438 3437 Hujus
477 3366 772 3422 revocabat
809 3364 1123 3429 dexteram,
1153 3363 1297 3419 illius
1344 3361 1658 3418 inflectebat
1686 3361 1819 3417 iram
1846 3401 1863 3429 ,

256 3458 533 3515 mulcebat
559 3458 773 3515 consilii
802 3457 1146 3514 salubritate.
1184 3457 1421 3513 Diversis
1448 3456 1627 3512 modis
1649 3456 1865 3513 unicui-

252 3568 369 3627 que
430 3552 860 3609 irrationabilem
915 3551 1276 3623 extorquebat
1321 3549 1587 3607 furorem.
1642 3547 1858 3605 Etenim

251 3650 507 3720 quamvis
553 3646 748 3702 ultima
801 3660 923 3700 sors
983 3645 1110 3700 victi
1151 3643 1468 3715 dignitatem
1507 3650 1857 3710 extorserat,

250 3758 368 3800 non
399 3741 619 3815 penitus
659 3748 843 3797 tamen
875 3739 1193 3797 aboleverat
1217 3737 1602 3794 reverentiam.
1663 3735 1862 3791 Paula-

250 3838 357 3894 tim
428 3836 612 3908 itaque
663 3833 1077 3906 doponebantur
1132 3843 1360 3895 manus,
1415 3828 1857 3886 recondebantur

246 3930 454 4004 gladii,
511 3937 694 3985 tamen
730 3926 963 3984 intentio
1012 3922 1422 3996 perseverabat.
1468 3920 1604 3977 Cum
1641 3919 1853 3976 videret

250 4039 429 4081 unum
475 4038 508 4079 a
551 4021 804 4095 pluribus
853 4035 914 4077 se
962 4020 1246 4075 obsessum
1313 4014 1532 4082 teneri,
1583 4014 1701 4069 sive
1730 4027 1860 4069 casu

246 4116 524 4190 quodam,
571 4116 687 4172 sive
720 4112 956 4170 consilio
983 4123 1005 4151 ο
1051 4115 1456 4166 commentatus
1481 4114 1603 4174 est,
1654 4113 1717 4161 ut
1754 4105 1858 4160 mi-

246 4218 451 4268 nueret
476 4224 761 4266 numerum
810 4205 1250 4279 repugnantium.
1281 4199 1737 4266 Committamus,
1770 4198 1857 4254 in-

246 4302 404 4377 quit,
433 4301 569 4358 sorti
600 4299 867 4357 moriendi
899 4298 1168 4361 ordinem,
1192 4303 1251 4351 ut
1278 4308 1339 4350 se
1365 4305 1526 4348 nemo
1552 4289 1854 4358 subtrahat,

246 4414 381 4456 cum
416 4411 538 4455 sors
565 4396 853 4453 conveniat
896 4394 1209 4450 universos.
1256 4386 1572 4445 Istiusmodi
1616 4384 1858 4442 conditio

246 4494 322 4550 sit
366 4493 565 4557 sortis,
604 4500 666 4547 ut
692 4491 737 4545 is
767 4489 858 4562 qui
881 4497 1030 4545 sorte
1052 4484 1247 4543 exierit
1277 4525 1293 4551 ,
1339 4482 1409 4538 ab
1438 4495 1504 4537 eo
1552 4480 1643 4551 qui
1672 4478 1857 4551 sequi-

246 4595 370 4651 tur,
398 4582 762 4640 interimatur.
784 4579 972 4652 Itaque
989 4578 1107 4635 fore
1126 4588 1189 4632 ut
1227 4589 1349 4631 sors
1391 4585 1854 4643 unumquemque,

246 4692 359 4734 non
390 4674 613 4747 propria
655 4673 911 4728 voluntas
962 4669 1125 4725 morti
1177 4664 1470 4737 adjudicet.
1523 4663 1645 4720 Stet
1688 4661 1852 4735 igitur

245 4769 629 4841 unusquisque
658 4756 769 4823 sub
782 4772 934 4821 sorte
980 4761 1185 4832 judice,
1218 4768 1273 4816 et
1318 4771 1511 4815 exsors
1536 4755 1767 4812 sceleris
1794 4762 1851 4811 et

241 4864 390 4921 liber
412 4860 773 4934 captivitatis,
806 4866 867 4913 ut
897 4872 1003 4914 non
1046 4854 1228 4912 alieno
1275 4848 1799 4922 arbitrioLacceleret
1830 4889 1848 4916 ,

243 4967 338 5014 aut
365 4956 607 5013 declinet
631 4967 754 5020 suo,
786 4958 1023 5007 mortem
1050 4948 1311 5005 futuram.
1361 4944 1532 5002 Nemo
1584 4956 1847 5000 recusare

243 5050 450 5123 poterit
490 5057 785 5111 eventum,
835 5059 998 5116 quem
1064 5042 1151 5099 vel
1220 5054 1381 5096 casus
1434 5036 1710 5101 intulerit,
1764 5034 1850 5093 vel

241 5145 500 5200 voluntas
542 5142 635 5197 Dei
687 5138 1005 5211 signaverit.
1051 5134 1243 5192 Fidem
1316 5131 1446 5189 fecit
1511 5129 1747 5196 oblatio,
1793 5136 1850 5184 et

245 5237 630 5293 universorum
659 5246 919 5289 assensus
949 5229 1082 5287 sorti
1111 5224 1400 5298 acquievit.
1427 5222 1670 5293 Quisque
1699 5227 1848 5276 sorte

243 5339 332 5387 est
386 5329 737 5401 designatus,
776 5335 1019 5399 paratam
1056 5320 1302 5393 sequenti
1349 5333 1542 5375 necem
1588 5314 1846 5388 praebuit.

240 5423 432 5494 Itaque
491 5422 722 5489 accidit,
774 5429 834 5477 ut
898 5417 1238 5488 interemptis
1288 5409 1848 5484 reliquis,.losephus

244 5529 371 5572 cum
399 5514 573 5571 altero
596 5520 914 5586 superesset
940 5508 1086 5567 neci.
1117 5506 1372 5565 Manebat
1401 5502 1717 5561 necessario
1740 5542 1756 5569 ,
1786 5509 1850 5558 ut

245 5618 341 5665 aut
379 5618 528 5665 sorte
555 5608 1041 5675 condemnaretur,
1064 5611 1155 5660 aut
1186 5611 1356 5672 certe,
1388 5598 1437 5657 si
1457 5599 1624 5657 exitio
1650 5612 1845 5670 super-

321 5783 347 5811 υ
401 5772 535 5828 Mihi
563 5786 660 5839 pro
686 5772 742 5828 in
768 5788 869 5827 me.
902 5771 986 5828 Al.
1010 5813 1026 5838 ,
1058 5771 1188 5826 utin
1216 5768 1431 5828 hostem.
1457 5769 1629 5827 ΒΑΜ.

319 5843 347 5883 ι’
389 5845 753 5901 Assertionem.
786 5844 863 5900 In.

326 5928 347 5955 ο
402 5915 752 5972 Commeatus.
782 5917 860 5971 In.

535 6012 812 6074 PATBOL.
860 6010 999 6072 XV.

1970 3362 2115 3434 vulgi
2156 3363 2289 3418 iram
2322 3364 2440 3419 sine
2460 3362 2665 3433 judicio
2686 3372 3029 3434 conceptam,
3053 3364 3269 3420 silentio
3294 3364 3565 3422 dissolvit.

1973 3456 2038 3512 Et
2067 3456 2192 3528 quia
2223 3456 2291 3512 ad
2338 3455 2720 3526 hiemandum,
2762 3464 2819 3513 et
2858 3466 3070 3528 tempus
3095 3469 3484 3530 Opportunum,
3515 3471 3571 3517 et

1967 3549 2161 3606 civitas
2191 3561 2341 3617 erat,
2394 3550 2531 3606 duos
2578 3550 2800 3607 ordines
2848 3550 2902 3605 in
2947 3552 3196 3608 Caesarea
3241 3555 3561 3619 constituit,

1965 3642 2236 3699 decimum
2265 3659 2483 3716 quoque
2511 3652 2567 3700 et
2588 3643 2841 3715 quintum
2869 3643 3117 3700 ordinem
3160 3645 3214 3700 in
3256 3646 3392 3702 urbe
3421 3646 3563 3718 Sey-

1967 3735 2196 3806 tbopoli,
2237 3752 2306 3792 ne
2331 3736 2579 3792 Caesarea
2624 3734 2791 3791 totius
2841 3750 3011 3792 onere
3040 3737 3315 3792 exercitus
3365 3746 3567 3794 attere-

1965 3839 2135 3889 retur.
2198 3828 2436 3900 Ideoque
2482 3828 2612 3885 urbs
2676 3837 2979 3884 memorata
3040 3829 3222 3884 Dianae
3294 3831 3564 3903 Scythica:

1963 3930 2305 3988 consecrata,
2335 3930 2612 3992 tamquam
2636 3935 2666 3975 a
2697 3919 2913 3992 Scythis
2937 3920 3180 3986 condita,
3211 3929 3266 3977 et
3296 3924 3562 3995 appellata

1961 4017 2151 4073 civitas
2199 4014 2565 4088 Scytharum,
2622 4023 2681 4068 ut
2736 4012 2975 4069 Massilia
3025 4012 3390 4071 Graecorum:
3426 4017 3562 4073 situs

1962 4109 2067 4166 loci
2115 4107 2355 4165 declarat
2388 4108 2683 4179 ingenitam
2712 4104 2969 4160 duritiam
2998 4105 3322 4172 conditoris,
3352 4110 3558 4178 patien—

1960 4204 2032 4259 tia
2076 4204 2250 4275 magis
2273 4218 2624 4274 camporum,
2655 4214 2816 4273 quam
2862 4199 3228 4256 conducibilia
3271 4201 3557 4258 habitatio‘

1960 4300 2045 4355 nis
2099 4299 2219 4353 usui
2269 4296 2561 4367 delegisse.
2620 4304 2644 4331 ι’
2694 4292 2940 4364 Namque
2990 4303 3180 4362 aperto
3248 4303 3303 4351 et
3358 4310 3557 4365 aSpero

1960 4392 2174 4457 hiemis,
2231 4399 2286 4447 et
2339 4389 2573 4446 ferventi
2618 4396 2864 4459 tempore
2908 4388 3115 4442 metatis
3167 4388 3288 4458 plus
3347 4388 3554 4447 laboris

1958 4483 2182 4548 habent,
2210 4496 2372 4553 quam
2400 4480 2778 4537 delectationis
2805 4494 2821 4532 :
2854 4478 3107 4549 quoniam
3137 4488 3191 4534 et
3219 4478 3397 4536 hieme
3439 4481 3557 4551 plus

1956 4576 2139 4647 frigori
2188 4583 2417 4646 patent,
2459 4581 2515 4629 et
2543 4570 2759 4643 gravior
2804 4570 2859 4625 in
2893 4571 2976 4625 his
3016 4569 3156 4625 locis
3209 4573 3411 4628 aestatis
3459 4571 3555 4628 Ila-

1876 4644 2162 4741 Dgrantia
2190 4644 2307 4733 est,
2350 4667 2403 4721 in
2431 4664 2630 4737 quibus
2677 4662 2849 4718 solem
2885 4671 3058 4717 totum
3117 4662 3388 4732 recipiunt
3434 4665 3554 4722 sine

1949 4764 2057 4819 ulla
2094 4761 2209 4818 arvi
2250 4760 2480 4817 virentis
2534 4756 2865 4814 amoenitate.
2901 4756 3088 4826 Itaque
3135 4758 3458 4827 campestris
3497 4770 3555 4816 et

1951 4854 2223 4912 maritima
2247 4853 2400 4925 regio
2443 4857 2762 4907 memoratae
2797 4847 2978 4915 urbis,
3015 4849 3179 4904 etiam
3224 4860 3361 4906 aestu
3386 4851 3551 4909 maris

1951 4950 2186 5021 amplius
2208 4964 2268 5005 va
2280 4947 2588 5018 porabatur.

2557 5036 2788 5094 CAPUT
2817 5034 2940 5092 XX.

2024 5137 2137 5194 Nec
2165 5144 2343 5191 tamen
2373 5150 2402 5189 a
2428 5130 2657 5203 negotiis
2688 5129 2896 5187 bellicis
2954 5127 3321 5199 Vespasianus
3345 5147 3547 5191 vacuus

1952 5244 2090 5291 erat.
2130 5231 2361 5303 Cognito
2409 5227 2610 5285 etenim
2650 5226 2881 5281 diversis
2924 5241 2991 5280 ex
3042 5225 3179 5282 locis
3230 5226 3297 5282 ad
3357 5230 3543 5285 urbem

1952 5327 2161 5399 Joppen
2186 5341 2306 5382 sese
2325 5322 2621 5380 contulisse
2649 5318 2939 5391 plurimos.
2961 5334 3191 5391 eamque
3217 5321 3320 5376 sibi
3344 5338 3548 5392 oppor-

1950 5431 2137 5479 tunam
2186 5419 2255 5476 ad
2305 5432 2567 5475 excursus
2621 5415 2925 5486 piraticos,
2974 5416 3239 5485 reparatis
3303 5416 3548 5474 ardiliciis

1950 5533 2073 5590 qua:
2103 5530 2132 5569 a
2160 5512 2341 5571 Cestio
2369 5510 2644 5567 destructa
2675 5510 2920 5573 fuerant,
2953 5506 3340 5562 instauravisse
3369 5526 3381 5560 :
3412 5524 3547 5580 quo-

1950 5615 2095 5671 niam
2113 5620 2321 5668 vastata
2346 5606 2589 5681 regione,
2614 5605 2911 5663 subsidium
2936 5603 3212 5661 alimoniae
3242 5606 3374 5661 mari
3398 5623 3548 5677 quae-

2026 5758 2054 5800 ά
2107 5759 2276 5816 Alieni
2320 5766 2469 5814 natus
2516 5762 2677 5810 sorte.
2708 5752 2786 5808 In.

2029 5844 2051 5871 ο
2108 5831 2346 5903 Namque
2372 5836 2552 5901 aperta
2578 5835 2625 5880 et
2647 5840 2833 5897 aspera
2856 5822 3018 5877 hiems
3045 5861 3061 5891 ,
3109 5828 3157 5875 et
3185 5822 3386 5892 fervens
3418 5832 3547 5881 tem-

1958 5923 2055 5981 pus
2079 5903 2291 5961 caelatis.
2326 5903 2402 5958 In.

3070 5986 3149 6052 29
