4112 6350
589 286 728 356 2091

1928 286 2178 357 SANC'l’l
2215 288 2544 353 AMBROSII

3726 292 3843 357 1099

581 406 1124 483 rebatur.diligenter
1145 408 1447 482 exploravit
1468 408 1673 466 omnia.
1697 411 1765 465 At
1785 409 1862 466 illi
1882 418 2185 466 statuentes
2218 416 2259 474 Α
2289 410 2625 482 sequebatur
2646 451 2661 476 ,
2691 409 3091 482 qualecumque
3120 419 3299 469 tamen
3349 412 3606 472 habentes
3628 417 3843 477 solatium

583 503 895 575 hujusmodi
926 503 1133 575 navigia
1164 519 1283 575 quae
1310 502 1434 559 usui
1477 504 1794 576 pranlonnm
1838 504 2191 560 accommoda

591 596 795 662 forent,
827 599 1090 670 speculati
1128 600 1551 663 commeantium
1608 599 1902 665 transitus,
1942 600 2193 657 universa

2293 502 2350 559 in
2381 505 2539 559 terris
2565 504 2814 575 periisse.
2847 504 3155 561 Miseranda
3186 507 3368 579 itaque
3396 506 3559 564 facies
3583 517 3692 564 erat
3710 552 3723 577 ,
3747 527 3845 567 cum

2294 612 2524 652 excusso
2548 595 2843 651 infelicium
2859 599 3088 655 cerebro
3108 610 3293 655 cautes
3313 610 3728 672 aspergerentur,
3747 619 3847 659 san-

592 704 762 761 prope
785 690 1060 749 Phoenicis
1083 701 1246 763 atque
1264 690 1489 764 IEpypti
1511 693 1838 753 commercia
1866 692 2197 764 populaban-
2295 688 2458 758 guine
2482 688 2763 744 maderent
2787 689 2994 746 littora.
3025 692 3292 748 Cerneres
3324 693 3577 749 infectum
3604 696 3849 754 cruoribus

593 790 724 850 tur;
760 784 897 845 adeo
922 794 980 841 ut
1001 784 1209 843 crebra:
1254 785 1607 857 praadationis
1653 786 1988 851 terroribus,
2036 800 2199 843 omne

595 876 727 939 illud
768 893 916 932 mare
955 877 1315 944 clauderent,
1347 888 1512 950 atque
1538 880 1747 937 iudubii
1794 879 2017 949 periculi
2048 889 2198 935 metu

594 970 879 1042 navigandi
905 985 1034 1027 usus
1074 971 1507 1041 interciperetur.
1554 973 1673 1043 Quo
1703 982 1984 1045 comperto
2011 972 2203 1041 pedes-

594 1064 694 1119 tris
722 1062 930 1121 militiae
955 1080 1172 1123 manum
1198 1075 1254 1120 et
1283 1065 1524 1137 equitnm
1556 1066 1839 1135 plerosque
1862 1081 2090 1136 pergere
2106 1066 2200 1136 ju-

597 1155 722 1222 bet,
756 1165 811 1213 et
841 1166 999 1212 nocte
1019 1156 1230 1228 Joppen
1262 1157 1494 1230 ingredi.
1528 1160 1681 1226 Quod
1710 1157 1867 1215 facile
1907 1158 2050 1217 factu
2081 1157 2200 1227 fuit,

597 1264 721 1304 cum
743 1250 987 1305 custodia
1014 1250 1161 1307 nulla
1191 1252 1396 1307 civitati
1440 1253 1876 1325 pra-tenderetur
1901 1270 1915 1307 :
1944 1253 2202 1324 quoniam

600 1357 790 1399 eversa
842 1344 990 1399 urbis
1022 1344 1199 1412 fama,
1230 1346 1406 1401 nullas
1440 1348 1741 1403 excitatura
1774 1345 2003 1401 Romani
2048 1359 2207 1401 curas

605 1434 761 1492 ducis
789 1437 1186 1494 aestimabatur.
1210 1439 1515 1496 Praesentes
1546 1450 1725 1499 tamen
1746 1450 1899 1499 erant
1928 1458 1942 1495 :
1970 1439 2065 1495 sed
2099 1454 2206 1495 non

599 1532 715 1588 ausi
747 1533 1005 1588 resistere
1050 1541 1212 1604 atque
1263 1534 1569 1605 ingressum
1603 1549 1802 1606 negare
1832 1534 2092 1589 Romanis
2115 1532 2210 1591 atl-

599 1626 963 1693 venientibus,
984 1625 1214 1697 navigiis
1239 1629 1512 1695 ascensis,
1535 1628 1673 1684 ultra
1699 1629 1902 1698 jactum
1937 1627 2209 1699 progressi

601 1721 833 1793 sagittae,
863 1722 917 1779 in
952 1723 1084 1779 mari
1121 1732 1594 1792 pernoctavernnt.
1623 1723 1730 1783 Res
1756 1725 2032 1793 postulare
2060 1723 2212 1779 videa

2300 799 2475 848 tuare,
2498 784 2705 853 repleta
2724 787 2904 840 omnia
2927 786 3306 845 cadaveribus.
3337 788 3405 843 Et
3423 789 3468 843 si
3491 789 3576 858 qtti
3600 789 3729 846 forte
3751 807 3852 847 eva-

2300 886 2505 939 serant,
2534 878 3036 949 appropinquantes
3062 879 3230 936 littori
3265 880 3747 938 interficiebantur:
3771 900 3853 940 res-

2302 968 2620 1027 timantibus
2650 970 2915 1029 Romanis
2943 973 3088 1042 quod
3113 991 3219 1029 non
3241 991 3307 1030 ex
3341 975 3580 1031 locorum
3604 980 3855 1046 asperitate

2303 1077 2516 1131 usuque
2542 1074 2828 1119 ventorum
2858 1064 2909 1118 in
2930 1064 3037 1120 illis
3056 1066 3187 1122 locis
3213 1066 3497 1122 desmviret
3518 1070 3755 1138 procella,
3777 1070 3855 1127 sed

2305 1155 2489 1212 divina
2533 1156 2907 1229 indignatione
2959 1173 3156 1231 prteter
3207 1161 3427 1218 solitum
3471 1164 3858 1233 conspirantibus

2306 1250 2483 1304 ventis
2523 1266 2673 1305 mare
2703 1252 3109 1320 involveretur,
3163 1270 3232 1310 ne
3272 1254 3443 1312 Judtei
3484 1256 3790 1313 evaderent:
3815 1265 3858 1314 et

2310 1339 2435 1395 ideo
2468 1344 2837 1400 metuentibus
2862 1344 2939 1399 eis
2965 1361 3225 1415 parcere,
3251 1348 3451 1417 quibus
3491 1348 3633 1405 Deus
3660 1366 3754 1404 non
3780 1366 3857 1421 pec

2309 1432 2595 1501 percisset.
2627 1434 2803 1490 Fuere
2828 1438 3002 1506 quise
3034 1435 3182 1492 ferro
3217 1438 3589 1495 interﬁcerent
3612 1482 3626 1507 ,
3648 1441 3860 1496 tolerabi-

2310 1524 2413 1581 lius
2455 1526 2557 1582 rati
2616 1526 2789 1594 ferro,
2840 1544 3001 1599 quam
3044 1531 3325 1601 naufragio
3374 1535 3583 1603 perire:
3616 1530 3746 1587 balii
3787 1533 3857 1603 qui

2310 1624 2488 1676 contis
2506 1621 2828 1690 protrudere
2853 1623 3124 1687 volentes,
3143 1625 3352 1696 navigia
3373 1626 3722 1695 perforarent:
3747 1642 3858 1681 non-

2313 1714 2468 1775 nulli.
2502 1714 2595 1785 qui
2627 1715 2807 1785 lapsos
2837 1716 2891 1771 iu
2931 1732 3117 1785 mare,
3147 1718 3192 1773 si
3237 1720 3377 1774 forte
3404 1731 3617 1777 orarent
3655 1734 3705 1776 ut
3738 1738 3763 1774 a
3787 1736 3861 1777 na-

603 1821 711 1875 tur.
728 1813 891 1867 situm
923 1813 1119 1873 littoris
1142 1816 1261 1884 ejus
1281 1831 1389 1887 quo
1418 1818 1734 1886 praetexitur
1752 1815 1948 1887 .loppe,
1972 1816 2211 1871 breviter

2316 1804 2624 1874 vigantibus
2673 1807 3041 1877 elevarentur,
3093 1810 3259 1866 remis
3290 1811 3614 1881 repellerent
3655 1822 3735 1867 aut
3776 1812 3861 1869 telo

598 1919 901 1981 exponere;
921 1915 978 1961 ut
994 1907 1448 1977 quemadmodum
1464 1913 1583 1967 sine
1601 1910 1708 1962 ullo
1725 1909 1914 1978 prtelio
1935 1908 2208 1979 praedicta:

602 1997 724 2057 urbi
756 1998 993 2057 secunda
1031 2000 1217 2056 clades
1247 2002 1445 2069 fuerit,
1488 2002 1694 2071 liquido
1741 2001 2135 2061 tnanifestetur.
2181 2010 2209 2040 ι

609 2090 668 2148 In
702 2102 856 2163 portu
881 2104 962 2148 εει
994 2104 1183 2150 natura
1210 2095 1403 2150 civitas
1422 2136 1437 2161 ,
1466 2095 1621 2164 cujus
1646 2096 1716 2151 ab
1744 2110 1840 2153 ora
1873 2096 2040 2150 maris
2059 2095 2210 2152 littus

601 2197 853 2252 asperum
880 2182 1277 2255 directumquc,
1303 2185 1399 2241 sed
1429 2187 1691 2241 cornibus
1719 2186 1991 2257 utrimque
2014 2187 2210 2245 leviter

607 2276 868 2337 inﬂexum
906 2294 920 2332 :
948 2277 1003 2337 in
1032 2279 1228 2351 quibus
1257 2279 1539 2350 profunda:
1572 2295 1734 2349 rupes
1757 2294 1997 2350 saxaque
2022 2279 2213 2351 ingen-

601 2371 692 2434 tia,
726 2387 846 2438 qua:
880 2373 1015 2425 mari
1044 2373 1389 2441 prominent,
1425 2384 1629 2433 etcum
1660 2374 1729 2429 de
1752 2375 1861 2430 imo
1892 2374 2057 2431 maris
2084 2391 2211 2431 sur-

601 2477 732 2536 gant
757 2508 771 2531 ,
795 2465 850 2521 in
876 2481 1026 2522 mare
1054 2478 1350 2525 excurrunt
1384 2477 1563 2525 tamen
1590 2486 1604 2521 :
1639 2468 1781 2524 unde
1801 2470 1967 2524 etiam
1999 2468 2213 2523 Andro-

605 2557 820 2619 medam
866 2560 976 2616 illic
1023 2559 1193 2616 fuisse
1242 2576 1364 2616 cum
1409 2571 1532 2617 ceto
1561 2560 1966 2632 objectaretur,
2023 2560 2212 2619 furtunae

604 2655 850 2711 locorum
877 2665 1041 2727 atque
1066 2657 1197 2726 ipsa:
1220 2670 1405 2710 rerum
1436 2657 1649 2725 species
1682 2655 1917 2725 prodere
1933 2653 2208 2721 videntur,

602 2763 710 2804 non
727 2748 1056 2804 mediocrem
1071 2749 1296 2804 vetustis
1313 2746 1509 2804 fabulis
1533 2750 1695 2807 tidem
1713 2747 2210 2805 accommodantes.

602 2838 952 2896 (laedentibus
994 2842 1175 2912 itaque
1230 2841 1385 2896 littus
1434 2841 1683 2899 adversis
1716 2841 1904 2897 Borea:
1956 2838 2210 2908 ﬂatibus,

604 2930 845 2987 immane
864 2941 1127 3003 quantum
1155 2931 1298 2987 unde
1327 2933 1688 2988 attolluntur:
1721 2948 1842 3005 qua:
1871 2930 2115 3004 scopulis
2145 2931 2214 2986 il-v

602 3023 720 3079 lisa:
753 3025 1020 3091 fragorem
1054 3025 1326 3096 ingentem
1359 3025 1804 3092 exritant,atque
1833 3026 1885 3078 in
1907 3024 2102 3081 ﬂuctus
2125 3039 2211 3078 re-

607 3115 776 3185 lapsa:
805 3115 1105 3187 inquietum
1137 3117 1290 3171 illum
1323 3119 1489 3173 maris
1516 3116 1696 3171 sinunt
1726 3115 1981 3182 reddunt,
2014 3124 2073 3171 ut
2094 3114 2214 3185 plus

2308 1898 2564 1956 ferirent.
2583 1901 2743 1968 Quod
2774 1901 2896 1957 ideo
2918 1920 3026 1958 non
3061 1905 3430 1974 praetermisi,
3477 1922 3584 1977 quo
3610 1906 3859 1962 clareatab

2312 1992 2445 2062 ipsis
2471 1994 2571 2049 sibi
2602 1993 2914 2052 Judzcorum
2945 2000 3182 2068 populis,
3214 2014 3379 2069 quam
3408 1999 3475 2054 ah
3504 2001 3651 2054 hoste
3689 2000 3862 2070 pericu-

2312 2084 2424 2145 lum
2469 2085 2642 2157 majus
2673 2086 2861 2154 luisse,
2891 2089 2983 2158 qui
3014 2088 3222 2158 seipsos
3269 2089 3645 2147 iuterimehant
3682 2106 3695 2141 :
3739 2088 3861 2159 quasi

2312 2178 2506 2247 exigua
2536 2189 2722 2236 essent
2746 2181 2813 2236 ad
2842 2198 3030 2238 eorum
3053 2183 3290 2248 exitum,
3317 2182 3508 2239 infesta
3528 2184 3678 2240 simul
3696 2183 3860 2247 omnia,

2313 2272 2511 2328 ctelum
2537 2315 2553 2337 ,
2581 2273 2783 2342 hostis,
2829 2290 3008 2339 mare.
3045 2293 3227 2346 rupes.
3258 2277 3506 2344 Quatuor
3539 2279 3709 2350 itaque
3732 2278 3859 2333 millia

2314 2363 2717 2436 quingentaque
2769 2365 3150 2424 defunctorum
3205 2380 3492 2426 numerata
3523 2386 3732 2441 corpora
3770 2383 3861 2440 que

2315 2456 2608 2528 despnerat
2634 2474 2783 2517 mare
2808 2476 2823 2526 ;
2853 2462 2974 2517 sine
2997 2461 3143 2517 bello
3170 2473 3329 2533 capta
3355 2463 3481 2519 urbs
3503 2504 3519 2528 ,
3571 2474 3622 2519 et
3666 2464 3815 2518 excisa
3835 2474 3857 2514 a

2317 2549 2711 2607 fundamentis.
2745 2554 2835 2608 Sic
2864 2554 2916 2607 in
2960 2553 3108 2610 brevi
3142 2565 3426 2626 tempore,
3458 2558 3682 2612 secundo
3696 2556 3854 2626 Joppen

2311 2642 2557 2703 Romana
2598 2662 2790 2705 manus
2818 2646 3005 2703 diruit.
3036 2648 3190 2717 Quod
3211 2650 3338 2719 jure
3381 2650 3720 2723 Vespasianus
3752 2664 3858 2720 pra:-

2314 2736 2621 2807 cipiendum
2676 2740 2921 2807 putavit,
2950 2755 3017 2797 ne
3057 2740 3252 2797 iterum
3287 2742 3404 2799 illic
3450 2743 3663 2813 piratica
3704 2740 3860 2796 caude-

2316 2837 2509 2889 rentur
2536 2830 2859 2887 habitacula.
2891 2830 3048 2889 Uude
3088 2841 3144 2888 et
3166 2833 3467 2903 equitatuut
3504 2850 3567 2891 eo
3596 2834 3707 2901 loci,
3744 2832 3858 2887 illinc

2314 2936 2437 2978 cum
2463 2923 2731 2994 peditibus
2762 2912 3254 2995 paucioribuSlicet
3280 2928 3648 2997 proﬁciscens,
3670 2926 3859 2997 reliquit,

2317 3026 2372 3070 ut
2402 3017 2615 3093 pedites
2637 3018 2692 3073 iu
2718 3019 2838 3076 loco
2864 3032 3168 3087 manerent,
3196 3036 3264 3078 ne
3289 3022 3422 3093 quid
3444 3023 3659 3079 auderet
3694 3018 3860 3092 praedo-

2320 3126 2445 3166 num
2473 3128 2665 3167 manus
2694 3123 2911 3173 assueta
2942 3112 3287 3173 latrociniis:
3322 3114 3536 3186 equites
3572 3124 3731 3173 autem
3769 3124 3861 3182 per-

609 3208 841 3279 periculi
875 3208 929 3264 in
962 3222 1119 3281 portu
1150 3226 1312 3282 quam
1364 3210 1418 3266 in
1468 3209 1687 3269 deserto
1718 3211 1807 3266 sit.
1857 3209 1914 3265 In
1945 3225 2012 3266 eo
2052 3211 2215 3282 igitur
2242 3206 2291 3273 Β
2319 3210 2611 3261 cursareot
2637 3204 2861 3265 ﬁnitima
2885 3205 3124 3276 regionis
3155 3205 3417 3283 vicosque
3457 3217 3511 3263 et
3543 3205 3718 3277 oppida
3741 3244 3755 3272 ,
3779 3216 3861 3273 quo

611 3297 999 3356 ﬂuctuantibus
1024 3304 1267 3374 scaphis,
1294 3315 1431 3377 quas
1455 3318 1519 3356 ex
1552 3301 1729 3372 Joppe
1758 3302 1892 3357 urbe
1925 3302 2218 3372 productas

611 3406 778 3462 supra
810 3392 1047 3449 diximus
1072 3437 1087 3461 ,
1141 3394 1207 3449 ad
1237 3396 1563 3450 matutinum
1611 3395 1774 3451 ﬂatus
1804 3394 2103 3451 vehemens
2136 3395 2220 3453 in-

612 3488 793 3559 gruit,
821 3503 983 3558 quem
1013 3487 1431 3543 Melamborium
1459 3504 1558 3559 per
1582 3504 1646 3544 ca
1681 3489 1923 3544 locorum
1956 3490 2217 3559 navigan-

620 3594 701 3640 tes
748 3591 985 3649 vocant,
1017 3584 1309 3655 statimque
1340 3585 1483 3639 inter
1512 3599 1570 3643 se
1601 3583 1764 3647 undis
1818 3583 2221 3655 impellentibus

618 3677 853 3747 scaphas
898 3677 1119 3734 miscuit
1144 3691 1311 3749 atque
1339 3677 1588 3735 involvit.
1615 3678 1767 3734 Alias
1797 3679 1971 3748 ruptis
2021 3678 2225 3735 ancho-

615 3765 823 3820 ralibus
849 3766 956 3835 egit
980 3765 1033 3819 itt
1068 3776 1315 3835 petram:
1365 3766 1485 3820 aliis
1511 3782 1635 3822 cum
1660 3768 1711 3822 in
1741 3768 2029 3822 adversum
2074 3781 2225 3823 mare

614 3857 881 3913 violenter
910 3858 1341 3930 snbrigerentur,
1372 3858 1553 3915 saxosi
1573 3860 1772 3916 littoris
1793 3860 2114 3931 perieulum,
2138 3860 2223 3917 vel

617 3966 649 4006 a
685 3951 947 4008 Romanis
969 3955 1063 4025 qui
1112 3970 1172 4010 se
1202 3955 1669 4010 cit'cuntl'uderaut
1698 3957 1892 4022 littori,
1923 3958 2103 4012 nautis
2147 3955 2228 4012 fu-

621 4046 912 4119 gientibus,
947 4046 1132 4103 clades
1159 4050 1441 4114 occurrit,
1479 4049 1734 4122 undaque
1781 4050 2038 4121 przeeelsa
2072 4065 2227 4109 more

622 4138 1035 4209 supereminens
1061 4154 1358 4211 oppressos
1389 4138 1675 4197 demersit.
1720 4140 1830 4198 Nec
1877 4142 2226 4212 conl‘ugicndi

615 4232 761 4287 ullus
791 4242 909 4287 erat
939 4233 1109 4299 locus,
1146 4248 1244 4287 nec
1277 4234 1530 4291 manendi
1577 4249 1726 4303 spes,
1760 4250 1884 4290 eum
1926 4246 2120 4293 ventus
2149 4235 2220 4290 de

622 4325 763 4381 mari
791 4325 1139 4394 expelleret,
1190 4325 1422 4383 Ruinani
1456 4326 1591 4381 urbe
1619 4328 1999 4383 excluderent.
2033 4327 2229 4383 Gravis

626 4428 745 4478 erat
776 4421 1112 4494 navigiorum
1142 4436 1345 4488 sonus,
1374 4436 1497 4477 cum
1529 4423 1670 4479 inter
1707 4438 1766 4479 se
1795 4422 2186 4479 colliderentur
2213 4442 2226 4479 :

624 4509 988 4569 intolerabilis
1016 4513 1292 4567 hominum
1334 4512 1603 4587 gemitus,
1652 4528 1775 4570 cum
1824 4513 2225 4585 frangerentur.

2322 3299 2538 3369 penitus
2589 3299 2771 3363 omnia
2800 3297 2911 3372 (ne
2936 3300 3325 3371 conspirarent
3372 3300 3659 3376 in.aliquos
3698 3293 3861 3365 ausus)

2320 3390 2689 3459 diruercutur.

2936 3484 3168 3543 CAPUT
3214 3486 3367 3544 XXI.

2400 3578 2533 3633 Dum
2586 3579 2699 3637 haec
2741 3578 2793 3634 in
2839 3578 3015 3651 Joppe
3069 3590 3379 3652 geruntur,
3438 3579 3668 3653 quamvis
3713 3570 3863 3651 procul

2325 3670 2807 3745 Hierosolymitani
2840 3672 3123 3744 degerent,
3149 3690 3249 3731 nec
3267 3676 3354 3732 sic
3383 3675 3597 3749 quidem
3637 3689 3661 3728 ει
3686 3681 3863 3733 (ξουθοῖ-

2325 3764 2403 3820 ιίο
2425 3764 2595 3819 cladis
2618 3763 2972 3820 feriebantur.
3001 3765 3214 3823 Auditis
3240 3771 3411 3835 enim,
3442 3783 3559 3841 qua:
3586 3775 3714 3839 gesta
3739 3778 3763 3814 a
3780 3758 3864 3812 Ηο·

2328 3861 2503 3915 tnanis
2531 3860 2745 3915 fuerant
2767 3862 2821 3915 in
2851 3860 3074 3928 Judzea;
3105 3869 3162 3919 et
3185 3866 3444 3931 maxime,
3473 3864 3589 3935 quia
3622 3855 3863 3927 Joscpltum

2327 3953 2673 4011 interfectum
2720 3965 3142 4026 compererant,
3171 3957 3354 4027 primo
3380 4000 3395 4023 ,
3426 3960 3544 4031 quia
3574 3955 3635 4011 de
3674 3948 3784 4007 locis
3813 3942 3864 3999 ad

2327 4061 2423 4101 eos
2455 4046 2616 4101 index
2647 4046 2825 4101 nullus
2854 4047 3187 4113 advenerat,
3229 4065 3339 4105 non
3366 4048 3686 4107 credebant:
3710 4035 3865 4099 deinde

2328 4136 2521 4195 ducem
2551 4146 2760 4194 tantum
2801 4155 2909 4196 non
2940 4152 3144 4197 temere
3177 4142 3228 4197 in
3274 4158 3466 4200 manus
3515 4137 3727 4199 hosﬁum
3757 4129 3862 4188 inci-

2328 4232 2475 4288 disse
2502 4232 2929 4289 arbitrabantur.
2958 4233 3026 4288 Et
3057 4250 3245 4291 revera
3272 4236 3454 4290 nullus
3504 4231 3706 4291 nuntius
3741 4230 3866 4279 ωηιεθ

2330 4325 2500 4381 cladis
2525 4327 2890 4394 superfuerat,
2941 4338 2963 4365 ο
2992 4336 3046 4384 et
3069 4327 3171 4384 ltoc
3213 4330 3388 4399 ipsum
3447 4323 3672 4398 supremi
3709 4311 3866 4376 excidii

2330 4416 2498 4485 fama,
2527 4418 2649 4490 quia
2678 4419 2859 4475 nullus
2880 4418 3040 4477 index
3074 4433 3383 4490 supererat,
3403 4419 3667 4476 astruebat
3686 4411 3866 4485 periisse

2332 4514 2551 4584 omnia,
2588 4515 2827 4587 nihilque
2879 4518 3149 4575 resedisse
3200 4520 3285 4575 vel
3311 4519 3379 4574 ad
3437 4517 3676 4575 iudicium
3722 4516 3865 4565 rerum

625 4604 728 4674 Qui
760 4604 850 4660 ubi
881 4603 1265 4660 vacillantibus
1292 4604 1461 4660 alveis
1483 4607 1738 4662 videbant
1767 4623 1919 4663 mare
1955 4609 2222 4678 irrumpe-
2253 4603 2304 4665 D
2329 4614 2627 4676 gestarum.
2656 4607 2906 4667 Manebat
2930 4609 3117 4679 opinio
3145 4609 3341 4683 quovis
3369 4611 3539 4681 major
3558 4606 3733 4666 relatu.
3754 4592 3866 4669 (ιιιοά

628 4712 689 4753 re
712 4740 726 4764 ,
759 4699 846 4754 alii
878 4714 938 4754 se
977 4696 1391 4769 praecipitabant
1437 4702 1657 4756 natandi
1692 4701 1884 4772 peritia
1914 4719 1926 4757 :
1976 4702 2066 4756 alii
2099 4702 2225 4758 dum

628 4788 684 4843 in
714 4791 1210 4863 appropinquantes
1237 4791 1499 4847 exsiliunt
1529 4794 1778 4865 scaphas,
1810 4795 1861 4849 in
1887 4810 2034 4850 mare
2067 4794 2227 4865 lapsi,

627 4895 894 4937 concursu
914 4883 990 4937 alt
1003 4898 1192 4939 eorum
1218 4884 1656 4953 proterebautur.
1681 4886 1931 4958 Plerique
1956 4902 2077 4941 cum
2100 4888 2231 4956 ipsis

633 4972 692 5027 in
717 4973 983 5043 profundo
1036 4976 1292 5032 sidebant
1322 4979 1742 5053 myoparonibus
1767 5020 1782 5045 ,
1809 4995 1944 5050 quos
1978 4980 2232 5036 enatandi

633 5067 827 5124 fiducia
859 5069 1213 5140 destituerat,
1245 5072 1456 5129 minore
1489 5083 1669 5129 tamen
1699 5074 1942 5131 cruciatu
1968 5116 1983 5143 ,
2036 5075 2234 5145 quibus

631 5174 726 5216 ars
755 5161 962 5229 deerat,
996 5165 1077 5220 vel
1102 5180 1230 5235 Spes
1261 5167 1367 5220 ulla
1395 5175 1856 5222 tentamentorum
1889 5181 2037 5221 mors
2059 5178 2234 5223 trans-

632 5255 851 5329 ﬁgebat.
886 5258 1153 5319 Caeterum
1184 5270 1371 5319 natare
1401 5259 1631 5315 adorsos
1652 5302 1668 5327 ,
1699 5262 1957 5316 convulsa
2015 5262 2233 5321 navium

631 5348 933 5423 fragmenta
952 5354 1159 5409 crebris
1181 5353 1491 5422 quatiebant
1516 5352 1737 5417 ictibus.
1770 5353 2144 5425 lateribusque
2169 5355 2232 5410 il-

627 5438 731 5494 lisa
760 5443 989 5497 miseros
1020 5453 1170 5497 artus
1201 5443 1342 5499 finde
1372 5442 1727 5509 inuictabant,
1754 5454 1845 5499 aut
1873 5445 2109 5515 scopulis
2134 5446 2233 5500 im-

628 5535 817 5605 pulsos
875 5537 1016 5591 inter
1057 5537 1171 5609 ipsa
1218 5536 1580 5607 amplectendi
1612 5536 1811 5592 littoris
1851 5548 1975 5593 vota
2002 5578 2017 5605 ,
2082 5554 2231 5595 mors

702 5685 730 5748 Ρ
781 5675 1238 5748 Ιηιροτειιοιαξειι.
1264 5674 1440 5731 ΒΑιιιι.

703 5746 730 5786 δ
769 5746 1074 5875 Hirtio.
1689 5818 1701 5831 .

703 5829 727 5858 ⁸
773 5820 837 5875 Et
901 5835 1115 5875 ocima.
1142 5818 1312 5875 Paulo
1355 5827 1502 5875 ante.
1562 5818 1700 5875 cladi

703 5829 727 5858 ι
773 5820 837 5876 Et
864 5818 1115 5896 hocipso.
1142 5818 1312 5877 Paulo
1355 5827 1502 5888 ante,
1562 5818 1722 5876 cladi.
1751 5819 1896 5879 Mox.
1928 5834 2063 5878 vero
2111 5836 2227 5877 ma-

2336 4700 2449 4770 ipsa
2465 4698 2705 4759 incertos
2718 4701 2845 4757 dum
2865 4698 2891 4737 ά
2914 4712 3100 4759 tenent
3115 4704 3355 4772 silentia,
3370 4701 3710 4759 credebantur
3726 4687 3868 4749 omnia

2337 4808 2456 4867 quin
2498 4793 2865 4856 timebantur;
2900 4806 3217 4870 tantumque
3245 4799 3452 4865 aberat,
3483 4812 3585 4868 quo
3612 4792 3769 4848 verius
3792 4781 3869 4837 ali-

2338 4886 2464 4956 quid
2499 4887 2861 4956 nuntiaretut;
2892 4898 2952 4944 ut
2976 4892 3142 4947 etiam
3172 4906 3296 4963 qua:
3335 4904 3484 4964 geSIa
3515 4904 3615 4945 non
3658 4883 3867 4939 fuerant.

2338 4980 2724 5051 adjicerentur.
2741 4982 2873 5038 Nam
2889 4983 3187 5053 Josepltum
3204 5001 3417 5057 quoque
3430 4980 3745 5041 interfemqu
3759 4971 3869 5057 fama

2339 5076 2707 5140 asseverabat,
2740 5077 2901 5149 idque
2926 5078 3099 5134 dolori
3131 5055 3368 5134 maxime
3392 5077 3487 5134 fuit
3509 5067 3767 5130 universis.
3784 5055 3868 5115 Sed

2338 5169 2430 5225 ubi
2484 5185 2608 5225 eum
2642 5170 2783 5240 apud
2837 5169 3115 5227 Romanos
3134 5171 3332 5244 degere
3370 5174 3724 5240 compertum.
3752 5158 3868 5213 ωηο

2338 5262 2465 5319 odio
2494 5262 2959 5334 prosequebantur
2982 5302 2998 5328 ,
3041 5274 3098 5318 ut
3123 5264 3280 5335 cujus
3319 5264 3491 5334 primo
3520 5244 3869 5345 tnurtetndole-

2339 5354 2490 5421 bant,
2520 5355 2768 5423 ejusdem
2815 5356 2983 5411 vitam
3016 5356 3100 5410 vel
3124 5357 3345 5428 ignavia:
3371 5354 3453 5409 vel
3482 5343 3771 5423 proditionis
3806 5343 3869 5388 1η·

2340 5447 2513 5502 dicem
2542 5447 2971 5503 detestarentur.
3001 5447 3139 5503 llinc
3184 5449 3357 5519 major
3383 5448 3435 5504 in
3459 5444 3711 5501 Romanos
3751 5439 3867 5528 εοιιξ·

2336 5541 2530 5609 motio,
2558 5550 2615 5601 ut
2637 5556 2697 5597 se
2726 5542 2795 5599 de
2815 5540 3055 5613 Josepbo
3084 5542 3495 5600 ulciscerentur.
3527 5536 3592 5592 Et
3612 5545 3708 5604 quo
3732 5529 3866 5593 ωπειε

2321 5680 2477 5736 nabat
2497 5697 2594 5749 pro
2622 5682 2889 5739 manebat.
2923 5683 3003 5742 In.

2403 5750 2432 5790 ἀ
2474 5753 2713 5810 Terreat.
2735 5753 2821 5812 In.
