4112 6350
300 305 452 378 Ὠθῡό

1181 306 1450 376 HISTOR.
1493 314 1586 373 DE
1626 304 1908 372 EXCIDIO
1941 306 2211 372 HIEROS.
2255 314 2459 377 URBIS
2493 318 2627 378 LIB.
2663 308 2757 381 ῙῘῙ.

3468 314 3613 391 eoat

308 456 498 499 eorum
522 456 609 500 res
631 441 1013 511 inclinabatur,
1040 457 1106 501 eo
1131 442 1363 514 amplius
1392 442 1445 498 in
1482 443 1686 500 bellum
1718 458 1917 501 arcen-
1944 434 1993 495 Α
2024 448 2309 527 fugerent;
2338 451 2385 506 si
2410 448 2583 506 navali
2606 450 2906 507 certamine
2927 459 2954 488 ι
2979 448 3276 521 cederent,
3304 449 3493 509 urbem
3524 467 3615 510 re-
3652 458 3663 470 '

306 533 602 591 debantur.
640 534 744 593 Ubi
778 536 903 593 ﬁnis
951 552 1075 593 esse
1125 536 1428 604 debuerat,
1462 535 1587 592 inde
1610 536 1893 593 exordium

2009 547 2286 613 viserent,
2340 544 2618 617 murisque
2668 559 2790 600 sese
2840 543 3204 601 ambientibus
3233 541 3600 600 defensarenl.

310 628 580 684 malorum
648 630 1053 697 capessebatur.
1098 629 1230 686 Nam
1293 630 1627 699 sapientibus
1695 632 1908 690 adversi

2025 636 2322 695 lonsimilia
2342 637 2632 709 utrobique
2661 636 2935 707 prmsidia,
2957 635 3044 692 vel
3074 635 3125 691 in
3144 636 3280 693 urbe
3295 635 3605 703 Tiberiade,

311 724 492 780 exitus
520 739 722 789 rerum,
756 723 822 779 ad
854 723 1155 780 cavendum
1179 724 1350 796 magis
1380 725 1705 782 documento
1738 736 1861 783 sunt
1890 769 1906 793 ,

312 833 381 873 ne
408 834 597 874 rursus
622 817 812 874 eadem
860 818 1109 874 accidant
1137 833 1260 889 quae
1284 818 1395 890 jam
1423 819 1565 877 male
1595 828 1907 876 cesserunt:

311 912 383 969 im
392 911 747 982 prudentibus
757 921 938 969 antem
951 911 1280 969 incentivum
1295 913 1656 970 miseriarum.
1688 914 1909 971 Debue-

310 1015 395 1061 rat
416 1019 547 1077 ergo
565 1003 1074 1078 Hierosolymitanis
1088 1019 1249 1062 causa
1268 1006 1580 1063 sobrietatis
1594 1021 1715 1063 esse
1737 1006 1914 1063 socio-

310 1111 432 1151 rum
458 1097 754 1166 periculum
783 1115 796 1149 :
826 1097 922 1153 sed
940 1098 1065 1171 quia
1097 1100 1393 1154 noluerunt
1413 1098 1717 1171 intelligere
1740 1108 1798 1155 ut
1818 1097 1914 1155 be-

311 1204 381 1245 ne
408 1196 637 1261 agerent
662 1232 677 1257 ,
711 1192 764 1246 in
796 1190 1023 1247 exitium
1056 1192 1222 1247 vertit
1251 1190 1424 1266 (Psal.
1445 1208 1607 1258 xxxv,
1636 1190 1712 1266 4).

882 1280 1117 1339 CAPUT
1163 1282 1334 1339 XXII.

388 1369 755 1443 Vespasianus
805 1383 986 1430 tamen
1014 1417 1029 1442 ,
1066 1383 1208 1432 utet
1260 1378 1376 1448 ipsa
1431 1391 1583 1431 mora
1618 1376 1670 1431 in
1720 1378 1913 1433 melius

311 1466 627 1523 consoleret
664 1467 769 1524 sibi
794 1509 810 1532 ,
838 1475 895 1523 et
922 1482 952 1523 a
982 1468 1169 1525 labore
1198 1470 1472 1525 exercitus
1502 1469 1781 1541 paulisper
1829 1486 1919 1528 re-

306 1561 639 1631 quiesceret,
676 1561 888 1631 roganti
915 1564 1083 1619 cessit
1111 1563 1397 1634 Agrippae,
1427 1574 1485 1618 ut
1517 1561 1570 1618 in
1600 1563 1733 1620 urbe
1764 1563 1916 1634 regni

311 1655 431 1725 ejus
455 1652 718 1712 Caesarem
747 1655 985 1728 Philippi
1019 1658 1205 1730 viginti
1242 1657 1359 1715 fere
1379 1660 1754 1729 interponeret
1774 1658 1914 1724 dies,

312 1749 475 1805 simul
506 1758 567 1806 ut
588 1766 729 1823 aegra
755 1752 991 1824 partium
1022 1751 1141 1824 ejus
1163 1766 1191 1806 a
1216 1752 1598 1809 commotionis
1623 1762 1678 1809 et
1705 1751 1915 1808 discor-

2008 731 2093 787 vel
2125 730 2429 787 Tariclieis.
2475 728 2583 787 Sed
2629 727 2919 785 Taricheis
2964 724 2993 767 ιν
3025 728 3332 799 perniciora
3360 728 3611 799 ingenia:

2011 824 2183 881 muris
2210 823 2442 880 validior
2472 819 2798 880 Tiberiadis.
2831 819 2938 879 Sed
2966 832 3021 879 et
3046 820 3436 879 Tarielteorum
3466 822 3616 877 furor

2012 914 2337 986 promptior,
2363 924 2421 970 ut
2444 915 2486 971 si
2511 929 2735 972 necesse
2751 923 2919 981 esset,
2946 916 3239 971 miscerent
3262 914 3479 971 omnia:
3512 928 3615 969 na-

2014 1007 2156 1063 valia
2205 1010 2437 1064 terrenis
2463 1009 2788 1077 certamina,
2820 1017 3035 1064 terrena
3066 1008 3333 1065 classicis.
3370 1007 3616 1078 Denique

2014 1099 2426 1169 circumvallati,
2452 1099 2677 1157 adversa
2704 1102 2981 1169 acie,cnm
3005 1100 3214 1172 majora
3244 1099 3506 1156 auderent
3539 1101 3619 1155 vi-

2015 1191 2190 1259 ribus,
2236 1208 2337 1249 nec
2376 1193 2638 1250 adversus
2666 1192 3043 1264 dispositionis
3075 1192 3336 1249 Romanae
3364 1191 3617 1249 modera-

2017 1285 2195 1354 mina,
2230 1287 2471 1343 veterani
2505 1302 2719 1359 quoque
2739 1286 3009 1343 exercitus
3034 1285 3287 1343 virtutem
3322 1285 3615 1357 quidquam

2018 1380 2297 1435 temeritas
2328 1389 2710 1450 promoveret;
2743 1378 3276 1450 priusqnantaliquid
3315 1375 3466 1433 exitii
3491 1375 3621 1432 sub-

2020 1470 2185 1540 irent,
2229 1473 2370 1529 versi
2419 1474 2472 1529 in
2500 1472 2703 1545 fugam,
2729 1471 2795 1528 ad
2826 1487 2991 1529 naves
3014 1473 3393 1529 convolavere.
3413 1472 3621 1541 Quibus

2020 1563 2281 1621 confertis
2310 1608 2325 1634 ,
2357 1573 2631 1637 tamquam
2660 1564 2889 1621 densata
2913 1564 3034 1622 acie
3065 1565 3412 1635 praeliabatnr
3434 1607 3451 1634 ,
3481 1578 3547 1622 ac
3574 1564 3623 1620 si

2020 1659 2078 1715 in
2108 1659 2270 1716 terris
2292 1674 2452 1715 manu
2484 1675 2571 1716 res
2598 1669 2904 1732 gereretur.
2937 1657 2994 1715 In
3024 1673 3216 1730 campo
3239 1660 3400 1715 etiam
3434 1657 3621 1714 multi-

2023 1753 2154 1810 tudo
2185 1754 2596 1810 innumerabilis
2635 1752 2844 1810 hostem
2863 1753 3305 1826 przestolabatur.
3327 1753 3407 1809 Eo
3435 1752 3624 1824 cogni-

314 1841 419 1899 dire
450 1842 634 1899 furore
659 1844 1072 1915 resipiscerent,
1095 1845 1270 1915 quise
1300 1844 1607 1901 interventu
1630 1845 1773 1917 regis
1798 1860 1918 1901 sus-
1944 1826 1995 1888 Β
2024 1858 2078 1904 ιο
2107 1847 2274 1905 tilium
2302 1863 2424 1904 cum
2456 1848 2684 1903 delectis
2711 1844 2989 1920 equitibus
3017 1844 3383 1918 Vespasianus
3403 1842 3620 1901 direxit.

312 1937 421 2008 cipi
454 1952 615 2009 posse
640 1979 654 2004 ,
679 1939 724 1993 si
754 1946 1212 1994 converterentur
1236 1979 1251 2003 ,
1284 1952 1583 2008 agnoscere
1606 1937 1871 1994 deberent
1898 1980 1913 2006 ,

312 2044 436 2085 cum
484 2041 592 2085 tam
642 2031 828 2087 sedula
857 2030 1162 2087 ofﬁciorum
1213 2031 1414 2088 hedera
1455 2032 1599 2089 inter
1650 2046 1834 2103 regem
1862 2042 1918 2089 et

315 2121 588 2180 Romanos
641 2125 1056 2179 intervenirent.
1105 2125 1348 2195 Denique
1395 2124 1644 2181 Tiberias
1670 2126 1914 2198 proxima

313 2219 578 2274 C:rsare:e
618 2219 927 2292 remedium
951 2234 1056 2275 nOn
1082 2218 1306 2285 abnuit,
1357 2221 1642 2277 sanitatem
1687 2222 1912 2277 invenit.

312 2311 445 2368 Nam
471 2323 527 2369 et
548 2315 662 2385 ipsa
703 2315 854 2385 gravi
885 2315 1076 2370 morbo
1105 2313 1425 2370 dissidentis
1468 2316 1610 2371 inter
1638 2331 1699 2373 se
1740 2316 1914 2386 plebis

311 2407 672 2479 exmstuabat.
704 2406 860 2465 Unde
890 2406 1261 2478 Vespasianus
1288 2417 1398 2463 tres
1430 2406 1655 2463 ordines
1683 2407 1917 2463 validio-

311 2516 407 2558 res
435 2501 621 2569 acciri,
655 2511 707 2557 et
731 2500 1107 2574 Scythopolim
1143 2508 1331 2570 petere
1354 2542 1369 2566 ,
1412 2500 1622 2557 directo
1649 2500 1701 2556 in
1754 2516 1919 2573 nego-

314 2598 451 2652 tium
482 2596 593 2651 ﬁlio
621 2595 890 2652 decernit.
923 2595 997 2651 Ea
1030 2603 1146 2651 erat
1174 2594 1363 2651 decem
1387 2594 1603 2650 urbium
1646 2596 1877 2652 maxima
1899 2640 1913 2665 ,

310 2687 493 2743 vicina
516 2686 840 2742 'l‘iberiadis.
867 2685 1001 2742 Inde
1020 2685 1461 2757 appropinquare
1482 2687 1651 2743 muris
1673 2686 1918 2744 Valeria-

311 2795 448 2835 num
474 2794 597 2836 eum
621 2778 1015 2850 quinquaginta
1053 2779 1328 2849 equitibus
1344 2778 1500 2850 jubet
1526 2822 1540 2846 ,
1569 2781 1659 2850 qui
1694 2781 1917 2852 paciﬁca

311 2873 595 2938 suaderet,
625 2882 680 2929 et
709 2871 777 2927 ad
810 2871 971 2927 ﬁdem
1004 2871 1284 2928 societatis
1313 2874 1531 2928 clausos
1562 2882 1786 2929 vocaret
1812 2915 1825 2939 ,
1857 2882 1919 2929 ut

310 2966 630 3039 congregati
660 2966 932 3022 exercitus
962 2975 1157 3033 terror,
1177 2980 1400 3021 aversos
1421 2967 1762 3041 percelleret,
1782 2983 1918 3023 nun-

314 3061 430 3116 tius
472 3061 619 3130 pacis
647 3060 891 3115 volentes
920 3060 1193 3115 invitaret.
1225 3058 1547 3115 Valerianus
1597 3075 1768 3132 prope
1796 3078 1917 3116 mu-

312 3170 414 3212 ros
443 3170 583 3226 equo
629 3154 865 3209 desiliit:
896 3154 1088 3209 eadem
1113 3151 1295 3210 fecere
1324 3155 1487 3209 etiam
1512 3155 1545 3209 ii
1575 3196 1590 3222 ,
1623 3156 1712 3222 qui
1759 3154 1918 3209 simul

2019 1943 2119 2013 Qui
2150 1944 2237 1999 ubi
2270 1959 2329 2000 se
2369 1943 2676 2014 ingentibus
2704 1939 3092 1998 circumfusum
3122 1940 3294 2012 copiis
3352 1938 3526 2007 vidit,
3555 1938 3623 1993 ad

2019 2049 2225 2109 patrem
2258 2036 2473 2111 quidem
2502 2035 2692 2094 retulit
2713 2034 2975 2108 majorem
2998 2048 3122 2092 esse
3147 2033 3385 2089 hostium
3434 2032 3621 2088 multi-

2020 2130 2285 2195 tudinem,
2314 2144 2475 2201 quam
2499 2129 2682 2199 opinio
2707 2126 3229 2200 comprehenderat:
3279 2124 3377 2183 sed
3404 2140 3618 2182 convo-

2019 2224 2155 2279 catis
2200 2238 2335 2295 quos
2391 2237 2573 2279 secum
2617 2223 2952 2292 deduxerat,
3004 2220 3242 2281 bellandi
3288 2219 3620 2278 incentivum

2021 2317 2328 2391 hujusmodi
2359 2318 2597 2391 alloquio
2625 2317 2842 2375 infudit.

2574 2408 2810 2468 CAPUT
2869 2406 3066 2466 XXIV.

2097 2502 2241 2569 Viri,
2277 2503 2486 2576 inquit,
2515 2502 2745 2560 Romani
2769 2544 2787 2572 ,
2815 2504 3131 2560 meminisse
3158 2502 3303 2560 enim
3331 2503 3500 2560 vestri
3528 2516 3625 2558 vos

2021 2595 2259 2650 nominis
2285 2606 2337 2651 et
2363 2597 2579 2667 generis
2604 2596 2942 2666 prmliaturos
2969 2597 3147 2661 decet,
3175 2613 3407 2670 quorum
3431 2610 3625 2654 manus

2022 2705 2183 2745 nemo
2214 2687 2401 2761 eﬁugit
2452 2690 2625 2762 quiin
2656 2689 2788 2748 orbe
2827 2690 3075 2746 Romano
3122 2701 3224 2748 est.
3269 2689 3427 2749 Unde
3478 2692 3625 2748 cnim

2023 2774 2127 2835 hoc
2173 2793 2369 2836 nomen
2403 2781 2671 2837 universis
2702 2782 2862 2837 terris
2909 2780 3011 2838 nisi
3040 2782 3308 2839 vincendo
3355 2780 3630 2839 dedistis?

2023 2878 2334 2935 Meminisse
2359 2878 2524 2936 etiam
2555 2876 2658 2934 loci
2686 2883 2937 2948 oportet,
2964 2875 3016 2931 in
3049 2891 3156 2947 quo
3187 2889 3330 2932 nunc
3359 2875 3479 2932 sitis
3502 2917 3519 2944 ,
3569 2884 3625 2931 et

2022 2972 2309 3030 adversum
2334 2989 2470 3046 quos
2494 2971 2798 3028 Romanum
2820 2972 3019 3028 bellum
3039 2971 3264 3042 geratis.
3290 2969 3348 3025 in
3376 2978 3623 3027 extrema

2026 3068 2171 3124 enim
2220 3076 2373 3138 parte
2399 3065 2547 3122 orbis
2578 3075 2843 3121 terrarum
2889 3063 3263 3120 consistimus.
3292 3061 3463 3118 Tanta
3495 3076 3627 3131 ergo

2027 3166 2294 3215 terrarum
2321 3159 2494 3229 spatia
2522 3164 2896 3223 transeuntes,
2930 3155 3064 3211 nihil
3092 3155 3329 3212 alienum
3378 3154 3620 3210 vidistis.

312 3250 546 3323 propius
589 3257 955 3306 accesserant.
985 3250 1135 3317 Quos
1184 3264 1281 3319 pro
1312 3263 1541 3304 numero
1570 3250 1914 3320 spernendus
1943 3224 1990 3286 δ
2022 3251 2163 3320 Quid
2189 3252 2335 3307 enim
2360 3250 2513 3306 vobis
2541 3248 2799 3316 alienum,
2833 3264 3060 3318 quorum
3086 3249 3137 3304 in
3163 3246 3513 3319 possessione
3533 3260 3626 3301 oro

310 3343 588 3409 arbitrati,
609 3342 765 3399 Jesus
786 3342 1130 3414 praedaturiae
1147 3358 1339 3397 manus
1367 3344 1645 3413 princeps,
1667 3359 1790 3401 eum
1810 3344 1925 3402 suis

310 3435 411 3505 qui
433 3435 634 3500 pariter
652 3436 935 3491 incessere
957 3435 1100 3497 ausi,
1128 3434 1407 3504 repentina
1429 3434 1717 3506 eruptione
1735 3436 1927 3492 detur-

310 3528 452 3587 bant
480 3513 623 3596 loco,
643 3527 1029 3599 oaedentesque
1051 3528 1215 3584 simul
1243 3544 1382 3599 quos
1397 3528 1736 3586 deduxerant
1752 3544 1927 3601 equos

309 3620 667 3677 involavere:
697 3621 985 3677 dementes
1013 3622 1104 3691 qui
1134 3636 1242 3676 non
1270 3622 1623 3678 adverterent
1650 3662 1666 3690 ,
1700 3624 1927 3679 consul-

315 3717 433 3772 tius
458 3715 810 3774 Valerianum
837 3716 1071 3772 cessisse
1100 3714 1437 3782 insolentiae,
1473 3732 1632 3788 quam
1657 3717 1829 3786 spolia
1853 3716 1924 3773 de

314 3810 408 3867 his
424 3809 516 3881 qui
548 3825 735 3881 pacem
768 3809 1105 3876 offerebant,
1140 3810 1510 3881 usurpavisse.
1544 3810 1784 3881 Denique
1835 3826 1926 3867 se-

314 3904 502 3961 niores
521 3903 710 3960 οπρεηεὶ
730 3902 988 3960 facinoris
999 3902 1513 3968 acerbitate,nrbem
1528 3904 1920 3975 relinquentes,

312 3997 390 4055 ad
420 3997 814 4069 Vespasianum
839 4006 1119 4068 precatum
1166 4011 1385 4060 venere,
1419 4012 1487 4052 ne
1518 4011 1813 4067 paucorum
1842 3996 1925 4051 in—

312 4093 554 4151 sitientia
596 4092 862 4148 universae
926 4090 1075 4161 plebi
1125 4090 1511 4145 ascriberetur.
1560 4088 1931 4159 Vespasianus

315 4187 471 4243 illico
499 4184 569 4241 ad
598 4187 791 4241 urbem
819 4184 1111 4255 Trajanum
1141 4183 1344 4241 direxit
1368 4225 1380 4247 .
1407 4191 1470 4238 nt
1493 4183 1844 4254 exploraret,
1877 4181 1927 4238 si

316 4282 557 4353 populus
596 4278 975 4336 insidiatorum
1004 4278 1368 4334 temeritatem
1420 4276 1822 4332 adversaretur.
1855 4274 1928 4331 At

316 4375 417 4430 ille
445 4372 831 4430 convenientia
860 4371 1053 4443 populi
1082 4371 1258 4428 studia
1281 4414 1295 4437 ,
1346 4372 1625 4427 seniorum
1671 4371 1929 4443 precibus

317 4469 659 4525 annuntians
680 4509 695 4533 ,
739 4468 899 4524 iidem
931 4467 1189 4536 legationi
1216 4466 1606 4523 accumulavit.
1632 4464 1710 4522 Ita
1737 4475 1928 4536 peten-

320 4564 471 4620 tibus
501 4563 658 4620 venia
683 4561 848 4619 data:
882 4562 1120 4618 maxime
1143 4561 1267 4633 quia
1293 4561 1585 4617 sollicitum
1612 4575 1798 4630 regem
1825 4574 1924 4629 pro

321 4658 495 4715 totius
523 4658 675 4713 urbis
700 4665 845 4713 statu
872 4656 1242 4727 Vespasianus
1266 4655 1595 4713 intuebatur.
1628 4653 1799 4727 Cujus
1822 4655 1931 4711 title

323 4750 672 4821 interposita,
704 4749 839 4806 nihil
866 4749 969 4806 tale
996 4762 1228 4806 ausuros
1254 4756 1470 4820 postea,
1490 4747 1673 4805 delicti
1699 4748 1929 4820 gratiam

326 4843 521 4901 volens
539 4843 727 4900 cessit.

899 4934 1131 4995 CAPUT
1168 4934 1362 4992 XXIII.

402 5030 538 5088 lude
575 5029 875 5087 Taricbeas
924 5029 1162 5086 sollicito
1187 5037 1349 5100 atque
1397 5029 1665 5085 instructo
1712 5027 1931 5099 agmine

328 5127 492 5197 petit,
521 5139 588 5182 eo
618 5124 762 5196 quod
813 5123 1108 5195 plurimum
1138 5123 1207 5179 ad
1258 5124 1427 5193 ipsam
1480 5121 1667 5177 urbem
1707 5131 1930 5192 pr0pter

332 5219 695 5279 munitionem
740 5217 843 5273 loci
869 5215 1213 5273 conﬂuxerat
1258 5215 1659 5271 multitudinis:
1691 5222 1745 5270 et
1801 5215 1930 5284 quia

335 5326 494 5367 muro
518 5326 637 5367 eam
662 5311 960 5366 vallaverat
985 5309 1263 5381 Iosephus
1279 5349 1296 5377 ,
1330 5306 1437 5364 nisi
1462 5322 1573 5379 qua
1591 5306 1935 5378 pedestribus

336 5405 481 5462 invia
512 5405 775 5465 Generasi
806 5407 961 5461 lacus
987 5405 1242 5461 ﬂuctibus
1273 5402 1598 5467 allucbatur,
1628 5400 1756 5457 ideo
1782 5399 1935 5456 navi-

335 5502 445 5572 giis
469 5499 833 5572 congregatis,
864 5512 1071 5569 anceps
1103 5497 1299 5555 bellum
1349 5496 1634 5552 fremebat.
1666 5493 1725 5552 Si
1768 5504 1940 5550 terre-

340 5609 466 5648 num
501 5593 783 5649 inclinaret
812 5591 1099 5648 adversum
1129 5606 1188 5646 se
1211 5588 1481 5661 praelium,
1513 5587 1581 5643 ad
1605 5601 1770 5644 naves
1798 5602 1930 5645 con-

414 5699 441 5728 ι
482 5688 646 5745 Forte
661 5689 920 5745 caderent.
942 5687 1227 5745 ϐιαιως»,

414 5760 441 5801 b
480 5761 868 5817 Peritiora.....
901 5775 1101 5813 murus.
1136 5759 1313 5815 ΒΑΜ.

418 5844 439 5873 ε
481 5833 778 5889 Currebatis
801 5833 958 5885 bene:
987 5830 1101 5896 quis
1126 5830 1307 5884 statuit
1329 5836 1522 5882 vestros
1550 5827 1669 5882 orbe
1690 5836 1794 5883 toto
1822 5844 1940 5881 cur—

348 5916 507 5961 rentes
533 5904 867 5977 triumpltos?
895 5902 1037 5970 Quos
1063 5918 1165 5956 non
1185 5900 1365 5956 statuit
1409 5896 1705 5953 Hasdrubal
1756 5898 1949 5954 Poenus

2028 3343 2114 3400 bis
2144 3354 2412 3400 terrarum
2443 3342 2567 3398 est?
2590 3341 2858 3413 Quidquid
2892 3340 3094 3413 ubique
3119 3350 3223 3404 est,
3269 3345 3358 3410 jus
3385 3349 3625 3395 vestrum

2025 3446 2150 3494 cst:
2194 3435 2458 3507 quidquid
2506 3436 2774 3492 incolatus
2802 3435 3179 3490 universorum
3211 3441 3381 3499 tenet,
3411 3446 3631 3504 posses-

2024 3531 2108 3588 siu
2139 3540 2316 3587 vestra
2348 3542 2452 3587 εει.
2490 3540 2512 3569 ο
2540 3527 2875 3586 Currebatis
2897 3528 3058 3595 bene,
3088 3526 3179 3599 qui
3204 3526 3389 3582 statuit
3415 3534 3632 3580 vestros

2026 3626 2158 3683 orbe
2181 3633 2292 3681 toto
2321 3633 2608 3682 currentes
2636 3623 2941 3694 triumphos
2967 3663 2982 3688 ,
3009 3635 3145 3692 quos
3186 3636 3291 3675 non
3321 3617 3624 3675 Hasdrubal

2026 3717 2247 3784 Faenus,
2281 3733 2388 3773 non
2420 3715 2662 3789 Pyrrhus
2688 3714 2965 3779 Eacidcs,
2997 3729 3102 3769 non
3125 3714 3374 3769 Brennus
3400 3712 3622 3780 Capito-

2025 3810 2151 3866 linis
2178 3810 2461 3866 vestibulis
2512 3808 2855 3878 incumbens,
2884 3822 2990 3863 non
3031 3806 3317 3863 Persarum
3346 3816 3580 3862 catervae
3607 3845 3622 3868 ,

2027 3919 2132 3957 non
2164 3901 2433 3974 Egyptite
2466 3902 2759 3973 phalanges
2780 3908 3022 3956 statuere
3048 3906 3362 3972 potuerunt.
3380 3898 3491 3954 Hos
3519 3904 3631 3953 sta-

2029 3995 2130 4050 tuit
2156 3994 2378 4049 rebellis
2431 3993 2641 4061 Iudaea,
2695 3992 3019 4048 ineruditum
3061 3989 3356 4062 praeferens
3387 3990 3625 4048 bellandi

2028 4090 2387 4148 temeritatem
2407 4131 2422 4158 ,
2455 4091 2586 4146 rixae
2610 4106 2769 4162 quam
2793 4104 2987 4163 pugna:
3015 4089 3212 4161 aptior.
3244 4086 3434 4160 Neque
3478 4087 3629 4145 enim

2027 4197 2106 4243 est
2143 4184 2285 4256 quod
2318 4200 2534 4249 vereor,
2587 4184 2680 4240 sed
2714 4183 2929 4255 plenum
2962 4181 3310 4239 verecundiae
3361 4180 3626 4246 arbitror,

2027 4278 2172 4354 quod
2217 4294 2315 4335 vos
2344 4278 2613 4336 vincendo
2660 4276 3055 4348 defatigamini.
3086 4275 3172 4332 Illi
3198 4284 3379 4331 autem
3412 4276 3632 4346 quoties

2030 4378 2341 4445 vincuntur,
2374 4374 2655 4431 audaciam
2682 4388 3003 4443 sumpsere:
3038 4368 3066 4408 ἀ
3100 4371 3283 4427 lassati
3314 4384 3433 4436 vos,
3465 4369 3630 4425 rebus

2028 4472 2283 4527 secundis
2309 4512 2326 4537 ,
2372 4485 2495 4525 cum
2521 4469 2593 4523 illi
2625 4467 2869 4523 advers-is
2912 4466 3163 4522 duriores
3211 4464 3341 4520 sint.
3376 4460 3630 4519 Attollite

2029 4566 2196 4638 igitur
2224 4564 2457 4630 animos,
2490 4562 2720 4619 Romani
2749 4560 2869 4630 viri,
2890 4558 3224 4616 etadversus
3250 4566 3504 4613 catervas
3533 4555 3633 4611 lto-

2032 4659 2216 4725 stium,
2263 4654 2386 4711 freti
2420 4656 2589 4725 patria
2623 4654 2844 4721 virtute,
2877 4654 3174 4725 exsurgite.
3205 4650 3391 4724 Neque
3414 4666 3509 4706 vos
3532 4666 3631 4705 nu-

2034 4764 2216 4805 merus
2249 4756 2463 4803 moveat
2512 4745 2686 4819 plebis
2729 4746 2931 4802 Judzere
2956 4788 2971 4813 ,
3001 4760 3123 4801 cum
3153 4744 3273 4800 illos
3306 4752 3385 4800 tot
3431 4752 3631 4800 vestra:

2036 4844 2174 4899 virtu
2204 4843 2248 4898 is
2282 4840 2508 4913 insignia
2540 4856 2646 4895 non
2694 4839 3046 4906 deterreant,
3075 4854 3197 4910 quae
3219 4836 3382 4908 longe
3405 4849 3635 4893 numero

2034 4934 2297 4991 validiora
2329 4940 2475 4989 sunt.
2505 4932 2689 5006 Neque
2719 4931 2862 4988 enim
2905 4930 3010 4986 ulla
3042 4930 3095 4986 in
3128 4928 3373 4986 Hebraeis
3421 4931 3505 4986 vel
3550 4928 3633 4985 rei

2036 5027 2288 5083 militaris
2306 5024 2555 5090 scientia,
2571 5024 2656 5080 vel
2676 5023 2950 5095 prmliandi
2974 5023 3188 5095 peritia,
3205 5020 3295 5078 vel
3318 5021 3637 5078 moderandi

2032 5121 2203 5193 gratia
2230 5163 2245 5187 ,
2282 5118 2462 5175 nullus
2488 5117 2788 5189 disciplinm
2820 5130 2950 5171 usus
2976 5156 2992 5183 ,
3027 5114 3175 5171 nulla
3230 5114 3497 5170 tolerandi
3540 5126 3637 5182 pa-

2041 5215 2250 5274 tientia.
2275 5213 2461 5271 Solum
2490 5213 2543 5268 in
2577 5213 2824 5284 prmlium
2855 5210 3117 5267 deferunt
3146 5210 3336 5264 mortis
3357 5216 3643 5277 contemp-

2038 5320 2184 5365 tum:
2215 5308 2308 5365 sed
2342 5322 2504 5363 nemo
2531 5322 2785 5378 umquam
2815 5303 3098 5361 moriendo
3131 5303 3259 5360 vicit
3279 5302 3515 5367 hostem,
3538 5300 3636 5354 sed

2040 5403 2379 5477 perimendo.
2431 5401 2509 5457 llli
2544 5401 2796 5458 nesciunt
2822 5415 2971 5456 arma
2997 5397 3101 5454 nisi
3132 5397 3184 5452 itt
3215 5395 3397 5460 bello,
3448 5406 3546 5448 nos
3586 5391 3641 5447 in

2040 5512 2170 5568 pace
2201 5498 2366 5552 armis
2396 5510 2740 5561 exercemur,
2767 5503 2825 5549 ut
2854 5492 2907 5547 in
2940 5491 3081 5547 bello
3113 5504 3273 5545 casus
3295 5486 3425 5543 belli
3447 5484 3644 5541 dubios

2040 5605 2149 5646 non
2175 5592 2493 5648 sentiamus.
2526 5588 2757 5645 Insuetis
2787 5587 2931 5643 enim
2961 5593 3192 5641 eventus
3212 5581 3398 5637 dubii:
3426 5586 3647 5635 vetera-

2200 5685 2294 5765 Itos
2322 5685 2501 5739 statuit
2530 5682 2733 5765 rebellis
2753 5676 3039 5765 Jttdtealta
3069 5674 3327 5765 equidem
3342 5673 3640 5765 legendmn

2047 5765 2209 5825 atque
2239 5754 2728 5826 iuterpungendum
2760 5749 3204 5806 existimaverit“.
3253 5749 3529 5805 (anno.

2124 5826 2148 5863 ά
2192 5828 2422 5883 Lassari.
2448 5826 2617 5880 BARB.
