4112 6350
554 314 708 387 ,βοοκ

1901 295 2150 357 SANCTI
2185 295 2280 357 AM
2289 292 2515 355 BROSII

3688 291 3804 354 2096

560 435 644 488 nis
695 425 957 484 solemnis
1003 421 1329 494 triumphus.
1385 418 1526 488 Quid
1558 417 1704 474 enim
1737 415 1884 471 aliud
1940 415 2152 486 agimus
2179 418 2224 479 Α
2259 423 2500 468 teramus
2546 408 2783 465 hostem.
2838 405 3052 463 Primus
3101 405 3155 461 in
3203 402 3496 476 periculum
3527 416 3803 474 exeat-ram,

558 522 833 595 quotidie,
863 518 966 576 nisi
1001 527 1056 572 ut
1088 515 1244 572 nobis
1286 529 1422 568 vana
1457 525 1748 582 numquam
1791 507 1971 578 praelia
2001 505 2153 560 sint?

555 615 940 686 Unusquisque
955 612 1096 668 domi
1113 610 1265 682 quasi
1281 610 1333 664 in
1352 607 1540 678 prazlio
1554 612 1856 667 exercetur,
1877 611 1934 656 ut
1948 601 1998 655 in
2019 613 2155 670 prte-

552 709 628 765 lio
643 707 921 763 meditatio
934 703 1179 776 qumdam
1193 698 1508 756 certaminis
1523 699 1609 752 sit.
1629 694 1870 764 Denique
1885 708 1990 746 non
2006 705 2158 747 erra-

558 803 694 858 verit
717 800 1000 871 quisquam
1043 808 1316 863 asserens,
1346 791 1491 864 quod
1520 788 1902 846 meditationes
1933 793 2153 849 nostrae,

561 895 702 953 bella
733 893 852 948 sine
879 889 1142 961 sanguine
1191 887 1302 943 sint
1327 928 1340 950 ,
1373 885 1514 942 bella
1560 889 1744 938 nostra
1773 877 2159 935 meditationes

558 991 684 1046 sint.
722 984 1110 1057 Progredimur
1139 982 1190 1037 in
1222 980 1421 1035 bellum
1445 974 1660 1040 muniti,
1689 972 1926 1043 undique
1963 968 2159 1041 tegitur

556 1082 708 1152 galea
737 1087 920 1149 caput,
955 1075 1118 1130 lorica
1154 1080 1370 1144 pectus,
1405 1079 1688 1139 totumque
1709 1065 1904 1137 clypeo
1922 1076 2155 1131 corpus:

551 1176 644 1231 ubi
692 1173 851 1228 feriat
891 1168 1066 1224 hostis
1121 1166 1429 1220 Rornanum
1459 1161 1724 1230 militem,
1761 1156 2007 1226 reperire
2051 1168 2158 1208 non

558 1275 759 1341 potest,
792 1281 954 1336 quem
988 1263 1135 1316 ferro
1166 1268 1380 1328 septum
1425 1250 1819 1322 circumSpicit.
1867 1248 2000 1303 Aliis
2033 1244 2161 1300 talia

553 1377 703 1416 arma
729 1359 879 1414 oneri
913 1365 1064 1417 sunt,
1101 1353 1256 1408 uobis
1278 1351 1679 1422 integumento,
1703 1345 1828 1416 quia
1854 1358 1953 1398 usu
1971 1343 2161 1397 levan-

553 1465 666 1510 tur.
698 1452 1000 1508 Adversum
1033 1447 1274 1502 inermes
1303 1443 1466 1513 igitur
1494 1456 1558 1496 ac
1587 1437 1761 1494 nudos
1786 1435 2034 1508 przelium
2065 1446 2164 1486 n0-

559 1549 643 1604 bis
673 1554 776 1601 est.
820 1547 900 1599 An
942 1556 1073 1597 vero
1098 1537 1392 1594 metuimus
1418 1576 1433 1600 ,
1480 1549 1548 1589 ne
1577 1544 1808 1587 numero
1858 1529 2161 1582 circumve-

558 1637 814 1697 niamur?
872 1635 1116 1690 Primum
1165 1631 1302 1685 liber
1351 1628 1404 1682 in
1451 1625 1655 1697 praeliis
1701 1622 1975 1693 equitatus
2027 1627 2156 1685 est,

556 1731 803 1790 cedendo
854 1737 1020 1800 atque
1068 1719 1404 1794 insequendo
1451 1729 1476 1756 α
1526 1718 1731 1774 bellum
1783 1711 2042 1785 proludit.
2095 1710 2162 1765 Et

2262 521 2358 560 vos
2399 502 2712 575 sequimini,
2745 509 2806 556 ut
2847 500 3157 571 depositum
3196 499 3362 569 patris
3406 498 3720 566 custodiatis,
3764 508 3808 554 et

2261 599 2615 652 commissum
2650 593 2824 665 patris
2873 589 3190 647 rcSt-rvetis.
3218 591 3326 661 Ego
3371 600 3544 646 autem
3568 605 3664 646 non
3696 589 3812 659 peri-

2259 690 2366 745 culi
2389 689 2570 744 socios
2594 687 2775 758 exigo,
2809 684 2908 741 sed
2937 693 3222 742 consortes
3244 684 3503 739 victoria}.
3535 682 3634 738 Vos
3657 692 3808 738 tamen

2265 793 2456 839 cavete
2483 823 2499 849 ,
2535 797 2602 837 ne
2648 781 2890 837 oblatam
2947 779 3105 834 vobis
3137 778 3372 849 palmam
3403 775 3649 846 triumphi
3675 818 3689 843 ,
3713 775 3813 831 aliis

2259 889 2581 932 reservasse
2610 872 2928 938 videamini,
2957 871 3113 927 vobis
3135 870 3420 942 eripuisse.
3444 866 3596 924 Certe
3621 869 3660 923 si
3687 882 3816 923 secus

2260 970 2525 1035 cesserit,
2557 967 2706 1024 malo
2737 982 2822 1023 me
2875 965 3041 1020 tilium
3078 973 3232 1034 pater
3266 964 3323 1020 in
3352 963 3656 1018 vulneribus
3702 961 3817 1017 meis

2262 1071 2656 1134 recognoscat,
2700 1061 2748 1116 si
2777 1061 2830 1116 in
2859 1059 3127 1116 militibus
3155 1059 3268 1114 suis
3328 1072 3434 1111 non
3466 1055 3816 1126 recognoverit.

2265 1158 2537 1212 Ponamus
2571 1165 2751 1210 tamen
2781 1153 2982 1208 olIendi
3032 1160 3243 1224 patrem
3277 1150 3451 1221 praelii
3481 1148 3812 1220 aggressioue.

2260 1251 2402 1320 Quid
2428 1251 2594 1322 igitur
2623 1247 2966 1304 tolerabilius
2991 1288 3006 1315 ,
3040 1245 3400 1317 praeripuisse
3444 1242 3709 1297 victoriam
3731 1282 3744 1306 ,
3765 1256 3818 1295 an

2263 1341 2612 1400 deseruisse?
2650 1342 2706 1396 lu
2738 1339 3112 1411 praeripiendo
3166 1336 3477 1408 properatio
3523 1333 3819 1391 fortitudinis

2263 1447 2370 1503 est,
2399 1435 2452 1490 in
2475 1432 2788 1490 deserendo
2829 1433 2987 1502 culpa
3035 1430 3286 1502 ignaviae.
3335 1427 3661 1485 Coudemnet
3696 1435 3820 1484 certe

2267 1529 2510 1582 victores
2542 1533 2701 1597 pater
2728 1566 2743 1592 ,
2775 1534 2986 1581 reatum
3017 1523 3330 1596 hujusmodi
3377 1537 3481 1578 non
3527 1520 3820 1578 reformido:

2267 1619 2414 1675 malo
2442 1633 2572 1674 reus
2612 1633 2738 1674 esse
2769 1617 3142 1689 triumphante
3192 1615 3472 1688 republica
3493 1656 3512 1683 ,
3537 1629 3683 1686 quam
3717 1614 3820 1668 Iresa

2267 1715 2550 1771 innoxius.
2581 1713 2804 1770 Utinam
2830 1713 3016 1768 Manlii
3043 1713 3305 1784 Torquati
3334 1712 3531 1779 ﬁlium,
3561 1712 3638 1766 vel
3660 1711 3706 1766 in
3725 1709 3820 1765 solo

558 1825 807 1899 quamvis
836 1823 1100 1878 maximas
1125 1818 1271 1873 acies
1295 1817 1714 1875 circumcursat,
1737 1819 1788 1865 et
1813 1807 2006 1878 quibus
2039 1804 2162 1860 libi-
2192 1821 2240 1882 Β
2268 1811 2398 1866 mihi
2425 1809 2586 1866 liccat
2616 1808 2820 1864 imitari
2849 1808 3130 1880 periculo;
3161 1823 3324 1880 quem
3355 1807 3529 1864 securi
3553 1816 3696 1876 pater
3716 1806 3813 1876 jus-

558 1898 674 1978 tum
725 1919 885 1974 fuerit
911 1914 1103 1989 spatiis
1128 1911 1364 1968 excedit.
1421 1905 1628 1964 Deinde
1656 1906 1710 1960 in
1744 1906 1861 1974 ipso
1918 1898 2160 1973 pedestri

553 2013 875 2079 certamine,
893 2024 1000 2065 non
1023 2017 1131 2062 tam
1149 2016 1409 2060 numerus
1425 1999 1657 2073 plurium
1673 1996 1891 2054 conﬁcit
1905 2008 2158 2066 pugnam,

552 2121 715 2178 quam
736 2106 905 2160 virtus
931 2114 1246 2169 paucorum.
1269 2093 1550 2152 Multitudo
1573 2091 1872 2162 disciplina:
1896 2087 2160 2150 insolens,

556 2200 674 2270 ipsa
695 2197 798 2253 sibi
825 2205 907 2252 est
937 2191 1327 2263 impedimento
1373 2189 1425 2242 in
1467 2184 1746 2257 prosperis
1767 2182 1833 2237 ad
1857 2179 2159 2243 victoriam,

557 2291 614 2349 in
647 2289 893 2347 adversis
924 2287 991 2343 ad
1024 2282 1422 2356 fugam.Virtus
1451 2294 1581 2335 vero
1601 2277 1813 2349 patiens
1835 2283 1888 2329 et
1908 2269 2164 2328 secundis

555 2385 806 2450 valescit,
840 2396 941 2439 nec
985 2393 1162 2448 usque
1192 2376 1260 2431 ad
1292 2376 1453 2430 tinem
1479 2371 1676 2427 labitur
1706 2369 1757 2423 in
1791 2366 2056 2422 adversis.
2083 2363 2163 2418 Ac

554 2480 699 2537 cedit
740 2476 892 2545 illud,
919 2474 1064 2547 quod
1109 2469 1401 2528 assuetudo
1431 2465 1805 2530 victoriarum,
1831 2461 2164 2517 incentivum

555 2573 714 2628 nobis
739 2571 806 2625 sit
839 2565 1142 2638 praeliandi.
1173 2563 1308 2618 Nam
1339 2561 1438 2616 etsi
1463 2558 1541 2614 illi
1585 2572 1683 2628 pro
1713 2555 1914 2626 patria,
1950 2568 2047 2624 pro
2097 2549 2163 2604 1i-

556 2664 700 2720 heris
727 2661 1028 2726 dimicant;
1063 2673 1167 2714 non
1193 2656 1316 2712 ideo
1347 2651 1707 2724 promptiores
1730 2663 1824 2704 eos
1851 2661 1974 2702 esse
1996 2658 2159 2714 quam

557 2774 661 2817 nos
689 2765 928 2829 oportet.
953 2754 1140 2824 Neque
1167 2749 1316 2808 enim
1345 2747 1520 2804 minus
1538 2754 1643 2812 est,
1669 2744 1835 2799 immo
1861 2739 2004 2795 haud
2049 2739 2162 2793 scio

555 2871 626 2911 an
651 2853 814 2910 etiam
831 2850 1066 2921 amplius
1080 2846 1108 2886 δ
1141 2845 1297 2901 nobis
1323 2857 1484 2913 quam
1507 2855 1604 2910 pro
1621 2835 1827 2893 nostris
1844 2833 2158 2890 decernere.

561 2949 669 3006 Pro
698 2945 856 3002 nobis
889 2942 1216 3016 prmliamur,
1249 2946 1446 2994 etcum
1473 2932 1786 3004 prarliamur
1817 2943 1916 2998 pro
1945 2926 2115 2997 gloria
2141 2965 2159 2993 ,

555 3059 625 3098 ne
653 3041 894 3097 minores
922 3038 1096 3092 simus
1117 3049 1183 3088 eo
1200 3029 1344 3103 quod
1376 3042 1582 3084 sumus.
1613 3024 1744 3094 Quis
1765 3035 1894 3092 ergo
1915 3019 2158 3084 dubitet,

554 3135 678 3203 plus
717 3147 839 3189 esse
888 3144 989 3202 pro
1016 3127 1188 3198 gloria
1227 3124 1560 3186 decernere,
1615 3134 1776 3190 quam
1808 3130 1905 3187 pro
1946 3113 2162 3171 salute?

553 3227 724 3284 Nobis
748 3233 932 3282 autem
964 3221 1163 3278 bellum
1205 3218 1308 3273 hoc
1335 3231 1433 3288 pro
1455 3210 1876 3271 existimationis
1905 3217 1991 3265 est
2013 3208 2155 3278 peri-
2184 3236 2232 3299 Ο

553 3322 678 3378 culo
699 3363 714 3388 ,
745 3337 813 3376 ue
835 3319 921 3390 jus
958 3325 1169 3387 partum
1218 3308 1527 3368 intercidat.
1562 3305 1939 3362 Periclitamur
1966 3303 2154 3369 etiam,

554 3417 792 3472 victores
821 3411 1060 3484 gentium
1087 3417 1144 3464 et
1161 3405 1433 3477 principes
1455 3401 1607 3458 orbis
1635 3409 1903 3456 terrarum
1923 3437 1939 3463 ,
1958 3395 2159 3451 Judaeis

559 3526 718 3582 pares
740 3506 934 3571 videri,
965 3517 1103 3576 quos
1127 3517 1194 3557 ex
1223 3514 1380 3569 aequo
1440 3495 1596 3551 nobis
1627 3505 1647 3531 ε
1703 3494 1756 3547 ἱη
1782 3489 2157 3547 adversarium

555 3600 961 3663 constituimus,
989 3597 1035 3652 si
1060 3609 1167 3650 non
1198 3593 1356 3648 aliter
1383 3589 1486 3645 nisi
1520 3587 1634 3658 pari
1677 3599 1905 3641 numero
1932 3598 2158 3654 congre-

557 3697 792 3753 diamur.
824 3691 1056 3762 Maiores
1083 3685 1260 3742 nostri
1291 3676 1514 3754 magnas
1533 3680 1772 3735 hostium
1790 3677 1974 3747 copias
1994 3690 2158 3747 parva

559 3805 723 3847 manu
750 3788 1068 3857 frequenter
1112 3780 1387 3837 fuderunt.
1419 3778 1485 3833 Et
1514 3773 1644 3847 quid
1676 3772 1832 3828 nobis
1877 3771 2162 3827 conferunt

555 3881 873 3955 quotidiana
904 3873 1203 3934 exercitia?
1233 3871 1360 3943 quid
1392 3871 1678 3925 diuturnus
1704 3867 1858 3922 labor
1881 3906 1899 3934 ,
1932 3864 1978 3920 si
2001 3878 2161 3934 pares

558 3975 625 4030 ad
652 3972 894 4044 przelium
915 3966 1193 4025 venimus?
1209 3961 1586 4019 Nuntiavimus
1601 3957 1820 4030 quidem
1843 3957 1910 4012 de
1933 3970 2161 4012 numero

560 4067 722 4137 patri,
751 4064 876 4135 quia
907 4077 1013 4117 non
1041 4059 1238 4115 licebat
1265 4055 1410 4111 aliud
1438 4072 1451 4108 :
1502 4053 1597 4108 sed
1628 4052 1894 4117 advertat,
1921 4064 2021 4105 nos
2051 4065 2159 4104 non

556 4161 624 4217 de
674 4156 913 4229 periculo
941 4153 1201 4211 metuisse
1227 4193 1242 4218 ,
1271 4149 1366 4206 sed
1397 4147 1760 4205 reverentiam
1790 4145 1918 4202 belli
1954 4144 2160 4200 arbitro

557 4251 945 4308 reservavisse.
967 4246 1117 4303 Licet
1139 4243 1423 4315 praelibare
1452 4241 1678 4306 bellum,
1703 4249 1890 4295 tenere
1909 4239 2120 4293 hostem
2143 4279 2158 4303 ,

554 4360 748 4417 rapere
765 4341 1067 4402 victoriam,
1083 4337 1210 4393 dum
1228 4331 1807 4406 adjumeutayeniunt:
1831 4346 1899 4387 ne
1911 4346 2017 4387 non
2050 4340 2158 4386 tam

557 4447 845 4511 superatos
874 4431 1219 4490 adversarios
1276 4428 1550 4484 communi
1577 4427 1795 4495 robore,
1831 4440 1990 4497 quam
2038 4439 2162 4495 pro-

560 4544 734 4589 tectos
763 4544 861 4585 nos
885 4527 1082 4582 virtute
1098 4537 1194 4579 sua
1208 4523 1438 4593 jactent.
1459 4520 1549 4590 qui
1569 4517 1976 4585 venerint.'Quo
1997 4517 2162 4587 igitur

561 4643 656 4683 ore
678 4627 729 4680 in
751 4628 1104 4690 conspectum
1122 4617 1290 4688 patris
1318 4613 1620 4678 veniemus,
1637 4611 1898 4669 sibellurn
1921 4610 2160 4682 incipere

561 4715 937 4775 timuerimus?
957 4711 1075 4780 Quo
1094 4709 1300 4780 pudore
1325 4707 1563 4778 degener
1587 4705 1732 4762 ﬁlius
1754 4705 1950 4761 subibo
1971 4704 2159 4760 oculos

561 4809 698 4867 tanti
723 4809 858 4873 viri,
893 4806 985 4877 qui
1035 4800 1240 4858 nesciat
1275 4800 1506 4855 militem
1535 4814 1693 4854 suum
1734 4797 1843 4852 nisi
1893 4798 2156 4852 victorem

555 4902 784 4960 videre?
821 4894 1108 4968 Quomodo
1138 4894 1254 4963 ejus
1293 4907 1379 4947 me
1428 4891 1654 4948 militem
1703 4889 1947 4960 probabo
1984 4898 2040 4944 et
2090 4889 2156 4944 ti-

553 4999 711 5062 lium,
744 5009 869 5049 cum
901 4991 993 5046 ille
1025 5003 1244 5059 semper
1274 4986 1657 5056 triumphator,
1687 4999 1790 5055 ego
1816 4985 1981 5040 etiam
2013 5000 2154 5052 meo,

558 5088 705 5161 quod
737 5083 956 5157 gravius
986 5088 1106 5146 est,
1147 5079 1321 5133 victus
1356 5076 1561 5147 judicio
1587 5119 1601 5144 ,
1635 5077 1727 5147 qui
1786 5077 1928 5130 hosti
1966 5075 2157 5132 Judan

555 5179 860 5240 ce~serim?
889 5176 1017 5247 quid
1056 5174 1210 5229 vobis
1236 5173 1328 5227 {tet
1374 5172 1742 5227 condemnato
1780 5171 1917 5226 duce
1941 5213 1956 5236 ,
1996 5188 2155 5243 quem

553 5276 706 5332 vobis
739 5285 892 5344 pater
917 5281 1144 5325 securus
1195 5264 1577 5321 commiserit?
1603 5264 1708 5322 Sed
1755 5259 1906 5320 'malo
1937 5265 2006 5322 de
2047 5267 2160 5322 vir-

554 5379 670 5424 tute
713 5366 866 5422 ducis
910 5377 1046 5426 vos,
1097 5374 1260 5432 quam
1311 5357 1378 5414 dc
1447 5359 1662 5431 ignavia
1703 5376 1898 5416 causas
1942 5361 2152 5419 dicere.

551 5463 884 5517 Proruamus
912 5456 1076 5529 igitur
1103 5454 1158 5508 in
1185 5451 1550 5520 adversarios,
1575 5469 1959 5528 properemus,
1983 5452 2007 5493 ἀ
2031 5471 2156 5526 pro-

627 5607 652 5635 ει
694 5595 964 5651 Pretium.
996 5592 1165 5648 ΒΑΜ.

623 5669 650 5707 b
698 5667 802 5723 Pro
830 5667 994 5722 nobis.
1027 5665 1103 5720 Ib.

629 5753 649 5779 ο
695 5739 763 5793 In
783 5736 1125 5793 adversarios.
1154 5735 1242 5803 In;

619 5819 647 5851 α
681 5811 1080 5866 Prmmiamtu.
1097 5807 1174 5865 In.
1201 5854 1209 5874 ,

2263 1905 2337 1959 sit
2368 1903 2538 1969 feriri,
2571 1901 2717 1973 quod
2745 1911 2938 1958 contra
2965 1902 3261 1972 imperium
3295 1900 3465 1971 patris
3487 1898 3754 1955 exercitum
3777 1898 3819 1952 in

2265 1999 2480 2054 hostem
2523 1996 2877 2066 produxerat.
2926 1995 3120 2053 Stabat
3165 1995 3416 2050 hostibus
3445 1994 3596 2048 cmsis
3638 1991 3820 2046 adoles-

2261 2108 2416 2160 cens,
2445 2094 2679 2148 amictus
2716 2091 2937 2147 adoreis
2990 2089 3433 2162 triumphalibus,
3475 2088 3573 2145 sub
3606 2085 3819 2143 carniﬁce

2263 2187 2456 2243 mortis
2502 2203 2732 2244 securus
2768 2228 2782 2252 ,
2821 2185 3081 2256 quoniam
3137 2186 3511 2242 beatissimum
3544 2183 3744 2255 putabat
3779 2180 3820 2236 in

2265 2281 2496 2337 victoria
2541 2281 2702 2336 mori.
2752 2279 2894 2349 Quid
2944 2279 3088 2335 enim
3144 2279 3418 2335 illustrius
3453 2319 3467 2344 ,
3509 2292 3660 2350 quam
3688 2276 3818 2330 vitam

2265 2374 2544 2445 triumpho
2581 2373 2874 2441 claudere,
2922 2389 3022 2429 nec
3071 2373 3140 2428 ad
3171 2372 3383 2428 incerta
3427 2388 3601 2428 rerum
3651 2366 3820 2424 servari

2267 2478 2391 2538 post
2418 2480 2624 2524 certam
2660 2468 2988 2524 victoriam?
3017 2465 3063 2522 Ο
3105 2465 3472 2538 expetendum
3519 2460 3820 2535 prudentibus

2263 2563 2474 2618 crimen
2497 2559 3027 2618 victoriaelUtinam
3073 2569 3129 2616 et
3178 2560 3339 2616 nobis
3386 2557 3490 2614 hoc
3531 2556 3815 2628 obiiciatur,

2261 2655 2406 2727 quod
2433 2656 2750 2710 vicerimus.
2775 2653 2940 2710 Certe
2983 2653 3078 2708 illo
3108 2653 3367 2723 exemplo
3417 2651 3564 2706 solus
3593 2663 3683 2721 ego
3707 2645 3821 2718 peri-

2262 2751 2516 2816 clitabor,
2545 2766 2642 2806 vos
2667 2748 3097 2821 triumphabitis.
3143 2747 3212 2802 Et
3255 2755 3440 2803 tamen
3464 2761 3569 2801 non
3591 2739 3818 2814 prohibuit

2267 2861 2366 2901 nos
2397 2857 2550 2916 pater
2582 2859 2825 2916 pugnare
2850 2885 2866 2910 ,
2906 2842 3208 2913 sedjussit,
3239 2855 3382 2912 quos
3414 2838 3480 2895 ad
3524 2849 3733 2910 pugnam
3755 2831 3819 2888 di-

2265 2941 2430 2996 rexit.
2467 2939 2618 2996 Unde
2646 2939 2819 3010 magis
2872 2937 3286 3008 indignaturum
3321 2935 3588 2998 arbitror,
3627 2929 3820 2987 cessisse

2265 3046 2364 3088 nos
2385 3031 2741 3100 Judmis,cum
2766 3045 3052 3102 possemus
3075 3030 3322 3097 vincere,
3341 3043 3504 3101 quam
3517 3023 3816 3099 pugnavisse.

2843 3139 3075 3198 CAPUT
3119 3139 3292 3196 XXV.

2336 3239 2463 3294 Ηωο
2485 3237 2678 3294 dicens
2705 3276 2720 3304 ,
2773 3237 2983 3308 primus
3032 3251 3235 3306 equum
3296 3236 3352 3291 in
3385 3235 3587 3292 hostem
3613 3230 3744 3302 egit,
3772 3232 3816 3281 et

2263 3331 2505 3388 clamore
2529 3344 2726 3402 magno
2757 3330 2930 3385 secuti
2957 3329 3177 3384 cmteri:
3205 3336 3325 3383 toto
3364 3342 3556 3398 campo
3596 3318 3820 3380 extende-

2262 3425 2479 3492 bantur,
2512 3439 2620 3496 quo
2668 3425 2831 3480 etiam
2876 3423 3059 3494 plures
3111 3424 3546 3480 aestimabantur.
3594 3416 3815 3486 Trajanus

2262 3535 2476 3591 quoque
2500 3534 2622 3574 cum
2647 3519 2906 3575 trecentis
2928 3518 3201 3590 equitibus
3230 3519 3434 3574 missus
3454 3533 3483 3571 a
3507 3513 3815 3585 VeSpasiano.

2259 3611 2370 3683 jam
2420 3610 2812 3682 progrediente
2849 3610 2976 3666 Tito
3006 3612 3351 3679 supervenit.
3399 3608 3508 3667 Nec
3548 3605 3726 3663 diutius
3751 3614 3822 3656 res

2262 3707 2460 3762 sistere
2491 3713 2788 3777 potuerunt
2827 3704 3026 3774 Judaei,
3056 3720 3178 3762 cum
3204 3705 3450 3762 virorum
3472 3703 3638 3761 contis
3656 3707 3703 3756 et
3729 3695 3820 3751 frc-

2266 3803 2403 3858 mitu
2451 3817 2718 3872 equorum
2767 3802 3243 3872 perturbarentur.
3297 3799 3555 3856 Conversi
3599 3789 3819 3865 ilaquein

2263 3896 2477 3952 diversa
2500 3896 2890 3966 alii,‘plerique
2913 3894 3105 3950 urbem
3137 3895 3424 3965 petebant.
3451 3892 3650 3950 Emicat
3674 3885 3818 3944 Titus.

2263 3999 2320 4047 et
2343 3990 2480 4046 alios
2512 4005 2541 4044 a
2573 4000 2724 4060 tergo
2762 3988 3030 4060 fugientes
3079 3987 3367 4058 Opprimit,
3401 3988 3536 4043 alios
3556 3981 3719 4048 exedit,
3747 3990 3824 4046 pa-

2263 4085 2441 4140 lantes
2473 4083 2758 4139 universos
2785 4097 3067 4154 praeverso
3101 4081 3302 4138 itinere
3329 4099 3358 4136 a
3402 4081 3570 4137 muris
3598 4071 3817 4146 repellit.

2263 4190 2322 4235 et
2351 4177 2547 4234 obvius
2590 4176 3003 4233 recurrentibus
3044 4175 3224 4247 fugam
3270 4173 3604 4232 intercludit.
3652 4169 3823 4225 Rursus

2267 4281 2448 4327 tamen
2485 4279 2597 4325 tum
2641 4269 2734 4324 alii
2763 4278 3088 4326 sternuntur
3113 4310 3128 4336 ,
3162 4268 3338 4336 elapsi
3366 4268 3456 4323 alii
3500 4265 3681 4337 quibus
3717 4256 3821 4313 urbs

2263 4366 2476 4435 refugio
2528 4374 2676 4420 erat:
2728 4364 2826 4420 sed
2858 4375 2881 4402 ε
2925 4364 3036 4420 illis
3089 4376 3309 4434 quoque
3358 4363 3535 4418 acrius
3587 4354 3815 4431 praelium.

2263 4460 2398 4517 Nam
2426 4461 2520 4533 qui
2549 4461 2616 4518 de
2665 4461 2796 4517 locis
2841 4460 3091 4516 ﬁnitimis
3135 4456 3466 4514 aiﬂuxeraut
3493 4499 3507 4524 ,
3539 4471 3568 4511 a
3596 4445 3824 4526 principio

2265 4573 2454 4630 pacem
2478 4557 2863 4629 praeferebant,
2890 4555 2984 4612 sed
3031 4553 3265 4626 populus
3295 4545 3712 4625 superveniensl
3758 4541 3824 4595 in-

2185 4654 2237 4715 D
2265 4651 2423 4706 victis
2451 4650 2690 4706 bellandi
2721 4650 2900 4706 studia
2946 4656 3274 4706 extorserat.
3309 4647 3442 4703 Inde
3487 4646 3621 4703 intra
3664 4637 3821 4694 urbem

2262 4743 2536 4800 dissensio
2557 4752 2613 4800 et
2637 4745 2902 4799 tumultus
2931 4744 3148 4814 gravis:
3202 4757 3310 4811 quo
3343 4739 3570 4811 strepitu
3604 4733 3820 4792 excitus,

2260 4853 2320 4895 se
2352 4838 2712 4894 convertitad
2744 4841 2948 4895 milites
2970 4839 3158 4897 Titus:
3195 4840 3309 4896 Hoc
3331 4881 3346 4908 ,
3391 4834 3592 4907 inquit,
3620 4835 3695 4885 est
3714 4835 3823 4879 tem-

2261 4949 2384 5006 pus,
2426 4933 2763 4991 sanctissimi
2797 4936 3199 4991 commilitones
3232 4976 3248 5003 ,
3274 4932 3418 5006 quod
3452 4941 3476 4976 κ
3516 4919 3818 4997 expetebatu-

2260 5029 2408 5085 lnter
2429 5045 2488 5085 se
2511 5028 2699 5084 hostes
2722 5029 2860 5083 intra
2888 5029 3077 5084 urbem
3111 5029 3401 5084 tumultum
3452 5028 3631 5080 serunt
3665 5057 3679 5082 ,
3709 5006 3820 5066 foris

2260 5121 2548 5178 creduntur
2575 5164 2589 5188 ,
2625 5121 2772 5177 intus
2797 5121 3184 5192 digladiantur.
3239 5121 3582 5178 Festiuemus
3621 5112 3782 5177 itaque
3805 5137 3818 5163 ο

2262 5213 2390 5270 dum
2424 5212 2599 5268 adhuc
2629 5211 2922 5280 dissident,
2953 5230 3023 5270 ne
3053 5215 3195 5271 forte
3231 5212 3457 5286 periculi
3486 5214 3628 5264 metu
3651 5202 3698 5256 in
3721 5206 3825 5267 gra-

2262 5306 2388 5361 tiam
2421 5305 2666 5361 redeant.
2694 5306 2880 5378 Itaque
2909 5307 3158 5363 ascendit
3187 5321 3388 5378 equum
3419 5317 3525 5374 quo
3550 5291 3816 5355 desilierat.

2260 5400 2430 5455 muris
2453 5401 2770 5470 proximus;
2817 5409 2873 5456 et
2899 5415 3204 5457 conversus
3232 5399 3299 5456 ad
3331 5398 3504 5453 lacum
3534 5435 3549 5460 ,
3592 5403 3680 5461 ρει·
3713 5383 3820 5437 ""‘3'

2258 5498 2346 5548 tus
2372 5507 2634 5562 aquarum
2689 5491 2881 5549 urbem
2925 5492 3184 5564 petebat;
3237 5491 3548 5563 primusque
3581 5482 3632 5538 in
3656 5473 3818 5534 urbem

2337 5616 2359 5644 ο
2391 5605 2534 5662 Illic.
2564 5609 2638 5664 In.

2337 5677 2355 5716 ῖ
2383 5678 2696 5751 [iegendum
2719 5679 2933 5738 videtur
2962 5682 3160 5740 invitis.
3182 5681 3461 5742 GALutvn.

2331 5760 2356 5799 ε
2388 5749 2783 5825 Exspectabam.
2811 5754 2985 5812 ΒΑΜ.
