4112 6350
330 413 470 470 2097

1193 414 1466 472 HISTOB.
1511 414 1600 471 DE
1640 412 1920 472 EXCIDIO
1957 411 2234 472 HIEROS.
2275 414 2481 472 URBIS
2518 413 2649 472 LIB.
2690 415 2781 472 IIl.

3493 416 3636 473 2098

331 529 513 597 irruit,
540 541 595 588 et
613 540 634 568 δ
667 542 852 602 postea
889 532 1097 587 cmtcri.
1125 532 1436 604 Statimque
1462 547 1655 590 omnes
1671 533 1763 604 qui
1788 531 1930 589 iute-
1956 535 2012 596 Α
2034 533 2125 589 ubi
2155 533 2304 589 nasci
2325 547 2356 589 a
2384 533 2766 605 superioribus
2790 535 3055 604 temporis
3081 533 3217 588 viris
3239 531 3632 589 aestimabatur.

329 623 447 680 rius
472 633 651 691 erant,
673 623 902 697 diSpersi
936 625 988 680 in
1021 625 1200 697 fugam
1227 664 1244 690 ,
1272 624 1366 680 alii
1395 625 1890 697 prosternebantur
1915 669 1932 695 ,

327 719 422 774 alii
451 719 812 776 ascendentes
843 721 1054 791 navigia
1081 763 1096 784 ,
1122 721 1175 776 in
1209 721 1387 776 lacum
1427 721 1886 792 demergebantur
1914 763 1928 788 ,

329 816 457 870 eazsi
489 815 638 870 intus
667 815 824 870 multi
851 817 1134 871 mortales.
1176 815 1322 871 Sane
1347 817 1439 886 qui
1485 816 1553 872 de
1584 818 1726 887 agris
1753 825 1932 884 erant,

327 905 635 963 offerebant
660 923 785 963 sese
815 907 1075 963 Romanis
1099 907 1310 964 alienos
1345 908 1519 978 culpae
1574 919 1886 965 asserentes
1915 950 1932 977 ,

327 1000 525 1071 quibus
553 1001 642 1071 pio
671 1000 1046 1057 moderamine
1079 1001 1234 1057 Titus
1285 1003 1613 1072 parcendum
1662 1002 1882 1072 putabat
1915 1042 1931 1068 ,

327 1093 477 1147 solos
501 1107 708 1163 urgens
740 1093 1060 1150 rebellionis
1105 1101 1384 1149 auctores.
1442 1093 1589 1149 Misit
1644 1094 1827 1164 itaque
1865 1095 1931 1148 ad

328 1197 539 1257 patrem
582 1187 822 1258 equitem
849 1228 865 1255 ,
907 1188 1001 1258 qui
1023 1187 1300 1244 nuntiaret
1359 1196 1613 1243 eventum
1664 1187 1932 1243 victoriae.

327 1279 445 1350 Quo
471 1279 777 1336 delectatus
804 1279 1176 1352 Vespasianus
1211 1321 1226 1345 ,
1257 1289 1313 1336 et
1345 1281 1581 1336 maxime
1616 1279 1713 1334 ﬁlii
1745 1277 1933 1334 trium-

327 1374 461 1444 pho,
492 1374 586 1444 qui
613 1373 902 1428 maximam
934 1371 1241 1442 portionem
1276 1372 1440 1427 totius
1463 1371 1592 1427 belli
1622 1371 1937 1427 confecerat

327 1465 471 1536 quod
497 1465 764 1520 adversus
789 1463 1032 1520 Iudaeam
1059 1463 1386 1535 gerebatur,
1415 1478 1481 1519 eo
1503 1463 1784 1520 contendit
1815 1504 1832 1531 ,
1881 1472 1938 1518 et

322 1558 487 1630 jussit
514 1558 792 1614 observari
823 1558 1014 1615 urbem
1041 1557 1391 1628 diligentius,
1423 1572 1492 1614 ne
1518 1557 1642 1628 quis
1677 1555 1935 1613 elabere-

331 1662 440 1720 tur,
471 1668 540 1709 eo
562 1653 710 1724 quod
741 1653 982 1710 universi
1017 1667 1191 1724 paena:
1221 1652 1572 1708 deberentur.
1600 1650 1724 1708 Alio
1751 1658 1932 1708 tamen

327 1747 418 1803 die
449 1755 675 1818 propter
698 1761 795 1803 eos
834 1747 926 1818 qui
981 1746 1034 1801 in
1085 1747 1318 1818 scaphas
1372 1760 1495 1801 sese
1543 1746 1931 1812 contulerant,

328 1848 482 1894 rates
512 1837 631 1895 fieri
657 1838 857 1910 jussit:
891 1853 1011 1909 qua:
1040 1838 1162 1894 sine
1192 1853 1345 1894 mora
1367 1837 1558 1903 factm;
1591 1839 1846 1910 quoniam
1878 1845 1935 1894 et

2036 626 2150 683 Nec
2172 636 2352 683 tamen
2383 643 2411 681 a
2446 628 2715 698 principio
2754 626 2946 682 eadem
2996 626 3187 682 Pannii
3214 667 3232 694 ,
3264 625 3370 681 nisi
3399 624 3512 680 sola
3543 640 3638 680 na-

2037 723 2230 779 turalis
2255 724 2460 794 gratia:
2507 723 2602 778 sed
2635 722 2838 792 regalis
2867 720 3122 794 Agrippa:
3153 720 3525 777 munificentia
3552 734 3643 775 or-

2036 825 2200 872 natus
2231 817 2350 872 loco
2393 816 2613 871 uberior
2637 814 3087 886 splendidiorque
3117 813 3321 880 aditus,
3357 828 3464 884 quo
3510 827 3638 883 spe-

2038 910 2198 965 laeum
2224 909 2424 965 decore
2447 908 2780 974 admirabili,
2818 923 2914 978 per
2942 907 3085 979 quod
3123 921 3245 963 sese
3290 905 3484 961 attollit
3516 905 3643 961 Jor-

2037 1001 2212 1066 danis,
2245 1010 2584 1057 exstructum
2617 1009 3073 1072 venustatumque
3113 1002 3445 1070 accepimus.
3481 998 3641 1056 Unde

2037 1111 2146 1152 non
2181 1096 2368 1151 latenti
2399 1095 2508 1164 jam
2539 1111 2716 1166 neque
2744 1093 2932 1150 abdito
2975 1110 3071 1166 per
3099 1108 3268 1150 cavos
3295 1104 3454 1149 terrae
3485 1107 3639 1149 mea-

2039 1199 2146 1260 tus,
2180 1191 2276 1247 sed
2303 1190 2498 1246 visibili
2529 1205 2627 1261 per
2657 1202 2830 1246 terras
2861 1199 3024 1262 atque
3057 1201 3250 1261 aperto
3287 1188 3507 1244 ﬂumine
3557 1189 3640 1244 in-

2036 1285 2245 1355 cipiens
2269 1325 2284 1350 ,
2317 1282 2712 1354 superfundere
2761 1298 2820 1338 se
2861 1282 3363 1338 Semecbonitidem
3412 1281 3589 1337 lacum
3617 1321 3634 1347 ,

2039 1375 2379 1447 paludesque
2409 1377 2525 1444 ejus
2557 1375 2871 1430 intersecat.
2893 1374 3023 1430 Inde
3050 1389 3270 1445 quoque
3292 1388 3487 1430 cursus
3509 1386 3638 1428 suos

2038 1469 2301 1540 dirigens,
2331 1478 2548 1524 centum
2575 1467 2766 1539 viginti
2793 1465 2967 1523 stadia
2997 1468 3116 1523 sine
3144 1467 3252 1522 ulla
3281 1465 3640 1522 interlusione

2038 1560 2384 1631 progreditur
2405 1575 2579 1631 usque
2605 1559 2673 1615 ad
2697 1559 2904 1627 urbem,
2937 1560 3026 1614 cui
3054 1559 3226 1615 Julias
3253 1575 3452 1616 nomen
3473 1578 3486 1612 :
3507 1573 3637 1629 pos-

2039 1665 2124 1711 tea
2153 1656 2328 1712 lacum
2354 1657 2516 1714 istum
2545 1659 2634 1729 qui
2669 1657 2915 1714 Genesar
2941 1657 3138 1712 dicitur
3174 1697 3189 1724 ,
3220 1656 3400 1711 medio
3449 1655 3644 1711 transit

2037 1749 2274 1806 ﬂuento:
2299 1751 2496 1822 quibus
2521 1766 2586 1806 ex
2620 1750 2753 1806 locis
2787 1751 3017 1822 plurima
3063 1750 3508 1818 circumvagatus
3537 1746 3636 1802 de-

2039 1854 2205 1910 serta,
2241 1842 2550 1914 Asphaltite
2576 1843 2870 1914 suscipitur
2899 1843 3049 1910 lacu,
3083 1851 3249 1912 atque
3280 1841 3337 1896 in
3367 1855 3490 1897 eum
3510 1853 3643 1894 con-

327 1932 478 1988 silva:
507 1934 773 2002 finitimze,
804 1944 860 1989 et
881 1933 1119 2004 operarii
1151 1931 1398 2004 plerique
1435 1932 1776 1989 accelerandi
1809 1948 1932 1988 mu-
1964 1939 2013 2001 Β
2038 1933 2211 1990 ditur.
2237 1934 2423 2007 Itaque
2468 1935 2606 1991 duos
2640 1936 2792 1992 lacus
2837 1936 3012 1991 victor
3035 1949 3292 2006 egressus
3328 1975 3342 2000 ,
3395 1933 3449 1988 in
3478 1931 3644 1987 tertio

328 2026 474 2083 neris
497 2027 809 2084 facultatem
832 2026 1054 2083 dedere.

907 2119 1135 2178 CAPUT
1158 2117 1352 2175 XXVI.

399 2213 642 2286 Namque
675 2214 826 2272 lacus
857 2215 1050 2286 ipsius,
1080 2215 1231 2270 velut
1251 2213 1487 2285 quodam
1527 2211 1695 2269 maris
1722 2210 1931 2267 ambitu

326 2309 482 2364 sinus
520 2308 888 2379 amplissimus
921 2351 934 2373 ,
985 2308 1040 2362 in
1089 2307 1480 2379 longitudinem
1529 2315 1753 2363 centum
1801 2321 1933 2378 qua.

329 2403 584 2475 draginta
635 2403 954 2460 extenditur
987 2403 1162 2459 stadia
1197 2445 1212 2472 ,
1255 2402 1544 2458 latitudine
1573 2400 1933 2473 quadraginta

325 2499 670 2568 diffunditur,
701 2499 1066 2571 crispantibus
1090 2499 1248 2570 aquis
1273 2512 1460 2554 auram
1493 2497 1561 2552 de
1610 2497 1796 2566 seipso
1826 2493 1932 2550 sibi

326 2594 596 2649 excitans.
630 2591 790 2648 Unde
818 2601 873 2648 et
900 2591 1146 2648 Genesar
1175 2591 1374 2647 dicitur
1413 2589 1610 2646 Graeco
1637 2588 1929 2654 vocabulo,

323 2686 480 2758 quasi
501 2701 768 2756 generatis
799 2685 901 2741 sibi
935 2700 1155 2740 auram:
1205 2698 1347 2755 aqua
1375 2683 1556 2739 dulcis
1586 2724 1602 2747 ,
1629 2691 1685 2738 et
1727 2681 1796 2737 ad
1837 2695 1932 2752 po-

325 2778 553 2835 tandum
583 2778 813 2834 habilis:
837 2777 1101 2849 siquidem
1127 2791 1230 2832 nec
1255 2777 1513 2847 paluStris
1537 2776 1755 2847 uliginis
1775 2789 1930 2831 cras-

325 2887 448 2929 sum
465 2872 666 2945 aliquid
689 2882 782 2928 aut
811 2871 1084 2928 turbidum
1117 2870 1316 2943 recipit
1344 2914 1359 2939 ,
1390 2872 1515 2942 quia
1553 2885 1788 2926 arenoso
1827 2886 1934 2924 un-

324 2965 495 3039 dique
518 2967 698 3022 littore
726 2967 1179 3033 circumvenitur,
1217 2975 1273 3021 et
1321 2964 1680 3034 temperatior
1723 2972 1812 3020 est
1834 2963 1934 3018 ﬂu-

327 3061 458 3117 viali
483 3069 575 3116 aut
608 3060 772 3116 fontis
801 3059 1003 3130 rigore.
1047 3058 1321 3131 Frigidior
1351 3067 1529 3115 tamen
1563 3057 1790 3128 placidae
1833 3072 1932 3128 pa.

325 3152 472 3210 ludis
501 3168 718 3225 aequore
749 3193 765 3222 ,
795 3168 862 3209 eo
915 3153 1034 3222 ipso
1059 3152 1202 3224 quod
1246 3167 1354 3207 non
1404 3152 1458 3207 in
1502 3153 1676 3223 stagni
1722 3165 1932 3208 morem

323 3246 594 3302 sternitur
621 3262 758 3318 aqua
787 3289 802 3313 ,
835 3245 931 3302 sed
962 3261 1061 3318 per
1091 3245 1372 3302 diffusiora
1439 3246 1614 3314 spatia
1646 3246 1793 3301 lacus
1823 3243 1935 3300 fre-

2038 2027 2226 2084 lueret.
2260 2028 2756 2085 Praetenditautem
2787 2028 2938 2099 regio
2969 2026 3245 2096 Genesar,
3273 2025 3518 2096 ejusdem
3551 2038 3644 2079 no-

2035 2124 2202 2180 minis
2224 2125 2421 2192 laeum,
2451 2124 2522 2179 de
2553 2139 2660 2194 quo
2681 2134 2736 2179 et
2763 2124 2880 2194 ipsa
2920 2122 3246 2178 vocabulum
3295 2118 3589 2190 assumpsit
3622 2158 3639 2184 ,

2035 2217 2275 2274 mirabili
2303 2227 2509 2273 naturae
2528 2217 2702 2288 gratia
2727 2227 2784 2273 et
2813 2217 2997 2286 specie
3027 2212 3472 2286 pulchritudinis.
3502 2210 3639 2267 Nam

2035 2320 2090 2367 et
2110 2318 2442 2382 spontaneos
2469 2308 2679 2366 fruetus
2701 2310 2804 2365 soli
2833 2310 3056 2366 ubertas
3086 2310 3358 2365 ministrat
3388 2349 3405 2376 ,
3449 2317 3504 2362 et
3545 2322 3642 2362 ne-

2035 2420 2250 2460 morum
2278 2404 2429 2460 ferax
2456 2405 2508 2458 iu
2533 2405 2784 2459 universa
2817 2418 3018 2474 genera
3063 2412 3257 2473 sponte
3285 2416 3344 2457 se
3366 2399 3596 2471 subrigit
3624 2416 3638 2452 :

2036 2496 2295 2551 arborum
2347 2496 2742 2566 pomiferarum
2779 2503 2834 2552 et
2877 2495 3109 2550 cultura:
3167 2494 3386 2550 solertia
3429 2493 3640 2548 imitata

2037 2600 2312 2657 naturam,
2346 2588 2398 2644 in
2444 2602 2584 2660 quos
2606 2589 2775 2644 voluit
2815 2602 2944 2644 usus
2979 2630 2994 2656 ,
3048 2588 3246 2658 opima:
3293 2585 3644 2642 fecunditatis

2036 2681 2260 2739 deﬂexit
2285 2682 2548 2752 gratiam;
2577 2691 2636 2736 ut
2681 2680 2817 2736 nihil
2849 2681 2921 2736 sit
2951 2680 3062 2736 illic
3083 2679 3228 2752 quod
3260 2687 3449 2734 natura
3475 2692 3641 2748 nega-

2038 2778 2198 2842 verit,
2232 2776 2367 2832 nihil
2411 2775 2556 2847 quod
2605 2775 2817 2831 cultura
2848 2775 3199 2846 praeterierit:
3239 2773 3312 2829 ita
3343 2784 3501 2844 aptus
3527 2787 3645 2826 om-

2038 2873 2238 2939 nibus,
2283 2889 2382 2929 nec
2405 2871 2527 2928 ullis
2575 2885 2832 2942 umquam
2887 2870 3102 2927 alienus
3139 2869 3427 2926 fructibus.
3478 2865 3646 2938 Cujus

2037 2977 2184 3023 tanta
2211 2968 2506 3038 temperies
2533 3007 2549 3033 ,
2586 2975 2644 3020 ut
2674 2965 2918 3022 omnium
2964 2964 3306 3021 nascentium
3357 2960 3644 3017 conveniat

2037 3061 2363 3117 diversitati.
2398 3059 2512 3116 lllic
2540 3068 2733 3131 etquae
2775 3058 2981 3130 frigore
3008 3059 3263 3126 aluntur,
3297 3071 3418 3112 sese
3459 3054 3647 3110 multi-

2038 3155 2257 3227 pliciter
2283 3154 2586 3222 effundunt,
2613 3162 2810 3224 etquae
2849 3163 2984 3209 :estu
3014 3153 3288 3210 foventur.
3316 3150 3430 3207 Illic
3455 3151 3642 3206 aestiva

2039 3249 2285 3304 hibernis
2308 3247 2479 3304 mixta
2503 3247 2666 3302 simul
2692 3247 2949 3318 aspicias,
2977 3254 3191 3303 arctoas
3222 3259 3412 3312 nuces,
3437 3255 3492 3300 et
3517 3243 3646 3300 dac-

324 3341 582 3412 quentius
603 3339 750 3396 auris
799 3341 1132 3410 spirantibus
1163 3339 1428 3410 agitatur:
1481 3337 2004 3410 undeetpuriorc
2039 3343 2180 3416 tylos
2234 3343 2337 3398 nisi
2403 3341 2542 3397 locis
2604 3341 3030 3398 ferventioribus
3093 3340 3343 3412 generari
3403 3338 3640 3394 nescios.

327 3435 559 3490 haustus
586 3434 726 3505 ejus,
758 3449 823 3490 ac
845 3433 1064 3490 mollior
1093 3442 1180 3490 est
1207 3433 1276 3489 ad
1325 3448 1483 3488 usum
1508 3432 1766 3498 bibendi;
1800 3441 1854 3488 et
1884 3431 1933 3488 si

324 3530 452 3599 quis
477 3529 705 3584 naturali
733 3530 922 3600 gratiae
944 3528 1184 3584 studium
1209 3527 1508 3599 adjungere
1542 3527 1710 3592 velit,
1747 3535 1809 3582 ut
1830 3539 1934 3581 aes-

325 3622 455 3676 tivis
482 3636 824 3693 suspensam,
857 3621 924 3677 ad
956 3637 1120 3676 auras
1149 3620 1400 3676 noctibus
1441 3635 1593 3676 more
1625 3620 1928 3676 incolarum

324 3716 478 3787 potui
506 3713 674 3786 patet,
705 3714 1122 3786 haudquaquam
1165 3729 1192 3767 a
1225 3714 1366 3768 nivis
1399 3714 1504 3768 ritu
1533 3712 1742 3768 distare
1783 3712 1931 3768 arbi—

324 3819 528 3866 tretur.
579 3809 792 3866 Genera
836 3824 1050 3880 quoque
1113 3809 1342 3878 piscium
1399 3816 1562 3877 gustu
1613 3817 1668 3863 et
1695 3807 1880 3876 specie
1911 3847 1928 3874 ,

321 3918 491 3972 quam
518 3903 571 3958 in
603 3903 714 3958 alio
745 3902 1146 3973 praestantiora.
1193 3901 1300 3956 Res
1329 3900 1551 3971 exigere
1592 3900 1841 3968 videtur,
1873 3909 1932 3956 ut

321 3995 584 4051 Jordanis
630 4004 810 4050 ortum
846 4010 1009 4066 quem
1060 3994 1188 4050 alibi
1239 3993 1593 4064 promisimus
1615 3991 1667 4058 δ,
1718 3993 1933 4062 aperia-

323 4103 490 4144 mus:
521 4103 646 4143 nam
676 4088 976 4159 superioris
1010 4088 1108 4143 aevi
1135 4087 1334 4152 dubio,
1371 4097 1548 4142 utrum
1581 4085 1650 4141 de
1681 4085 1802 4142 lacu
1827 4085 1934 4144 Ge-

323 4197 514 4248 nesar,
538 4181 738 4238 ﬂumen
763 4185 849 4237 cui
892 4197 1090 4237 uon‘ien
1117 4180 1372 4236 Jordanis
1389 4221 1402 4244 .
1426 4181 1738 4235 exoriretur
1759 4221 1775 4245 ,
1805 4180 1934 4234 Phi-

323 4279 514 4349 lippus
544 4277 850 4334 tetrarches
869 4275 1274 4332 Trachonitidis
1318 4275 1557 4346 regionis
1585 4273 1780 4329 falsam
1817 4274 1936 4346 opi-

322 4375 551 4430 nionem
602 4372 928 4443 redarguit,
972 4385 1329 4440 erroremque
1392 4368 1672 4436 absolvit,
1711 4367 1934 4424 mittens

325 4466 520 4538 paleas
549 4466 600 4520 in
630 4465 898 4531 Phialam,
929 4479 1066 4535 quas
1089 4465 1144 4518 in
1171 4463 1381 4518 Pannio
1417 4461 1614 4516 ﬂuvius
1665 4461 1934 4517 ebullivit.

329 4561 489 4619 Unde
520 4563 688 4631 liquet
717 4577 822 4616 non
853 4559 1135 4616 exordium
1161 4573 1284 4613 esse
1313 4557 1572 4612 Iordanis
1598 4555 1652 4611 in
1683 4555 1891 4611 Pannio
1915 4597 1932 4624 ,

327 4655 429 4712 scd
456 4655 741 4710 ﬂuentum.
773 4653 892 4709 Non
919 4654 1064 4709 enim
1098 4652 1171 4706 ibi
1212 4651 1336 4706 fons
1361 4651 1480 4721 ejus
1510 4659 1614 4713 cst.
1643 4659 1704 4705 ut.
1742 4651 1812 4705 ab
1842 4665 1932 4716 eo,

2033 3438 2174 3508 Quid
2208 3438 2343 3492 ﬂcus
2367 3446 2462 3492 aut
2491 3437 2676 3493 auleas
2705 3437 2899 3507 loquar
2928 3479 2943 3502 ,
2988 3451 3121 3506 quas
3151 3434 3278 3490 οωΙὶ
3305 3433 3522 3490 mollior
3547 3432 3648 3487 alit

2034 3530 2278 3586 tractus?
2301 3544 2403 3585 nec
2433 3538 2612 3584 tamen
2639 3539 2925 3600 aequantur
2956 3527 3062 3582 illis
3109 3525 3528 3597 superioribus:
3563 3523 3641 3578 illi

2033 3624 2180 3680 enim
2237 3621 2566 3693 principales
2609 3621 2923 3676 Palaestina:
2949 3662 2962 3686 ,
2998 3628 3052 3675 et
3096 3619 3315 3690 quidem
3355 3616 3645 3674 domestici

2032 3716 2269 3782 fructus,
2294 3730 2471 3786 eoque
2498 3715 2815 3770 uberiores:
2851 3715 2906 3769 hi
2933 3727 3217 3785 suppares,
3245 3721 3302 3768 et
3328 3710 3457 3766 licet
3483 3711 3646 3780 longo

2035 3809 2346 3875 intervallo,
2399 3808 2495 3866 sed
2527 3817 2709 3864 tamen
2739 3805 2764 3845 δ
2811 3808 3074 3879 proximis
3101 3850 3116 3873 ,
3155 3807 3308 3862 dicas
3357 3813 3566 3860 natura:
3591 3813 3648 3860 et

2033 3911 2338 3972 temporum
2355 3900 2653 3972 jucundam
2685 3901 3114 3956 contentionem.
3161 3896 3260 3952 Illa
3289 3898 3443 3968 quasi
3471 3905 3645 3952 mater

2033 3996 2267 4051 fecunda
2299 3997 2481 4052 omnia
2510 4007 2659 4052 creat
2686 4014 2698 4050 :
2731 3995 2925 4051 horum
2972 3995 3266 4066 temperies
3311 3993 3465 4063 quasi
3499 3993 3644 4048 bona

2037 4092 2244 4158 nutrix,
2272 4091 2421 4146 molli
2446 4090 2558 4146 fetu
2581 4091 2838 4146 universa
2871 4090 3089 4145 educat.
3115 4088 3301 4160 Itaque
3324 4104 3430 4143 non
3463 4085 3641 4142 solum

2036 4185 2244 4241 affatim
2271 4194 2604 4257 generantur
2628 4199 2910 4256 pomorum
2942 4185 3314 4248 diversitates,
3353 4183 3450 4238 sed
3478 4183 3644 4238 etiam

2036 4289 2468 4346 conservantur;
2519 4291 2578 4335 ut
2615 4280 2797 4351 aliqua
2827 4295 3029 4351 genera
3077 4280 3312 4336 maxima
3334 4287 3491 4351 parte
3517 4276 3647 4332 anni

2038 4388 2148 4428 non
2179 4373 2466 4430 deﬂciant:
2508 4373 2716 4444 reliqua
2743 4374 2924 4428 omnia
2972 4382 3084 4429 tota
3113 4373 3239 4428 anni
3268 4381 3429 4428 :etate
3474 4386 3646 4442 usque

2038 4466 2106 4522 ad
2138 4466 2300 4523 ﬁnem
2343 4467 2640 4538 supersint.
2695 4465 2831 4521 Nam
2871 4477 2927 4522 et
2957 4482 3078 4521 uvae
3106 4476 3162 4522 et
3194 4466 3329 4520 licus
3355 4479 3475 4536 qua:
3519 4472 3648 4519 sunt

2038 4562 2096 4616 in
2127 4560 2385 4627 insitivis,
2414 4560 2618 4630 regalis
2650 4559 2936 4630 cujusdam
2963 4559 3177 4629 gratiae,
3205 4559 3394 4616 decem
3446 4557 3651 4614 mensi-

2041 4655 2144 4711 bus
2174 4655 2291 4712 sine
2313 4655 2426 4710 ullo
2452 4655 2670 4711 defectu
2713 4653 3022 4710 redundant
3053 4696 3068 4721 ,
3106 4663 3162 4709 ct
3193 4654 3385 4726 reliqui
3439 4654 3650 4710 fructus

331 4763 434 4804 usu
455 4757 776 4803 czcterorum
812 4746 1098 4801 ﬂuminum
1137 4743 1403 4814 emperit:
1434 4743 1532 4799 sed
1561 4742 1629 4799 de
1655 4743 1844 4798 Phiala
1877 4745 1930 4799 in
1958 4731 2011 4793 D
2040 4765 2313 4806 ramorum
2345 4791 2362 4816 ,
2392 4764 2528 4822 quos
2562 4748 2651 4804 vel
2701 4747 2955 4804 violentia
3009 4763 3134 4804 rura
3181 4757 3376 4818 sponte
3426 4748 3648 4820 propria

328 4840 545 4898 Tracho
574 4839 764 4896 eodem
795 4839 1175 4895 subterraneis
1204 4837 1483 4893 derivatus
1524 4837 1818 4904 meatibus,
1856 4836 1930 4891 ibi

323 4934 532 4990 iterum
561 4934 716 5005 quasi
745 4933 867 4989 fons
892 4932 1139 4997 scaturit,
1165 4939 1326 5000 atque
1343 4945 1630 5000 emergens
1655 4930 1929 5000 proditur.

329 5027 434 5083 Est
461 5039 641 5081 autem
675 5025 861 5080 Phiala
892 5025 944 5080 in
989 5023 1376 5080 'I‘raehouitide
1413 5033 1578 5089 terra,
1609 5030 1827 5077 centum
1848 5023 1930 5078 vi-

329 5120 466 5192 ginti
504 5117 957 5190 iuterjacentibus
988 5115 1210 5183 stadiis,
1236 5131 1406 5187 usque
1435 5113 1503 5169 ad
1535 5114 1722 5170 urbem
1747 5113 1929 5170 Cassa-

329 5229 512 5269 ream.
547 5211 750 5268 Phiala:
777 5221 959 5266 autem
1005 5225 1204 5266 nomen
1232 5220 1254 5247 ο
1283 5223 1408 5279 Spes
1437 5207 1627 5274 dedit,
1659 5208 1816 5279 quasi
1841 5223 1930 5263 ro-

333 5313 403 5362 tae
431 5306 742 5377 qualitatem
767 5304 1079 5374 exprimens
1109 5346 1124 5367 ,
1155 5302 1299 5373 quod
1334 5303 1405 5357 ita
1438 5301 1638 5373 jugiter
1663 5301 1824 5372 plena
1849 5313 1935 5358 est

331 5416 593 5468 aquarum
624 5441 638 5465 ,
674 5410 734 5454 ut
760 5413 937 5470 neque
963 5395 1335 5468 superﬂuant,
1371 5412 1472 5452 nec
1516 5413 1706 5452 rursus
1751 5396 1937 5468 aliqua

333 5495 572 5553 derivari
633 5493 939 5549 minutione
1006 5492 1402 5562 intelligantur.
1459 5490 1691 5546 Inferius
1759 5490 1939 5562 itaque

329 5605 592 5648 mensura
616 5589 852 5660 quadam
883 5587 1083 5644 labitur
1112 5601 1274 5657 aqua,
1311 5595 1366 5640 et
1387 5584 1480 5640 ubi
1514 5584 1774 5640 Panniqu
1805 5594 1887 5640 est
1922 5626 1936 5650 ,

333 5700 529 5744 rursus
549 5684 744 5742 ebullit
776 5725 792 5751 ,
825 5691 884 5738 ut
927 5681 1100 5753 paleis
1144 5678 1562 5750 resurgentibus
1625 5676 1941 5734 manifesta-

334 5789 451 5836 tum
471 5787 579 5836 est.
609 5777 687 5834 Ita
717 5776 789 5832 ibi
831 5775 1085 5831 Jordanis
1125 5773 1498 5831 resurrexisse
1539 5771 1788 5845 proditus
1817 5780 1938 5841 est,

412 5900 439 5963 ει
474 5887 542 5963 Et
562 5898 675 5963 πρυ
707 5904 826 5963 ατη.
847 5888 1034 5963 cemi-
1062 5887 1230 5963 Βλξιξιο

416 5959 443 5998 ξι
483 5949 749 6013 Nimirum
773 5957 866 6012 lib.
904 5955 946 6024 ι,
979 5963 1102 6022 cap.
1132 5949 1223 6011 stt.
1254 5949 1328 6010 nt.

2037 4843 2422 4914 praecaverint,
2461 4841 2550 4898 vel
2584 4839 3035 4913 iugeneraveriut
3085 4841 3350 4897 industria
3383 4842 3645 4909 humana,

2037 4936 2404 4992 ministerium
2451 4951 2610 4991 suum
2640 4976 2656 5002 ,
2689 4934 2793 4990 nisi
2826 4933 2983 4990 novis
3025 4933 3446 4990 succedentibus
3477 4975 3493 5001 ,
3547 4949 3649 4990 usu

2035 5029 2273 5101 quodam
2304 5028 2808 5084 administrantium
2856 5027 3117 5084 deserere
3155 5042 3263 5082 nou
3295 5035 3521 5083 norunt.
3564 5025 3650 5081 Ad

2038 5123 2180 5178 hanc
2199 5132 2406 5178 natura:
2429 5121 2763 5178 fertilitatem
2809 5128 2865 5176 et
2892 5121 3040 5176 aeris
3073 5120 3418 5190 temperiem,
3442 5117 3652 5175 accedit

2036 5225 2092 5272 et
2116 5213 2279 5270 fontis
2308 5213 2481 5285 gratia
2507 5255 2522 5281 ,
2573 5213 2664 5284 qui
2716 5221 3074 5268 memoratam
3108 5213 3387 5283 regionem
3431 5209 3650 5280 genitali
3710 5247 3712 5250 μ

2049 5309 2286 5380 quadam
2341 5308 2529 5379 irrigat
2579 5306 2852 5362 inlusione
2877 5347 2891 5368 .
2933 5305 3276 5376 Capernaum
3327 5317 3523 5360 nomen
3552 5302 3603 5358 ei
3635 5345 3651 5367 ,

2043 5417 2204 5474 quam
2235 5400 2340 5456 Nili
2380 5399 2618 5455 ﬂuminis
2646 5414 2839 5454 venam
2872 5442 2886 5466 ,
2923 5397 3067 5454 haud
3115 5396 3391 5468 superﬂuo
3430 5395 3649 5466 quidam

2041 5494 2486 5549 aesumaverunt:
2513 5506 2622 5547 non
2656 5493 2834 5547 solmn
2881 5490 3008 5562 quia
3041 5490 3260 5562 irriguis
3295 5503 3422 5544 arva
3445 5489 3650 5558 opima,

2040 5603 2231 5644 verum
2259 5588 2423 5644 etiam
2447 5585 2573 5659 quia
2606 5586 2921 5658 hujusmodi
2964 5595 3112 5642 creat
3139 5585 3368 5657 piscem,
3399 5594 3456 5639 ut
3489 5599 3652 5640 cora-

2043 5681 2229 5737 cinum
2263 5690 2420 5752 putes
2446 5722 2462 5748 ,
2513 5679 2609 5751 qui
2638 5680 2692 5736 in
2725 5679 3100 5736 Alexandrino
3152 5678 3272 5734 lacu
3293 5692 3360 5733 ex
3385 5675 3491 5733 Nili
3517 5678 3658 5733 infu-

2039 5775 2202 5833 sione
2224 5776 2518 5848 reperitur.
2538 5774 2718 5832 Locus
2733 5789 2950 5847 quoque
2963 5773 3034 5831 de
3051 5773 3271 5832 nomine
3288 5772 3436 5830 lacus
3453 5770 3654 5830 dictus.

2783 5917 3019 6010 vldotltlh
3055 5909 3125 6011 δέ
