4112 6350
522 374 666 434 2099

1867 376 2113 436 SANCTI
2150 377 2482 436 AMBROSII

3656 380 3776 440 ‘2l00

524 490 890 551 Prtetonditur
909 493 963 550 in
993 492 1334 562 longitudine
1380 492 1604 564 triginta
1655 492 1846 550 stadiis
1866 534 1882 561 ,
1920 495 1976 551 in
2002 494 2127 552 latio
2150 496 2204 562 Δ
2229 495 2365 552 odor
2388 539 2402 561 ,
2427 497 2736 552 teterrimos
2768 496 2911 554 fetor
2948 498 3218 555 locorum.
3248 498 3355 557 Sex
3395 500 3556 558 millia
3590 501 3779 560 Judteo-

526 584 714 642 tudine
744 584 952 657 viginti.
977 584 1247 653 Quoniam
1278 584 1348 643 de
1369 593 1560 642 natura
1591 585 1696 642 ioci
1746 585 1984 643 diximus
2008 626 2023 651 ,
2055 586 2123 642 ad
2230 603 2347 643 rum
2371 588 2519 656 (cum
2570 589 2948 660 superioribus
3004 590 3208 663 tamen)
3236 591 3338 648 eth
3380 594 3688 665 septingenti
3724 612 3781 654 co

526 676 1055 735 consummationem
1105 677 1280 748 pr:e|ii
1341 677 1735 747 regrediamur.
1801 676 2128 748 Praeparatis
2230 680 2539 751 interempti
2582 680 2794 750 praelio.
2822 682 3009 740 Victor
3030 684 3395 756 Vespasianus
3422 685 3784 745 Taricheasre-

524 769 712 844 itaque
739 772 971 837 ratibus,
995 769 1298 827 secundum
1324 780 1661 842 praeceptum
1691 784 1873 839 suum,
1907 786 2127 828 manum

524 865 820 921 militarem
869 865 1129 933 imposuit
1180 863 1584 936 Vespasianus,
1636 865 1726 936 qui
1768 865 2130 921 insectaretur

525 975 622 1019 eos
644 960 738 1031 qui
781 959 1124 1033 navigiorum
1156 959 1356 1030 effugio
1396 968 1601 1030 pestem
1634 969 1943 1017 evaserant.
1988 957 2129 1028 Quid

2233 774 2490 830 vertitur:
2544 776 2653 832 illic
2680 778 2919 848 regionis
2960 780 3218 848 populum
3262 779 3330 834 ab
3372 780 3573 835 urbano
3606 781 3787 837 discer-

2233 883 2363 924 nere
2389 868 2642 939 parabat;
2672 878 2731 925 ut
2756 870 2846 941 qui
2879 886 2985 926 non
3010 870 3224 926 fuerant
3243 878 3491 927 auctores
3536 871 3788 929 seditionis

2233 972 2670 1019 reservarentur.
2702 962 2808 1019 Sed
2836 963 3193 1033 plurimorum
3221 963 3469 1032 consilio,
3500 965 3589 1035 qui
3613 974 3789 1022 tantam

529 1055 694 1126 igitur
725 1052 990 1121 facerent,
1021 1068 1129 1109 non
1159 1052 1526 1123 reperiebant.
1558 1051 1825 1107 Nullusiu
1858 1052 2021 1109 terris
2050 1066 2134 1107 sa-

527 1147 656 1204 lutis
687 1147 869 1213 locus;
894 1144 1223 1203 circumfusa
1266 1146 1424 1202 hoste
1469 1145 1684 1201 omnia:
1710 1144 1859 1201 nulla
1901 1145 1953 1200 in
1976 1145 2133 1217 aquis

525 1238 763 1312 fugiendi
784 1247 1058 1308 potestas:
1080 1247 1136 1293 ut
1160 1249 1288 1309 pote
1313 1238 1432 1294 lacu
1451 1236 1657 1305 clauso,
1678 1245 1732 1293 et
1763 1235 2000 1307 undique
2024 1235 2135 1292 Ro-

523 1333 699 1390 manis
724 1331 1081 1391 circumdato.
1111 1330 1267 1388 Nulla
1291 1332 1453 1387 etiam
1483 1330 1535 1386 in
1558 1330 1768 1400 exiguis
1791 1328 2135 1402 myoparoni~

526 1426 629 1483 bus
656 1424 945 1482 resistendi
962 1425 1181 1481 fiducia.
1209 1423 1350 1493 Quid
1371 1423 1518 1481 enim
1550 1423 1706 1494 pauci
1730 1423 1991 1479 adversus
2013 1423 2134 1495 plu-

528 1520 700 1576 rimos
723 1519 966 1576 facerent
992 1560 1010 1586 ,
1036 1518 1245 1577 ratibus
1288 1517 1885 1590 appropinquantibus?
1906 1517 2137 1575 Tardior

525 1612 748 1684 quidem
777 1611 968 1669 harum
999 1610 1282 1682 appulsus,
1310 1620 1367 1668 et
1389 1610 1664 1668 eflicncior
1691 1626 1954 1669 excursus
1981 1610 2137 1668 navi-

524 1705 764 1777 giorum,
793 1704 886 1761 sed
905 1704 1024 1761 sine
1048 1704 1160 1760 ullo
1187 1705 1270 1761 sui
1297 1704 1524 1761 vulnere
1549 1703 1651 1761 soli
1680 1705 2022 1777 clypeorum,
2046 1721 2137 1763 re-
2240 1710 2364 1766 bem
2392 1708 2807 1765 contenderent.
2837 1708 3023 1766 Facile
3064 1709 3416 1766 crediderunt
3436 1749 3453 1774 ,
3484 1707 3621 1780 quod
3658 1722 3803 1778 exop-

525 1796 810 1867 percussis
864 1798 1092 1868 spiculis
1128 1841 1143 1867 ,
1202 1798 1445 1869 crepitus
1491 1798 1874 1857 audiebantur.
1929 1800 2139 1872 Appro-
2243 1801 2978 1876 tabant.Cteperuntegredi
3004 1845 3020 1870 ,
3046 1803 3143 1859 sed
3181 1811 3561 1874 praoccupato
3590 1801 3797 1867 itinere,

526 1888 793 1959 pinquare
832 1905 941 1946 non
1003 1889 1279 1947 audebant
1316 1889 1523 1959 Judaei;
1570 1907 1671 1949 nec
1726 1893 1947 1963 impune
1984 1893 2131 1964 quis-
2161 1897 2212 1961 B
2236 1896 2595 1952 commeantia
2634 1895 2948 1953 Iudaeorum
2980 1896 3162 1952 omnia
3197 1897 3447 1952 clausere
3489 1896 3710 1968 agmina.
3734 1904 3802 1948 at-

533 1995 696 2052 quam
727 1981 929 2052 scapha
960 1983 1182 2053 propius
1232 1993 1543 2041 accesserat
1575 2024 1591 2051 ,
1637 1998 1762 2041 cum
1786 1984 1857 2041 de
1886 1984 2135 2055 proximo
2237 2003 2343 2054 que
2364 1988 2416 2042 in
2451 1988 2600 2043 urbis
2649 1988 2882 2043 stadium
2940 1987 3313 2043 introduxere.
3348 1986 3623 2058 Ingressus
3648 1986 3803 2056 itaque

528 2071 691 2130 facile
744 2073 832 2130 vel
891 2075 1122 2131 telorum
1175 2075 1433 2147 figeretur
1483 2076 1683 2135 ictibus
1715 2118 1732 2146 ,
1782 2078 1866 2134 vei
1921 2079 2136 2137 ratibus

526 2165 958 2237 demergeretur.
1017 2166 1087 2224 Et
1142 2167 1189 2222 si
1240 2169 1361 2237 quis
1410 2179 1638 2225 enatare
1701 2169 1787 2225 vel
1852 2183 2138 2241 emergere

530 2260 882 2329 tentavisset,
926 2258 1141 2332 sagitta:
1183 2260 1367 2332 jaculo
1399 2261 1639 2317 insertus
1682 2261 2047 2319 miserabilem
2081 2263 2136 2319 in

530 2350 783 2409 ﬂuctibus
814 2352 981 2411 vitam
1000 2353 1327 2424 deponebat.
1357 2352 1469 2410 Nec
1512 2353 1717 2411 diutius
1756 2355 2013 2412 resistere
2042 2372 2137 2424 po-

534 2455 774 2512 tuerunt,
798 2460 921 2501 cum
953 2444 1172 2502 diverso
1209 2461 1414 2518 genere
1467 2448 1864 2505 minuerentur.
1895 2447 2137 2518 Namque

532 2542 792 2614 paulatim
825 2543 1285 2601 concurrentibus
1325 2543 1571 2615 plurimis
1594 2545 1824 2614 ratibus,
1857 2546 1924 2603 ad
1954 2546 2138 2603 littora

502 2634 805 2709 'cogebant
836 2634 1067 2693 Romani
1101 2638 1396 2694 maximum
1438 2653 1726 2697 numerum
1774 2639 2133 2711 navigiorum.

534 2732 621 2790 liii
651 2746 785 2788 vero
810 2737 1072 2791 coarctati
1102 2742 1196 2791 aut
1222 2734 1275 2788 in
1304 2742 1501 2795 terram
1533 2743 1559 2773 ιι
1588 2736 1925 2803 resiliebant,
1957 2735 2139 2807 ibique

536 2845 569 2887 a
595 2829 857 2889 Romanis
900 2830 1371 2890 interﬁciebantur
1395 2872 1410 2898 ,
1443 2840 1537 2887 aut
1582 2830 1932 2889 caedebantur
1978 2830 2138 2887 abiis

542 2926 636 2995 qui
664 2925 731 2982 de
757 2925 964 2984 ratibus
992 2926 1274 2996 urgebant,
1303 2936 1396 2984 aut
1420 2941 1690 2985 concursu
1732 2928 1927 2984 ratium
1957 2936 2138 2999 prote-
2241 2926 2620 2993 Gaulanitidis,
2644 2926 2878 2997 Joppeni
2929 2934 2986 2981 et
3035 2924 3315 2982 Gadaritte
3344 2966 3361 2991 ,
3396 2933 3654 2994 tamquam
3697 2913 3801 2972 belli

535 3021 832 3086 rebantur,
860 3029 956 3077 aut
984 3021 1086 3091 ipsi
1126 3035 1186 3079 se
1209 3020 1262 3079 in
1293 3020 1471 3078 lacum
1520 3021 1851 3091 dejiciebant
1876 3063 1894 3090 ,
1925 3037 2049 3079 cum
2082 3024 2135 3079 in
2240 3026 2573 3080 eacitatores
2595 3030 2653 3078 et
2682 3020 3092 3092 perturbatores
3136 3018 3453 3075 concordiae
3476 3059 3491 3081 ,
3526 3015 3803 3072 deserentes

532 3116 767 3186 scaphas
819 3131 1013 3175 eorum
1077 3117 1249 3174 hostis
1302 3116 1555 3173 iusiiiret.
1619 3117 1887 3174 Cerneres
1939 3118 2138 3174 mixtas
2243 3119 2484 3190 propria,
2515 3119 2857 3174 incursantes
2887 3115 3063 3171 aliena
3103 3152 3118 3181 ,
3167 3115 3259 3185 qui
3311 3106 3804 3183 sumptisarmispa-

534 3211 798 3281 sanguine
837 3225 1046 3283 aquas.
1089 3210 1308 3283 plenum
1343 3209 1702 3267 cadaveribus
1753 3211 1951 3269 lacum.
1992 3211 2135 3268 Nulli
2239 3229 2357 3269 cem
2381 3213 2701 3280 violassent,
2733 3212 2913 3281 justas
2932 3218 2989 3267 et
3011 3208 3223 3265 debitas
3252 3216 3355 3279 pro
3386 3203 3692 3279 flagitiorum
3711 3210 3804 3252 me-

539 3306 683 3361 enim
740 3306 1066 3375 parcebatur
1093 3346 1108 3370 ,
1181 3306 1512 3376 quicumque
1564 3314 1902 3362 occurrerat.
1952 3304 2142 3365 Gravis
2169 3301 2214 3365 Ο
2248 3311 2367 3366 ritis
2397 3324 2584 3382 pinnas
2609 3309 2831 3366 dedere.

608 3422 635 3494 ᾗ
662 3415 1023 3494 ρεεὶιίώαῃιη
1043 3418 1212 3494 Bentt.
1662 3490 1674 3494 _
1694 3490 1715 3494 _
1784 3490 1810 3494 _

2256 3424 2446 3481 bamus
2470 3426 2559 3482 lib.
2596 3441 2633 3492 l,
2663 3440 2782 3494 cap.
2812 3422 2905 3478 22.
2934 3420 3207 3478 GALLAND.

606 3486 634 3573 ξ
669 3488 1341 3573 ρᾳξηθρηιὶηιιρςυβιικιὶι).
1372 3504 1434 3547 ut
1457 3526 1472 3553 .
1502 3504 1623 3559 cap.
1653 3490 1744 3546 19.
1771 3490 2052 3573 tinuum
2325 3495 2353 3536 ά
2388 3486 2637 3553 Exclusi?
2670 3486 2838 3553 Bentt.

609 3569 631 3599 ο
674 3558 889 3618 VideSis
925 3561 991 3618 ad
1052 3563 1194 3619 hunc
1229 3561 1405 3620 locum
1427 3602 1441 3626 ,
1465 3558 1587 3633 qute
1613 3563 1862 3635 superius
1894 3571 2122 3620 annota-

2233 1069 2522 1125 superesse
2550 1056 2948 1113 multitudinem
2970 1099 2986 1122 ,
3015 1072 3137 1129 quae
3170 1066 3352 1128 posset
3382 1067 3404 1096 ο
3432 1057 3651 1113 recidiva
3674 1073 3792 1126 prte-

2235 1150 2306 1206 lia
2332 1150 2661 1208 resuscitare
2685 1194 2701 1218 ,
2735 1153 2852 1223 paci
2880 1150 3164 1208 adversam
3180 1192 3197 1218 ,
3219 1162 3276 1208 et
3307 1151 3547 1208 inutilem
3573 1151 3696 1207 locis
3716 1168 3794 1207 ar-

2236 1242 2577 1299 bitrarentur
2598 1245 2617 1316 (
2637 1245 2724 1300 ubi
2740 1245 2885 1301 enim
2907 1247 3278 1302 consisterent
3296 1286 3313 1311 ,
3334 1245 3501 1315 patria
3528 1244 3556 1282 τι
3575 1246 3795 1302 excussi?

2235 1336 2431 1407 quibus
2460 1351 2521 1393 se
2548 1336 2826 1393 alimoniis
2852 1345 3246 1406 sustentarent,
3276 1336 3793 1403 exsortesomnium,

2237 1428 2341 1485 nisi
2374 1440 2529 1501 rapto
2550 1431 2878 1501 viverent?)
2922 1431 3246 1487 sententiam
3301 1429 3488 1492 ﬂexit.
3525 1439 3580 1486 et
3605 1440 3795 1500 sperata

2239 1527 2395 1580 venia
2444 1525 2635 1580 mortis
2691 1525 2948 1596 prrceepit
2983 1565 2996 1590 ,
3045 1530 3105 1580 ut
3133 1524 3521 1596 egrederentur
3555 1538 3615 1580 ea
3666 1532 3797 1595 porta

2237 1631 2360 1688 quas
2395 1625 2544 1672 esset
2569 1631 2600 1671 e
2636 1617 2859 1687 regione
2897 1616 3206 1673 Tiberiadis
3229 1658 3245 1683 ,
3286 1625 3450 1687 atque
3476 1615 3542 1670 ad
3579 1630 3690 1671 eam
3722 1629 3801 1670 ur-

2240 2079 2608 2151 Vespasianus
2634 2121 2652 2147 ,
2685 2088 2923 2150 spectata
2969 2087 3130 2135 aetate
3179 2079 3263 2136 vel
3300 2079 3498 2135 robore
3547 2079 3761 2132 omnium
3787 2117 3800 2142 ,

2236 2186 2374 2243 quos
2404 2172 2507 2228 sibi
2542 2172 2708 2228 statui
2758 2181 3118 2242 praeceperat,
3151 2171 3319 2242 elegit
3344 2187 3440 2226 sex
3470 2170 3631 2225 millia
3672 2168 3800 2238 jure-

2239 2283 2367 2322 num
2411 2266 2735 2324 validiorum
2768 2304 2782 2330 .
2809 2280 2949 2337 quos
2972 2265 3175 2323 Neroni
3230 2265 3286 2320 in
3318 2264 3557 2320 lstlnnon
3603 2261 3800 2329 direxit,

2238 2377 2401 2419 senes
2429 2371 2610 2418 autem
2637 2370 2693 2417 et
2723 2360 2988 2418 invalidos
3010 2360 3159 2416 mille
3176 2359 3448 2415 ducentos
3469 2358 3624 2429 jussit
3647 2354 3801 2411 necari

2241 2455 2575 2525 reliquorum
2610 2455 2828 2526 triginta
2852 2455 3020 2511 millia
3043 2492 3059 2520 ,
3095 2452 3525 2525 quadringentos
3565 2447 3799 2515 vendidit;

2240 2548 2529 2607 universos
2587 2558 2768 2605 autem
2834 2547 3163 2619 quicumque
3222 2545 3296 2602 de
3371 2544 3611 2616 partibus
3677 2539 3802 2611 regni

2240 2642 2497 2715 Agrippa:
2527 2641 2731 2712 reperti
2768 2641 3034 2712 sunt,rcgi
3075 2640 3339 2707 donavit,
3371 2652 3506 2711 quos
3542 2650 3686 2707 asque
3724 2648 3802 2689 rex

2241 2747 2471 2810 accepto
2514 2738 2720 2809 pretio,
2770 2738 2824 2794 in
2893 2735 3177 2792 servitutis
3228 2732 3495 2804 obsequia
3517 2726 3798 2787 transmisit.

2240 2834 2517 2891 Prasterea
2571 2834 2803 2905 populus
2856 2832 2998 2889 alius
3044 2829 3454 2887 'l'rachonitidis
3502 2824 3719 2899 regionis
3757 2830 3804 2879 et

667 3702 3809 3739 W

1692 3828 2041 3917 LIBER
2098 3822 2701 3943 QUARTUS.

1982 3981 2495 4015 ...φ-

1063 4076 1295 4136 ΟΑΡΙΙΤ
1333 4074 1627 4133 PRIMUM.
2248 4086 2363 4131 sam
2417 4075 2611 4132 urbem
2657 4076 2948 4143 arbitrere,
2999 4083 3053 4132 et
3102 4072 3344 4130 maxime
3374 4061 3816 4144 septentrionalem

609 4170 911 4229 Exstinctis
955 4170 1238 4228 Tarlcbeis
1288 4170 1521 4224 maxima
1568 4183 1636 4224 ex
1677 4174 1850 4239 parte,
1910 4167 2144 4223 Romani
2250 4171 2373 4242 ejus
2418 4181 2625 4243 partem
2676 4175 2917 4243 pendere
2964 4168 3266 4235 existimes,
3330 4166 3527 4224 reﬂexa
3583 4158 3820 4233 paulisper

536 4264 781 4323 Galilaeis
829 4264 1056 4321 urbibus
1084 4271 1141 4320 et
1182 4263 1382 4320 finibus
1421 4261 1792 4331 potiebantur,
1844 4262 1949 4316 nisi
1998 4260 2145 4331 quod
2253 4265 2577 4321 meridiana.
2611 4265 2911 4322 Addiderat
2949 4278 3168 4336 quoque
3206 4261 3337 4317 huic
3377 4260 3499 4316 urbi
3528 4252 3819 4313 munitiones

536 4356 901 4415 Gaulanitidls
929 4357 1171 4428 regionis
1191 4357 1321 4412 urbs
1347 4353 1575 4411 Gamala
1597 4355 1934 4410 contumacis
1960 4352 2146 4425 populi
2248 4356 2538 4429 Joseplms,
2566 4359 2763 4430 quibus
2799 4358 2943 4425 freti,
2972 4367 3027 4412 et
3053 4353 3383 4411 conﬂuentis
3408 4368 3477 4407 eo
3503 4336 3821 4406 multitudinis

537 4451 722 4508 alebat
746 4450 995 4523 spiritus,
1030 4448 1164 4506 locis
1194 4450 1323 4504 nixa
1364 4446 1739 4520 asperioribus
1767 4462 1782 4499 :
1816 4460 2049 4518 namque
2082 4460 2146 4501 ea
2251 4465 2504 4516 numero,
2536 4451 2681 4523 regis
2717 4451 2971 4521 Agrippa:
3001 4463 3098 4520 per
3126 4459 3339 4517 septem
3372 4456 3590 4501 menses
3613 4432 3822 4494 obsidio.

539 4545 595 4600 in
629 4552 814 4600 monte
844 4553 927 4600 est
948 4544 1075 4611 sita,
1105 4543 1296 4599 dextra
1324 4542 1573 4613 laevaque
1596 4539 1888 4612 praeruptis
1913 4537 2150 4595 circum-
2254 4558 2377 4599 nem
2401 4544 2663 4600 luserant.
2696 4542 2830 4599 Nam
2863 4551 2919 4599 et
2948 4542 3062 4613 ipsa
3085 4547 3142 4597 et
3169 4540 3392 4595 Sotanis
3414 4546 3471 4594 et
3488 4529 3723 4592 Seleucia
3747 4537 3823 4580 reo

537 4638 652 4693 cisa
684 4636 932 4706 rupibus,
970 4635 1038 4690 ad
1075 4649 1348 4691 summum
1380 4645 1644 4700 arctatur,
1667 4648 1697 4687 a
1725 4630 1907 4688 fronte
1935 4630 2152 4688 abscin—
2251 4637 2342 4709 gui
2374 4636 2492 4707 ejus
2542 4636 2822 4707 portiones
2862 4641 3038 4691 erant.
3089 4633 3339 4691 Seleucia
3367 4631 3521 4703 juxta
3548 4616 3822 4682 amoenissi-

537 4727 689 4784 ditur
706 4726 976 4797 profundo
999 4729 1171 4797 hiatu,
1192 4728 1245 4783 in
1270 4726 1576 4798 posteriora
1593 4725 1929 4797 aliquantum
1951 4724 2151 4781 diﬂun-
2174 4762 2230 4824 Β
2255 4743 2401 4785 mum
2453 4729 2586 4785 illud
2633 4738 2689 4785 et
2732 4728 2953 4784 celebre
2982 4743 3077 4798 per
3106 4725 3324 4800 Syriam
3360 4724 3609 4824 Daphnes
3635 4722 3823 4824 nemus.

539 4821 708 4878 ditur.
744 4820 828 4879 Ab
870 4838 933 4878 ea
981 4838 1199 4894 quoque
1246 4828 1399 4893 parte
1446 4831 1789 4893 augustoque
1831 4820 2150 4891 difﬁcilique
2174 4802 2230 4824 υ
2254 4823 2548 4896 cyparissis
2571 4822 2860 4879 arboribus
2888 4822 3177 4887 intextum,
3208 4826 3428 4875 scatens
3450 4815 3697 4876 fontibus,
3724 4802 3824 4896 trili-

539 4928 790 4981 accessu,
835 4921 894 4969 ut
938 4915 1125 4971 caudas
1176 4914 1357 4970 simile
1403 4914 1505 4970 iter
1548 4913 1782 4985 iudices,
1835 4912 1902 4969 ad
1954 4914 2145 4969 urbem
2256 4894 2357 4971 bus
2398 4915 2802 4986 praetermeanti
2841 4912 3014 4968 ﬂuvio
3041 4912 3147 4968 loci
3177 4926 3337 4982 quem
3370 4909 3633 4965 minorem
3662 4894 3827 4958 Jorda-

544 5008 857 5064 meantibus
887 5024 903 5063 :
930 5022 962 5063 a
1002 5022 1219 5064 smnmo
1253 5008 1460 5064 vertice
1499 5008 1701 5063 collum
1728 5007 1786 5062 in
1816 5005 2145 5064 immensum
2256 5022 2380 5063 nem
2405 5015 2625 5073 vocant,
2653 5007 2982 5062 nutrimenta
3005 5003 3251 5076 quzedam
3280 5003 3472 5059 lacteis
3495 4996 3734 5055 uberibus
3757 4989 3826 5043 in-

538 5100 866 5169 extendens,
894 5111 952 5156 ut
974 5116 1156 5158 arcem
1190 5112 1463 5173 tamquam
1484 5112 1645 5173 caput
1669 5099 1950 5173 praeferat,
1981 5110 2147 5170 atque
2254 5099 2456 5155 fundit.
2485 5099 2555 5155 Et
2584 5106 2762 5155 tamen
2785 5100 2999 5162 civitas,
3032 5106 3088 5153 et
3112 5097 3331 5153 Sotanis
3360 5093 3627 5167 superior,
3653 5081 3825 5143 Gallia1

539 5198 594 5252 in
628 5195 917 5253 sublimem
944 5197 1118 5266 erigat
1145 5197 1528 5254 altitudinem:
1576 5196 1734 5253 exilis
1771 5210 1802 5250 a
1850 5196 2143 5267 principio,
2254 5194 2442 5250 nitidis
2468 5197 2649 5265 portio
2672 5193 2899 5250 inferior
2920 5192 3185 5249 Gamalis.
3232 5190 3389 5247 Unde
3431 5200 3487 5244 et
3514 5183 3697 5242 studiis
3718 5177 3825 5233 dis-

540 5296 599 5347 et
627 5300 900 5361 tamquam
939 5290 1154 5344 sinuato
1192 5290 1410 5346 clivosis
1438 5290 1772 5346 anfractibus
1812 5290 1952 5357 solo,
1986 5301 2147 5361 atque
2252 5288 2573 5345 sonantibus
2600 5287 2708 5343 illa:
2729 5288 3048 5342 societatem
3081 5286 3380 5341 Romanam
3407 5282 3696 5353 elegerant.
3717 5270 3826 5329 liae

540 5383 599 5439 in
631 5383 958 5456 profundum
996 5381 1250 5439 demerso
1278 5403 1291 5437 :
1323 5382 1452 5440 dein
1499 5383 1653 5455 quasi
1685 5391 1927 5438 montem
1956 5396 2145 5453 quetn-
2250 5382 2555 5440 rebellabat
2601 5380 2739 5437 adeo
2772 5379 3147 5452 pertinaciter,
3202 5387 3259 5434 ut
3306 5393 3431 5434 cum
3481 5391 3574 5431 rex
3630 5365 3825 5442 ιιτορίθν

537 5480 661 5536 dam
719 5479 955 5536 cervicis
1005 5476 1189 5534 medio
1243 5478 1545 5544 attollens;
1621 5484 1821 5533 czetera
1870 5482 2144 5548 praerupta
2250 5474 2424 5529 muris
2460 5487 2558 5530 eos
2601 5472 2802 5543 alloqui
2833 5473 3015 5538 vellet,
3064 5470 3244 5526 fundae
3268 5467 3456 5540 jaeulo
3496 5463 3822 5521 sauciaretur.

539 5582 702 5643 atque
728 5569 902 5625 invia.
937 5567 1093 5627 Uade
1119 5568 1422 5641 pleriquea
1467 5566 1841 5637 superioribus
1867 5565 2146 5622 Gamalam
2251 5568 2417 5638 Cujus
2450 5567 2646 5638 injuria
2686 5564 2919 5620 Romani
2947 5563 3187 5632 accensi,
3235 5559 3609 5618 vehementius
3645 5555 3826 5643 ineunt-

536 5641 833 5719 voritatatn
882 5670 1106 5734 putant,
1157 5661 1302 5733 quod
1351 5658 1585 5716 formam
1634 5658 1825 5715 cameli
1858 5658 2143 5729 praferat,
2251 5662 2384 5719 bere
2412 5661 2682 5717 obsidioni
2705 5669 2989 5731 creperum
3023 5672 3037 5715 :
3068 5656 3489 5725 condictamque
3516 5641 3825 5734 promptissi:

538 5757 639 5812 sed
678 5727 938 5823 corrupto
969 5727 1268 5812 incolarum
1298 5768 1396 5810 usu
1427 5751 1670 5810 Gamalte
1695 5727 1893 5808 nomen
1915 5751 2033 5807 urbi
2065 5752 2151 5808 ie-
2256 5770 2344 5813 me
2368 5772 2397 5811 a
2446 5764 2599 5827 parte
2628 5727 2875 5826 utraque,
2905 5753 3166 5825 quoniam
3196 5766 3227 5808 a
3253 5747 3460 5806 Judasis
3480 5744 3722 5818 quoque,
3745 5727 3824 5805 qd

552 5850 796 5905 Ιιίιὲεἱμεθ.
828 5847 947 5905 iam
1002 5853 1045 5902 si
1079 5856 1345 5907 contexta
1391 5861 1436 5903 ω
1461 5844 1639 5901 dificia
1691 5854 1930 5917 spectes,
1960 5840 2161 5919 suspen
2263 5864 2446 5925 regem
2483 5850 2763 5922 preprium
2795 5848 3148 5907 violavissent
3184 5845 3337 5915 utilia
3365 5841 3697 5906 suadentem,
3722 5831 3825 5889 ῑίιὶο
