4112 6350
285 343 423 400 2101

1149 344 1416 403 HISTOR.
1460 345 1549 401 DE
1601 338 1881 403 EXCIDIO
1919 336 2190 407 HIEROS.
2232 348 2437 408 URBIS
2472 351 2603 408 LIB.
2645 352 2734 409 IV.

3442 350 3589 415 2i0‘2

287 458 397 513 tilia
428 457 580 513 venia
610 470 671 513 se
718 456 950 524 futuros,
981 459 1450 528 existimantibus,
1501 457 1549 515 si
1572 459 1878 525 vincerent,-
1908 453 1960 526 Α
1989 464 2173 534 praelia
2225 470 2353 520 suos
2398 472 2645 523 eventus.
2692 458 2809 524 Etsi
2838 478 3081 540 spectata
3115 463 3291 531 virtus
3338 472 3590 546 praccmi-

289 551 416 606 t0tis
443 550 649 606 viribus
678 549 1097 607 decernebatur.
1122 552 1355 623 Agrippa
1386 552 1569 623 itaque
1597 568 1730 607 saxo
1757 554 1891 608 dexa

290 654 431 701 trum
462 654 748 714 percussus
777 645 1039 709 cubitum,
1074 644 1216 699 bello
1245 644 1502 711 excessit,
1538 645 1765 699 Roiuani
1796 660 1893 699 ur-

288 738 412 795 bem
447 740 711 808 irrupere.
745 738 923 794 Cessit
950 739 1094 792 enim
1124 737 1296 792 hostis
1341 737 1659 803 missilibus,
1703 750 1892 792 murus

288 832 571 888 arietibus.
604 831 736 887 Nam
758 831 910 887 etilli
937 833 1041 911 qui
1066 830 1346 887 machinas
1377 831 1768 902 impediebant,
1795 844 1894 885 ne-

286 940 558 997 quaquam
580 924 778 980 diutius
800 926 1056 980 resistere
1082 931 1377 995 potnerunt
1401 941 1415 978 :
1441 934 1497 979 et
1525 938 1714 978 murus
1744 924 1892 978 trino

287 1018 459 1073 ariete
486 1018 802 1084 convulsus,
850 1018 1091 1087 pervium
1132 1016 1511 1071 obsidentibus
1552 1018 1605 1071 itt
1637 1016 1895 1072 obsessos

291 1111 394 1168 iter
416 1111 661 1179 praebuit.
694 1110 798 1167 Sed
830 1126 891 1166 ea
923 1126 1010 1167 res
1033 1111 1392 1166 festinationis
1417 1111 1751 1181 impatientia
1781 1124 1891 1166 non

290 1204 617 1260 mediocrem
649 1203 944 1260 victoribus
982 1204 1190 1259 cladem
1237 1203 1464 1259 invexit.
1511 1203 1757 1273 Namque
1796 1203 1886 1258 ubi

288 1311 411 1354 sese
456 1297 706 1353 infudere
758 1297 1052 1353 domiciliis
1099 1297 1228 1351 dum
1280 1303 1697 1369 perscrutantur
1747 1295 1832 1351 vel
1864 1302 1892 1332 ι

290 1400 620 1465 praeceptum
644 1393 722 1448 ire
744 1392 913 1462 spolia
937 1391 1299 1456 contendunt,
1326 1391 1572 1447 cedentia
1600 1391 1893 1446 domorum

287 1496 513 1558 angusta
570 1486 819 1555 ponderi,
880 1485 1198 1539 nutantibus
1257 1483 1630 1539 fundamentis
1676 1482 1893 1537 ruinam

286 1589 538 1636 traxere:
567 1590 619 1635 et
648 1578 893 1648 proxima
941 1592 1169 1648 quaeque
1200 1576 1459 1647 proximis
1501 1576 1645 1631 illisa
1673 1574 1894 1630 excidio

281 1672 616 1729 erant.blulti
639 1670 1010 1726 Romanorum
1040 1670 1151 1726 illis
1172 1671 1400 1725 involuti
1428 1669 1672 1735 casibus,
1700 1669 1755 1724 in
1783 1670 1896 1724 vic-

284 1767 423 1823 toria
456 1773 663 1836 pestem
711 1765 976 1820 incidere.
1010 1762 1268 1834 Plerique
1306 1764 1664 1833 praejaeeutes
1689 1777 1749 1817 se
1780 1762 1892 1832 lap-

1994 568 2125 611 nere
2156 557 2329 613 soleat
2360 560 2413 613 ln
2446 559 2606 627 bello,
2639 562 2780 618 solet
2820 571 2998 619 tamen
3027 558 3227 636 aliquid
3258 567 3422 623 licere
3451 570 3591 625 rasi-

1992 651 2115 706 bus.
2151 653 2255 710 Sed
2288 654 2567 723 prudentis
2596 666 2680 711 est
2702 656 2753 712 iii
2788 658 3033 714 adrersis
3057 662 3263 731 lapsum
3296 664 3591 735 corrigere,

1995 745 2047 799 in
2082 746 2360 816 prosperis
2403 748 2833 806 moderationem
2889 761 3093 810 tenere.
3152 750 3355 812 Contra
3411 766 3591 813 autem

1995 839 2144 893 rudis
2196 840 2475 910 cujusdam
2525 854 2687 913 atque
2737 845 2993 901 ineruditi
3040 847 3264 919 ingenii,
3323 851 3597 906 secundos

1995 946 2213 1003 semper
2243 948 2528 990 successus
2560 952 2909 1007 praesumere,
2943 942 3099 1008 quasi
3149 956 3255 997 non
3302 944 3595 1000 adversum

1997 1025 2141 1079 viros
2164 1038 2437 1082 certamen
2468 1029 2532 1083 sit
2562 1048 2575 1083 :
2604 1028 2801 1085 infirmi
2825 1042 3029 1100 autem,
3061 1032 3213 1104 lapsu
3235 1036 3420 1107 aliquo
3445 1052 3598 1092 sum-

1996 1135 2100 1175 mae
2123 1120 2203 1175 rei
2229 1121 2498 1190 diffidere,
2528 1139 2649 1179 cum
2674 1125 2883 1197 exiguis
2911 1130 3202 1183 momentis
3227 1130 3407 1185 subito
3437 1128 3597 1187 incli-

1997 1225 2199 1270 nentur
2243 1219 2422 1271 omnia
2473 1233 2594 1288 quze
2648 1220 2701 1274 in
2751 1218 2894 1276 bello
2938 1236 3221 1294 geruntur.
3282 1225 3467 1297 Itaque
3507 1226 3595 1280 ille

1998 1312 2502 1380 praestantissimus,
2532 1312 2621 1382 qui
2668 1315 2809 1371 inter
2837 1316 3064 1372 adversa
3095 1318 3293 1374 sobriis
3331 1321 3595 1375 collucta-

1998 1413 2086 1458 tur
2115 1405 2351 1469 casibus,
2382 1408 2441 1460 et
2470 1405 2781 1477 sopplantat
2818 1409 3177 1479 superiorem,
3218 1422 3385 1483 seque
3439 1428 3599 1485 repa-

1997 1508 2141 1562 rare,
2175 1508 2228 1550 et
2252 1511 2364 1551 cori
2380 1495 2529 1567 igere
2570 1501 2817 1571 proprias
2853 1504 3047 1572 qtnerit
3076 1507 3478 1576 prolapsiones.
3530 1508 3599 1561 At

1998 1601 2134 1641 vero
2163 1587 2491 1644 incuriosior
2531 1590 2646 1647 suis
2691 1604 2834 1663 Saepe
2889 1593 3127 1650 motibus
3172 1595 3349 1664 cadit,
3382 1604 3436 1654 et
3466 1597 3593 1653 dum

1997 1680 2158 1735 irruit
2195 1680 2468 1750 incautus,
2506 1684 2704 1755 impetu
2734 1702 2833 1741 suo
2866 1689 3015 1743 fusus
3069 1692 3393 1759 procumbit.
3440 1693 3595 1761 Quod

1998 1773 2044 1827 si
2074 1772 2177 1827 hoc
2202 1788 2347 1845 sat-pe
2378 1777 2596 1842 accidit,
2636 1778 2726 1832 ubi
2765 1780 2906 1834 nuda
2939 1779 3149 1849 virtus;
3194 1790 3399 1854 quanto
3426 1787 3597 1857 magis

278 1861 362 1915 δῖε
388 1859 599 1915 milibus
639 1857 1075 1951 occupabantur.
1104 1856 1222 1951 falli
1272 1856 1454 1910 Ῑθεθΐο
1486 1869 1756 1951 Δπέπρωθ’
1778 1855 1889 1951 -νῖι
1923 1860 1973 1921 Β
2000 1869 2052 1924 in
2081 1870 2244 1936 bello,
2277 1871 2366 1925 ubi
2384 1870 2583 1927 diversi
2605 1875 2824 1943 generis
2842 1885 3091 1931 conserta
3110 1855 3599 1951 decernuntagn'ti-

279 1954 592 2010 semineces
620 1951 1003 2006 servabantur.
1059 1950 1355 2018 Plerosque
1412 1947 1586 2017 pulvis
1639 1947 1889 2013 necabat,

276 2046 632 2103 credebantur
656 2043 923 2116 angustiis
952 2042 1170 2109 aretati,
1200 2042 1437 2111 desuper
1461 2056 1675 2112 quoque
1697 2041 1892 2096 mulie—

277 2156 375 2197 res
398 2148 455 2197 et
476 2138 697 2195 invalidi
723 2152 910 2205 senes,
933 2146 988 2193 et
1007 2137 1099 2207 qui
1126 2136 1195 2191 de
1213 2136 1526 2202 junioribus
1555 2135 1888 2205 refugerant,

277 2252 420 2293 saxa
444 2236 496 2291 in
522 2234 773 2290 subditos
796 2231 1147 2303 dejiciebant,
1178 2231 1264 2286 vel
1292 2244 1645 2300 quaecumque
1675 2243 1882 2298 genera

282 2329 519 2385 telorum
570 2336 946 2384 occurrerant.
989 2323 1180 2393 Caligo
1228 2322 1500 2378 infuderat
1528 2322 1737 2388 omnia,
1766 2336 1896 2392 pro-

280 2431 534 2493 spectum
575 2422 877 2489 eripuerat,
928 2425 1164 2473 mentem
1205 2415 1543 2480 confuderat,
1588 2412 1895 2486 ignorantia

282 2531 509 2588 quoque
534 2515 741 2571 exitum
776 2528 887 2569 non
938 2511 1270 2583 reperiebat.
1308 2510 1405 2564 Vix
1453 2508 1639 2578 itaque
1679 2508 1897 2564 subtra-

284 2610 486 2665 hentes
512 2622 572 2663 se
604 2606 866 2675 periculis
898 2604 1048 2658 urbis
1070 2615 1380 2657 excessere.
1408 2598 1780 2669 Vespasianus
1812 2596 1898 2652 iti-

288 2714 467 2766 terea,
499 2701 628 2756 dum
671 2709 825 2769 urget
858 2696 1096 2761 hostem,
1127 2695 1181 2749 in
1208 2694 1466 2748 interiora
1496 2692 1645 2746 urbis
1674 2703 1900 2745 conces~

286 2803 466 2860 serat,
493 2792 814 2857 mediusque
853 2788 995 2844 inter
1026 2788 1238 2857 agmina
1271 2782 1601 2840 circumfusa
1634 2782 1898 2843 hostium.

288 2887 497 2943 bellum
520 2884 879 2940 accendebat.
909 2881 1096 2952 Neque
1122 2880 1270 2937 enim
1290 2879 1432 2935 hosti
1458 2888 1605 2949 terga
1630 2878 1762 2931 dare
1784 2885 1902 2930 tan-

291 2988 412 3035 tum
457 2977 818 3033 conveniebat
868 2975 1070 3040 virum,
1119 2988 1296 3043 neque
1324 2978 1498 3026 tutum
1549 2968 1793 3039 putabat.
1840 2966 1901 3023 In

292 3075 516 3146 Syriam
543 3074 826 3130 direxerat
851 3071 1020 3127 filium
1045 3086 1202 3125 suum
1225 3068 1441 3124 Titum:
1474 3065 1736 3123 excitavit
1757 3072 1902 3119 notae

292 3168 521 3223 virtutis
542 3164 929 3230 ecustantiam,
957 3172 1013 3219 et
1036 3178 1158 3219 sese
1187 3161 1240 3216 in
1274 3175 1424 3216 arma
1456 3159 1746 3228 colligens,
1773 3171 1906 3211 eon-

1999 1977 2091 2031 na,
2121 1978 2221 2017 nec
2253 1970 2421 2017 unum
2448 1963 2760 2033 consilium,
2792 1978 2891 2022 nec
2921 1983 3149 2024 consors
3176 1970 3443 2026 sententia
3468 1970 3597 2029 est?

1996 2056 2177 2112 Locus
2206 2058 2488 2122 adversus,
2537 2056 2786 2115 difficiles
2829 2062 3172 2129 asperitates,
3212 2062 3392 2135 iniqua
3420 2064 3474 2120 in
3502 2080 3599 2121 an-

1996 2157 2157 2221 gUsto
2187 2150 2519 2206 decernendi
2558 2151 2796 2206 conditio
2844 2152 3088 2223 pluritnis
3133 2154 3421 2212 adversum
3469 2174 3596 2229 pati-

2000 2258 2096 2300 cos
2129 2262 2142 2297 :
2170 2258 2295 2299 cum
2326 2249 2378 2300 et
2425 2245 2540 2316 ipsa
2592 2245 2883 2301 multitudo
2912 2247 3018 2303 sibi
3051 2246 3202 2303 oneri
3235 2247 3329 2317 sit,
3355 2260 3411 2306 et
3443 2255 3597 2323 pauci

2000 2336 2053 2391 in
2090 2336 2335 2408 pluribus
2367 2340 2543 2392 minus
2572 2335 2921 2395 frustrentur.
2958 2334 3067 2397 Sed
3110 2336 3227 2398 haec
3258 2338 3327 2398 ad
3355 2360 3601 2401 momen~

2001 2437 2114 2484 tum
2142 2446 2290 2501 saepe
2312 2430 2605 2502 obrepunt,
2630 2446 2748 2502 quae
2777 2440 2884 2487 non
2913 2448 2982 2488 ex
3011 2435 3212 2488 virtute
3232 2436 3479 2501 veniunt,
3502 2434 3601 2491 sed

2000 2534 2128 2578 casu
2200 2525 2474 2578 accidunt.
2535 2518 2688 2581 Unde
2744 2524 2879 2580 nihil
2923 2535 3009 2581 est
3063 2538 3263 2598 angere
3318 2528 3461 2598 quod
3504 2542 3601 2583 vos

2001 2617 2200 2672 debeat
2219 2660 2235 2683 ,
2259 2618 2660 2673 coounilildne‘s
2689 2635 2704 2671 :
2731 2618 2854 2689 quia
2880 2632 2985 2673 non
3001 2630 3097 2690 per
3115 2621 3482 2676 infirmitatem
3502 2620 3602 2676 ali-

2002 2727 2164 2784 quam
2195 2729 2391 2768 manus
2415 2724 2631 2779 vestrae,
2655 2726 2831 2783 neque
2861 2724 2957 2784 per
2978 2713 3352 2769 fortitudinem
3383 2714 3606 2771 ,1υάωο-

2003 2822 2122 2862 rum
2145 2822 2320 2862 versa:
2349 2822 2457 2875 res,
2486 2807 2581 2862 sed
2626 2807 2919 2863 difficultas
2949 2809 3190 2864 locorum
3220 2811 3378 2864 nobis
3401 2806 3470 2863 ad
3493 2813 3606 2864 vic-

2006 2898 2201 2953 toriam
2232 2898 2775 2969 iinpedtntentofuit,
2804 2898 2910 2954 illis
2932 2900 3000 2955 ad
3025 2899 3384 2956 differendum
3411 2910 3600 2957 morte.

2004 2992 2191 3062 Neque
2217 2995 2506 3064 quidquam
2536 3002 2662 3059 est,
2691 2993 2836 3063 quod
2866 2995 3019 3064 argui
3047 2996 3244 3064 possit,
3277 2995 3382 3049 nisi
3419 2996 3607 3050 incdit»-

2007 3088 2183 3142 sultus
2220 3087 2455 3156 impetus
2492 3095 2655 3156 atque
2683 3094 2708 3122 ε
2740 3087 3057 3141 increditus.
3104 3078 3317 3141 Etenim
3365 3090 3492 3143 dum
3540 3080 3608 3143 ad

2010 3183 2291 3250 superiora
2323 3179 2471 3233 urbis
2494 3180 2615 3233 illos
2646 3182 2816 3234 secuti
2843 3179 3041 3248 fuistis,
3076 3191 3240 3251 atque
3277 3180 3515 3237 irruistis
3552 3184 3609 3237 in

290 3260 465 3316 seriis
492 3257 731 3332 clypeis,
764 3272 886 3314 ctnn
919 3255 1103 3326 paucis
1144 3268 1283 3325 quos
1312 3258 1609 3323 ρτωεθηιθε
1644 3248 1902 3314 bimam“
1933 3261 1979 3325 C
2009 3248 2201 3329 domos
2240 3288 2451 3339 eorum,
2496 3278 2595 3345 ipsi
2625 3287 2721 3329 vos
2751 3276 3005 3345 periculis
3044 3248 3437 3345 implicavistis.
3466 3274 3612 3343 Quae

293 3353 701 3423 imperterritus
744 3352 917 3417 Stetit,
947 3348 1102 3418 quasi
1148 3350 1202 3401 iti
1264 3361 1402 3416 quos
1450 3359 1572 3399 sese
1623 3350 1906 3397 excuteret

292 3444 657 3502 considerans
683 3460 696 3498 :
725 3443 879 3512 cujus
904 3437 1164 3511 impetum
1195 3436 1562 3494 formidantes
1586 3435 1780 3499 Judaei,
1807 3435 1909 3488 mi-

296 3554 440 3597 nore
458 3539 506 3592 vi
530 3538 784 3592 insistere
803 3543 1107 3606 creperum,
1130 3546 1183 3589 et
1210 3539 1512 3588 metuentes
1532 3530 1631 3585 sibi
1657 3529 1907 3600 quisque,

299 3632 564 3687 laxavere
608 3629 803 3685 aciem.
846 3626 924 3683 lia
978 3626 1346 3695 VeSpasianus
1406 3623 1553 3679 hosti
1608 3622 1908 3688 adversus,

298 3725 566 3801 paulatim
594 3725 817 3796 gradum
849 3723 1056 3790 retulit,
1079 3720 1458 3791 praeliantibus
1484 3718 1588 3773 sibi
1619 3717 1791 3788 magis
1836 3716 1915 3770 si-

301 3818 456 3875 inilis
480 3833 639 3887 quam
668 3816 1015 3873 cedentibus.
1051 3816 1161 3870 Illic
1186 3829 1308 3869 cum
1337 3813 1525 3867 decem
1549 3812 1740 3881 primis
1761 3809 1913 3864 exci-

303 3912 393 3967 dit
419 3909 449 3949 δ
483 3909 721 3976 Brittius,
758 3909 940 3964 multis
972 3916 1100 3963 ante
1146 3906 1309 3962 bellis
1340 3904 1621 3975 probatus,
1644 3910 1701 3957 et
1724 3912 1746 3941 ο
1772 3901 1914 3971 apud

300 4009 531 4066 Judaeos
555 4019 698 4064 notae
725 4009 808 4063 vir
846 4005 1201 4077 experientiae
1230 4011 1285 4056 et
1328 4000 1523 4055 validte
1565 3995 1913 4052 fortitudinis.

304 4102 573 4159 Centurio
598 4117 813 4172 quoque
830 4116 953 4155 cum
979 4098 1168 4154 decem
1190 4096 1310 4150 aliis
1329 4093 1481 4166 Syris
1510 4106 1622 4148 rem
1643 4089 1915 4161 egregiam

304 4198 447 4255 fecit
474 4212 538 4253 ac
568 4196 1002 4253 memorabilem.
1035 4192 1170 4250 Nam
1227 4193 1278 4247 iu
1332 4193 1452 4261 ipso
1499 4187 1737 4244 tumultu
1791 4201 1917 4242 cum

307 4292 595 4349 Romanos
621 4292 803 4361 urgeri
826 4298 1101 4355 cerneret,
1124 4291 1177 4342 in
1201 4285 1383 4341 abdita
1407 4282 1689 4354 cujusdam
1719 4281 1920 4336 domus

308 4402 440 4443 sese
468 4385 721 4454 contulit,
752 4395 915 4454 atque
944 4382 1018 4438 ibi
1048 4382 1193 4437 inter
1212 4378 1562 4444 ctenandtttn,
1593 4391 1715 4431 cum
1751 4373 1926 4431 Judaii

310 4482 764 4551 colloquerentur
785 4495 907 4550 quae
934 4477 1195 4533 Romanis
1218 4474 1511 4531 machinati
1538 4474 1736 4535 forent,
1765 4479 1927 4525 nocte

315 4577 647 4645 intempesta
678 4587 873 4629 omnes
900 4587 998 4628 eos
1048 4569 1343 4632 interfecit,
1380 4574 1436 4623 et
1486 4581 1610 4622 cum
1660 4562 1928 4620 militibus

316 4666 569 4723 Romano
597 4681 718 4722 sese
746 4664 1013 4721 exercitui
1042 4661 1478 4730 repraesentavit.

962 4753 1193 4812 CAPUT
1232 4753 1299 4810 ll.

400 4850 768 4922 Vespasianus
795 4857 977 4903 autem
1010 4847 1100 4901 ubi
1129 4852 1382 4899 intestum
1414 4838 1718 4897 exercitum
1750 4836 1929 4892 anim-

321 4942 576 5008 advertit,
608 4941 970 5012 plurimorum
1014 4935 1334 5002 amissione,
1374 4943 1427 4989 et
1460 4931 1697 4987 maxime
1728 4928 1932 4985 deserti

324 5038 481 5094 ducis
507 5038 740 5109 pudore,
770 5034 914 5106 quod
946 5048 1072 5088 eum
1098 5032 1277 5087 solum
1304 5032 1444 5084 intra
1476 5028 1666 5084 urbem
1695 5027 1932 5082 hostium

325 5130 700 5199 reliquissent,
753 5142 879 5182 cum
918 5139 1127 5180 summa
1170 5138 1268 5179 eos
1298 5121 1469 5192 gratia
1521 5116 1932 5181 consolabatur,

329 5222 520 5278 dicens
555 5240 567 5274 :
602 5219 660 5277 Si
705 5220 810 5275 mei
847 5233 968 5273 sors
1009 5215 1243 5289 periculi
1271 5212 1617 5269 verecundia:
1651 5210 1803 5265 vobis
1831 5217 1934 5273 est,

332 5329 434 5370 nec
463 5328 563 5384 t-go
593 5312 675 5367 sic
712 5311 777 5365 ad
811 5310 1010 5366 bellum
1045 5322 1445 5379 processeram,
1500 5314 1557 5359 ut
1602 5302 1937 5359 declinarem

333 5407 603 5479 pericula,
644 5405 737 5461 sed
768 5402 795 5441 ά
824 5418 1143 5474 superarem
1172 5420 1184 5454 :
1217 5400 1300 5457 sin
1332 5416 1486 5467 vero,
1515 5399 1638 5471 quia
1666 5405 1723 5452 et
1746 5396 1815 5452 de
1838 5410 1933 5453 no—

335 5503 465 5559 stris
511 5499 758 5570 plerique
822 5496 1117 5562 interfecti,
1177 5508 1515 5566 nequaquam
1569 5489 1875 5546 mtrandum
1925 5506 1939 5545 :

341 5598 558 5665 quando
589 5593 734 5647 enim
767 5592 990 5646 victoria
1022 5589 1132 5645 ulla
1162 5590 1282 5643 sine
1301 5588 1567 5658 sanguine
1595 5583 1945 5641 85l?llul)elil

430 5726 457 5754 λ
506 5714 598 5772 Sic
648 5714 801 5770 editi.
858 5710 965 5770 Sed
1013 5710 1153 5767 forte
1186 5716 1498 5781 praereptum
1545 5704 1621 5759 ire
1650 5702 1963 5776 legendum.

371 5789 653 5847 Cauno.

451 5861 480 5904 ιι
520 5858 749 5923 libarius
769 5851 1006 5933 Josepbo
1036 5853 1234 5920 dictus,
1261 5851 1356 5907 lib.
1389 5866 1469 5918 tv,
1500 5864 1619 5923 cap.
1654 5849 1708 5905 l.
1729 5846 1901 5904 ΒΑΜ.

2009 3384 2128 3425 runt
2152 3369 2495 3425 successisiis
2525 3371 2780 3439 hospitia,
2807 3370 3122 3439 suscepistis
3147 3368 3404 3439 pericula.
3433 3368 3615 3424 Tene-

2010 3473 2153 3533 batis
2205 3473 2415 3540 urbem,
2474 3475 2597 3542 quis
2645 3487 2744 3528 vos
2784 3474 2963 3543 coegit
3025 3470 3295 3527 introrsus
3344 3472 3615 3540 pergere?

2015 3577 2358 3632 Descendere
2398 3573 2464 3631 ad
2507 3591 2603 3631 vos
2630 3574 2805 3631 hostis
2831 3576 3060 3640 debuit,
3091 3586 3196 3630 non
3227 3587 3323 3627 vos
3351 3573 3616 3642 intempe-

2014 3683 2197 3727 rantes
2225 3671 2291 3725 ad
2319 3668 2623 3734 victoriam,
2654 3670 3000 3725 immemores
3030 3669 3155 3723 vitae
3185 3682 3248 3722 ac
3269 3668 3458 3722 salutis
3483 3678 3615 3723 con-

2015 3766 2258 3822 tendere.
2294 3767 2561 3836 iieparate
2586 3783 2715 3838 ergo
2744 3767 2977 3831 animos,
3007 3775 3061 3821 et
3081 3760 3148 3820 de
3176 3761 3466 3818 virtutibus
3496 3776 3619 3818 vcs-

2018 3865 2115 3919 tris
2146 3882 2255 3920 non
2282 3867 2454 3921 solum
2497 3866 2563 3921 ad
2592 3867 3047 3931 consolationem,
3091 3864 3186 3920 sed
3235 3864 3421 3931 etiam,
3474 3858 3618 3932 quod

2020 3966 2104 4014 est
2127 3960 2380 4029 amplius,
2411 3961 2698 4015 vindictam
2728 3961 3037 4031 prtrsumite
3063 3978 3076 4013 :
3109 3976 3194 4014 tne
3222 3969 3374 4012 certe
3399 3954 3622 4011 habebi-

2022 4057 2089 4110 tis
2119 4056 2375 4124 przevium
2409 4072 2618 4126 pugnae.
2670 4055 2861 4111 Estote
2916 4054 3087 4125 parati
3143 4053 3332 4121 armis,
3383 4051 3618 4106 animis:

2024 4149 2260 4221 pericula
2295 4165 2388 4204 vos
2418 4149 2675 4206 fortiores
2720 4149 2967 4214 fecerint,
3016 4165 3121 4203 non
3164 4144 3504 4202 timidiores:
3551 4140 3631 4199 fa-

2025 4242 2129 4299 cile
2158 4251 2241 4298 est
2271 4242 2521 4312 injuriam
2555 4244 2793 4309 solvere,
2847 4243 2890 4298 si
2925 4243 3095 4298 virtus
3144 4258 3203 4297 se
3243 4246 3624 4312 recognoscat.

2643 4334 2873 4395 CAPUT
2912 4337 2997 4394 ΙΙΙ.

2105 4429 2199 4486 llis
2234 4428 2396 4488 dictis
2427 4432 2680 4488 accendit
2724 4432 2956 4488 militum
2996 4430 3364 4487 fortitudinem
3390 4472 3405 4498 ,
3438 4427 3632 4501 quibus

2034 4524 2415 4595 reparautibus
2462 4525 2702 4597 vallum,
2752 4528 2993 4598 plerique
3034 4541 3131 4597 per
3180 4535 3449 4596 praerupta
3501 4513 3633 4579 sub-

1953 4642 2005 4702 D
2038 4631 2251 4676 traxere
2290 4637 2350 4676 se
2380 4614 2670 4675 obsidioni.
2724 4622 2854 4677 Nam
2897 4621 3008 4693 jam
3055 4630 3108 4675 et
3139 4618 3408 4675 alimonia:
3455 4618 3635 4688 inopia

2039 4710 2367 4783 incessebat,
2396 4726 2450 4770 et
2498 4714 2723 4770 infracta
2758 4714 2893 4770 muri
2930 4729 3150 4770 cessura
3200 4713 3465 4769 machinis
3496 4710 3641 4768 arbi-

2036 4808 2343 4864 trahantur.
2371 4806 2523 4864 Unus
2573 4807 2769 4863 deinde
2799 4809 2921 4863 fons
2965 4807 3106 4863 intra
3160 4807 3373 4873 urbem,
3422 4814 3477 4862 et
3528 4805 3645 4876 ipse

2038 4903 2207 4958 muris
2248 4904 2525 4973 proximus
2553 4912 2692 4969 erat,
2715 4918 2836 4973 quae
2865 4918 2952 4957 res
2993 4917 3088 4958 eos
3120 4901 3173 4956 in
3201 4915 3417 4956 summo
3448 4899 3643 4954 timore

2037 4997 2239 5072 posuit,
2273 5008 2333 5053 ut
2358 4998 2781 5069 frequentissimi
2805 4998 3193 5053 dilaberentur.
3229 4996 3329 5062 Qui
3359 5009 3487 5051 vero
3512 5008 3642 5066 per-

2040 5094 2367 5150 manendum
2401 5102 2655 5164 putarunt
2678 5134 2694 5159 ,
2729 5092 3077 5164 pertinaciter
3118 5090 3524 5162 praeliabantur.
3556 5087 3643 5144 ln-

2046 5201 2191 5245 terea
2221 5188 2450 5243 Romani
2476 5198 2680 5243 turrem
2703 5188 3021 5243 altissimam
3051 5186 3422 5250 sulfotlicntes,
3454 5183 3501 5237 vi
3537 5196 3650 5237 ma-

2045 5287 2191 5341 xima
2222 5285 2570 5340 subruerunt.
2605 5283 2723 5353 Quo
2749 5298 2878 5339 casu
2900 5296 3166 5338 concussa
3186 5281 3405 5365 civitas,
3436 5285 3652 5348 pertur-

2046 5382 2157 5439 hati
2185 5395 2375 5435 omnes
2421 5379 2584 5434 totius
2630 5379 2781 5433 urbis
2818 5388 3077 5449 parentes
3131 5378 3335 5431 ruinas.
3399 5373 3549 5430 Unde
3599 5383 3656 5430 et

2045 5476 2255 5535 Chares
2279 5489 2424 5543 a-ger
2448 5487 2701 5541 corpore.
2728 5473 2860 5527 tanti
2891 5480 3103 5527 terrore
3132 5471 3342 5525 sonitus
3376 5466 3660 5522 exanima-

2046 5584 2151 5638 tus,
2170 5581 2399 5627 mortem
2431 5568 2694 5638 implevit.
2727 5564 2957 5620 Romani
2983 5573 3189 5630 tamen,
3214 5561 3478 5635 patefacta
3501 5559 3662 5632 urbe,

2147 5704 2169 5734 ο
2210 5690 2345 5748 Cod.
2378 5696 2485 5743 vet.
2509 5729 2523 5751 ,
2557 5688 2803 5742 adversus
2829 5683 3062 5742 Iudicas.
3096 5683 3170 5741 In.

2148 5763 2176 5811 τι
2227 5763 2566 5829 Usurparem.
2608 5761 2683 5829 lo.

2159 5847 2181 5876 θ
2250 5837 2275 5891 1
2288 5828 2584 5892 ηεόηαίιιιδ.
2624 5828 2699 5890 in.
