4016 6498
533 311 677 368 2103

1862 299 2112 362 SANCTI
2149 300 2475 360 AMBROSII

3712 307 3838 366 ΜΝ

529 432 783 502 ingressu
824 427 1155 487 abstinuere.
1185 423 1361 479 donec
1404 421 1561 479 Titus
1590 421 1865 495 ingressus
1904 430 2010 489 est,
2041 418 2137 492 qui
2162 419 2217 480 Α
2241 418 2349 475 nisi
2393 418 2540 492 quod
2581 420 2637 476 in
2678 421 2993 493 captivitate
3020 421 3264 479 audaces
3295 422 3452 478 sint?
3497 418 3717 477 Nemini
3742 436 3841 479 erat

529 522 724 578 dolore
746 520 955 591 paterni
988 516 1208 589 periculi
1234 514 1465 580 excitus,
1494 530 1616 571 cum
1648 516 1835 587 paucis
1860 516 1912 571 in
1938 513 2130 571 urbem

530 615 712 682 irruit,
745 622 802 669 et
831 612 1114 667 maximam
1159 608 1362 665 Judzeis
1390 607 1597 664 cladem
1645 607 1867 665 invexit.
1898 608 2133 663 Tantum

530 709 622 777 qui
653 709 706 762 in
754 704 1123 777 superioribus
1166 712 1341 768 erant,
1385 718 1515 758 saxa
1569 701 1853 758 volventes
1907 715 2134 757 accessu

530 799 895 873 prohibebant
918 796 1193 851 Romanos
1226 812 1241 849 :
1282 795 1493 866 spicula
1524 794 1872 864 torquebant,
1905 795 2134 865 sagittas

524 891 927 964 jaculabantur.
970 888 1017 945 Α
1066 886 1269 943 ιιιάωἰε
1318 886 1550 957 impulsa
1603 885 1762 942 facile
1808 887 1859 940 in
1902 902 2131 958 pronum

529 1002 658 1041 saxa
690 982 1138 1048 devolvebantur,
1187 980 1411 1036 missilia
1453 979 1879 1051 perveniebant,
1909 979 2135 1036 descen-

529 1080 733 1137 debant
762 1077 973 1147 sagittae
1017 1090 1126 1131 non
1157 1075 1276 1130 sine
1300 1089 1491 1130 eorum
1522 1072 1765 1144 periculo
1791 1088 1927 1144 quos
1957 1072 2132 1129 offen-

529 1176 738 1230 derant.
782 1169 1043 1226 Romanis
1094 1168 1382 1224 adversum
1430 1166 1662 1223 editiora
1717 1166 1917 1223 montis
1957 1166 2135 1236 jactus

530 1267 805 1332 inefficax,
851 1272 1081 1321 conatus
1126 1263 1335 1329 irritus,
1386 1270 1549 1331 atque
1599 1260 1732 1329 ipsis
1762 1261 2133 1331 periculosus;

529 1376 652 1417 cum
674 1358 853 1415 subito
884 1365 1002 1414 orta
1027 1355 1171 1411 venti
1207 1352 1470 1426 procella,
1502 1352 1817 1409 Judaeorum
1856 1366 2137 1424 retorque-

528 1453 620 1508 bat
644 1452 890 1523 sagittas,
924 1446 1223 1520 repellebat
1250 1445 1478 1518 spicula.
1526 1445 1658 1514 Quae
1692 1460 1821 1502 vero
1860 1446 2136 1503 Romanus

528 1545 801 1605 exercitus
826 1543 1191 1616 jaculabatur,
1245 1541 1300 1596 in
1348 1540 1561 1597 hostem
1616 1549 1641 1576 α
1688 1538 2008 1596 referebat:
2065 1540 2136 1597 ita

529 1639 923 1696 elementorum
970 1635 1213 1706 ipsorum
1260 1634 1533 1705 repagulis
1574 1643 1628 1689 et
1653 1642 1938 1689 ventorum
1970 1634 2137 1690 turbi-

532 1732 689 1787 nibus
720 1728 992 1803 oppressi,
1039 1742 1294 1799 supremo
1332 1726 1544 1784 excidio
1591 1735 1762 1798 capta:
1816 1726 1965 1784 urbis
2013 1727 2137 1783 uni-

2236 510 2490 584 loquendi
2522 521 2764 584 potestas
2794 523 3201 586 :occupaverat
3240 515 3390 571 enim
3419 528 3649 571 omnem
3679 530 3844 571 mure-

2234 621 2355 662 rum
2386 608 2646 663 ambitum
2689 608 3014 680 prmdatoria
3045 623 3244 664 manus
3273 627 3288 663 :
3319 608 3556 666 cavebat
3580 607 3839 678 Joannes,

2237 714 2305 757 ne
2334 700 2455 772 quis
2478 700 2752 773 colloquio
2777 700 3033 758 familiari
3058 702 3339 759 Romanos
3359 703 3648 759 invitaret.
3674 701 3845 773 Itaque

2236 794 2354 865 ipse
2378 794 2659 865 praeripuit
2687 795 2962 850 sermonis
2982 794 3331 863 relationem,
3362 794 3599 852 dicens:
3626 794 3847 852 libenter

2236 902 2298 944 se
2336 895 2626 944 tractatum
2672 889 2952 959 suscipere
2986 888 3055 946 de
3104 890 3269 946 rebus
3313 888 3729 955 communibus,
3762 906 3849 947 nec

2235 981 2550 1053 experiendi
2577 997 2732 1038 usum
2784 982 3079 1050 declinare,
3106 982 3150 1037 si
3184 982 3325 1038 forte
3366 983 3471 1052 ipsi
3524 981 3686 1037 utilia
3740 997 3850 1039 sua-

2236 1074 2391 1143 deat,
2424 1084 2520 1130 aut
2550 1074 2639 1131 his
2687 1090 2809 1146 quae
2861 1074 3175 1131 referuntur
3229 1073 3705 1147 acquiescendum
3753 1076 3849 1131 sit:

2237 1168 2333 1225 sed
2366 1167 2643 1239 prohiberi
2666 1183 2727 1225 se
2760 1168 2880 1240 lege
2909 1169 3102 1240 patria,
3130 1183 3256 1224 eum
3285 1170 3533 1240 supersit
3556 1168 3853 1226 hebdoma-

2237 1261 2322 1316 da:
2351 1273 2524 1316 sacra:
2550 1260 2689 1328 dies,
2720 1267 2956 1317 tractare
2992 1260 3062 1316 dc
3106 1260 3257 1332 pacis
3299 1260 3747 1317 conditionibus.
3775 1262 3851 1318 Si—

2238 1354 2460 1427 quidem
2501 1363 2559 1409 ut
2589 1369 2813 1411 movere
2841 1369 2993 1411 arma
3034 1355 3416 1423 interdictum,
3451 1357 3530 1411 ita
3556 1356 3734 1412 etiam
3761 1358 3853 1412 illi-

2238 1449 2405 1505 citum
2453 1449 2742 1506 consulere
2764 1448 2833 1505 de
2863 1463 2997 1520 pace
3026 1448 3237 1505 feriatis
3264 1449 3483 1507 diebus.
3520 1449 3749 1506 Etenim
3787 1452 3849 1508 de

2240 1542 2458 1614 negotio
2488 1542 2666 1599 verbis
2695 1542 2889 1599 saltem
2921 1542 3242 1610 decernere,
3278 1554 3337 1600 et
3369 1543 3481 1600 illis
3510 1544 3849 1615 sacrilegium

2239 1636 2332 1708 qui
2362 1645 2708 1709 cogerentur,
2758 1652 2860 1694 nec
2890 1638 2998 1693 illis
3030 1638 3259 1693 inultum
3306 1640 3399 1711 qui
3427 1648 3725 1711 cogerent.
3757 1638 3847 1695 Ve-

2243 1731 2385 1785 niam
2418 1745 2477 1786 se
2508 1730 2666 1786 unius
2695 1730 2805 1787 diei
2829 1746 3076 1802 pascere,
3106 1732 3428 1789 dilationem
3466 1743 3581 1788 tam
3602 1733 3845 1803 exiguam

533 1825 1029 1896 versi,quicumque
1056 1823 1164 1878 illic
1183 1822 1385 1893 reperti
1414 1830 1563 1887 sunt,
1590 1822 1865 1877 interiere.
1893 1820 2134 1889 Quatuor
2162 1826 2210 1887 B
2240 1840 2581 1897 nequaquam
2610 1826 3002 1898 impedimento
3029 1827 3285 1883 futuram.
3336 1827 3528 1899 Neque
3571 1830 3726 1884 enim
3753 1830 3846 1886 cir-

538 1928 747 1974 tautum
777 1918 947 1973 millia
977 1933 1005 1970 a
1032 1915 1294 1973 Romanis
1337 1916 1622 1971 interiecta
1653 1932 1667 1968 :
1696 1913 1934 1986 quinque
1966 1913 2131 1970 millia

533 2011 835 2083 praecipitio
853 2010 1080 2083 periisse
1096 2010 1406 2081 accepimus
1435 2028 1447 2062 :
1465 2008 1601 2064 nulli
1630 2008 1772 2064 tutati
1800 2009 1956 2065 vcuia
1980 2007 2129 2064 data.

1151 2100 1383 2158 CAPUT
1420 2100 1510 2156 IV.

607 2199 819 2258 Giscala
851 2196 1026 2254 adhuc
1052 2196 1169 2253 sola
1195 2195 1263 2251 de
1286 2195 1532 2268 partibus
1558 2192 1795 2250 Galilazas
1827 2194 1881 2250 in
1921 2209 1981 2251 se
2009 2194 2136 2250 hos-

534 2305 642 2353 tem
670 2310 780 2350 non
814 2301 1179 2356 converterat,
1203 2291 1458 2363 quoniam
1486 2288 1791 2346 incolarum
1819 2291 1939 2360 ejus
1979 2290 2135 2361 quie-

532 2389 674 2445 tiora
703 2387 939 2459 ingenia,
986 2397 1041 2441 ut
1086 2396 1213 2458 pote
1260 2384 1411 2456 plebs
1440 2384 1693 2455 agrestis,
1726 2392 1980 2441 contenta
2027 2385 2139 2441 suis

531 2485 820 2547 fructibus,
847 2482 982 2538 nihil
1005 2481 1127 2537 belli
1150 2479 1541 2547 conferebant;
1573 2478 1670 2536 sed
1696 2478 1986 2535 multorum
2012 2493 2141 2536 coa-

534 2578 634 2635 litu
662 2579 754 2650 qui
782 2577 1072 2635 latrocinio
1102 2577 1267 2632 vitam
1281 2583 1608 2631 exercerent
1631 2588 1809 2640 suam,
1842 2574 2007 2629 etiam
2038 2573 2139 2628 mi-

534 2674 734 2731 tiorum
763 2671 936 2729 studia
966 2673 1150 2744 pravis
1183 2670 1427 2727 moribus
1456 2668 1967 2740 corrumpebantur.
2010 2668 2141 2723 Erat

535 2778 799 2842 praeterea
823 2770 905 2825 vir
932 2768 1071 2825 levis
1100 2766 1340 2823 Joannes
1375 2765 1596 2822 nomine
1632 2764 1908 2836 indigena,
1958 2761 2140 2835 populi

532 2864 671 2931 lues,
698 2863 840 2920 dolis
884 2861 1022 2919 nulli
1061 2871 1403 2918 versutorum
1452 2860 1746 2923 secundus,
1792 2856 2142 2930 improbitate

502 2973 718 3029 -parem
743 2957 1017 3023 nesciens,
1053 2957 1139 3013 cui
1187 2970 1481 3026 numquam
1520 2953 1768 3010 defuerat
1798 2951 2029 3009 nocendi
2057 2950 2141 3005 af-

532 3053 727 3120 fectus,
774 3051 1105 3125 aliquamdiu
1150 3062 1329 3109 tamen
1374 3050 1553 3108 fuerat
1598 3051 1775 3123 inopia
1821 3050 2143 3107 exercenda:

534 3148 834 3219 iniquitatis
883 3146 1351 3218 impedimentum.
1407 3145 1548 3214 Quid
1604 3155 1781 3201 tamen
1840 3144 2137 3212 definiam,

2239 1919 2487 1976 cumfuso
2535 1919 2714 1989 hoste,
2767 1919 3024 1993 effugium
3077 1918 3279 1976 clausis
3322 1920 3559 1977 liberum
3603 1941 3619 1977 :
3675 1919 3843 1976 offerri

2239 2013 2345 2069 sibi
2369 2014 2651 2070 arbitrium
2677 2014 2848 2085 pacis,
2880 2022 2989 2070 tam
3020 2014 3214 2084 aequali
3240 2014 3469 2087 optione
3498 2013 3843 2070 formidinem

2239 2107 2484 2163 obesse:
2536 2107 2719 2178 urgeri
2762 2121 2822 2162 se
2867 2106 3088 2162 interim
3143 2122 3252 2163 non
3302 2114 3565 2179 oportere
3610 2106 3684 2162 ad
3718 2108 3846 2178 pacis

2240 2200 2510 2267 consulta,
2550 2199 2746 2271 quibus
2797 2199 3048 2272 religioni
3098 2210 3250 2257 esset
3293 2210 3487 2258 contra
3529 2203 3713 2275 legem
3760 2218 3842 2274 pa-

2242 2294 2401 2351 triam
2429 2308 2535 2349 non
2565 2293 2919 2365 praevaricari
2944 2312 2959 2348 :
2988 2296 3285 2351 convenire
3308 2304 3493 2351 autem
3520 2303 3638 2351 tam
3664 2296 3843 2351 libera.

2242 2390 2277 2444 li
2308 2387 2458 2458 pacis
2484 2386 2774 2454 oblationi,
2818 2398 2877 2443 ut
2903 2387 2994 2459 qui
3025 2398 3223 2459 praeter
3254 2403 3408 2461 spem
3436 2400 3638 2461 sponte
3668 2388 3842 2446 offerat

2242 2498 2465 2555 pacem,
2493 2499 2565 2540 ne
2607 2484 2730 2556 quis
2785 2483 3141 2556 periclitetur,
3190 2485 3441 2539 evasuris
3490 2484 3663 2539 etiam
3716 2484 3840 2555 leges

2242 2591 2371 2633 suas
2399 2588 2669 2634 reservet.
2699 2575 2829 2633 Haec
2849 2577 2969 2632 sine
3003 2575 3131 2632 dolo
3154 2575 3308 2632 Titus
3352 2575 3592 2648 allegata
3629 2575 3840 2632 arbitra-

2246 2683 2355 2740 tus,
2383 2671 2627 2742 receptui
2657 2670 2876 2738 cecinit,
2924 2677 2980 2726 et
3006 2670 3288 2726 revocavit
3314 2684 3345 2724 a
3377 2670 3554 2725 muris
3589 2685 3732 2742 quos
3763 2684 3837 2724 se-

2243 2780 2366 2821 cum
2383 2764 2708 2822 deduxerat.
2735 2764 2809 2819 lta
2831 2762 3075 2820 Joannes
3096 2761 3336 2834 fugiendi
3356 2760 3594 2833 adeptus
3615 2762 3832 2833 copiam,

2245 2867 2405 2916 nocte
2434 2860 2757 2930 intempesta
2801 2873 2925 2914 cum
2979 2857 3255 2929 plerisque
3296 2856 3611 2912 abscessit:
3657 2871 3833 2927 seque-

2246 2950 2443 3006 bantur
2472 2951 2635 3006 etiam
2663 2949 2920 3006 mulieres
2947 2949 3409 3021 proficiscentem.
3436 2949 3550 3006 Sed
3576 2965 3687 3021 quo
3718 2951 3832 3003 ulte-

2246 3043 2363 3100 rius
2402 3043 2898 3117 progrediebantur
2946 3043 3069 3112 viri,
3114 3058 3182 3098 eo
3222 3042 3409 3114 plures
3457 3042 3721 3099 mulieres
3765 3042 3833 3098 vel

2246 3138 2463 3209 parvuli
2513 3138 2986 3209 relinquebantur,
3033 3135 3375 3208 desertaeque
3417 3152 3448 3192 a
3487 3135 3606 3192 suis
3647 3144 3832 3207 specta-

540 3240 682 3296 baud
710 3240 915 3311 liquido
937 3240 1084 3305 scio,
1120 3247 1298 3295 utrum
1346 3253 1472 3295 eum
1500 3237 1795 3311 indigentia
1830 3239 2049 3305 texerit,
2072 3253 2142 3294 an
2172 3227 2218 3291 C
2248 3233 2380 3290 bant
2407 3232 2618 3305 pavidae
2640 3231 2782 3288 viam
2837 3232 3069 3288 feminae.
3101 3231 3322 3287 Etcum
3359 3230 3475 3302 jam
3524 3229 3675 3286 viros
3725 3244 3831 3301 pro-

538 3333 901 3402 represserit:
949 3331 1058 3388 doli
1106 3330 1357 3399 callidus,
1412 3330 1637 3387 fallendi
1681 3330 1900 3397 artifex,
1951 3330 2146 3388 doctus

537 3426 856 3493 mendaciis,
887 3426 1046 3483 fidem
1076 3442 1323 3498 quaerere
1345 3435 1399 3482 et
1429 3425 1802 3481 crudelitatem
1830 3427 2146 3497 compositis

538 3521 867 3588 adsciscere,
900 3520 989 3591 qui
1014 3520 1281 3575 fallaciam
1310 3523 1567 3574 virtutem
1599 3527 1813 3589 putaret
1840 3528 1897 3575 et
1923 3519 2143 3592 elegan-

541 3614 631 3670 tia:
652 3612 909 3678 duceret,
942 3622 994 3668 et
1027 3612 1381 3668 charissimos
1406 3611 1836 3669 circumvenire:
1870 3621 2150 3684 promptus

536 3706 603 3762 ad
631 3704 1078 3776 conspirandum,
1110 3703 1406 3760 vehemens
1436 3704 1501 3759 ad
1532 3704 1861 3772 audendum,
1906 3720 2036 3761 acer
2078 3706 2144 3760 ad

536 3797 906 3865 efficiendum,
940 3798 1295 3854 conturbator
1325 3798 1377 3853 in
1406 3801 1540 3863 otio,
1573 3798 1823 3855 desertor
1853 3799 1905 3854 in
1936 3800 2147 3870 pericu-

536 3893 620 3961 lo,
652 3904 903 3949 assuetus
932 3892 1254 3958 latrociniis,
1290 3893 1432 3949 bello
1458 3893 1722 3960 insolens,
1753 3895 1843 3961 qui
1876 3910 1999 3949 cum
2025 3910 2146 3965 per—

537 3986 693 4059 sequi
721 3988 991 4057 nequiret,
1021 3996 1230 4043 sereret
1255 3994 1435 4042 tamen
1470 3986 1723 4058 paranda:
1752 4002 1944 4043 causas
1974 3988 2147 4043 domi-

539 4082 795 4139 nationis.
816 4081 952 4138 Huic
970 4082 1135 4153 igitur
1155 4082 1373 4137 animus
1393 4082 1683 4153 inquietus,
1706 4092 1952 4152 prompta
1970 4083 2142 4137 auda-

536 4177 643 4243 cia,
674 4192 833 4247 quam
877 4189 1169 4246 processus
1198 4175 1417 4231 alebant
1441 4189 1681 4246 opesque
1710 4175 1777 4231 ad
1817 4175 2143 4232 consocian-

537 4269 662 4325 dam
691 4268 1026 4339 perditorum
1057 4283 1299 4324 manum.
1349 4266 1505 4324 Unde
1548 4284 1672 4324 cum
1702 4268 1822 4338 ejus
1866 4269 2102 4327 factione
2128 4314 2143 4339 ,

539 4366 858 4417 memoratae
888 4359 1037 4414 urbis
1069 4359 1329 4430 populum
1358 4346 1580 4415 excitari
1610 4363 1678 4415 ad
1710 4360 1911 4417 bellum
1943 4361 2147 4433 Vespa-

535 4456 724 4509 sianus
752 4452 1133 4523 comperisset,
1166 4469 1233 4509 nc
1266 4463 1436 4507 totum
1459 4453 1764 4509 exercitum
1795 4453 2140 4526 defatigaret,

535 4545 704 4601 lilium
729 4545 909 4601 Titum
943 4562 1067 4601 cum
1092 4546 1242 4602 mille
1279 4546 1551 4615 equitibus
1573 4546 1792 4615 direxit,
1829 4550 2024 4620 quibus
2053 4565 2145 4605 eo-

2249 3327 2397 3399 prios
2424 3342 2456 3383 e
2481 3334 2778 3398 conspectu
2820 3325 3172 3391 amitterent,
3222 3322 3435 3379 hostem
3490 3323 3685 3379 adesse
3708 3321 3829 3377 arbi-

2250 3424 2552 3490 trabantur,
2584 3421 2650 3477 ad
2694 3436 2909 3477 omnem
2934 3429 3232 3476 trementes
3258 3434 3480 3475 sonum.
3506 3419 3566 3477 Si
3585 3419 3707 3492 quis
3722 3434 3829 3475 con-

2248 3527 2531 3587 curreret,
2565 3516 2764 3573 misere
2793 3516 3285 3582 convertebantur,
3318 3530 3441 3572 sese
3472 3515 3606 3585 peti,
3636 3514 3733 3571 sibi
3757 3528 3826 3570 ca-

2252 3619 2404 3667 tenas
2430 3609 2579 3680 injici
2608 3608 2977 3680 trepidantes,
3021 3608 3173 3679 quasi
3197 3608 3308 3678 jam
3339 3616 3644 3679 prresentes
3669 3618 3823 3664 essent

2251 3703 2342 3774 qui
2374 3701 2720 3759 timebantur.
2767 3701 2921 3757 Titus
2952 3702 3024 3756 ita
3049 3700 3201 3773 juxta
3231 3710 3562 3757 conventum
3596 3702 3705 3772 jam
3730 3700 3821 3756 sole

2250 3797 2454 3867 infuso,
2482 3797 2550 3853 ad
2568 3797 2758 3855 urbem
2780 3812 2903 3852 cum
2930 3796 3173 3852 exercitu
3186 3796 3471 3851 contendit
3501 3813 3516 3851 :
3540 3795 3819 3867 aperiuntur

2251 3901 2420 3962 portae
2453 3909 2466 3945 :
2514 3890 2790 3963 egreditur
2829 3889 3064 3960 populus
3092 3903 3215 3945 cum
3244 3888 3635 3955 exsultatione,
3659 3898 3711 3945 et
3732 3888 3815 3942 lto.

2251 3998 2442 4040 mauos
2462 3997 2581 4039 cum
2613 3982 2797 4039 lmtitia
2824 3982 3053 4051 suscipit
3073 3991 3129 4037 et
3154 3980 3477 4037 alacritate:
3510 3980 3701 4037 abesse
3717 3994 3817 4051 gau-

2248 4078 2383 4135 dens
2425 4077 2763 4149 pestilentem
2795 4078 2994 4144 virum,
3026 4075 3226 4148 fugisse
3257 4091 3355 4147 per
3384 4085 3624 4144 noctem,
3652 4076 3743 4132 sibi
3769 4074 3816 4129 li-

2249 4170 2434 4228 beram
2464 4170 2777 4226 facultatem
2806 4169 2986 4226 datam
3020 4187 3034 4224 :
3060 4183 3222 4225 orare
3251 4184 3313 4226 se
3337 4170 3578 4237 veniam,
3610 4185 3677 4225 ne
3700 4167 3815 4223 frau-

2248 4265 2301 4321 di
2326 4265 2425 4321 sibi
2460 4273 2608 4322 esset
2644 4265 2763 4335 ejus
2794 4264 2939 4336 fuga,
2968 4278 3129 4335 quem
3173 4271 3363 4319 tenere
3407 4263 3533 4319 sine
3559 4278 3656 4318 suo
3683 4259 3815 4318 exitio

2250 4375 2355 4415 non
2388 4367 2628 4431 possent.
2662 4358 2758 4415 Ille
2787 4357 3053 4414 dilatione
3075 4356 3326 4413 vindicta
3354 4357 3688 4423 consolatus,
3714 4370 3813 4412 coa-

2249 4452 2498 4506 summati
2548 4451 2748 4523 negotii
2803 4449 3116 4517 celeritate,
3163 4448 3231 4504 ad
3279 4447 3812 4522 comprehendendum

2249 4545 2514 4601 Joannem
2535 4560 2567 4602 e
2591 4543 2822 4616 vestigio
2850 4542 3117 4615 plurimos
3147 4542 3312 4612 misit,
3347 4544 3393 4598 si
3410 4544 3554 4599 forte
3577 4557 3692 4599 eum
3713 4556 3814 4596 eon-

538 4640 765 4694 mitatus
797 4639 864 4694 ad
896 4640 1085 4695 urbem
1128 4637 1602 4711 appropinquavit.
1661 4639 1769 4698 Sed
1821 4642 1911 4698 ubi
1960 4622 2626 4710 mttrostequerentur.
2675 4639 2798 4710 Ipse
2850 4637 3040 4694 urbem
3102 4638 3413 4709 ingressus,
3470 4636 3633 4693 minis
3678 4636 3814 4707 magis

542 4732 744 4801 populo
774 4732 910 4787 vidit
960 4731 1214 4799 refertos,
1267 4733 1451 4788 mirari
1501 4748 1561 4789 se
1611 4734 1708 4801 ait,
1757 4735 1901 4806 quod
1956 4751 2144 4793 eorum

539 4825 847 4895 exetnplum
876 4836 1235 4896 sequerentur
1262 4826 1327 4881 ad
1357 4827 1753 4896 rebellandum,
1788 4844 2017 4898 quorum
2050 4846 2144 4886 ex-

539 4916 683 4972 cidio
714 4918 1033 4987 resipiscere
1078 4917 1413 4974 debuissent.
1448 4918 1581 4974 Esto
1624 4930 1838 4987 tamen,
1876 4930 1936 4977 ut
1971 4924 2145 4994 primo

540 5018 875 5065 tentamenta
924 5010 1211 5067 habuerint
1257 5011 1462 5084 aliquid
1511 5016 1982 5085 praesumptionis,
2014 5017 2142 5088 quid

543 5103 920 5159 universorum
970 5102 1135 5159 exitia
1181 5106 1299 5175 spei
1343 5105 1591 5161 ferrent?
1650 5106 1949 5164 Veniabilis
1997 5118 2145 5165 certe

544 5194 710 5252 fuerit
730 5196 783 5251 in
810 5195 1077 5265 principio
1105 5211 1232 5266 spes
1253 5197 1518 5253 libertatis
1543 5216 1557 5251 :
1586 5198 1936 5255 inexorabilis
1963 5210 2143 5257 tamen

542 5298 628 5346 est
659 5290 711 5343 in
742 5287 947 5344 ultimis
971 5293 1027 5343 ct
1044 5286 1344 5358 desperatis
1369 5289 1534 5346 rebus
1558 5293 1985 5361 perseverantia.
2009 5292 2142 5349 Nam

544 5380 638 5453 qui
666 5396 772 5436 non
800 5378 1054 5449 exemplo
1086 5378 1455 5445 humanitatis,
1479 5397 1584 5437 non
1630 5382 1824 5438 sedulo
1851 5385 2140 5441 verborum

544 5476 750 5530 monitu
774 5472 1087 5538 ﬂectuntur;
1108 5471 1398 5527 adversum
1430 5487 1548 5541 eos,
1583 5491 1689 5529 non
1716 5477 1902 5544 verba,
1928 5477 2025 5534 sed
2054 5493 2144 5532 ar-

542 5585 625 5624 ma
661 5571 961 5626 necessaria
1009 5576 1156 5624 sunt.
1218 5566 1385 5623 Muris
1438 5568 1603 5624 fiditis
1647 5574 1797 5640 quasi
1852 5571 2139 5628 adversum

540 5654 905 5712 Romanarum
956 5657 1185 5711 virtutes
1242 5655 1362 5710 illos
1395 5657 1766 5726 protexerint.
1810 5657 1948 5725 Quid
1993 5658 2137 5715 aliud

540 5751 978 5825 possuntclausi
1027 5749 1313 5825 praeferre,
1356 5744 1703 5821 circumsepti
1751 5751 2133 5825 praetendere,

608 5852 634 5880 ι
675 5833 1013 5901 Ferebantur.
1044 5843 1212 5904 Buta.

2249 4751 2407 4808 quam
2437 4735 2703 4806 supplicio
2724 4732 2972 4790 affecisse
3007 4742 3296 4789 contentus
3328 4732 3481 4804 pacis
3511 4731 3812 4804 perturbato-

2250 4844 2359 4895 res,
2393 4827 2605 4884 remisit
2640 4827 2923 4894 omnibus,
2965 4841 3033 4882 ne
3058 4826 3179 4897 quis
3210 4826 3292 4883 vel
3330 4824 3482 4895 odio,
3509 4825 3602 4883 vel
3638 4825 3811 4882 domes-

2250 4924 2371 4979 ticis
2401 4923 2668 4979 excitatus
2696 4921 2948 4993 negotiis,
2997 4920 3249 4977 innoxios
3281 4920 3337 4975 in
3380 4918 3641 4976 invidiam
3679 4916 3809 4974 dedu-

2247 5010 2444 5085 ceret,‘
2474 5027 2529 5073 et
2575 5016 2879 5090 gravissimi
2931 5015 3175 5072 criminis
3228 5014 3475 5086 pulsaret
3524 5015 3803 5072 atrocitate:

2247 5127 2369 5168 cum
2400 5110 2570 5167 multo
2595 5109 2931 5167 tolerabilius
2953 5109 3025 5165 sit
3049 5108 3288 5180 id,fquod
3317 5108 3589 5164 incertum
3605 5114 3699 5176 est,
3725 5103 3805 5160 for-

2248 5202 2438 5258 midini
2496 5200 2772 5273 participis
2818 5201 3168 5258 conscientia:
3218 5198 3635 5272 derelinquere,
3682 5211 3802 5269 quam

2245 5295 2610 5352 condemnare
2658 5294 2956 5351 innoxium.
3015 5294 3174 5365 Stepe
3225 5294 3373 5349 enim
3423 5309 3578 5350 reum
3630 5288 3801 5361 corrigit

2246 5400 2461 5445 metus:
2512 5403 2670 5459 poena
2719 5396 2898 5444 autem
2940 5387 3244 5444 innocentis
3295 5387 3417 5443 sine
3456 5387 3567 5443 ullo
3607 5382 3799 5443 remedio

2245 5482 2603 5539 correctionis
2629 5490 2732 5539 est.
2759 5481 2997 5538 Joannes
3030 5482 3211 5553 itaque
3249 5495 3357 5536 non
3388 5489 3469 5537 est
3497 5489 3727 5551 repertus
3749 5474 3797 5530 ab

2250 5576 2331 5631 bis
2363 5591 2501 5647 quos
2529 5574 2806 5630 direxerat
2828 5572 2983 5630 Titus
3012 5591 3025 5628 :
3054 5572 3149 5629 sed
3188 5573 3391 5643 reperti
3418 5571 3514 5644 qui
3549 5569 3796 5643 sequeban-

2247 5680 2334 5744 tur
2358 5684 2506 5735 eum,
2532 5669 2743 5740 parvuli
2775 5669 2858 5725 vel
2883 5667 3159 5736 mulieres,
3186 5667 3254 5723 ad
3282 5665 3392 5724 duo
3423 5666 3585 5723 millia
3612 5665 3709 5741 fere
3728 5663 3790 5729 in:

2244 5749 2487 5821 terfecti.
2516 5764 2614 5818 tria
2652 5762 2818 5819 millia
2872 5772 3052 5820 autem
3081 5761 3313 5819 infirma:
3351 5764 3529 5819 aetatis
3555 5768 3607 5818 et
3642 5764 3779 5819 sexui,

3644 5853 3960 6388 Δ
