4112 6350
342 285 490 342 2103

1221 278 1492 338 HISTOB.
1539 280 1628 338 DE
1668 277 1945 336 EXCSDIO
1985 278 2256 338 HIEROS.
2302 280 2506 340 URBIS
2535 281 2666 338 LIB.
2703 283 2790 341 IV.

3507 290 3650 348 2106

343 399 438 459 ubi
464 399 687 456 satietas
711 396 938 454 necandi
972 395 1459 468 facta,captivitati
1481 394 1773 468 adjudicati
1794 404 1940 452 sunt.
1971 395 2388 466 Asaeerdotia,
2441 397 2510 454 ad
2555 412 2716 454 omne
2771 399 2919 457 nefas
2973 400 3370 460 conferentium
3421 405 3650 466 arbitrio

342 493 658 551 Custodiam
689 490 978 547 militarem
1001 489 1207 546 civitati
1239 490 1555 561 impertivit.
1588 489 1773 562 Itaque
1799 490 1947 548 Gali-

343 589 444 646 laea
476 587 653 642 omnis
673 585 728 640 in
753 593 1074 656 potestatem
1113 583 1411 639 Romanam
1449 582 1701 639 deducta.
1731 583 1864 639 Nam
1893 593 1947 639 et

342 682 638 739 Thabirius
652 696 824 748 mons,
841 681 996 752 cujus
1013 679 1240 734 altitudo
1256 680 1470 751 triginta
1493 678 1812 744 stadiorum,
1829 694 1948 734 vcr-

346 787 435 832 tex
451 787 631 832 autem
651 775 763 846 ipse
776 775 1096 844 Campestris
1111 773 1300 844 viginti
1314 782 1365 828 et
1380 772 1552 828 tribus
1566 771 1906 842 stadiisjacet
1923 811 1939 838 ,

344 871 571 944 penuria
589 886 744 942 aqua:
767 869 834 925 ab
847 868 969 924 aliis
986 868 1258 936 desertus,
1277 868 1344 922 ab
1356 867 1477 922 aliis
1497 875 1648 923 orata
1661 867 1818 924 venia
1833 866 1942 922 Ro-

344 963 768 1020 manistraditus
798 981 810 1019 :
840 961 968 1018 licet
995 963 1194 1017 virtute
1216 977 1426 1033 quoque
1457 960 1794 1016 etindustria
1817 961 1941 1015 Pla-

342 1056 449 1114 cidi
477 1057 565 1112 cui
595 1055 649 1111 id
677 1056 881 1128 negotii
905 1072 933 1109 a
972 1055 1310 1126 VeSpasiauo
1349 1054 1701 1110 commissum
1741 1053 1940 1122 fuerat,

341 1151 520 1208 omnis
552 1166 918 1206 convenarum
968 1151 1142 1217 turba,
1193 1150 1320 1206 dum
1348 1149 1630 1207 cedentem
1655 1149 1929 1221 sequitur,

343 1253 400 1302 et
428 1254 546 1302 arte
571 1254 919 1303 revocantem
942 1245 1536 1318 gradum'perurgeret,
1558 1244 1736 1315 campi
1763 1242 1941 1299 medio

341 1341 698 1409 circumfusa,
759 1339 1026 1413 refugium
1066 1340 1339 1406 amiserit,
1398 1348 1605 1410 pestem
1646 1338 1937 1394 invenerit.

972 1434 1204 1491 CAPUT
1244 1434 1309 1488 V.

410 1531 687 1588 Hactenus
767 1529 1168 1600 circumvagari
1245 1526 1663 1592 licuerit,dum
1744 1527 1938 1598 templi

337 1626 510 1682 sancti
541 1641 572 1682 a
601 1625 900 1697 majoribus
922 1624 1162 1692 conditi,
1197 1634 1252 1678 et
1299 1637 1470 1678 sacra:
1517 1621 1657 1692 legis
1685 1620 1936 1692 contagia

336 1723 703 1794 refugientes,
737 1720 882 1778 circa
907 1720 1043 1774 alias
1093 1719 1257 1776 urbes
1307 1717 1510 1790 stylum
1559 1730 1933 1786 occupamus:

2049 489 2488 560 subjicerentur:
2521 491 2615 548 sed
2646 506 2769 548 cum
2803 493 3090 552 obviarent
3113 497 3484 556 sacerdotales
3514 502 3648 572 viri,

2048 593 2104 640 et
2131 584 2366 642 maxime
2394 585 2619 642 Ananus
2645 590 2860 644 eteteris
2888 591 3105 660 senior,
3154 608 3223 649 ne
3273 609 3372 666 per
3415 598 3646 668 gratiam

2048 675 2347 733 donaretur
2431 680 2630 735 summi
2687 682 2927 739 nominis
2999 688 3397 758 praarogativa,
3455 691 3652 748 sortito

2047 770 2221 824 creari
2250 771 2552 842 principem
2593 775 2937 832 sacerdotem
2971 789 3271 850 expetunt,
3298 781 3350 836 in
3377 798 3484 854 quo
3513 783 3650 842 nihil

2047 865 2266 935 gratiae,
2305 864 2401 921 sed
2453 865 2638 922 divino
2677 867 2887 938 judicio
2933 872 3199 929 committi
3229 875 3396 932 sortis
3421 884 3649 934 eventus

2046 959 2431 1016 aestimaretur.
2465 961 2530 1017 Et
2568 977 2760 1019 revera
2791 965 3209 1036 pnetendebant
3234 977 3474 1025 veterem
3516 986 3650 1027 con-

2046 1055 2388 1111 suetudinem
2414 1099 2429 1123 ,
2457 1073 2563 1129 qua
2594 1058 3004 1116 substituendos
3036 1062 3088 1116 in
3121 1063 3410 1120 sacerdotii
3437 1065 3647 1136 princi-

2044 1159 2228 1219 patum
2259 1164 2376 1205 mos
2405 1161 2525 1207 erat
2555 1152 2620 1208 ad
2645 1163 2850 1211 sortem
2883 1156 3066 1212 vocari
3093 1174 3106 1211 :
3140 1156 3423 1215 evidenter
3461 1169 3643 1216 autem

2044 1242 2381 1300 solutionem
2411 1245 2548 1316 legis
2579 1249 2970 1318 operabautur.
2999 1249 3134 1306 Cum
3168 1252 3313 1307 enim
3344 1251 3432 1309 lex
3463 1267 3646 1310 sacer-

2041 1335 2242 1392 dotalis
2270 1340 2634 1396 successionis
2657 1343 2806 1398 viros
2835 1345 2904 1398 ad
2931 1356 3140 1401 sortem
3172 1345 3414 1417 legeret,
3446 1347 3526 1403 illi
3575 1348 3644 1404 ad

2041 1433 2284 1503 speciem
2317 1434 2384 1490 de
2425 1436 2856 1493 sacerdotalibus
2884 1439 3133 1496 tribubus
3177 1457 3381 1510 unum,
3435 1450 3461 1480 τι
3500 1441 3646 1498 Ena-

2041 1525 2202 1581 chum
2253 1529 2508 1597 nomine,
2539 1541 2869 1601 praesentem
2914 1541 3190 1604 statuunt,
3239 1544 3293 1591 et
3320 1534 3387 1590 ad
3434 1545 3642 1593 sortem

2039 1623 2126 1692 agi
2169 1622 2513 1693 praacipiunt.
2563 1623 2715 1681 Tunc
2744 1625 2946 1683 Phanis
2999 1629 3215 1700 quidam
3270 1639 3420 1686 sorte
3470 1631 3642 1698 exiit,

2042 1714 2184 1770 filius
2215 1715 2510 1783 Samuelis,
2542 1718 2768 1775 incanus
2794 1721 2900 1789 vir,
2920 1722 3005 1776 cui
3052 1736 3159 1777 non
3184 1723 3346 1779 modo
3373 1739 3470 1794 per
3493 1724 3646 1794 prin-

337 1817 431 1872 sed
480 1825 698 1886 tempus
754 1823 838 1870 est
857 1815 965 1885 jam
989 1857 1004 1881 ,
1051 1822 1109 1868 ut
1159 1828 1280 1884 qua:
1330 1810 1730 1883 Hierosolymis
1782 1817 1935 1880 gesta
1965 1813 2011 1874 Β
2039 1810 2189 1880 cipes
2209 1812 2555 1868 sacerdotum
2583 1813 2742 1869 ducta
2767 1817 3048 1872 successio
3070 1818 3219 1874 nulla
3242 1819 3640 1890 suppeditaret,

335 1920 493 1976 sunt,
520 1909 866 1973 adoriamur,
899 1925 1006 1964 non
1041 1908 1264 1979 ingenio
1295 1904 1456 1971 freti,
1499 1904 1595 1960 sed
1630 1919 1698 1959 ne
1744 1902 1934 1974 patrire

335 2005 440 2076 legi
474 2003 753 2074 veterique
807 2002 1008 2069 cultui,
1043 2001 1216 2056 nostri
1265 1998 1473 2055 doloris
1527 1996 1810 2052 videamur
1839 2010 1935 2051 ne-

333 2110 494 2167 gasse
523 2095 887 2151 ministerium
915 2111 929 2148 :
955 2093 1124 2150 fuerit
1164 2093 1218 2148 in
1251 2092 1357 2148 illis
1393 2091 1518 2146 licet
1548 2090 1769 2156 umbra,
1824 2103 1932 2142 non

332 2191 535 2244 veritas
551 2231 568 2257 ,
592 2187 688 2245 sed
716 2197 897 2244 tamen
920 2186 1110 2243 umbra
1135 2186 1386 2256 designat
1411 2183 1660 2239 veritatis
1685 2179 1931 2250 vestigia.

333 2283 509 2340 Habet
534 2283 696 2339 enim
731 2283 956 2352 picturze
998 2281 1326 2335 lineamenta
1378 2277 1608 2343 umbra,
1662 2275 1930 2346 fulgorem

332 2392 441 2432 non
499 2377 694 2444 habet,
749 2390 850 2431 nec
886 2374 950 2428 ad
985 2388 1255 2429 summam
1289 2371 1528 2442 perfecta
1562 2378 1647 2424 est
1676 2381 1928 2432 manum,

328 2474 426 2532 sed
473 2473 765 2544 diligenter
813 2469 1154 2526 intuentibus
1181 2468 1358 2523 futura
1388 2465 1684 2535 exprimit:
1719 2472 1774 2518 et
1807 2463 1931 2519 ideo

329 2569 511 2623 minus
543 2566 783 2621 delectat
813 2565 982 2635 figura
1006 2605 1020 2630 ,
1053 2563 1172 2634 plus
1202 2559 1360 2616 illicit
1387 2558 1578 2628 gratia.
1634 2554 1792 2611 Unde
1818 2555 1931 2625 pla-

323 2663 444 2718 cuit
496 2677 677 2718 rerum
723 2661 928 2717 arbitro
959 2659 1178 2714 abolere
1229 2665 1450 2718 vetera,
1482 2669 1618 2710 nova
1650 2652 1928 2718 condere;

323 2766 391 2813 ut
414 2757 697 2813 veritatem
743 2763 1142 2825 sequerentur,
1177 2752 1266 2822 qui
1301 2765 1398 2822 per
1425 2747 1709 2819 angustias
1740 2745 1930 2802 infide-

326 2849 496 2906 litatis
527 2847 793 2919 imagines
820 2861 927 2901 non
955 2844 1346 2917 sequebantur.

945 2939 1174 2997 CAPUT
1217 2937 1304 2993 Vl.

402 3043 631 3115 Fugiens
653 3085 667 3110 ,
696 3050 754 3096 ut
781 3054 944 3112 supra
975 3037 1217 3094 diximus
1243 3076 1257 3102 ,
1291 3035 1362 3090 de
1387 3033 1628 3089 Galilaeac
1681 3030 1928 3102 partibus

321 3138 566 3194 Joannes
614 3135 680 3190 ad
733 3131 1283 3203 Hierosolymitanam
1337 3127 1526 3182 urbem
1560 3141 1618 3180 se
1649 3125 1921 3189 contulit;

2037 1904 2130 1958 sed
2161 1920 2228 1960 ne
2261 1905 2364 1960 ulla
2405 1906 2627 1978 quidem
2684 1909 2913 1966 scientia
2972 1913 3217 1969 muneris
3244 1913 3642 1981 sacerdotalis,

2036 2014 2104 2054 eo
2143 2000 2286 2070 quod
2321 2002 2431 2057 ruri
2463 2012 2721 2060 vacaret:
2750 2014 2805 2060 et
2836 2005 2960 2062 ideo
2985 2048 3000 2074 ,
3030 2006 3175 2077 quod
3202 2017 3349 2064 esset
3380 2009 3639 2080 princeps

2035 2093 2380 2149 sacerdotum
2403 2138 2418 2164 ,
2468 2096 2805 2170 incognitum
2837 2099 3093 2156 habebat.
3139 2101 3382 2172 Denique
3412 2111 3642 2160 attracto

2035 2201 2100 2240 ex
2147 2188 2327 2258 agris,
2355 2198 2410 2245 et
2455 2191 2751 2248 reluctanti
2797 2194 2953 2266 quasi
2995 2195 3048 2250 in
3099 2209 3262 2251 scena
3299 2193 3328 2233 ι)
3359 2195 3465 2251 alia
3516 2212 3646 2268 per-

2034 2295 2165 2336 sona
2208 2283 2538 2354 imponitur,
2583 2286 2827 2343 induitur
2870 2303 3087 2358 quoque
3135 2303 3413 2344 sacrarum
3463 2292 3641 2346 veteri

2036 2391 2188 2432 more
2231 2377 2488 2433 amictum
2521 2382 2776 2436 vestium.
2807 2383 3047 2437 Docetur
3089 2382 3143 2436 in
3194 2391 3476 2452 tempore,
3509 2381 3641 2453 quid

2034 2484 2157 2524 eum
2201 2470 2380 2527 facere
2419 2482 2715 2544 oporteret.
2748 2475 2824 2531 lta
2852 2476 3020 2531 sortis
3049 2485 3244 2532 eventu
3285 2475 3532 2546 exposita
3555 2484 3640 2531 est

2034 2567 2274 2637 nequitia
2299 2567 2772 2634 seditiosorum,ut
2793 2570 2860 2626 ad
2878 2570 3190 2642 imperitum
3206 2580 3476 2642 agrestem
3504 2571 3639 2626 tanti

2031 2661 2323 2717 sacerdotii
2352 2663 2561 2719 functio
2587 2663 2974 2720 deduceretur.
2999 2666 3105 2723 Sed
3129 2666 3237 2722 illis
3259 2665 3499 2722 ludibrio
3521 2675 3642 2722 erat

2033 2754 2468 2827 circumscriptio
2518 2761 2724 2817 veteris
2787 2761 3198 2830 solemnitatis,
3261 2761 3639 2819 sacerdotibus

2033 2846 2245 2904 dolori:
2276 2851 2368 2922 qui
2399 2851 2617 2909 irrideri
2645 2853 2816 2926 legem
2846 2871 2874 2908 a
2903 2853 3130 2924 perditis
3153 2853 3353 2911 flentes
3379 2856 3639 2927 ingemis-

2031 2942 2251 2999 cebant.
2285 2946 2394 3015 Ipsi
2419 2955 2602 3004 tamen
2630 2947 2754 3004 freti
2788 2949 3007 3018 pietatis
3027 2949 3356 3006 auctoritate
3382 2958 3439 3006 et
3467 2949 3641 3006 bono-

2031 3051 2152 3092 rum
2186 3036 2561 3111 indignatione
2590 3051 2923 3114 congregant
2949 3057 3070 3099 sese
3089 3085 3104 3111 ,
3134 3052 3190 3099 et
3230 3058 3396 3114 super
3425 3053 3640 3115 pertur-

2031 3129 2253 3185 batores
2301 3132 2537 3189 irruunt.
2587 3135 2652 3190 At
2699 3135 2777 3190 illi
2814 3151 2937 3190 cum
2988 3145 3040 3191 et
3075 3150 3257 3191 causa:
3301 3147 3355 3192 et
3405 3151 3637 3193 numero

323 3246 384 3290 et
438 3233 590 3304 quasi
650 3229 897 3301 quaedam
951 3227 1121 3298 pestis
1173 3223 1360 3280 infecit
1400 3224 1614 3278 animos
1647 3222 1881 3292 plurium
1909 3263 1924 3290 ,
1956 3220 2002 3284 C
2032 3221 2390 3294 dissidereut,
2421 3225 2488 3281 ad
2523 3227 2781 3297 templum
2806 3229 2959 3299 quasi
3013 3229 3064 3284 in
3110 3243 3294 3285 arcem
3324 3229 3638 3301 confugien-

321 3327 419 3398 qui
464 3343 527 3381 ex
560 3324 794 3379 diversis
835 3319 1152 3393 regionibus
1184 3318 1458 3390 principes
1504 3315 1832 3386 ﬂagitiorum
1863 3331 1930 3371 eo

319 3421 482 3494 quasi
514 3420 569 3475 in
603 3419 878 3476 sentinam
910 3416 1318 3472 confluxerunt.
1350 3413 1466 3468 lloc
1494 3414 1640 3469 enim
1675 3411 1756 3467 illi
1807 3411 1932 3468 urbi

321 3515 555 3586 majoris
581 3528 745 3570 causa
775 3510 970 3568 excidii
1003 3511 1138 3577 fuit,
1163 3509 1288 3580 quia
1308 3507 1452 3580 quod
1481 3506 1788 3564 sceleribus
1813 3508 1929 3564 suis

319 3609 649 3667 deferebant
669 3608 868 3682 perditi
888 3649 901 3674 ,
935 3613 992 3660 ttt
1021 3619 1086 3660 eo
1117 3604 1483 3659 convenirent
1516 3603 1764 3674 plerique
1788 3644 1803 3670 ,
1835 3602 1928 3658 ubi

318 3707 412 3763 vel
438 3707 670 3762 tutiores
696 3720 756 3760 se
802 3705 918 3759 fore
966 3703 1288 3767 crederent,
1325 3703 1407 3759 vel
1442 3703 1833 3758 insolentiores
1859 3702 1928 3758 ad

318 3800 528 3872 ﬂagitia
572 3797 978 3868 coacervanda,
1028 3797 1154 3853 fidei
1215 3796 1432 3853 deferre
1492 3798 1926 3853 testimabantur.

320 3894 754 3965 Recipiebantur
783 3892 964 3962 itaque
992 3890 1191 3961 passim
1215 3932 1228 3956 ,
1252 3891 1405 3962 quasi
1437 3891 1527 3962 pio
1558 3891 1742 3960 templi
1773 3903 1927 3944 anto-

317 4006 387 4047 re
415 3989 699 4047 defensum
729 3987 1001 4043 venirent.
1040 3985 1168 4040 Hmc
1211 3985 1390 4056 prima
1451 3983 1601 4040 labes
1631 3985 1924 4039 malorum.

318 4082 466 4141 Hinc
492 4096 758 4154 Oppressa
788 4088 872 4136 est
899 4093 1198 4150 paucorum
1233 4076 1597 4133 mansuetudo
1626 4092 1726 4148 per
1757 4076 1928 4147 pluri-

318 4191 539 4232 morum
587 4173 976 4230 insolentiam:
1041 4171 1166 4226 hinc
1237 4172 1372 4226 itum
1419 4172 1474 4225 in
1540 4169 1749 4236 czedcs,
1804 4185 1925 4225 cum

319 4271 506 4329 minus
536 4277 786 4341 parceret
813 4267 1062 4322 alienus:
1099 4265 1224 4320 hinc
1268 4265 1678 4333 conspiratum,
1739 4271 1795 4319 ut
1849 4263 1918 4320 le-

318 4366 406 4438 gis
454 4364 722 4420 solemnia
777 4362 1218 4432 negligerentur,
1252 4357 1557 4415 sacerdotia
1589 4375 1618 4414 a
1650 4358 1807 4414 bonis
1859 4358 1926 4413 ad

321 4456 603 4528 improbos
631 4454 1053 4522 derivarentur,
1087 4451 1230 4524 quod
1270 4451 1584 4507 hominibus
1607 4467 1715 4506 non
1746 4452 1925 4507 solum

319 4568 352 4607 a
385 4549 473 4620 pio
500 4549 682 4616 cultu,
712 4546 808 4604 sed
839 4547 908 4602 ab
936 4548 1052 4617 ipsa
1084 4547 1217 4617 legis
1242 4546 1554 4617 cognitione
1587 4546 1924 4618 peregrinis,

2031 3325 2113 3374 tes
2134 3360 2148 3382 ,
2180 3319 2330 3374 velut
2370 3329 2611 3376 castrum
2642 3320 2915 3392 quoddam
2949 3322 3054 3378 sibi
3082 3323 3520 3388 constituerunt,
3569 3323 3636 3380 ad

2030 3413 2408 3484 repellendam
2443 3415 2703 3472 irruentis
2727 3418 2911 3488 populi
2957 3418 3382 3474 multitudinem.
3417 3421 3495 3474 Ac
3526 3420 3639 3490 pri-

2029 3520 2120 3560 mo
2159 3515 2286 3561 ante
2317 3504 2467 3563 fores
2511 3509 2701 3581 templi
2739 3518 2906 3581 atque
2941 3510 2992 3565 in
3024 3511 3142 3581 ipso
3190 3511 3460 3568 veStibulo
3509 3511 3632 3580 siti,

2029 3602 2320 3658 adversum
2353 3603 2612 3674 populum
2640 3606 3068 3675 pra-liabanlur:
3101 3605 3146 3662 si
3170 3606 3292 3676 quis
3317 3607 3638 3662 vulneratus

2029 3696 2237 3764 fuerat,
2281 3696 2546 3752 interiora
2597 3699 2785 3770 templi
2839 3701 3089 3770 petebat,
3142 3701 3250 3756 illic
3313 3701 3634 3772 sanguinem

2030 3803 2187 3843 suum
2230 3788 2466 3846 fundens
2499 3791 2717 3847 interno
2762 3791 2972 3861 limini,
3006 3801 3061 3849 et
3088 3803 3311 3850 eruenta
3355 3796 3632 3864 pavimen-

2031 3883 2101 3939 tis
2156 3884 2490 3940 sauciosiora
2543 3885 2835 3957 detergens
2873 3886 3057 3942 ulcera
3089 3887 3348 3958 fibraeque
3401 3891 3638 3958 patentis

2030 3977 2304 4046 vulneris,
2341 3977 2586 4034 vestibus
2617 3979 2730 4046 his,
2771 3995 2905 4049 quas
2950 3995 3057 4034 non
3108 3979 3299 4036 liceret
3351 3981 3462 4037 illis
3506 3996 3638 4036 con-

2029 4072 2271 4141 tingere,
2299 4070 2640 4126 fovebantur.
2674 4071 2885 4128 Bellum
2933 4081 3054 4128 erat
3096 4073 3235 4128 intra
3269 4073 3453 4128 urbem
3476 4115 3490 4141 ,
3519 4073 3636 4130 bel-

2031 4165 2140 4220 lum
2173 4166 2316 4221 inter
2337 4167 2486 4223 cives
2506 4208 2520 4233 ,
2549 4166 2752 4222 bellum
2797 4179 2924 4224 ante
2951 4168 3214 4240 templum
3244 4187 3256 4224 :
3290 4184 3358 4225 ne
3383 4169 3490 4225 hoc
3513 4170 3636 4242 qui-

2029 4258 2152 4314 dem
2199 4259 2417 4314 reveriti
2442 4260 2683 4315 latrones
2705 4301 2720 4328 ,
2743 4276 2867 4316 cum
2892 4276 2922 4315 a
2955 4262 3159 4332 populo
3189 4263 3483 4319 instantius
3506 4279 3631 4336 per-

2033 4360 2386 4423 urgerentur,
2441 4353 2580 4408 intra
2618 4355 2792 4422 ipsum
2839 4355 3100 4426 templum
3123 4371 3250 4412 sese
3273 4367 3631 4428 receperunt,

2030 4456 2084 4503 et
2115 4447 2362 4504 clausere
2413 4448 2562 4504 illico
2603 4448 2770 4505 fores.
2799 4450 2920 4518 Quo
2967 4451 3184 4522 objectu
3217 4461 3506 4507 revocatus
3551 4460 3634 4507 est

2035 4542 2296 4607 Ananus;
2350 4557 2417 4596 ne
2473 4541 2753 4597 videretur
2809 4543 3011 4598 bellum
3062 4543 3263 4614 templo
3296 4544 3529 4610 inferre,
3578 4554 3636 4600 ct

317 4643 468 4717 quod
511 4651 756 4698 sanctum
786 4648 965 4706 esset,
991 4639 1361 4711 ignorabatur.
1395 4638 1573 4694 Vincti
1605 4650 1732 4694 sunt
1760 4641 1934 4710 primo
1959 4645 2012 4706 D
2039 4645 2280 4690 sacratas
2302 4634 2565 4705 religione
2588 4636 2856 4704 majorum
2882 4653 3236 4709 perrumpere
3261 4638 3406 4694 fores
3427 4639 3635 4710 templi,

319 4738 492 4809 regali
521 4752 722 4808 genere
748 4735 852 4790 viri
899 4733 993 4806 qui
1041 4734 1402 4798 resistebant,
1427 4748 1536 4804 quo
1560 4735 1744 4790 cmteri
1777 4743 1928 4790 metu

320 4831 623 4887 cederent:
657 4828 856 4886 deinde
884 4828 1099 4895 necati;
1133 4837 1188 4883 et
1219 4837 1276 4883 ut
1305 4825 1570 4898 ﬂagitium
1619 4830 1922 4897 velaretur,

319 4937 463 4996 quos
497 4922 616 4978 sine
661 4920 872 4993 judicio
902 4929 1280 4991 peremerant,
1313 4921 1497 4976 missis
1536 4922 1589 4975 in
1646 4935 1924 4977 carcerem

319 5025 567 5089 sicariis,
611 5037 816 5095 eosque
873 5021 1057 5077 afficto
1105 5020 1338 5076 crimine
1381 5020 1704 5090 proditionis
1750 5021 1922 5076 inter-

322 5130 580 5189 emptos,
641 5117 1105 5174 ementiebantur.
1139 5114 1406 5170 Pertracti
1457 5113 1640 5184 itaque
1687 5114 1926 5170 universi

325 5223 475 5270 metu
494 5255 508 5280 ,
535 5211 680 5284 quod
709 5208 960 5265 homines
986 5216 1235 5279 potentes
1258 5215 1419 5278 atque
1440 5207 1647 5262 innoxii
1671 5206 1922 5277 Antipas.

324 5306 526 5362 Lebias
553 5313 608 5361 et
651 5303 862 5360 Phoras
891 5311 1000 5358 tam
1031 5300 1193 5357 facile
1236 5301 1484 5371 oppressi
1519 5299 1732 5363 forent,
1781 5299 1926 5371 quod

325 5417 427 5456 nec
478 5401 588 5470 jam
632 5397 906 5454 audebant
949 5395 1231 5450 resistere.
1278 5393 1414 5448 Hinc
1458 5407 1526 5449 eo
1571 5407 1925 5464 processum,

325 5504 387 5549 ut
436 5491 708 5565 ignobiles
749 5499 916 5561 atque
946 5487 1204 5560 indignos
1235 5487 1635 5544 substituerent
1669 5487 1930 5543 sacerdo-

327 5601 438 5644 tum
471 5586 781 5659 principes:
813 5594 873 5640 ut
926 5584 1126 5656 quibus
1177 5582 1324 5638 nulla
1373 5581 1655 5639 emerendi
1700 5581 1925 5639 honoris

323 5683 500 5756 gratia
523 5679 945 5752 suﬂ‘ragabatur,
980 5679 1016 5735 ii
1045 5687 1237 5736 contra
1263 5679 1522 5737 meritum
1548 5693 1709 5736 suum
1744 5677 1932 5750 adepti

404 5822 428 5852 α
473 5811 799 5880 Eniachittm.
825 5807 992 5876 Baeti.

2035 4730 2253 4788 reﬂexit
2300 4733 2561 4803 impetum
2610 4733 2813 4801 plebis,
2848 4745 2904 4790 et
2941 4750 3037 4790 sex
3090 4735 3257 4790 millia
3307 4734 3548 4790 virorum
3581 4735 3633 4790 in

2032 4828 2337 4899 porticibus
2387 4828 2705 4894 constituit,
2751 4829 2842 4899 qui
2875 4829 3068 4885 muniti
3123 4829 3288 4883 armis
3327 4828 3635 4899 praetende-

2030 4931 2187 4988 rent,
2219 4921 2508 4978 sollicitato
2532 4922 2858 4980 adhibentes
2881 4922 3188 4980 custodiam
3209 4965 3222 4979 .
3251 4923 3516 4980 Paulatim
3558 4933 3638 4979 ta-

2029 5031 2154 5072 men
2216 5015 2450 5071 mollivit
2500 5016 2778 5083 animum,
2831 5025 2887 5071 ut
2935 5017 3053 5088 paci
3099 5016 3507 5083 consuleretur,
3567 5031 3636 5072 eo

2031 5108 2212 5164 studio
2244 5109 2512 5174 maxime,
2543 5125 2612 5165 ne
2641 5108 2900 5180 templum
2946 5110 3166 5182 sanguis
3199 5109 3399 5166 civium
3444 5121 3634 5166 conta-

2035 5201 2313 5258 minaret:
2349 5201 2605 5258 suaderet
2643 5217 2858 5274 quoque
2917 5203 3234 5258 mittendam
3284 5203 3633 5275 legationem,

2035 5295 2184 5367 pacis
2213 5305 2586 5366 sequestram,
2629 5305 2685 5351 ut
2707 5296 2910 5352 bellum
2957 5297 3280 5352 intestinum
3325 5295 3638 5367 deponere-

2037 5395 2143 5443 tur.
2192 5387 2532 5444 Adseiseitur
2577 5387 2817 5445 Joannes
2846 5389 2912 5446 ad
2956 5388 3362 5460 exsequendam
3413 5389 3642 5459 legatio-

2038 5499 2199 5551 nem,
2257 5494 2528 5555 suspeetae
2585 5485 2708 5542 fidei
2739 5487 2856 5552 vir,
2912 5495 2967 5541 et
3011 5483 3328 5542 aﬂ'eetandse
3379 5485 3639 5556 potentia:

2035 5595 2338 5637 succensus
2359 5579 2657 5652 cupiditate
2684 5598 2697 5636 :
2722 5589 3124 5637 sacramentum
3143 5579 3344 5652 petitur
3367 5596 3380 5633 :
3414 5595 3522 5634 non
3540 5579 3638 5635 ab-

2037 5675 2155 5733 nuit
2182 5690 2251 5733 ne
2275 5675 2534 5732 damnum
2575 5675 2801 5749 periurii
2825 5683 3136 5749 pateretur,
3168 5675 3214 5732 si
3242 5683 3521 5747 negasset.
3546 5673 3639 5732 Si-

2109 5804 2136 5848 ?t
2178 5805 2382 5869 Aliena.
2428 5808 2499 5869 ibi
