4112 6350
589 312 731 376 2107

1949 314 2191 380 SANCTI
2225 312 2548 381 AMBROSII

3712 331 3826 387 2!th

587 436 829 492 mulabat
872 451 932 493 se
982 435 1125 510 plebi
1158 434 1341 493 favere
1363 478 1377 505 ,
1428 444 1489 493 ut
1517 436 2013 494 circumscriberet.
2044 432 2184 505 Quid
2213 430 2261 500 Α
2291 438 2488 494 rationi
2516 446 2678 509 atque
2704 440 3025 496 reverentiae
3054 440 3244 497 adfuit.
3277 440 3466 514 Fugite
3502 445 3653 516 igitur
3684 458 3827 506 coetus

593 530 748 602 plura
771 529 794 587 ?
820 531 1034 603 Pergit,
1075 530 1145 586 de
1177 544 1307 600 pace
1338 540 1506 602 pauca
1531 531 1841 600 pramittil,
1872 529 2031 602 plura
2054 530 2185 586 sub-

590 624 728 680 texit
757 624 823 679 ad
856 623 983 679 belli
1042 622 1413 679 incentivum:
1456 622 1643 679 dicens
1698 625 1915 680 nomine
1967 623 2118 696 pacis
2158 628 2184 662 ι

586 717 787 773 bellum
815 718 1116 773 involutum
1142 760 1155 785 ,
1206 716 1375 773 latere
1404 716 1655 785 insidias,
1690 719 1937 774 Ananutn
1983 717 2185 773 Roma-

585 813 673 868 nis
706 812 894 868 urbem
920 811 1163 880 tradere,
1199 827 1308 883 quo
1347 813 1666 868 solemnitas
1697 823 1935 869 veterum
1983 808 2181 868 dissol-

584 912 839 972 veretur,
890 903 1028 976 legis
1069 906 1464 977 abrogarentur
1504 916 1810 978 prmeepta,
1852 920 2188 977 componens

585 1011 616 1051 e
647 997 865 1053 diverso
894 1002 1105 1065 omnia;
1158 1010 1321 1069 atque
1371 999 1632 1056 invidiam
1670 1001 1722 1057 in
1754 1000 2054 1073 principem
2101 1012 2187 1057 sa-

584 1091 867 1147 cerdotum
898 1092 1144 1149 referens
1193 1109 1416 1159 eorum,
1471 1110 1591 1164 qua:
1644 1094 1761 1166 ipse
1809 1094 2185 1151 meditaretur.

583 1182 795 1242 Callide
844 1186 1045 1255 etiam,
1078 1200 1214 1259 quos
1259 1187 1463 1245 sciebat
1513 1186 1734 1243 illorum
1781 1186 1872 1258 qui
1943 1187 2187 1244 conclusi

585 1288 779 1348 erant,
813 1296 935 1337 esse
986 1282 1249 1352 praesules
1281 1291 1337 1337 et
1364 1280 1623 1336 factionis
1656 1282 1963 1351 principes,
1997 1281 2189 1336 incita-

585 1375 706 1443 bat,
738 1389 931 1446 parere
959 1376 1155 1432 mortis
1185 1374 1477 1431 formidine
1531 1389 1814 1442 asserens,
1865 1374 2008 1446 quod
2053 1373 2188 1446 ipsis

584 1468 900 1539 specialiter
943 1467 1169 1524 Ananus
1217 1469 1440 1524 exitium
1483 1469 1925 1538 composuisset:
1972 1468 2190 1524 venisse

583 1575 675 1624 se.
710 1570 767 1617 ut
790 1561 1040 1618 fraudem
1071 1562 1464 1617 manifesmret.
1506 1560 1716 1617 Mature
1751 1560 1992 1616 subsidia
2041 1576 2191 1632 qua:-

581 1653 746 1710 renda
772 1697 786 1721 ,
817 1656 969 1726 prius
998 1670 1158 1725 quam
1191 1656 1260 1711 ab
1288 1657 1369 1711 eis
1397 1670 1554 1726 paena
1595 1665 1996 1727 reposceretnr.
2048 1654 2188 1724 Quid

581 1747 780 1818 plura?
809 1752 958 1819 pacis
986 1749 1197 1806 medius
1240 1749 1444 1806 bellum
1468 1749 1737 1806 accendit.
1786 1750 2071 1821 Eliguntur
2096 1751 2187 1821 qni

2294 531 2675 601 parricidales,
2717 539 2774 588 et
2819 546 2984 588 ausus
3030 534 3324 605 sacrilegos
3366 536 3659 603 destituite,
3700 542 3828 599 deset

2289 624 2391 681 rite
2420 625 2689 683 latronum
2741 628 3119 684 Conciliabula.
3144 629 3332 685 Vocati
3379 632 3507 687 estis
3544 632 3604 688 ad
3642 649 3831 691 consor-

2292 718 2424 773 tium
2455 720 2719 785 sceleris,
2754 722 2949 777 venitis
2989 723 3056 777 ad
3113 722 3408 778 remedium
3452 727 3647 794 patriae.
3703 727 3831 784 Vide-

2291 825 2410 865 mus
2437 812 2840 868 ornatissimum
2871 815 3160 886 populum,
3184 831 3342 886 quem
3373 818 3553 872 venire
3573 819 3732 875 decuit
3755 837 3832 891 pu-

2289 903 2433 960 blico
2465 918 2711 977 rogatum
2753 908 3010 976 consilio,
3042 916 3099 962 ttt
3139 906 3255 964 urbi
3284 908 3583 966 Iudaeorum
3613 923 3833 983 praestan-

2294 999 2520 1055 tissima:
2565 1002 2717 1073 (quae
2773 1003 2937 1058 totius
2991 1002 3168 1075 gentis
3215 1007 3528 1076 metropolis
3578 1007 3832 1081 habeatur)

2290 1090 2577 1146 adversum
2609 1094 2793 1151 hostes
2821 1096 3022 1151 auxilio
3047 1096 3203 1151 foret.
3233 1097 3338 1152 Sed
3360 1100 3458 1153 etsi
3483 1112 3578 1153 nos
3602 1100 3834 1157 defuimus

2295 1182 2570 1252 petitioni,
2617 1185 2745 1241 dum
2798 1202 2987 1258 pacem
3030 1190 3397 1260 speravimus,
3429 1200 3484 1246 et
3523 1191 3732 1262 fatigare
3760 1207 3837 1250 vos

2293 1271 2320 1312 δ
2362 1290 2590 1345 prepare
2621 1279 2920 1345 voluimus,
2960 1280 3049 1351 qui
3084 1282 3468 1337 excitatoribus
3508 1283 3633 1339 belli
3677 1299 3836 1355 pacem

2292 1369 2659 1427 oﬂ'ercbamus
2690 1390 2703 1427 :
2731 1381 2909 1429 tamen
2935 1389 3035 1429 vos
3074 1376 3226 1445 quasi
3257 1375 3439 1431 divino
3467 1378 3681 1432 arbitrio
3707 1393 3839 1433 vene-

2294 1462 2411 1519 ritis
2427 1507 2440 1529 ,
2471 1469 2741 1524 consulite
2768 1470 2819 1523 in
2850 1467 3087 1523 medium
3109 1515 3123 1535 ,
3147 1482 3199 1524 et
3225 1470 3479 1527 exhibete
3496 1471 3654 1540 partis
3668 1474 3838 1529 utrius-

2294 1570 2399 1627 que
2430 1558 2681 1614 arbitros.
2715 1560 2955 1627 Quaerite
3006 1561 3154 1617 unde
3206 1571 3490 1631 creperum
3531 1563 3735 1619 exordia
3773 1575 3840 1619 tu-

2295 1651 2497 1705 multus
2520 1693 2532 1713 ,
2566 1652 2656 1722 qui
2700 1652 3007 1708 cecinerint
3033 1654 3232 1724 quietae.
3263 1654 3383 1708 urbi
3430 1655 3706 1709 classicum
3726 1697 3739 1719 ,
3766 1655 3840 1726 qui

2292 1743 2579 1800 effuderint
2637 1749 3209 1816 prmstantissimorum
3278 1748 3473 1803 civium
3536 1750 3835 1820 sanguinem,

584 1841 849 1899 Mummios
877 1842 941 1899 ad
976 1844 1223 1916 prmlium
1254 1853 1444 1916 rogem
1468 1861 1481 1898 :
1509 1858 1680 1915 genus
1710 1845 1944 1913 mobile,
1977 1845 2187 1915 inquic.
2218 1865 2265 1927 B
2292 1840 2487 1908 quibus
2524 1841 2837 1896 auctoribus
2887 1856 3046 1912 paena
3092 1850 3277 1898 exacta
3308 1843 3376 1896 de
3403 1842 3712 1897 iudcnmatis
3754 1844 3838 1897 sit:

582 1943 735 2002 tum,
784 1935 1058 2004 insolens,
1110 1944 1424 2011 promptum
1492 1937 1559 1994 ad
1614 1937 1949 2003 discordias,
2000 1952 2181 1992 rerum

579 2027 1051 2086 immutationibus
1100 2030 1315 2097 laetum,
1350 2028 1577 2100 periculi
1605 2029 2007 2100 improvidum,
2041 2040 2182 2098 prte-

579 2135 709 2194 ceps
761 2124 828 2178 ad
879 2124 1153 2194 praelium.
1182 2124 1368 2193 Itaque
1408 2124 1527 2178 sine
1560 2137 1711 2177 mora
1760 2120 1885 2177 ﬂexi
1926 2123 2180 2187 veniunt,

579 2231 989 2291 congregantur
1017 2220 1205 2291 viginti
1256 2218 1426 2274 millia
1452 2218 1697 2273 virorum
1718 2259 1733 2285 ,
1777 2225 1835 2272 ut
1862 2227 1987 2288 pote
2022 2217 2182 2271 nullis

577 2310 788 2367 intenta
836 2321 1106 2368 terrarum
1161 2311 1433 2376 cultibus,
1479 2310 1574 2365 sed
1628 2316 1815 2379 parata
1858 2309 2179 2365 latrociniis.

577 2404 688 2460 Nec
716 2406 888 2461 latere
940 2405 1115 2473 potuit.
1168 2405 1418 2461 Ananum
1471 2406 1735 2461 adventus
1795 2402 2176 2459 ldumaeorum.

577 2495 825 2567 Denique
857 2506 1065 2567 portam
1094 2497 1274 2553 claudi
1314 2498 1501 2568 jubet,
1564 2513 1630 2553 ne
1679 2512 1801 2553 cum
1836 2496 2070 2552 tumultu
2099 2500 2182 2551 itt-

577 2589 976 2659 gredereutur:
1009 2592 1102 2647 sed
1145 2591 1190 2647 si
1238 2593 1355 2647 fieri
1408 2601 1592 2663 posset
1623 2593 1905 2649 veritatem
1945 2607 2175 2663 cognos-

576 2694 767 2740 cerent
789 2728 802 2753 ,
836 2685 985 2741 bello
1014 2686 1414 2742 renuntiarent.

1183 2778 1412 2836 CAPUT
1453 2778 1567 2836 VII.

648 2868 1025 2928 Ascendentes
1050 2872 1233 2943 itaque
1256 2873 1533 2944 principes
1556 2872 1902 2929 sacerdotum
1925 2884 2139 2929 murum
2162 2916 2176 2938 ,

572 2960 843 3020 Idumaeos
874 2965 940 3020 de
972 2967 1108 3020 turri
1149 2966 1603 3037 alloquebantnr:
1647 2967 1884 3022 maximo
1920 2982 2045 3023 esse
2081 2970 2180 3023 mia-

576 3055 764 3109 raculo
812 3056 945 3124 sibi,
986 3056 1131 3125 quod
1162 3064 1270 3112 tam
1299 3059 1409 3113 cito
1442 3058 1635 3114 irretiti
1665 3059 1996 3127 mendaciis,
2053 3074 2181 3115 can-

570 3159 661 3201 sas
710 3162 846 3217 quas
889 3150 1127 3204 nondum
1160 3161 1565 3222 cognoverant,
1597 3154 1768 3208 armis
1789 3166 2182 3223 prosequeren-

2291 1934 2382 2000 qui
2418 1931 2576 1985 nobis
2624 1939 2752 1989 ante
2795 1931 3072 1990 Romanos
3109 1936 3279 1991 exitio
3321 1935 3552 2005 fuerint,
3595 1938 3838 1993 adversum

2288 2024 2407 2080 illos
2439 2024 2641 2079 bellum
2690 2027 3014 2095 parabamus
3035 2068 3050 2094 ,
3077 2041 3131 2083 et
3159 2031 3258 2082 hos
3278 2030 3392 2098 jam
3420 2029 3599 2085 hostes
3632 2029 3841 2101 patieba-

2287 2133 2444 2171 mur:
2474 2132 2703 2188 quorum
2736 2120 2900 2191 igitur
2924 2136 3047 2175 cum
3076 2120 3339 2178 Rounanis
3377 2132 3618 2192 suspecta
3662 2121 3841 2193 gratia?

2285 2224 2473 2268 eorum
2523 2215 2616 2286 qui
2670 2215 2949 2272 Romanos
2996 2216 3277 2272 vindicant
3298 2260 3313 2284 ,
3345 2233 3415 2272 an
3444 2233 3626 2274 eorum
3654 2218 3731 2289 qui
3757 2217 3840 2270 llo-

2286 2321 2476 2361 manos
2506 2309 2822 2380 repellunt?
2861 2308 3130 2365 Graviora
3164 2310 3279 2364 hmc
3312 2324 3462 2367 certe
3504 2310 3682 2375 nobis,
3711 2322 3838 2378 quam

2283 2400 2657 2458 Bonnanorum
2701 2404 2921 2473 prtelia:
2964 2405 3034 2459 ab
3062 2406 3167 2460 illis
3189 2405 3336 2460 enim
3367 2420 3465 2475 pro
3495 2405 3728 2461 libertate
3750 2419 3839 2457 tnu-

2282 2495 2484 2560 rimur,
2514 2498 2582 2552 ab
2608 2497 2728 2553 istis
2752 2500 2905 2569 quasi
2956 2514 3057 2571 pro
3104 2499 3317 2555 scelere
3343 2499 3666 2571 jugulamur.
3692 2498 3836 2555 Simu-

2287 2584 2467 2644 lantnr
2488 2590 2692 2646 innoxii
2722 2593 3013 2647 criminum
3038 2593 3367 2663 proditionis
3384 2634 3399 2659 ,
3424 2604 3478 2649 et
3502 2604 3615 2664 post
3639 2601 3832 2647 mortem

2281 2681 2551 2738 calumnia
2594 2685 2975 2755 componitur:
3016 2699 3139 2740 cum
3168 2687 3412 2756 cognitio
3437 2701 3639 2757 poenam
3666 2697 3834 2755 praeve-

2283 2772 2402 2829 nire
2424 2775 2629 2843 soleat,
2661 2791 2768 2832 non
2799 2792 2954 2848 poena
2983 2778 3380 2847 cognitionem.
3417 2778 3551 2846 Quid
3580 2778 3709 2832 enim
3738 2790 3836 2846 pro-

2282 2864 2398 2920 dest
2425 2866 2683 2923 dufnncto
2708 2869 2917 2925 absolvi
2935 2913 2950 2938 ,
2978 2887 3100 2926 cum
3127 2870 3335 2940 judicio
3362 2875 3470 2941 jam
3493 2873 3618 2929 nihil
3640 2867 3836 2925 debeat?

2281 2959 2631 3031 Suscepimus
2659 2972 2840 3019 tamen
2870 2963 3029 3019 etiam
3061 2975 3265 3019 sortem
3302 2965 3604 3036 bnjusmudi
3624 3006 3639 3032 ,
3664 2977 3715 3018 ut
3738 2968 3836 3033 post

2282 3068 2473 3109 necem
2520 3054 2588 3110 de
2642 3055 2954 3112 innocentia
2996 3067 3307 3126 quaeratur:
3348 3066 3405 3114 et
3454 3059 3672 3113 libenter
3722 3052 3833 3123 apud

2284 3164 2378 3205 vos
2402 3165 2618 3221 quoiiue
2644 3164 2867 3206 causam
2923 3150 3136 3222 agimus
3167 3159 3372 3206 nostrae
3398 3150 3836 3216 defunctorumque

578 3248 706 3293 tttr:
756 3255 878 3295 eum
910 3244 1217 3312 oportuerit
1265 3259 1362 3300 eos
1408 3246 1560 3314 prius
1607 3244 1998 3315 disceptatores
2054 3259 2177 3300 esse
2204 3263 2249 3327 ρ
2284 3244 2609 3314 integritatis
2634 3285 2649 3311 ,
2680 3245 2773 3315 qui
2816 3244 2972 3300 statis
3016 3243 3212 3298 armati
3242 3259 3345 3315 pro
3392 3243 3739 3300 adversariis:
3777 3239 3835 3294 ita

578 3334 953 3403 negotiorum,
1000 3351 1162 3407 quam
1206 3336 1476 3393 bellorum
1526 3340 1907 3409 prteliatores:
1962 3348 2019 3395 et
2066 3350 2177 3409 prae

580 3426 797 3481 creteris
827 3430 1014 3483 merita
1043 3444 1404 3501 cognoscere,
1440 3447 1602 3501 quam
1650 3447 1800 3488 arma
1829 3447 2044 3491 sumere
2071 3451 2083 3488 :
2126 3441 2183 3489 et

573 3533 727 3572 arma
755 3520 1041 3577 adversum
1075 3527 1222 3579 viros
1248 3526 1333 3580 sui
1379 3528 1633 3596 generis,
1673 3530 1756 3583 sui
1805 3529 2017 3596 cultus,
2065 3544 2177 3584 suae

574 3610 947 3669 solemnitatis
979 3615 1143 3671 nullis
1189 3618 1422 3688 amplius
1452 3621 1746 3692 irrogatum
1774 3621 1988 3693 injuria:
2014 3638 2174 3693 qttam

576 3703 854 3776 Idumzeis,
900 3707 994 3780 qui
1038 3710 1105 3765 ad
1157 3713 1476 3768 societatem
1510 3714 1836 3786 ﬂagitiorum
1898 3727 2005 3773 tam
2054 3734 2178 3790 gra-

573 3799 718 3855 vium
773 3805 1202 3863 concitarentur.
1231 3808 1371 3876 Quid
1403 3810 1549 3866 enim
1601 3813 1747 3868 aliud
1804 3814 1872 3869 ab
1920 3814 2036 3883 bis,
2071 3816 2177 3871 nisi

573 3896 926 3964 parricidium
958 3899 1247 3957 adversmn
1277 3917 1462 3971 cives,
1514 3907 1859 3978 sacrilegium
1911 3910 2178 3969 adversus

573 3991 836 4059 templum
867 3994 1304 4064 deposceretur?
1334 4015 1440 4055 non
1473 4002 1651 4058 solere
1694 4004 1905 4061 diversa
1937 4009 2080 4062 inter
2118 4022 2179 4063 se

570 4083 780 4150 studia,
836 4086 1193 4161 diversosque
1261 4107 1440 4149 mores
1496 4096 1813 4153 convenire.
1869 4098 2179 4155 Similitudo

575 4176 721 4233 enim
748 4194 957 4235 morum
986 4182 1112 4239 facit
1138 4186 1472 4242 voluntatum
1494 4191 1810 4246 societatem
1832 4234 1847 4259 ,
1878 4204 1930 4248 et
1951 4206 2177 4265 cognata

576 4272 754 4327 studia
786 4274 888 4328 sibi
918 4279 1107 4333 nectit.
1137 4279 1510 4351 Nequissimos
1538 4283 1789 4342 homines
1835 4288 1924 4357 qui
1957 4287 2180 4344 latroci-

579 4364 672 4418 nio
693 4377 967 4434 sumptum
990 4383 1310 4428 exercerent
1335 4389 1513 4440 suum,
1539 4392 1826 4448 arrogasse
1840 4380 1942 4434 sibi
1971 4392 2030 4436 ut
2055 4380 2180 4437 ldu-

575 4469 743 4512 ntzeos
768 4458 870 4512 sibi
906 4461 1086 4516 socios
1115 4477 1502 4523 accerserent:
1560 4476 1769 4525 tantum
1817 4472 2179 4532 abhorrentes

575 4548 645 4603 ab
671 4565 861 4606 eorum
890 4557 1196 4625 proposito,
1221 4574 1249 4612 a
1280 4559 1477 4630 quibus
1504 4575 1831 4634 rogarentur
1849 4608 1864 4633 ,
1892 4575 1950 4623 ut
1979 4568 2054 4624 illi
2084 4584 2178 4641 pa-

2283 3338 2431 3392 nulla
2458 3345 2773 3407 argumenta
2801 3336 3254 3392 calumniantibus
3281 3345 3605 3408 suppetunt,
3636 3343 3688 3389 ut
3721 3329 3834 3402 apud

2284 3448 2380 3487 vos
2424 3448 2638 3503 quoque
2680 3433 2992 3503 graviorem
3038 3447 3258 3487 causam
3321 3433 3583 3499 habeant,
3628 3434 3710 3503 qui
3749 3439 3836 3482 tant

2280 3529 2391 3585 cito
2419 3528 2772 3584 credidistis:
2803 3529 2975 3584 bonus
3005 3530 3153 3584 enim
3172 3527 3345 3598 judex
3372 3530 3761 3594 circumseptuut
3787 3535 3836 3576 se

2279 3638 2401 3677 esse
2456 3621 2756 3678 mendaciis
2795 3622 2979 3685 dolet,
3013 3632 3068 3677 et
3108 3637 3175 3677 eo
3217 3633 3301 3677 est
3357 3620 3559 3678 fallenti
3604 3617 3835 3678 infestior,

2281 3733 2441 3789 quam
2472 3717 2801 3787 appetitior,
2862 3727 2886 3756 ο
2927 3716 3070 3788 quod
3102 3725 3310 3772 temere
3358 3733 3419 3773 se
3457 3716 3750 3789 impulsum,
3790 3720 3836 3763 ut

2282 3813 2433 3869 falsis
2461 3812 2745 3877 crederet,
2779 3810 3154 3867 ulciscendum
3177 3812 3501 3868 arbitratur.
3531 3811 3688 3883 Igitur
3711 3804 3837 3861 nobis

2283 3906 2550 3976 integrum
2605 3918 2837 3960 examen
2883 3913 3133 3971 serVate,
3177 3913 3234 3959 et
3274 3905 3519 3976 colligite
3560 3904 3835 3960 veritatem.

2284 4016 2389 4053 non
2419 4014 2487 4055 ex
2509 4000 2833 4055 contexione
2862 3999 3151 4054 verborum
3177 4041 3191 4065 ,
3221 3999 3317 4054 sed
3347 4015 3413 4056 ex
3446 4000 3584 4056 serie
3634 3994 3839 4067 negotio-

2282 4106 2422 4148 rum.
2454 4093 2637 4147 Primo
2665 4094 2905 4148 omnium
2927 4133 2941 4159 ,
2964 4106 3062 4147 cur
3088 4091 3351 4148 Romanis
3391 4093 3728 4165 proderemus
3765 4100 3837 4158 pa-

2284 4187 2440 4240 triam
2452 4227 2466 4252 ,
2479 4200 2614 4257 quos
2630 4186 2901 4256 potuimus
2913 4195 2968 4240 et
2981 4200 3086 4240 non
3106 4185 3402 4254 lacessere,
3423 4199 3476 4243 et
3491 4186 3623 4241 forte
3636 4180 3839 4255 apertuit

2282 4280 2399 4337 fieri
2420 4322 2435 4349 ,
2469 4292 2524 4336 ut
2554 4297 2659 4335 non
2687 4281 3052 4337 eacitaremus
3083 4281 3465 4337 universarum
3493 4282 3712 4337 victores
3730 4290 3837 4347 gen-

2284 4374 2448 4430 tium:
2475 4373 2569 4429 sed
2604 4374 2707 4429 hoc
2734 4383 2945 4429 nonest
2964 4374 3073 4443 jam
3121 4375 3472 4444 praesentium
3507 4376 3719 4446 partium
3759 4371 3837 4424 de-

2283 4466 2537 4522 liberare.
2566 4465 2878 4537 Superioris
2903 4463 3006 4520 fuit
3037 4469 3298 4537 temporis
3325 4468 3558 4539 eligere,
3606 4464 3721 4536 quid
3762 4475 3837 4515 se-

2281 4574 2615 4628 queremur:
2657 4573 2804 4614 nunc
2830 4567 3046 4629 oportet
3083 4575 3182 4630 pro
3215 4559 3463 4616 libertate
3506 4557 3835 4615 occumbere:

575 4641 696 4696 trite
722 4658 834 4698 sua:
864 4645 1061 4702 bellum
1087 4650 1407 4718 intulerint;
1441 4669 1537 4709 vos
1567 4671 1698 4711 vero
1728 4658 2135 4717 obsecraverint
2155 4705 2170 4730 ,

2284 4661 2507 4724 praestat
2530 4652 2676 4709 enim
2710 4667 2807 4721 pro
2841 4653 3011 4722 patria
3042 4653 3198 4708 mori.
3229 4653 3589 4710 Commodius.
3617 4652 3706 4707 fuit
3736 4654 3839 4700 ante

576 4737 729 4804 quasi
760 4737 992 4794 alienam
1026 4742 1212 4798 urbem
1240 4745 1527 4803 defensum
1575 4750 1783 4807 venire.
1830 4751 1977 4808 Nibil
2024 4754 2176 4811 vobis

576 4845 869 4890 commune
889 4836 1127 4892 innoxiis
1151 4854 1273 4895 cum
1299 4843 1649 4911 praedonibus
1675 4864 1689 4902 :
1723 4846 1855 4902 nihil
1883 4861 2176 4906 commune

573 4925 774 4981 sobriis
815 4942 936 4984 cum
961 4945 1021 4986 se
1044 4933 1478 4995 inebriantihns;
1532 4942 1846 5012 utinamque
1890 4943 1999 4998 vini
2029 4954 2177 5000 esset

574 5016 665 5071 illa
700 5018 973 5091 ebrietas,
1002 5035 1055 5081 et
1085 5042 1192 5081 non
1221 5026 1440 5084 furoris.
1471 5031 1575 5100 Qui
1607 5033 1695 5088 ubi
1719 5048 1777 5088 se
1823 5032 2040 5105 flagitiis
2086 5038 2172 5092 in-

570 5112 941 5185 gnrgitarunt,
974 5119 1294 5193 dissipando
1320 5125 1571 5196 proprias
1601 5127 2012 5196 successiones,
2040 5129 2175 5185 diri-

571 5206 729 5277 piunt
756 5208 971 5279 aliena;
1002 5222 1058 5269 et
1087 5217 1227 5270 male
1255 5229 1408 5286 parta
1459 5219 1692 5290 nequius
1738 5220 2035 5292 dissipant,
2076 5222 2174 5279 dc-

571 5304 745 5357 terins
773 5303 1080 5364 effundunt.
1113 5309 1304 5366 Nullus
1337 5311 1583 5381 rapiendi
1630 5314 1787 5378 finis.
1817 5317 1940 5386 quia
1989 5318 2171 5373 nullus

571 5392 931 5464 abliguriendi
958 5401 1172 5456 modus.
1201 5401 1301 5458 Ubi
1333 5418 1393 5459 se
1424 5405 1549 5459 vino
1572 5406 1866 5464 infnderint
1890 5420 1946 5465 et
1970 5409 2167 5481 imple-

568 5488 750 5543 verint
773 5490 1070 5557 ebrietate,
1107 5494 1446 5561 publicorum
1475 5508 1723 5556 eructant
1752 5503 2029 5572 crapulam
2077 5518 2172 5559 ne-

566 5580 839 5651 gotiorum
859 5620 874 5649 ,
905 5594 963 5639 ut
988 5595 1181 5641 nostro
1209 5604 1398 5645 rursus
1419 5594 1684 5663 sanguine
1710 5592 2089 5662 inebrientur,
2118 5605 2175 5652 et

567 5687 740 5731 sacrae
774 5678 1003 5735 illudant
1047 5682 1331 5753 religioni,
1387 5700 1508 5757 qua:
1551 5686 1708 5744 vobis
1751 5702 1967 5760 seraper
2002 5703 2171 5744 vene-

651 5787 677 5817 ι
716 5781 804 5838 Al.
844 5784 1035 5867 bellum
1062 5788 1363 5867 inuolutum
1399 5791 1594 5865 latere,
1648 5798 1867 5859 insidias
1910 5792 2171 5867 pararis“

568 5848 813 5912 Amanum
851 5856 1105 5922 [laritanis
1127 5905 1145 5939 ,
1175 5873 1282 5921 etc.
1324 5862 1494 5935 Buta.

2282 4748 2483 4803 bellum
2515 4761 2704 4817 pacem
2737 4748 2901 4803 morti
2925 4746 3183 4819 prmferre
3216 4748 3354 4803 :sed
3402 4748 3529 4817 quia
3570 4746 3754 4802 bellum
3797 4741 3839 4794 in

2279 4840 2619 4908 cervicibus,
2650 4840 2803 4895 multi
2831 4842 2942 4910 jam
2987 4839 3247 4896 fratribus
3289 4841 3467 4911 capti,
3514 4840 3600 4895 alii
3655 4833 3838 4893 necati.

2277 4934 2402 4989 aliis
2430 4935 2588 4990 dolor
2627 4948 2692 4988 ex
2742 4934 3003 4999 mortuis,
3034 4933 3273 5005 gemitus
3316 4947 3384 4990 ex
3437 4933 3715 4990 revinctis:
3758 4925 3840 4982 eii-

2280 5029 2457 5101 genda
2501 5031 2673 5100 magis
2703 5028 2875 5084 libera
2908 5044 3092 5094 mors,
3147 5043 3308 5097 quam
3357 5026 3468 5083 vita
3523 5019 3837 5098 captivitatis.

2278 5121 2535 5194 Suppetit
2585 5132 2763 5178 tamen
2820 5122 3137 5185 morituris,
3187 5119 3312 5175 falsi
3358 5120 3601 5177 criminis
3653 5113 3842 5172 abolere

2282 5217 2561 5272 infamiam
2612 5215 2956 5287 proditionis.
3009 5214 3167 5285 Apud
3202 5230 3315 5280 vos,
3346 5212 3594 5277 Idumaei,
3649 5218 3837 5265 causam

2274 5312 2529 5381 agimus:
2574 5308 2873 5379 prodantur
2913 5308 3154 5373 conscii,
3185 5307 3524 5363 deducantur
3551 5306 3600 5360 in
3631 5300 3839 5358 medium

2276 5405 2589 5461 nuntiorum
2652 5403 2998 5473 interpretes.
3054 5402 3111 5458 Si
3174 5410 3397 5468 tenent,
3457 5399 3691 5455 vindices
3737 5404 3840 5463 pm-

2274 5500 2406 5556 dant
2437 5518 2451 5555 :
2479 5498 2525 5554 si
2557 5513 2666 5555 non
2696 5507 2881 5554 tenent
2918 5497 3012 5569 qui
3040 5506 3331 5559 accusant,
3355 5505 3414 5550 et
3455 5492 3607 5550 vanis
3645 5486 3841 5547 insimu-

2273 5595 2387 5651 lant
2409 5594 2813 5666 snspicionibns
2841 5609 2975 5665 quas
3018 5594 3121 5664 ipsi
3153 5592 3253 5648 sibi
3280 5590 3720 5662 composuerint,
3750 5595 3839 5636 non

2274 5690 2477 5746 debent
2515 5704 2786 5762 arguere,
2818 5688 2961 5760 quod
3014 5703 3124 5744 non
3182 5698 3406 5759 possunt
3453 5684 3694 5758 probare.
3747 5672 3840 5732 Sed

2349 5790 2377 5832 ιι
2418 5791 2759 5870 ξινωρτορετρ
2793 5789 3074 5870 noluimus:
3108 5785 3185 5842 lo.

2353 5874 2376 5905 ο
2408 5859 2691 5935 Gual'ther.
2724 5867 2855 5940 legit
2877 5875 3001 5937 quo.
3025 5859 3301 5921 GALLAND.
