4112 6350
252 382 400 444 2109

1154 370 1424 431 HISTOR.
1466 368 1558 425 DE
1602 360 1880 423 EXCIDIO
1919 354 2191 420 HIEROS.
2235 356 2436 417 URBIS
2472 356 2604 415 LIB.
2648 356 2740 412 lV.

3419 348 3563 409 2H0

254 503 380 574 quia
407 508 668 556 accusare
697 510 805 552 non
836 493 1073 559 audent,
1105 488 1374 557 dissipare
1415 498 1510 555 per
1538 483 1731 553 vulgus
1759 479 1855 535 des
1880 479 1933 541 Α
1960 478 2263 550 patiantur,
2294 471 2511 545 quando
2555 485 2657 526 nos
2694 480 2842 525 arma
2869 466 3123 540 iubemur
3165 466 3437 538 deponere
3465 485 3476 521 :
3504 470 3560 524 et

254 597 533 652 siderant:
574 601 632 648 et
660 591 786 646 ideo
814 588 880 644 ad
909 585 1113 644 bellum
1158 580 1483 654 prosiliunt,
1518 591 1585 633 ne
1626 577 1680 631 in
1707 574 1854 646 judi-

254 688 403 747 cium
430 694 714 742 vocentur.
766 682 823 738 lu
857 679 1001 736 bello
1032 679 1176 733 enim
1217 682 1509 731 contentus
1554 671 1704 725 furor
1747 682 1854 735 esi,

258 786 315 842 in
348 799 482 855 pace
546 778 789 837 veritatis
818 772 1174 833 examinatio.
1229 768 1539 825 Adsumus:
1571 780 1638 820 en
1671 762 1858 833 primis

256 877 543 950 suppliciis
565 888 663 931 nos
692 869 979 943 spontanei
1000 865 1284 922 oﬂerimus
1304 905 1319 929 ,
1365 861 1409 917 si
1439 870 1618 914 tamen
1664 855 1860 926 aliquis

257 981 550 1032 accusator
579 967 843 1040 prodeat;
874 973 967 1019 aut
997 963 1043 1017 si
1090 961 1144 1015 in
1189 956 1445 1030 populum
1496 951 1699 1008 invidia
1754 958 1860 1005 tor-

258 1078 492 1141 quetur,
541 1061 769 1134 quaerite
805 1055 1118 1129 diligentius
1165 1051 1292 1123 quid
1343 1046 1563 1104 consilii
1600 1044 1758 1099 fuerit
1805 1043 1858 1098 in

258 1173 406 1217 casto
438 1155 675 1229 publico.
707 1151 903 1207 Nonne
949 1156 1007 1203 ut
1037 1144 1182 1201 bello
1229 1143 1495 1198 instructa
1539 1143 1861 1209 pararentur

260 1252 476 1326 agmina
499 1291 517 1317 ,
550 1256 642 1302 aut
669 1261 769 1318 pro
796 1242 1048 1299 libertate
1076 1234 1446 1305 unusquisque
1498 1230 1726 1301 patriam
1768 1228 1859 1299 juo

262 1322 461 1401 varet?
502 1340 780 1397 Adversus
809 1336 956 1408 ipsos
987 1340 1138 1387 certe
1167 1331 1410 1385 latrones
1435 1323 1564 1396 quid
1597 1322 1863 1379 delibera-

264 1450 379 1496 tum
410 1437 617 1498 fuerat,
649 1430 751 1487 nisi
779 1438 838 1485 ut
865 1440 971 1501 pax
1019 1421 1382 1483 conveniret?
1431 1419 1865 1490 Exasperaverat

265 1531 540 1605 publicam
594 1524 1022 1597 indignationem
1068 1517 1226 1574 dolor
1269 1513 1641 1586 singulorum,
1708 1510 1866 1564 inno-

264 1622 506 1681 centium
540 1618 790 1688 sanguis,
844 1615 1129 1670 mulierum
1181 1607 1451 1682 gemitus,
1513 1614 1862 1674 paternorum

263 1725 595 1775 statutorum
653 1708 1027 1783 praevaricatio
1072 1723 1086 1761 :
1145 1702 1413 1774 increpuit
1455 1699 1686 1772 gemitus
1747 1695 1866 1752 uni-

265 1826 552 1869 versorum
577 1848 593 1875 ,
638 1809 764 1877 quia
798 1802 1169 1872 unusquisque
1193 1797 1295 1852 sibi
1344 1794 1547 1852 similia
1581 1790 1865 1863 pertimes-

1960 572 2221 631 credibilc
2247 584 2372 627 esse
2402 575 2582 642 potest
2607 609 2623 635 ,
2654 565 2798 636 quod
2829 578 3020 620 eorum
3052 570 3400 633 exspectetur
3426 577 3556 619 sen-

1962 667 2128 723 tentia
2154 707 2169 731 ,
2203 675 2433 734 quorum
2463 666 2713 730 suspecta
2742 664 2826 713 est
2866 656 3042 712 fides?
3074 656 3416 711 Festinemns
3461 655 3561 711 ita-

1960 774 2066 833 que
2111 758 2327 828 cripere
2376 754 2631 822 clausos,
2681 749 2881 819 quibus
2933 749 3193 818 templum
3244 763 3433 804 carcer
3480 754 3565 805 est

1961 856 2185 923 factum,
2221 868 2289 910 ne
2318 858 2605 909 serventur
2644 864 2815 921 usque
2856 849 2921 903 ad
2964 849 3255 904 adventum
3288 846 3562 901 exercitus

1965 950 2187 1007 llomani
2215 991 2229 1015 ,
2264 957 2318 1003 et
2369 944 2566 1016 captivi
2615 943 2898 998 tradantur
2924 942 3278 1011 VeSpasiano.
3325 938 3559 995 Aufera-

1964 1060 2083 1100 mus
2112 1058 2139 1095 a
2173 1039 2377 1111 templo
2415 1036 2792 1103 obsidionem,
2824 1034 3078 1089 custodes
3133 1032 3440 1087 teterrimos
3470 1045 3560 1085 res

1963 1151 2312 1203 moveamus,
2343 1134 2435 1206 qui
2466 1133 2735 1188 neminem
2768 1130 2855 1184 vel
2900 1128 2969 1183 ad
3002 1125 3332 1198 purgandum
3379 1125 3559 1178 alvum

1963 1233 2148 1305 egredi
2178 1232 2382 1285 sinunt.
2413 1228 2471 1284 Si
2501 1226 2625 1298 quis
2657 1224 2945 1280 introferre
2974 1221 3152 1278 cibum
3184 1218 3385 1275 clausis
3411 1215 3562 1272 desi-

1963 1331 2150 1393 derat,
2194 1326 2509 1398 prohibetur
2536 1340 2549 1377 :
2580 1322 2626 1376 si
2651 1321 2771 1391 quis
2811 1319 2997 1385 exire,
3028 1315 3094 1371 ad
3134 1324 3364 1371 mortem
3405 1313 3555 1384 rapi-

1965 1434 2091 1481 tur:
2123 1420 2327 1479 crimen
2358 1418 2558 1474 factum
2586 1424 2668 1471 est
2693 1414 2871 1471 cultus
2903 1410 3200 1485 religionis.

2590 1506 2819 1567 CAPUT
2861 1505 2954 1562 IX.

2038 1612 2165 1669 Haec
2194 1608 2421 1665 audiens
2448 1603 2613 1662 cessit
2640 1612 2667 1641 ἰ
2694 1603 2962 1667 Joannes,
2992 1596 3347 1654 considerans
3372 1593 3567 1651 adver-

1966 1720 2024 1765 sa
2060 1706 2152 1761 Dei
2185 1703 2461 1758 voluntate
2493 1697 2690 1753 frustra
2721 1708 2843 1751 sese
2881 1691 3051 1749 obniti
3078 1709 3090 1745 :
3121 1688 3563 1761 quandoquidem

1968 1802 2116 1858 domi
2149 1797 2388 1867 forisque
2412 1793 2629 1850 hostilia
2661 1795 2969 1860 streperent
2990 1785 3201 1857 agmina
3226 1825 3241 1851 ,
3271 1792 3327 1838 et
3350 1782 3564 1853 gemina

266 1905 450 1963 cebat.
499 1871 588 1959 Ad.
619 1871 1027 1971 indignissimos
1089 1889 1394 1949 sacerdotia
1449 1883 1863 1949 deferebantur,

1981 1910 2037 1952 ex
2071 1902 2222 1965 parte
2268 1890 2459 1945 civitas
2502 1891 2929 1956 oppugnaretur.
2971 1876 3302 1935 Fremebant
3350 1871 3570 1930 ldtnnml

270 2000 385 2070 peti
405 2003 689 2068 coeperunt
711 1990 971 2054 vocibus;
1005 1985 1087 2042 illi
1111 1983 1377 2054 lapidibus
1403 1978 1611 2051 plebem
1633 1974 1868 2041 caedere,

270 2068 397 2151 telis
425 2104 661 2153 necare;
691 2085 895 2142 exarsit
920 2080 1168 2154 publicus
1194 2076 1393 2132 dolor:
1439 2073 1517 2128 illi
1566 2071 1621 2127 in
1668 2068 1872 2138 templo

267 2189 547 2245 latronum
611 2180 956 2252 receptacula
1013 2173 1434 2231 constituerunt.
1469 2168 1657 2235 Itaque
1723 2162 1872 2235 paris

271 2284 432 2339 locus
475 2276 805 2334 reverendus
858 2272 1021 2328 etiam
1077 2266 1366 2340 gentibus,
1426 2270 1482 2318 et
1529 2258 1871 2317 domicilium

270 2371 578 2431 sanctitatis
626 2369 825 2422 factum
871 2374 953 2419 est
997 2358 1310 2432 praedonum
1336 2351 1787 2414 conciliabulum;
1819 2356 1875 2405 et

267 2481 387 2538 quo
414 2480 480 2520 ex
506 2462 760 2518 omnibus
787 2469 1054 2514 terrarum
1095 2450 1341 2523 partibus
1384 2445 1760 2502 continebatur
1806 2441 1875 2499 ad

267 2536 481 2614 cultum
516 2555 669 2612 festae
696 2549 1032 2608 celebritatis
1055 2589 1070 2615 ,
1104 2546 1176 2600 ibi
1206 2557 1350 2598 nunc
1373 2540 1583 2596 stabula
1624 2536 1872 2608 quaedam

269 2653 511 2709 ferarum
533 2658 658 2705 sunt
680 2684 696 2715 ,
721 2647 957 2702 humano
996 2655 1192 2698 cruore
1220 2636 1529 2692 madentia:
1561 2635 1691 2691 licet
1719 2629 1876 2686 nobis

268 2747 400 2804 haec
429 2758 673 2816 quaerere
698 2783 714 2810 ,
764 2741 847 2797 vel
876 2736 1103 2796 armatis
1140 2734 1260 2791 sine
1311 2734 1430 2803 lege
1472 2729 1622 2786 belli.
1669 2725 1875 2783 Tamen

269 2841 381 2898 fuit
416 2840 730 2912 plerumque
752 2837 895 2890 inter
924 2846 1075 2887 arma
1098 2829 1362 2900 judicium
1387 2867 1402 2891 ,
1435 2834 1490 2881 et
1515 2824 1725 2895 justitln
1773 2821 1874 2877 de-

272 2935 462 3006 posuit
494 2932 620 2989 belli
644 2933 1000 2987 instrutnenta
1022 2969 1037 2995 ,
1063 2924 1401 2997 compescuit
1435 2921 1620 2976 turbas
1653 2917 1878 2989 aequita-

270 3030 354 3085 tis
380 3025 668 3085 sententia.
704 3023 935 3080 Potestis
965 3024 1079 3077 haec
1102 3032 1254 3075 arma
1280 3016 1348 3072 ad
1385 3014 1757 3071 defensionem
1787 3026 1880 3068 ur-

269 3121 367 3177 his
389 3130 743 3183 convertere,
773 3131 895 3187 qua:
939 3111 1249 3182 sumpsistis
1280 3108 1348 3162 ad
1374 3106 1738 3164 eversionem.
1787 3104 1881 3160 Li-

271 3222 371 3269 cet
413 3212 576 3267 etiam
623 3209 853 3264 introire
879 3207 998 3260 sine
1024 3203 1223 3268 armis,
1251 3200 1443 3256 audire
1468 3209 1523 3254 et
1571 3196 1876 3270 percontari

1973 1986 2117 2061 quod
2156 1982 2595 2041 excluderentur.
2629 1973 3076 2032 Machinubantur
3105 1971 3158 2027 in
3201 1968 3402 2039 templo
3442 1967 3570 2034 siti,

1974 2081 2246 2155 quomodo
2269 2080 2629 2150 iungerentur
2654 2070 2925 2128 ldumcis:
2956 2068 3058 2122 hos
3096 2062 3323 2137 angebat
3358 2071 3534 2118 metus
3554 2096 3571 2128 ,

1976 2194 2046 2237 ne
2074 2175 2294 2235 ldumaci
2327 2181 2453 2228 ante
2488 2169 2744 2226 effectum
2775 2166 2988 2220 abirent
3020 2179 3033 2217 :
3064 2161 3175 2217 illis
3216 2156 3577 2226 extorquebat

1978 2272 2149 2346 pudor
2177 2265 2511 2340 propositum
2542 2258 2904 2333 regrediendi.
2951 2257 3017 2312 Et
3050 2256 3163 2327 jam
3210 2266 3352 2325 pene
3380 2251 3577 2320 obrep—

1974 2345 2123 2426 serat
2165 2360 2465 2420 diffidentia
2492 2398 2506 2427 ,
2539 2368 2661 2413 cum
2698 2354 2881 2411 subito
2911 2362 3073 2408 noete
3116 2350 3288 2405 oritur
3335 2345 3571 2418 procella

1977 2457 2366 2524 intolerabilis,
2397 2460 2692 2523 tempestas
2723 2459 2869 2513 atra,
2899 2446 3137 2502 fremunt
3167 2441 3345 2505 venti,
3374 2439 3572 2496 coelum

1976 2551 2348 2614 inhorrescit,
2393 2546 2474 2603 vis
2516 2543 2770 2601 imbrium
2820 2537 2987 2595 multa
3035 2536 3063 2577 ι)
3095 2533 3427 2599 infunditur,
3465 2540 3577 2586 ter-

1978 2648 2166 2707 ribiles
2202 2641 2609 2700 coruscationes
2632 2681 2646 2704 ,
2680 2635 2913 2691 tonitrua
2966 2631 3222 2688 immania
3248 2672 3264 2696 ,
3306 2636 3574 2683 terrarum

1978 2745 2252 2817 mugitus,
2285 2748 2345 2796 ut
2377 2738 2512 2793 solvi
2547 2731 2779 2790 mundus
2811 2729 3192 2784 mstimaretur.
3221 2722 3353 2793 Quis
3383 2717 3577 2775 crede-

1979 2848 2062 2896 ret
2086 2816 2230 2909 Vplus
2276 2832 2528 2891 nocuisse
2566 2827 2707 2885 istud
2761 2825 2900 2879 intra
2940 2821 3131 2877 urbem
3165 2816 3386 2887 positis,
3415 2825 3576 2884 quam

1980 2948 2132 2995 eXIra
2166 2932 2355 2990 urbem
2394 2921 2757 2997 degentibus?
2785 2936 2906 2976 cum
2940 2917 3126 2987 utique
3168 2912 3223 2968 hi
3272 2908 3428 2966 tectis
3458 2921 3580 2961 mu-

1981 3031 2077 3088 niti
2109 3030 2326 3094 forent,
2356 3024 2436 3080 illi
2476 3017 2675 3090 objecti
2702 3017 2768 3071 ad
2802 3014 3046 3070 imbres:
3081 3006 3175 3064 sed
3212 3003 3446 3075 amplius
3475 3008 3585 3055 ter-

1980 3126 2087 3182 ruit
2118 3120 2329 3193 injurim
2362 3126 2573 3180 melus,
2605 3126 2764 3184 quam
2802 3110 2917 3179 ipsa
2967 3103 3186 3177 injuria.
3235 3099 3477 3167 Denique
3505 3093 3583 3149 illi

1981 3220 2072 3291 qui
2120 3190 2263 3272 nulla
2304 3210 2576 3268 habebant
2623 3204 2826 3271 refugia
2874 3206 3179 3262 tectorum,
3227 3190 3433 3265 elypeis
3462 3198 3585 3243 sese

269 3307 465 3364 ⁰⁸¹¹¹¹ί²
491 3324 504 3360 ³
533 3305 577 3360 εί
604 3304 746 3375 quod
784 3301 1071 3358 “missum
1102 3297 1365 3352 adversus
1407 3292 1619 3348 "05mm
1669 3289 1879 3359 rel’eri'
1907 3279 1953 3345 (ἶ
1986 3278 2238 3381 tegebant
2285 3311 2566 3361 manentes
2611 3301 2664 3356 in
2710 3295 2891 3353 officio
2917 3335 2930 3359 ,
2971 3305 3073 3347 nec
3109 3287 3452 3345 dilabentes:
3494 3278 3583 3334 isti

279 3400 387 3465 tis,
439 3397 805 3469 proditionem
864 3401 1070 3462 putate.
1125 3389 1280 3456 Quod
1314 3387 1361 3442 si
1411 3400 1588 3457 neque
1641 3383 1881 3440 vindices

272 3511 383 3551 vos
404 3535 419 3558 .
453 3507 625 3564 neque
655 3491 891 3547 arbitros
915 3488 1174 3567 exhibere
1200 3484 1382 3550 vultis,
1413 3482 1541 3554 quid
1573 3481 1881 3546 miramini,

272 3593 325 3647 si
365 3597 531 3661 porta:
561 3588 788 3644 armatis
815 3598 924 3640 non
963 3580 1326 3653 aperiuntur?
1353 3577 1472 3633 Non
1520 3577 1642 3632 ist-.e
1690 3574 1884 3630 adver-

275 3697 406 3738 sum
432 3688 724 3751 cognatos,
763 3674 860 3733 sed
890 3674 1154 3730 adversus
1180 3686 1333 3727 arma
1354 3670 1554 3725 clausae
1584 3676 1732 3723 sunt.
1760 3666 1884 3722 Bel-

276 3776 396 3832 lum
418 3772 705 3844 deponite,
734 3778 791 3828 et
818 3780 988 3841 porta:
1018 3766 1299 3837 patebunt.

885 3860 1119 3920 CAPUT
1174 3858 1311 3916 Vlll.

359 3961 485 4018 Haec
516 3959 604 4017 ubi
634 3957 947 4015 sacerdotes
977 3953 1142 4011 locuti
1174 3960 1339 4019 sunt,
1368 3958 1423 4006 et
1453 3948 1689 4005 maxime
1725 3945 1886 4003 Jesus

274 4056 500 4116 caeteris
542 4054 763 4119 senior,
806 4059 931 4123 post
973 4048 1223 4106 Ananum
1270 4053 1452 4101 tamen
1502 4041 1593 4113 qui
1641 4040 1886 4098 secundo

276 4153 408 4208 loco
445 4147 769 4219 fungebatur
789 4187 806 4211 ,
835 4141 1242 4214 indignantibus
1279 4137 1533 4194 ldumzeis
1557 4175 1573 4199 ,
1601 4133 1745 4206 quod
1778 4148 1885 4189 non

275 4245 548 4302 continuo
578 4241 711 4297 urbe
746 4237 957 4307 recepti
996 4236 1210 4293 forent:
1245 4232 1432 4290 Simon
1463 4245 1600 4285 unus
1628 4229 1698 4284 de
1734 4226 1889 4283 duci-

279 4339 389 4394 bus
414 4336 810 4392 ldumazorum:
845 4330 1102 4393 Minime,
1138 4326 1349 4398 inquit,
1392 4325 1628 4390 mirum,
1659 4320 1707 4378 si
1736 4319 1889 4377 cives

277 4433 519 4487 saeviunt
542 4470 558 4496 ,
593 4437 649 4483 et
688 4426 904 4481 clausos
935 4429 1123 4478 tenent
1147 4419 1239 4490 qui
1272 4416 1479 4472 nationi
1509 4416 1674 4471 Socim
1703 4422 1888 4485 portas

278 4526 536 4581 clausere
564 4563 577 4582 ,
613 4528 670 4575 et
708 4534 813 4573 non
868 4515 1145 4585 patiuntur
1182 4520 1466 4568 consortes
1495 4516 1554 4564 et
1593 4506 1889 4579 participes

277 4632 418 4674 suos
462 4612 672 4685 ingredi
707 4630 721 4665 :
762 4610 921 4666 nobis
950 4608 1018 4663 de
1065 4620 1219 4662 muro
1251 4604 1585 4675 loquuntur,
1628 4608 1686 4655 et
1730 4599 1885 4670 quasi

278 4710 631 4768 adversarios
669 4704 839 4760 muris
869 4700 1140 4773 repellunt
1170 4711 1306 4769 quos
1341 4696 1546 4752 amicos
1588 4693 1883 4749 habebant.

281 4806 424 4877 Quis
447 4802 660 4859 dubitet
686 4798 830 4872 quod
863 4805 1053 4868 parent
1089 4794 1370 4863 suscipere
1394 4790 1668 4845 Romanos
1694 4797 1748 4844 et
1775 4786 1888 4843 for-

284 4913 342 4959 te
391 4910 653 4954 coronare
684 4903 866 4965 portas
891 4934 906 4958 ,
937 4888 1152 4963 quando
1190 4887 1268 4943 illi
1307 4885 1730 4958 ingredientur?
1767 4897 1890 4954 quae

286 4995 466 5067 major
512 4990 752 5064 injuria?
796 4988 993 5044 Patere
1042 4998 1241 5055 nempe
1292 4980 1547 5037 omnibus
1578 4977 1890 5034 hominibus

287 5091 396 5146 ista
425 5087 617 5143 civitas
655 5083 797 5138 solet
822 5094 983 5136 causa
1014 5079 1192 5135 cultus
1221 5084 1278 5133 et
1302 5073 1663 5131 observantia:
1689 5090 1702 5127 :
1736 5071 1892 5128 nobis

287 5182 425 5239 solis
450 5175 863 5242 intercluditur,
893 5172 1048 5245 quasi
1079 5170 1359 5233 hostibus,
1401 5167 1501 5223 soli
1541 5166 1854 5231 abdi‘camur
1876 5207 1891 5231 ,

290 5275 394 5331 soli
442 5272 776 5343 repellimur.
824 5267 1097 5324 Simulant
1131 5279 1192 5319 se
1237 5270 1482 5319 nostrum
1522 5270 1709 5331 petere
1751 5258 1898 5330 judi-

291 5366 438 5421 cium
457 5405 473 5431 ,
502 5377 638 5437 quos
670 5377 738 5417 ne
765 5360 951 5415 limine
976 5356 1196 5429 quidem
1223 5354 1415 5426 dignos
1437 5353 1587 5408 urbis
1618 5359 1896 5422 putarunt.

294 5458 525 5513 Lateant
548 5468 671 5526 quas
698 5452 985 5507 adversum
1019 5449 1143 5504 illos
1170 5457 1496 5519 gesserunt:
1530 5455 1730 5500 nostrae
1762 5443 1903 5514 inju-

297 5553 395 5609 rias
425 5559 593 5608 testes
621 5556 679 5608 et
702 5547 917 5622 judices
943 5560 1154 5602 sumus.
1187 5540 1535 5600 Advertimus
1561 5540 1691 5612 quid
1730 5538 1902 5597 clausi

375 5747 401 5775 ἰ
428 5735 567 5794 Cod.
592 5744 702 5791 vet.
726 5729 881 5787 Iesus
897 5769 912 5797 ,
936 5735 995 5785 ut
1017 5741 1139 5797 cap.
1167 5721 1403 5801 pratced.
1426 5733 1481 5780 et
1511 5721 1783 5797 Josephus
1806 5721 1900 5779 lib.

303 5825 356 5868 ιν
379 5807 869 5954 acassam...

1981 3406 2129 3462 circa
2158 3404 2349 3457 domos
2373 3412 2498 3453 suas
2524 3396 2752 3467 quisque
2777 3387 3046 3459 dispersi,
3078 3385 3254 3440 locum
3284 3378 3549 3436 dederunt
3569 3417 3584 3442 ,

1984 3502 2045 3555 ut
2071 3497 2140 3553 ab
2171 3495 2255 3550 ltis
2281 3494 2371 3563 qui
2401 3492 2539 3546 intra
2586 3485 2846 3556 templum
2878 3485 3036 3537 erant
3060 3521 3073 3545 ,
3102 3483 3275 3548 porta:
3303 3469 3584 3543 aperiren-

1988 3603 2092 3648 tur.
2126 3561 2343 3657 Anceps
2370 3592 2549 3640 tamen
2580 3584 2636 3637 ct
2664 3578 2882 3635 diversa
2924 3570 3109 3645 populi
3153 3564 3445 3625 sententia.
3483 3561 3589 3617 Alii

1987 3688 2155 3743 Deum
2187 3688 2457 3738 summum
2502 3675 2872 3745 indignantem
2920 3664 3174 3722 ldnmteis
3194 3706 3209 3730 ,
3240 3663 3588 3730 tempestates

1988 3777 2223 3833 movisse
2270 3770 2717 3832 arbitrabantur,
2765 3760 2910 3835 quod
2964 3760 3252 3815 adversum
3300 3750 3593 3823 participes

1986 3884 2114 3927 suos
2164 3866 2357 3923 armati
2404 3869 2705 3919 venerant:
2746 3856 2970 3912 Ananus
3000 3861 3054 3908 et
3101 3846 3451 3921 profundiora
3502 3856 3588 3897 se-

1987 3966 2203 4023 niorum
2236 3959 2448 4031 ingenia
2472 3998 2487 4022 ,
2535 3949 2912 4023 coniectabant
2944 3943 3211 4001 ldummus
3259 3939 3455 4009 injuria
3506 3934 3588 3989 sui

1986 4057 2222 4128 amplius
2247 4029 2475 4111 excitari
2498 4050 2550 4105 in
2576 4051 2850 4103 sociorum
2876 4039 3194 4113 perniciem.
3214 4034 3457 4104 Denique
3483 4029 3593 4085 sol-

1989 4151 2188 4208 licitinr
2215 4146 2431 4204 caeteris
2465 4140 2743 4205 noctibus,
2777 4140 2999 4194 Ananus
3027 4132 3114 4188 illa
3144 4138 3305 4186 nocte
3333 4142 3438 4181 non
3473 4124 3592 4179 fati-

1987 4244 2208 4318 gatione
2255 4237 2502 4310 corporis
2527 4278 2541 4303 ,
2583 4232 2680 4289 sed
2720 4230 2884 4287 animi
2934 4227 3102 4298 magis
3141 4219 3532 4293 desperatione
3568 4226 3589 4256 ο

1990 4315 2204 4395 solutus
2224 4378 2239 4403 ,
2271 4331 2439 4390 cessit
2464 4327 2633 4387 rebus
2661 4325 2950 4383 adversum
2980 4336 3038 4377 se
3069 4315 3457 4375 fluctuantibus
3478 4355 3493 4380 ,
3539 4320 3595 4367 et

1992 4429 2353 4489 militantibus
2410 4424 2463 4482 in
2511 4422 2783 4481 excidium
2833 4434 2989 4475 suum
3045 4412 3231 4471 mundi
3281 4408 3534 4484 procellis
3579 4424 3592 4461 :

1994 4542 2093 4583 nec
2120 4522 2437 4581 revisendas
2466 4519 2673 4589 putavit
2699 4512 2978 4570 custodias
2999 4552 3015 4577 ,
3043 4508 3197 4580 quasi
3227 4500 3383 4560 daret
3408 4510 3597 4558 aucto-

1992 4621 2209 4678 ritatem
2236 4608 2511 4671 dilabendi
2529 4653 2546 4679 ,
2575 4625 2683 4681 quo
2705 4608 2905 4678 cuique
2931 4612 3078 4660 esset
3107 4598 3397 4656 sententia.
3422 4595 3595 4664 Quam

1994 4713 2340 4770 occasionem
2385 4704 2533 4761 nacti
2559 4703 2653 4775 qui
2692 4703 2744 4756 in
2776 4697 3039 4768 templum
3082 4693 3429 4764 refugerant,
3477 4703 3599 4742 sur-

1995 4815 2188 4881 gentes
2217 4802 2513 4859 secuerunt
2557 4806 2743 4854 vectes
2788 4800 3091 4866 portarum.
3136 4788 3476 4858 CoOperatus
3515 4787 3603 4837 est

2000 4901 2104 4956 illis
2136 4900 2318 4969 fragor
2346 4894 2468 4952 cteli
2491 4937 2505 4958 ,
2538 4900 2597 4947 ut
2648 4902 2893 4946 serarnm
2927 4896 3095 4940 sonus
3127 4896 3234 4936 non
3277 4878 3594 4942 audiretur,

1997 5005 2053 5053 et
2082 4992 2349 5049 tumultus
2374 4986 2793 5061 egredientium.
2820 4980 3033 5038 Deinde
3062 4976 3343 5033 venientes
3373 4972 3440 5028 ad
3482 4984 3602 5025 mu-

2000 5104 2155 5156 rum,
2191 5094 2403 5157 portam
2433 5096 2554 5154 quae
2585 5078 2766 5135 vicina
2794 5084 2915 5132 erat
2943 5072 3300 5128 Idnmaeorum
3334 5064 3598 5126 restibus,

2003 5194 2340 5240 reseravere.
2372 5175 2606 5233 Ultimus
2638 5172 2730 5228 ille
2766 5170 2883 5225 dies
2919 5166 3175 5222 universo
3217 5161 3421 5233 populo
3468 5156 3601 5211 fuis-

2000 5290 2084 5335 set
2110 5318 2127 5343 ,
2161 5275 2207 5330 si
2241 5289 2345 5329 non
2376 5270 2442 5326 ad
2473 5267 2732 5338 templum
2764 5265 2913 5335 prius
2952 5275 3114 5331 quam
3156 5257 3307 5313 urbis
3332 5252 3359 5292 τι
3386 5253 3601 5322 signum

2004 5369 2347 5442 dirigendum
2381 5373 2684 5437 putassent.
2711 5359 2819 5418 Sed
2846 5358 2970 5430 quia
3003 5360 3312 5411 metuentes
3338 5348 3474 5412 sibi,
3508 5344 3603 5416 qui

2004 5467 2144 5522 intra
2178 5460 2439 5534 templum
2489 5456 2663 5515 clausi
2716 5452 3084 5534 tenebantur,
3132 5460 3201 5502 ne
3248 5442 3466 5511 cognito
3518 5442 3603 5493 lu-

2005 5571 2191 5631 gressn
2222 5552 2584 5611 ldumteorum
2609 5592 2624 5616 ,
2654 5547 2707 5604 in
2751 5546 2899 5619 ipsos
2925 5528 3269 5600 circumfusa:
3301 5532 3475 5606 plebis
3506 5531 3607 5586 im—

2086 5732 2109 5760 ο
2141 5718 2443 5777 Resolutus.
2474 5718 2551 5775 in.

2092 5792 2119 5833 ά
2158 5774 2370 5851 Sinam.
2400 5774 2565 5853 illisi
2592 5809 2696 5850 non
2738 5788 2808 5845 ad
2838 5784 3086 5862 templum
3115 5774 3417 5858 priusquam
3444 5775 3498 5847 in
3530 5790 3620 5832 un-

2015 5868 2127 5935 um
2166 5867 2407 5955 signum,
2438 5873 2545 5925 etc.
2581 5865 2654 5936 In;
