4016 6528
543 338 685 396 21H

1823 329 2093 400 ,SANCTI
2132 331 2454 390 AMBROSH

3732 327 3858 385 2H!

545 461 707 526 pctus
739 450 894 508 fieret
913 491 930 518 ,
963 459 1021 506 nt
1046 447 1336 505 vindictam
1365 445 1617 503 morituri
1647 453 2012 517 exposceret,
2060 459 2145 502 ro-
2172 449 2224 509 A
2251 456 2339 504 tus
2361 457 2418 505 et
2446 449 2692 506 amabilis
2719 468 2731 505 :
2758 449 2930 523 Niger
2960 449 3232 515 Pereites,
3260 447 3355 520 qui
3384 447 3530 502 inter
3557 459 3864 516 μωμηθῇ-

543 556 841 621 gaverunt,
869 555 925 602 ut
952 545 1052 616 ipsi
1082 545 1332 616 primitus
1354 550 1380 580 ⁸
1407 542 1549 598 cladi
1576 541 1986 598 eximerentur:
2017 549 2144 597 tunc

548 649 740 713 postea
783 639 1026 695 liberatis
1062 638 1225 707 ipsis,
1256 645 1310 692 et
1349 635 1652 706 conjunctis
1683 635 1922 704 viribus,
1959 633 2012 690 in
2047 651 2145 704 po-

547 735 734 806 pulum
765 729 1196 788 elfunderentur.
1243 729 1524 786 Deﬂexere
1559 729 1623 783 ad
1657 744 1752 783 eos
1799 727 1890 800 qui
1937 729 2147 799 legatos

550 826 812 884 miserant
837 830 1046 880 oratum
1078 821 1277 879 auxilia
1322 822 1519 890 saluti,
1549 822 1712 879 simul
1756 832 1814 878 ut
1857 823 2148 892 insperata:

551 935 768 978 merces
797 916 1117 989 irruptionis
1138 957 1153 981 ,
1180 916 1494 973 auctoribus
1523 918 1642 986 ejus
1669 917 1770 972 hoc
1802 931 2026 972 munere
2051 931 2150 988 po-

550 1013 822 1071 tissimum
867 1011 1255 1083 rependerent.
1299 1009 1453 1079 Quod
1499 1011 1586 1066 ubi
1621 1011 1888 1080 processit
1917 1027 1985 1066 ex
2024 1025 2150 1066 sen-

549 1113 717 1170 tentia
743 1155 758 1180 ,
785 1111 947 1168 simul
978 1124 1170 1166 omnes
1199 1125 1228 1165 a
1267 1109 1472 1181 templo
1502 1109 1655 1179 quasi
1685 1107 1923 1178 quodam
1971 1116 2152 1164 castro

549 1208 708 1266 effusi
736 1250 750 1274 ,
798 1214 1020 1265 extenta
1064 1206 1181 1262 acie
1227 1220 1601 1276 quoscumque
1651 1212 1977 1276 repercrant
2021 1203 2152 1260 dor-

556 1301 788 1358 mientes
813 1300 950 1355 alios
970 1340 985 1366 ,
1019 1297 1338 1370 perterritos
1366 1298 1534 1365 alios,
1566 1298 1694 1352 totis
1723 1297 2008 1354 cmdebant
2029 1297 2150 1352 viis.

553 1395 698 1453 Nihil
726 1394 1026 1466 proderant
1059 1407 1280 1464 preces,
1315 1391 1447 1448 nihil
1483 1392 1739 1460 lacrymze
1768 1434 1782 1457 ,
1816 1392 1890 1448 nil
1923 1392 2155 1464 insignia

557 1489 786 1546 honoris
807 1531 821 1556 ,
852 1487 1125 1544 nullorum
1161 1486 1477 1543 meritorum
1501 1487 1694 1557 gratia,
1737 1500 1929 1541 omnes
1953 1486 2153 1557 passim

551 1584 964 1658 jugulabantur.
1006 1583 1253 1654 Denique
1279 1581 1529 1638 videntes
1559 1581 1838 1637 bestialem
1884 1580 1937 1635 in
1971 1595 2154 1651 perse-

555 1679 849 1752 quentibus
877 1677 1273 1734 immanitatem
1293 1719 1308 1743 ,
1337 1674 1484 1746 quod
1516 1674 1648 1730 nulli
1679 1683 2028 1745 parceretur,
2053 1674 2156 1744 ipsi

560 1786 682 1828 sese
711 1772 1048 1842 illaqucbant
1078 1769 1474 1827 miserabiliorc
1500 1767 1584 1841 (ut
1609 1767 1741 1824 mihi
1770 1767 2005 1837 videtur)
2039 1768 2156 1823 exi-

2250 553 2396 600 tores
2420 542 2623 600 Iudaeae
2652 544 2718 600 ad
2750 545 3002 602 tuendam
3035 544 3119 601 rei
3150 557 3421 600 summam
3453 542 3641 597 fuerat
3673 542 3864 596 electas

2251 639 2482 694 bellator
2509 640 2592 695 vir
2611 682 2624 704 ,
2658 649 2716 697 ut
2741 640 2903 696 etiam
2933 640 3221 696 vulnerum
3263 636 3633 693 cicatricibus
3663 635 3867 691 virtutis

2250 731 2481 804 insignia
2508 734 2831 804 praeferret,
2874 736 3080 805 rapitur
3127 735 3197 788 ad
3246 741 3487 787 mortem
3517 747 3531 782 :
3561 738 3629 785 et
3665 744 3795 784 cum
3819 744 3868 787 se

2252 842 2402 888 extra
2436 833 2624 886 urbem
2647 831 2768 887 duci
2797 831 3039 897 videret,
3071 846 3178 886 non
3200 830 3312 900 jam
3344 842 3446 898 pro
3475 826 3588 880 vita
3612 866 3630 888 ,
3662 823 3764 879 sed
3787 841 3869 893 pro

2252 926 2526 996 sepultura
2554 926 2720 996 coepit
2744 941 2958 997 rogare.
2988 926 3066 979 Ac
3089 940 3158 980 ne
3185 923 3351 993 hujus
3379 919 3610 992 quidem
3641 925 3760 972 tam
3785 920 3870 972 m3-

2254 1019 2502 1076 serabilis
2529 1019 2802 1089 petitionis
2827 1032 3144 1088 responsum
3167 1013 3379 1085 accepit
3405 1011 3763 1067 conveniens
3786 1011 3872 1065 mi-

2255 1112 2584 1169 scricordim.
2618 1110 2984 1183 Fiugebautur
3011 1109 3341 1166 calumniae:
3385 1107 3435 1163 si
3465 1105 3593 1176 quis
3626 1119 3699 1158 se
3745 1103 3872 1158 redi-

2259 1206 2437 1262 mebat
2461 1247 2477 1272 ,
2511 1207 2772 1261 innocens
2799 1215 2920 1261 erat
2945 1223 2958 1258 :
2984 1203 3075 1275 qui
3106 1219 3215 1258 non
3243 1201 3516 1259 offerebat
3548 1198 3869 1270 pecuniam.

2257 1310 2531 1370 tamquam
2563 1312 2691 1353 reus
2718 1297 3034 1353 feriebatur.

2871 1389 3098 1448 CAPUT
3137 1388 3233 1446 XI.

2333 1488 2466 1542 Dum
2499 1485 2616 1541 ha'c
2656 1486 3046 1558 Hierosolymis
3075 1494 3345 1558 aguntur,
3376 1482 3768 1553 Vespasianus
3795 1485 3864 1536 in-

2260 1589 2408 1638 terea
2439 1589 2622 1652 partes
2653 1582 2787 1637 alias
2815 1581 2994 1652 gentis
3034 1579 3238 1635 Judmae
3266 1575 3604 1634 debellabat.
3684 1574 3864 1630 Perre-

2261 1677 2344 1733 nit
2386 1677 2451 1732 ad
2493 1692 2616 1733 eum
2640 1719 2654 1742 ,
2699 1691 2820 1748 qua:
2848 1675 3042 1732 seditio
3073 1683 3219 1730 esset
3265 1671 3680 1743 Hierosolymis
3702 1710 3718 1734 ,
3751 1683 3866 1740 quas

2261 1772 2580 1829 domesticis
2607 1770 2811 1843 praeliis
2840 1785 3003 1826 neces
3027 1769 3129 1824 sibi
3153 1767 3253 1839 ipsi
3281 1765 3691 1837 irrogavissent
3716 1806 3732 1829 ,
3764 1778 3867 1833 qua

559 1872 652 1933 tu,
678 1879 840 1937 quam
867 1865 914 1920 si
944 1864 1012 1919 ab
1041 1864 1198 1920 hoste
1229 1864 1666 1933 perimerentur:
1697 1863 1822 1934 quia
1853 1862 2158 1918 voluntaria
2188 1850 2236 1912 Β
2265 1863 2527 1936 supplicia
2559 1865 2754 1920 civium
2782 1871 2969 1920 exacta
2999 1878 3028 1916 a
3051 1862 3259 1917 civibus
3285 1878 3299 1914 :
3333 1859 3550 1916 hortari
3586 1858 3862 1928 plerique,

565 1972 712 2015 mors
754 1957 1073 2014 immanitati
1107 1958 1395 2014 ascribitur
1420 1999 1434 2024 ,
1468 1955 1716 2012 informis
1761 1956 1940 2024 laquei
1983 1955 2161 2014 nodus

564 2052 731 2110 etiam
778 2052 977 2122 probro
1006 2051 1188 2108 datur.
1233 2051 1342 2108 Sed
1381 2051 1505 2122 quis
1551 2050 1783 2107 consilio
1827 2051 2019 2117 locus,
2070 2050 2160 2106 ubi

565 2150 752 2201 tantus
808 2155 930 2201 erat
986 2155 1163 2202 metus
1217 2145 1652 2216 suppliciorum,
1711 2159 1833 2200 cum
1897 2153 2164 2202 metueret

568 2241 943 2313 unusquisque
976 2257 1082 2298 non
1111 2250 1340 2298 mortem
1367 2285 1383 2310 ,
1416 2241 1510 2298 sed
1541 2242 1816 2298 cruciatus
1843 2251 1970 2297 ante
2012 2257 2161 2298 mor-

566 2344 675 2392 tem
697 2375 712 2399 ,
739 2334 936 2405 quibus
963 2350 1109 2390 mors
1145 2333 1391 2390 remedio
1418 2334 1594 2391 foret?
1626 2334 1985 2390 Redundabat
2008 2333 2036 2372 ι)
2066 2351 2166 2390 un-

565 2427 730 2499 dique
757 2428 980 2499 sanguis
999 2469 1016 2495 ,
1046 2436 1100 2483 et
1130 2428 1368 2485 maxime
1413 2429 1557 2484 circa
1601 2429 1864 2499 templum
1893 2447 1906 2484 :
1936 2429 2059 2499 quia
2091 2429 2165 2486 ibi

565 2523 879 2594 congregati
909 2531 1096 2590 erant,
1129 2522 1220 2593 qui
1252 2523 1470 2579 clausos
1498 2522 1900 2580 custodiebant.
1929 2522 2164 2594 Reperta

567 2614 750 2686 itaque
780 2615 874 2669 illo
921 2615 1013 2670 die
1042 2629 1312 2671 cmsorum
1361 2624 1486 2673 octo
1515 2617 1683 2673 millia
1729 2616 2008 2688 quingenti
2043 2616 2163 2671 viri.

566 2704 696 2763 lude
733 2706 985 2764 conversi
1037 2708 1104 2763 ad
1150 2708 1386 2777 urbem,
1432 2709 1572 2765 sicut
1613 2725 1832 2781 gregem
1879 2709 2167 2782 quemdam

569 2814 824 2870 pecorum
847 2843 862 2866 ,
889 2801 963 2856 ita
997 2801 1249 2857 homines
1268 2845 1282 2868 ,
1313 2817 1683 2874 quoscumque
1697 2801 1886 2859 obvios
1906 2802 2162 2869 habuere,

575 2891 984 2950 interimebant.
1038 2893 1169 2948 Erat
1219 2894 1533 2950 miserabile
1583 2895 1993 2966 spectaculum,
2029 2895 2168 2952 intra

568 2987 760 3043 urbem
783 2988 1039 3044 omnibus
1059 2997 1185 3044 ante
1211 2991 1573 3046 reverendam
1593 3034 1608 3057 ,
1645 2991 1846 3046 bellum
1870 2991 2018 3062 geri,
2049 3006 2169 3062 per-

567 3081 766 3136 niciem
800 3081 1056 3152 injustam
1088 3085 1416 3154 pauperibus
1441 3099 1505 3140 ac
1532 3085 1804 3142 debilibus
1833 3085 2045 3142 inferri.
2073 3085 2171 3144 Sa-

571 3189 642 3228 ne
664 3175 893 3245 juvenes
922 3191 986 3232 ac
1016 3177 1307 3234 validiores
1331 3179 1383 3234 in
1414 3194 1690 3235 carcerem
1714 3179 2168 3247 retrudebantur,

2266 1969 2324 2015 ut
2354 1975 2420 2016 eo
2450 1969 2736 2030 pergeret,
2775 1974 2842 2014 ne
2877 1957 3004 2030 quid
3039 1957 3312 2027 triumpho
3361 1955 3624 2010 Romano
3674 1962 3734 2009 et
3773 1967 3862 2006 sua

2263 2053 2450 2125 gloriae
2480 2052 2886 2124 decerperetur.
2919 2053 3103 2122 Atjlle
3147 2051 3466 2107 moderatus
3511 2058 3573 2106 et
3615 2047 3863 2120 provides
3901 2109 3913 2132 ‘

2267 2147 2384 2213 vir,
2417 2147 2505 2218 qui
2555 2145 2745 2201 nonid
2785 2145 2927 2216 quod
2973 2161 3043 2201 ex
3095 2161 3193 2200 usu
3255 2143 3404 2215 vulgi
3455 2141 3859 2199 accommodem

2267 2235 2293 2276 ά
2323 2240 2660 2295 existimaret
2686 2281 2700 2304 ,
2734 2238 2828 2294 sed
2857 2239 2999 2309 quod
3048 2237 3242 2292 altiore
3271 2235 3504 2292 consilio
3535 2235 3618 2290 rei
3654 2248 3861 2289 summa

2267 2335 2573 2390 conducere
2599 2333 2956 2389 arbitraretur
2975 2375 2991 2398 ,
3024 2331 3229 2388 referre
3259 2331 3353 2387 illa
3376 2329 3749 2387 suadentibus
3771 2343 3861 2383 coe-

2269 2431 2387 2502 pit:
2422 2429 2538 2484 Non
2584 2443 2802 2499 semper
2849 2428 3052 2499 put-liis
3093 2428 3270 2498 juvari
3311 2424 3756 2496 rempublicam,
3782 2422 3858 2477 sed

2270 2523 2588 2595 plerumque
2617 2523 2777 2578 etiam
2805 2522 2971 2578 armis
2997 2520 3262 2592 depositis
3287 2520 3503 2575 laudent
3551 2517 3737 2589 parari
3764 2559 3779 2582 ,
3817 2529 3857 2570 et

2271 2617 2514 2673 debitum
2550 2617 2734 2687 patria:
2763 2615 2921 2671 solvi.
2951 2614 3090 2683 Quid
3120 2614 3392 2679 interest,
3437 2610 3725 2684 quomodo
3762 2611 3856 2663 vin-

2271 2723 2427 2765 catur
2457 2709 2628 2765 hostis
2648 2751 2663 2773 ,
2705 2719 2965 2764 nostroue
2993 2723 3060 2762 au
3090 2723 3189 2762 suo
3228 2705 3410 2762 ferro?
3442 2705 3548 2760 nisi
3605 2701 3751 2775 quod
3775 2716 3854 2758 suo

2271 2807 2391 2863 sine
2430 2806 2671 2861 Romana
2723 2803 2922 2860 invidia
2963 2803 3343 2874 prosternitur.
3378 2798 3494 2855 Non
3547 2799 3698 2854 enim
3748 2813 3852 2865 pos-

2273 2909 2398 2955 sunt
2437 2899 2505 2954 de
2538 2899 2693 2954 nobis
2717 2899 2908 2968 queri,
2961 2913 3084 2952 cum
3125 2911 3183 2952 se
3213 2897 3314 2966 ipsi
3354 2891 3850 2950 consauciaverint:

2272 2993 2433 3048 simul
2463 3008 2625 3064 quam
2650 2992 2794 3061 justa
2827 2991 2982 3046 nobis
3010 2990 3150 3046 bella
3190 2989 3461 3045 moverint
3481 3029 3498 3051 ,
3526 2985 3849 3059 signiﬁcant,

2273 3086 2492 3159 quando
2537 3102 2637 3142 nec
2676 3085 2782 3156 ipsi
2826 3085 2928 3141 sibi
2975 3094 3244 3156 parcunt:
3282 3081 3579 3138 vindictam
3627 3081 3767 3138 hanc
3798 3080 3851 3133 de

2274 3181 2416 3237 caelo
2447 3179 2647 3248 videri,
2675 3190 2736 3234 ut
2767 3179 2951 3234 furore
2974 3179 3248 3234 insaniant
3273 3177 3364 3248 qui
3395 3177 3669 3231 Romanos
3699 3175 3847 3230 laces-

572 3283 710 3338 quos
733 3268 953 3325 factioni
985 3269 1209 3327 idoneos
1239 3272 1678 3339 arbitrabantur;
1711 3273 1806 3330 sed
1841 3289 2033 3346 magna
2065 3274 2168 3329 vir-
2200 3252 2246 3316 (ἶ
2277 3276 2524 3333 siverint.
2562 3274 2669 3332 Sed
2699 3275 2745 3330 si
2770 3275 2890 3346 quis
2916 3273 3166 3346 deregari
3194 3270 3396 3342 aliquid
3440 3271 3634 3340 gloriae
3678 3279 3848 3324 nostra

575 3370 691 3416 tute
718 3362 958 3434 plerique
979 3365 1159 3419 omnia
1181 3366 1442 3436 supplicia
1471 3367 1746 3423 malebant
1767 3367 1983 3434 subire,
2011 3383 2173 3439 quam

578 3463 637 3507 ut
659 3453 885 3522 perditis
910 3455 1392 3512 sociarentur.Nec
1424 3458 1616 3514 modus
1635 3459 1934 3524 eralullus,
1953 3475 2054 3516 nec
2079 3475 2177 3531 pu-

492 3583 494 3586 μ
581 3543 683 3599 dor
713 3563 726 3599 :
751 3545 821 3600 ita
855 3545 1265 3603 furebatrabies
1293 3549 1810 3608 immanitatis.Post
1840 3553 1928 3608 ubi
1956 3552 2178 3609 defuere

582 3637 684 3693 visi
701 3652 960 3707 processu
987 3648 1092 3695 tem
1103 3640 1473 3711 poris,causas
1489 3643 1590 3699 sibi
1613 3643 1874 3699 simulare
1896 3657 2180 3714 C(Bpet‘unt

585 3731 1049 3801 perimendorum,
1084 3748 1192 3804 quo
1234 3733 1302 3789 ad
1329 3733 1534 3805 judicia
1575 3751 1702 3792 reos
1752 3737 2038 3804 ducerent,
2073 3754 2179 3793 non

586 3834 645 3881 ut
673 3827 1047 3898 requireretur
1060 3827 1292 3899 justitia.
1309 3831 1404 3886 sed
1434 3840 1490 3886 ut
1506 3831 1804 3888 crudelitas
1828 3832 2179 3889 excitaretur.

1195 3923 1424 3979 CAPUT
1462 3923 1538 3979 Χ.

659 4011 789 4066 Erat
815 4014 871 4068 in
909 4012 1134 4069 civitate
1165 4013 1455 4071 Zacharias
1478 4058 1494 4082 ,
1533 4016 1623 4086 qui
1645 4015 1853 4073 odisset
1882 4016 2182 4087 improbos,

585 4121 686 4162 nec
727 4121 788 4161 se
835 4108 1090 4164 misceret
1135 4107 1460 4179 flagitiOsis,
1503 4109 1663 4166 dives
1706 4125 1908 4181 opum,
1957 4126 2183 4182 quarum

585 4198 662 4255 illi
711 4198 1142 4267 abundantiam,
1192 4202 1276 4257 vel
1324 4200 1392 4258 ad
1442 4201 1846 4260 dissolvendam
1895 4205 2186 4260 factionem

586 4307 739 4349 suam
785 4293 1062 4351 efﬁcacem
1108 4295 1506 4366 opinabantur,
1548 4297 1636 4352 vel
1676 4297 1743 4354 ad
1799 4298 2037 4369 praedam
2084 4298 2187 4354 sibi

586 4386 854 4442 uberem:
899 4387 1042 4442 hunc
1088 4386 1412 4459 proditionis
1460 4389 1690 4446 crimine
1730 4401 1752 4428 ο
1798 4389 2189 4446 accersendum

586 4487 864 4550 putarunt.
889 4479 960 4535 At
989 4480 1079 4537 ille
1116 4480 1184 4536 ab
1215 4479 1521 4550 hujusmodi
1571 4481 1776 4554 integer
1818 4483 2149 4539 conscientia
2174 4524 2188 4545 ,

587 4574 780 4629 adesse
811 4573 914 4630 sibi
960 4575 1126 4646 erepit
1170 4589 1293 4630 cum
1330 4575 1612 4640 libertate,
1639 4584 1698 4631 ut
1745 4591 1853 4632 non
1892 4576 2068 4632 solum
2111 4575 2192 4631 di-

588 4665 763 4722 lueret
798 4668 1045 4736 objecta,
1068 4683 1254 4724 verum
1290 4669 1453 4725 etiam
1485 4683 1612 4726 reos
1638 4667 1786 4740 ipsos
1833 4669 2188 4725 maximorum

584 4771 857 4818 astrueret
883 4763 1208 4834 ﬂagitiorum
1237 4782 1248 4817 :
1277 4764 1418 4834 apud
1436 4763 1777 4834 septuaginta
1804 4763 1950 4819 viros
1976 4763 2192 4819 diceba—

594 4865 684 4911 tur
723 4857 1023 4927 negotium.
1057 4857 1357 4914 Absolvunt
1401 4872 1630 4926 omnes,
1664 4857 1789 4929 quia
1828 4855 2004 4922 nihil,
2050 4855 2192 4927 quod

594 4951 757 5007 affine
787 4961 933 5006 esset
960 4951 1189 5020 sceleri,
1220 4951 1618 5023 proferebatur.
1642 4950 1842 5007 Verum
1874 4950 1952 5006 illi
1986 4950 2197 5004 irruen-

596 5052 678 5098 tes
699 5084 713 5108 ,
745 5054 800 5098 et
828 5043 1002 5112 ipsum
1032 5043 1370 5115 praecipitant
1395 5047 1447 5099 in
1477 5043 1804 5115 profundum
1823 5085 1838 5110 ,
1886 5053 1940 5099 et
1985 5051 2198 5112 pertur-

596 5137 728 5194 bant
749 5137 992 5209 judices,
1020 5153 1124 5193 non
1153 5140 1326 5194 solum
1353 5155 1474 5194 cum
1509 5138 1734 5210 injuria,
1768 5137 1864 5194 sed
1887 5138 2049 5195 etiam
2073 5152 2195 5192 cum

599 5231 880 5302 periculo:
913 5238 973 5284 ut
999 5245 1184 5284 eorum
1217 5231 1472 5302 exemplo
1501 5231 1684 5287 caeteri
1717 5232 1772 5286 in
1810 5231 2076 5302 reliquum
2106 5246 2196 5286 ca-

596 5332 827 5390 verent,
875 5322 1238 5378 constantiam
1289 5324 1343 5377 in
1387 5322 1685 5393 judicando
1733 5323 1960 5378 adversa
2006 5337 2195 5378 eorum

596 5415 878 5472 voluntate
906 5427 1206 5469 assumere.
1243 5414 1447 5471 Rursus
1479 5425 1657 5470 tamen
1691 5431 1759 5472 ne
1795 5416 1918 5488 quis
1943 5414 2196 5470 absolve-

595 5519 776 5577 retur,
807 5509 909 5580 ipsi
935 5507 1137 5564 irarum
1164 5518 1385 5562 suarum
1415 5517 1794 5574 exsecutores,
1819 5521 1955 5580 quos
1984 5505 2196 5562 libitum

595 5611 711 5658 erat
738 5645 754 5671 ,
786 5602 904 5658 sine
923 5599 1132 5674 judicio
1161 5600 1443 5659 necabant.
1474 5597 1666 5657 Caesus
1685 5600 1908 5672 Gorgon
1925 5641 1941 5669 ,
1968 5599 2050 5656 vir
2075 5614 2199 5672 gra-

597 5787 611 5803 -
672 5759 928 5815 ﬂClausi.
963 5759 1136 5816 Bann.
1350 5824 1353 5827 ,
1408 5814 1413 5825 λ
1542 5823 1547 5828 .

667 5830 695 5870 ι’
731 5829 945 5905 (Ibique.
970 5828 1041 5905 Et
1067 5829 1433 5905 mogcdem‘que
1455 5827 1554 5904 pro
1573 5828 1760 5896 imm.
1786 5827 1866 5886 In.

678 5904 696 5934 ν
733 5895 1125 5956 Arcétundum.
1156 5895 1233 5956 le.

2279 3371 2516 3438 asserit,
2571 3380 2864 3442 cognoscat
2918 3369 3337 3438 praeponderare
3381 3379 3529 3435 smpe
3581 3363 3846 3420 remedium

2279 3480 2403 3522 cum
2435 3463 2650 3519 silentio
2670 3505 2684 3529 ,
2713 3477 2872 3534 quam
2905 3462 3148 3534 praelium
3173 3475 3294 3515 cum
3337 3458 3599 3530 periculo.
3635 3456 3846 3524 Denique

2281 3570 2469 3616 noster
2494 3557 2758 3613 Maximus
2787 3555 3094 3612 cunctando
3121 3553 3290 3625 magis
3330 3551 3489 3624 fregit
3518 3549 3845 3610 Annibalem,

2283 3671 2442 3727 quam
2468 3653 2782 3725 przeliando.
2813 3652 2925 3707 Etsi
2949 3650 3234 3721 Scipiones
3255 3647 3587 3718 subegerunt
3610 3643 3843 3706 Africam.

2284 3757 2465 3803 tamen
2517 3746 2822 3802 communis
2874 3745 3141 3800 bellorum
3187 3756 3311 3798 cum
3369 3740 3556 3796 multis
3607 3737 3841 3793 victoria:

2285 3839 2524 3896 Maximo
2552 3839 2651 3894 soli
2674 3837 2858 3892 datum
2877 3879 2892 3904 ,
2917 3836 3062 3907 quod
3087 3832 3396 3891 cunctando
3420 3831 3718 3888 restituerit
3737 3843 3843 3884 rem

2286 3933 2579 4003 publicam.
2612 3931 2737 3986 Plus
2769 3931 2952 4000 itaque
2981 3940 3066 3985 eSt
3093 3940 3340 3984 servasse
3378 3924 3677 3979 Romanum
3706 3921 3841 3991 impe-

2287 4026 2425 4081 rium
2454 4040 2613 4095 quam
2647 4037 2993 4094 propagasse.
3020 4020 3319 4092 Equemus
3347 4027 3529 4074 tamen
3561 4015 3741 4071 merita
3763 4013 3839 4066 vir-

2289 4128 2483 4175 tutum.
2533 4117 2652 4174 Non
2697 4118 2907 4173 minora
2941 4119 3122 4187 utique
3150 4116 3203 4170 in
3244 4113 3364 4184 ipso
3412 4113 3556 4168 bello
3605 4107 3840 4181 sapientia:

2289 4224 2594 4271 commenta
2622 4221 2747 4267 sunt
2772 4248 2795 4279 ,-
2821 4227 2979 4283 quam
3003 4210 3233 4281 insignia
3274 4205 3626 4262 fortitudinis.
3649 4205 3838 4261 Peream

2291 4325 2422 4380 ergo
2468 4310 2580 4364 suis
2609 4308 2789 4378 armis
2821 4324 2834 4361 :
2869 4306 3000 4362 nihil
3022 4315 3059 4377 δε
3093 4304 3268 4361 laudis
3291 4303 3548 4360 diminuit
3571 4345 3585 4369 ,
3631 4310 3683 4358 et
3709 4299 3837 4371 pluri-

2293 4419 2440 4458 mum
2469 4403 2711 4457 victoriae
2743 4411 2942 4458 nostra:
2971 4399 3299 4471 adjungitur.
3333 4397 3593 4454 Nesciunt
3617 4409 3732 4452 suos
3752 4408 3836 4448 ser-

2293 4513 2422 4555 vare
2443 4540 2457 4565 ,
2487 4498 2682 4568 quibus
2709 4513 2808 4553 nos
2836 4497 3127 4569 parcimus.
3152 4495 3290 4562 Quid
3308 4536 3322 4560 ,
3353 4493 3496 4562 quod
3523 4493 3570 4547 si
3599 4489 3836 4547 imminere

2293 4593 2619 4664 coeperimus
2644 4634 2659 4659 ,
2693 4591 2926 4649 fortasse
2965 4592 3106 4647 inter
3135 4604 3194 4645 se
3234 4588 3593 4658 resipiscant,
3631 4595 3769 4654 atque
3797 4581 3836 4635 in

2303 4687 2532 4759 gratiam
2571 4686 2840 4744 redeant?
2882 4685 3027 4756 quod
3077 4699 3185 4740 non
3228 4697 3459 4749 vereor,
3499 4679 3592 4736 sed
3627 4679 3836 4735 adversus

2302 4789 2542 4836 vestram
2585 4778 2910 4834 sententiam
2944 4777 3197 4849 profero:
3229 4783 3324 4831 aut
3365 4774 3413 4831 si
3447 4782 3736 4845 permaneat
3769 4785 3832 4826 se-

2298 4874 2464 4940 ditio,
2496 4873 2780 4930 videantur
2817 4876 2918 4945 ipsi
2949 4889 3069 4930 sese
3121 4886 3463 4944 expugnasse
3485 4912 3501 4938 ,
3531 4870 3657 4925 nihil
3684 4869 3833 4924 Roma-

2299 4983 2427 5023 num
2459 4968 2636 5040 egisse
2666 4969 2967 5024 exercitum
2993 5011 3008 5036 ,
3033 4981 3225 5023 manus
3255 4975 3474 5022 nostras
3492 4964 3680 5020 otiosas
3693 4961 3829 5020 fuisse.

2299 5063 2582 5119 victoriam
2635 5078 2741 5118 non
2783 5063 2983 5118 virtute
3031 5070 3250 5124 nostra,
3278 5059 3378 5117 sed
3425 5057 3607 5114 hostili
3649 5058 3829 5112 intente.

2299 5156 2458 5212 cione
2485 5156 2625 5211 inter
2651 5171 2711 5211 se
2744 5165 3008 5226 paratam.
3042 5154 3230 5225 Itaque
3261 5152 3366 5208 hoc
3420 5150 3717 5221 prudentius
3737 5161 3829 5201 con-

2300 5249 2482 5307 silium
2505 5293 2518 5317 ,
2555 5262 2610 5306 ut
2637 5250 2951 5306 absentibus
2981 5248 3137 5305 nobis
3167 5248 3394 5304 saeviant
3433 5246 3490 5301 in
3520 5245 3720 5301 exitium
3743 5241 3822 5302 sui.

2302 5359 2371 5399 ne
2407 5344 2531 5416 quis
2589 5353 2739 5414 putet
2782 5358 2875 5399 eos
2921 5342 3124 5399 nostris
3159 5341 3332 5412 magis
3379 5355 3542 5410 quam
3583 5337 3678 5394 suis
3715 5348 3825 5391 exer-

2300 5437 2439 5492 citos
2469 5435 2818 5491 factionibus.
2854 5435 3008 5490 Tunc
3061 5433 3256 5489 melius
3301 5428 3821 5503 apprOpinquabimus.

2302 5529 2392 5583 ubi
2422 5529 2592 5584 victor
2617 5528 2985 5599 superfuerit,
3017 5528 3108 5600 qui
3139 5537 3326 5583 nostro
3353 5523 3578 5580 accedat
3601 5518 3820 5590 triumpho.

2301 5620 2465 5680 Certe
2497 5623 2715 5679 veniant
2742 5623 2810 5679 ad
2848 5638 2986 5692 nos,
3019 5623 3108 5696 qui
3148 5621 3360 5694 fugiunt
3409 5634 3578 5688 suos;
3621 5615 3822 5674 inveniant

2373 5755 2401 5864 ἲ
2433 5756 2911 5887 sitientia.
