  <div class='ocr_page' id='page_1' title='image "/cluster/home/n/w/nwhite01/storage/ocr_20150623/15/hvd.32044015471311/466.png"; bbox 0 0 4016 6480; ppageno 0'>
   <div class='ocr_carea' id='block_1_1' title="bbox 59 347 3437 416">
    <p class='ocr_par' dir='ltr' id='par_1_1' title="bbox 59 347 3437 416">
     <span class='ocr_line' id='line_1_1' title="bbox 59 347 3437 416; baseline 0.005 -17"><span class='ocrx_word' id='word_1_1' title='bbox 59 347 236 405; x_wconf 75' lang='grc'><strong>2113</strong></span> <span class='ocrx_word' id='word_1_2' title='bbox 882 349 1152 408; x_wconf 82' lang='lat' dir='ltr'><strong>HISTOII.</strong></span> <span class='ocrx_word' id='word_1_3' title='bbox 1198 350 1285 408; x_wconf 83' lang='lat' dir='ltr'><strong>DE</strong></span> <span class='ocrx_word' id='word_1_4' title='bbox 1329 351 1607 412; x_wconf 82' lang='lat' dir='ltr'><strong>EXCIDIO</strong></span> <span class='ocrx_word' id='word_1_5' title='bbox 1645 350 1918 413; x_wconf 72' lang='lat' dir='ltr'><strong>lllEROS.</strong></span> <span class='ocrx_word' id='word_1_6' title='bbox 1956 354 2157 414; x_wconf 83' lang='lat' dir='ltr'><strong>URBIS</strong></span> <span class='ocrx_word' id='word_1_7' title='bbox 2196 355 2326 414; x_wconf 87' lang='lat' dir='ltr'><strong>LIB.</strong></span> <span class='ocrx_word' id='word_1_8' title='bbox 2370 354 2460 413; x_wconf 87' lang='lat' dir='ltr'><strong>IV.</strong></span> <span class='ocrx_word' id='word_1_9' title='bbox 3289 357 3437 416; x_wconf 67' lang='grc' dir='ltr'><strong>ειη</strong></span> 
     </span>
    </p>
   </div>
   <div class='ocr_carea' id='block_1_2' title="bbox 64 462 3441 542">
    <p class='ocr_par' dir='ltr' id='par_1_2' title="bbox 64 462 3441 542">
     <span class='ocr_line' id='line_1_2' title="bbox 64 462 3441 542; baseline 0.004 -28"><span class='ocrx_word' id='word_1_10' title='bbox 64 462 230 532; x_wconf 88' lang='lat' dir='ltr'><strong>apud</strong></span> <span class='ocrx_word' id='word_1_11' title='bbox 270 478 387 522; x_wconf 89' lang='lat' dir='ltr'><strong>nos</strong></span> <span class='ocrx_word' id='word_1_12' title='bbox 433 464 668 522; x_wconf 86' lang='lat' dir='ltr'><strong>salutem</strong></span> <span class='ocrx_word' id='word_1_13' title='bbox 713 463 856 532; x_wconf 92' lang='lat' dir='ltr'><strong>sibi,</strong></span> <span class='ocrx_word' id='word_1_14' title='bbox 888 480 1023 539; x_wconf 90' lang='lat' dir='ltr'><strong>quos</strong></span> <span class='ocrx_word' id='word_1_15' title='bbox 1066 481 1292 524; x_wconf 91' lang='lat' dir='ltr'><strong>suorum</strong></span> <span class='ocrx_word' id='word_1_16' title='bbox 1340 471 1508 540; x_wconf 91' lang='lat' dir='ltr'><strong>pestis</strong></span> <span class='ocrx_word' id='word_1_17' title='bbox 1537 470 1721 541; x_wconf 83' lang='lat' dir='ltr'><strong>exagi-</strong></span> <span class='ocrx_word' id='word_1_18' title='bbox 1753 477 1795 538; x_wconf 71' lang='grc' dir='ltr'><strong>Α</strong></span> <span class='ocrx_word' id='word_1_19' title='bbox 1830 485 2019 527; x_wconf 86' lang='lat' dir='ltr'><strong>versos</strong></span> <span class='ocrx_word' id='word_1_20' title='bbox 2071 471 2304 528; x_wconf 89' lang='lat' dir='ltr'><strong>deleret.</strong></span> <span class='ocrx_word' id='word_1_21' title='bbox 2361 468 2478 525; x_wconf 87' lang='lat' dir='ltr'><strong>Non</strong></span> <span class='ocrx_word' id='word_1_22' title='bbox 2512 469 2778 542; x_wconf 70' lang='lat' dir='ltr'><strong>prtetcriit</strong></span> <span class='ocrx_word' id='word_1_23' title='bbox 2820 480 2997 526; x_wconf 90' lang='lat' dir='ltr'><strong>tamen</strong></span> <span class='ocrx_word' id='word_1_24' title='bbox 3027 467 3299 542; x_wconf 73' lang='lat' dir='ltr'><strong>legatione</strong></span> <span class='ocrx_word' id='word_1_25' title='bbox 3329 471 3441 527; x_wconf 83' lang='lat' dir='ltr'><strong>Ga-</strong></span> 
     </span>
    </p>
   </div>
   <div class='ocr_carea' id='block_1_3' title="bbox 68 558 3438 634">
    <p class='ocr_par' dir='ltr' id='par_1_3' title="bbox 68 558 3438 634">
     <span class='ocr_line' id='line_1_3' title="bbox 68 558 3438 634; baseline 0.002 -25"><span class='ocrx_word' id='word_1_26' title='bbox 68 558 324 613; x_wconf 82' lang='lat' dir='ltr'><strong>taverit.</strong></span> <span class='ocrx_word' id='word_1_27' title='bbox 1833 563 2145 619; x_wconf 83' lang='lat' dir='ltr'><strong>darensium</strong></span> <span class='ocrx_word' id='word_1_28' title='bbox 2197 563 2489 617; x_wconf 89' lang='lat' dir='ltr'><strong>invitatum</strong></span> <span class='ocrx_word' id='word_1_29' title='bbox 2542 563 2958 634; x_wconf 80' lang='lat' dir='ltr'><strong>Vespasianum,</strong></span> <span class='ocrx_word' id='word_1_30' title='bbox 2997 561 3116 633; x_wconf 88' lang='lat' dir='ltr'><strong>ejus</strong></span> <span class='ocrx_word' id='word_1_31' title='bbox 3143 562 3438 632; x_wconf 89' lang='lat' dir='ltr'><strong>legationis</strong></span> 
     </span>
    </p>
   </div>
   <div class='ocr_carea' id='block_1_4' title="bbox 1830 655 3441 728">
    <p class='ocr_par' dir='ltr' id='par_1_4' title="bbox 1830 655 3441 728">
     <span class='ocr_line' id='line_1_4' title="bbox 1830 655 3441 728; baseline -0.001 -17"><span class='ocrx_word' id='word_1_32' title='bbox 1830 657 2132 723; x_wconf 85' lang='lat' dir='ltr'><strong>conscium,</strong></span> <span class='ocrx_word' id='word_1_33' title='bbox 2181 666 2238 711; x_wconf 89' lang='lat' dir='ltr'><strong>ut</strong></span> <span class='ocrx_word' id='word_1_34' title='bbox 2282 666 2410 726; x_wconf 92' lang='lat' dir='ltr'><strong>pote</strong></span> <span class='ocrx_word' id='word_1_35' title='bbox 2462 655 2611 712; x_wconf 82' lang='lat' dir='ltr'><strong>urbis</strong></span> <span class='ocrx_word' id='word_1_36' title='bbox 2653 658 2972 728; x_wconf 90' lang='lat' dir='ltr'><strong>primorem,</strong></span> <span class='ocrx_word' id='word_1_37' title='bbox 3025 655 3246 712; x_wconf 90' lang='lat' dir='ltr'><strong>nomine</strong></span> <span class='ocrx_word' id='word_1_38' title='bbox 3272 655 3441 710; x_wconf 84' lang='lat' dir='ltr'><strong>Dole-</strong></span> 
     </span>
    </p>
   </div>
   <div class='ocr_carea' id='block_1_5' title="bbox 1831 746 3438 820">
    <p class='ocr_par' dir='ltr' id='par_1_5' title="bbox 1831 746 3438 820">
     <span class='ocr_line' id='line_1_5' title="bbox 1831 746 3438 820; baseline -0.001 -17"><span class='ocrx_word' id='word_1_39' title='bbox 1831 763 1974 816; x_wconf 88' lang='lat' dir='ltr'><strong>sum,</strong></span> <span class='ocrx_word' id='word_1_40' title='bbox 2009 764 2171 820; x_wconf 86' lang='lat' dir='ltr'><strong>quem</strong></span> <span class='ocrx_word' id='word_1_41' title='bbox 2199 748 2482 820; x_wconf 76' lang='lat' dir='ltr'><strong>capientes</strong></span> <span class='ocrx_word' id='word_1_42' title='bbox 2505 748 2940 817; x_wconf 80' lang='lat' dir='ltr'><strong>interemerunt;</strong></span> <span class='ocrx_word' id='word_1_43' title='bbox 2974 758 3135 820; x_wconf 88' lang='lat' dir='ltr'><strong>atque</strong></span> <span class='ocrx_word' id='word_1_44' title='bbox 3166 748 3265 804; x_wconf 91' lang='lat' dir='ltr'><strong>ulti</strong></span> <span class='ocrx_word' id='word_1_45' title='bbox 3295 746 3438 817; x_wconf 86' lang='lat' dir='ltr'><strong>inju-</strong></span> 
     </span>
    </p>
   </div>
   <div class='ocr_carea' id='block_1_6' title="bbox 1831 841 3440 914">
    <p class='ocr_par' dir='ltr' id='par_1_6' title="bbox 1831 841 3440 914">
     <span class='ocr_line' id='line_1_6' title="bbox 1831 841 3440 914; baseline -0.001 -18"><span class='ocrx_word' id='word_1_46' title='bbox 1831 841 1991 909; x_wconf 91' lang='lat' dir='ltr'><strong>riam,</strong></span> <span class='ocrx_word' id='word_1_47' title='bbox 2019 842 2340 914; x_wconf 82' lang='lat' dir='ltr'><strong>egressique</strong></span> <span class='ocrx_word' id='word_1_48' title='bbox 2372 841 2587 908; x_wconf 83' lang='lat' dir='ltr'><strong>urbem,</strong></span> <span class='ocrx_word' id='word_1_49' title='bbox 2613 843 2666 898; x_wconf 92' lang='lat' dir='ltr'><strong>in</strong></span> <span class='ocrx_word' id='word_1_50' title='bbox 2689 842 2873 899; x_wconf 88' lang='lat' dir='ltr'><strong>abdita</strong></span> <span class='ocrx_word' id='word_1_51' title='bbox 2903 850 2959 898; x_wconf 92' lang='lat' dir='ltr'><strong>et</strong></span> <span class='ocrx_word' id='word_1_52' title='bbox 2992 841 3284 896; x_wconf 80' lang='lat' dir='ltr'><strong>munitiora</strong></span> <span class='ocrx_word' id='word_1_53' title='bbox 3316 852 3440 894; x_wconf 86' lang='lat' dir='ltr'><strong>sese</strong></span> 
     </span>
    </p>
   </div>
   <div class='ocr_carea' id='block_1_7' title="bbox 1833 931 3439 1004">
    <p class='ocr_par' dir='ltr' id='par_1_7' title="bbox 1833 931 3439 1004">
     <span class='ocr_line' id='line_1_7' title="bbox 1833 931 3439 1004; baseline -0.001 -15"><span class='ocrx_word' id='word_1_54' title='bbox 1833 934 2226 1002; x_wconf 90' lang='lat' dir='ltr'><strong>contulerunt;</strong></span> <span class='ocrx_word' id='word_1_55' title='bbox 2257 933 2470 990; x_wconf 86' lang='lat' dir='ltr'><strong>Gadara</strong></span> <span class='ocrx_word' id='word_1_56' title='bbox 2517 935 2776 992; x_wconf 82' lang='lat' dir='ltr'><strong>Romanis</strong></span> <span class='ocrx_word' id='word_1_57' title='bbox 2803 935 2998 992; x_wconf 90' lang='lat' dir='ltr'><strong>tradita</strong></span> <span class='ocrx_word' id='word_1_58' title='bbox 3025 951 3039 989; x_wconf 89' lang='lat'><strong>:</strong></span> <span class='ocrx_word' id='word_1_59' title='bbox 3071 949 3194 991; x_wconf 91' lang='lat' dir='ltr'><strong>cum</strong></span> <span class='ocrx_word' id='word_1_60' title='bbox 3233 931 3439 1004; x_wconf 91' lang='lat' dir='ltr'><strong>ingenti</strong></span> 
     </span>
    </p>
   </div>
   <div class='ocr_carea' id='block_1_8' title="bbox 1835 1023 3439 1099">
    <p class='ocr_par' dir='ltr' id='par_1_8' title="bbox 1835 1023 3439 1099">
     <span class='ocr_line' id='line_1_8' title="bbox 1835 1023 3439 1099; baseline 0.001 -20"><span class='ocrx_word' id='word_1_61' title='bbox 1835 1025 2025 1097; x_wconf 88' lang='lat' dir='ltr'><strong>plausu</strong></span> <span class='ocrx_word' id='word_1_62' title='bbox 2067 1035 2357 1096; x_wconf 90' lang='lat' dir='ltr'><strong>susceptus</strong></span> <span class='ocrx_word' id='word_1_63' title='bbox 2413 1036 2497 1083; x_wconf 86' lang='lat' dir='ltr'><strong>est</strong></span> <span class='ocrx_word' id='word_1_64' title='bbox 2527 1027 2914 1099; x_wconf 82' lang='lat' dir='ltr'><strong>Vespasianus.</strong></span> <span class='ocrx_word' id='word_1_65' title='bbox 2975 1028 3024 1084; x_wconf 98' lang='lat' dir='ltr'><strong>Is</strong></span> <span class='ocrx_word' id='word_1_66' title='bbox 3079 1026 3341 1084; x_wconf 89' lang='lat' dir='ltr'><strong>continuo</strong></span> <span class='ocrx_word' id='word_1_67' title='bbox 3368 1023 3439 1081; x_wconf 91' lang='lat' dir='ltr'><strong>ad</strong></span> 
     </span>
    </p>
   </div>
   <div class='ocr_carea' id='block_1_9' title="bbox 1835 1117 3433 1192">
    <p class='ocr_par' dir='ltr' id='par_1_9' title="bbox 1835 1117 3433 1192">
     <span class='ocr_line' id='line_1_9' title="bbox 1835 1117 3433 1192; baseline 0.001 -20"><span class='ocrx_word' id='word_1_68' title='bbox 1835 1118 2252 1188; x_wconf 88' lang='lat' dir='ltr'><strong>persequendos</strong></span> <span class='ocrx_word' id='word_1_69' title='bbox 2300 1118 2392 1189; x_wconf 86' lang='lat' dir='ltr'><strong>qui</strong></span> <span class='ocrx_word' id='word_1_70' title='bbox 2445 1120 2797 1192; x_wconf 83' lang='lat' dir='ltr'><strong>refugerant,</strong></span> <span class='ocrx_word' id='word_1_71' title='bbox 2852 1119 3134 1177; x_wconf 86' lang='lat' dir='ltr'><strong>Placidum</strong></span> <span class='ocrx_word' id='word_1_72' title='bbox 3181 1117 3433 1176; x_wconf 82' lang='lat' dir='ltr'><strong>direxit:</strong></span> 
     </span>
    </p>
   </div>
   <div class='ocr_carea' id='block_1_10' title="bbox 1834 1211 2703 1284">
    <p class='ocr_par' dir='ltr' id='par_1_10' title="bbox 1834 1211 2703 1284">
     <span class='ocr_line' id='line_1_10' title="bbox 1834 1211 2703 1284; baseline 0.002 -16"><span class='ocrx_word' id='word_1_73' title='bbox 1834 1212 1953 1284; x_wconf 92' lang='lat' dir='ltr'><strong>ipse</strong></span> <span class='ocrx_word' id='word_1_74' title='bbox 1975 1214 2271 1270; x_wconf 85' lang='lat' dir='ltr'><strong>revertitur</strong></span> <span class='ocrx_word' id='word_1_75' title='bbox 2294 1211 2348 1268; x_wconf 94' lang='lat' dir='ltr'><strong>in</strong></span> <span class='ocrx_word' id='word_1_76' title='bbox 2374 1213 2703 1270; x_wconf 68' lang='lat' dir='ltr'><strong>Ctesaream.</strong></span> 
     </span>
    </p>
   </div>
   <div class='ocr_carea' id='block_1_11' title="bbox 2411 1305 2780 1362">
    <p class='ocr_par' dir='ltr' id='par_1_11' title="bbox 2411 1305 2780 1362">
     <span class='ocr_line' id='line_1_11' title="bbox 2411 1305 2780 1362; baseline 0.003 -1"><span class='ocrx_word' id='word_1_77' title='bbox 2411 1305 2640 1362; x_wconf 79' lang='lat' dir='ltr'><strong>CAPUT</strong></span> <span class='ocrx_word' id='word_1_78' title='bbox 2662 1305 2780 1362; x_wconf 81' lang='lat' dir='ltr'><strong>XV.</strong></span> 
     </span>
    </p>
   </div>
   <div class='ocr_carea' id='block_1_12' title="bbox 1906 1399 3438 1474">
    <p class='ocr_par' dir='ltr' id='par_1_12' title="bbox 1906 1399 3438 1474">
     <span class='ocr_line' id='line_1_12' title="bbox 1906 1399 3438 1474; baseline 0 -18"><span class='ocrx_word' id='word_1_79' title='bbox 1906 1399 2160 1457; x_wconf 86' lang='lat' dir='ltr'><strong>Placidus</strong></span> <span class='ocrx_word' id='word_1_80' title='bbox 2202 1399 2499 1472; x_wconf 58' lang='lat' dir='ltr'><strong>praemissis</strong></span> <span class='ocrx_word' id='word_1_81' title='bbox 2547 1399 2856 1472; x_wconf 79' lang='lat' dir='ltr'><strong>quingentis</strong></span> <span class='ocrx_word' id='word_1_82' title='bbox 2900 1401 3438 1474; x_wconf 82' lang='lat' dir='ltr'><strong>equilibus,fugien-</strong></span> 
     </span>
    </p>
   </div>
   <div class='ocr_carea' id='block_1_13' title="bbox 1837 1495 3436 1568">
    <p class='ocr_par' dir='ltr' id='par_1_13' title="bbox 1837 1495 3436 1568">
     <span class='ocr_line' id='line_1_13' title="bbox 1837 1495 3436 1568; baseline 0.001 -17"><span class='ocrx_word' id='word_1_83' title='bbox 1837 1505 1918 1552; x_wconf 90' lang='lat' dir='ltr'><strong>tes</strong></span> <span class='ocrx_word' id='word_1_84' title='bbox 1948 1497 2250 1564; x_wconf 83' lang='lat' dir='ltr'><strong>insecutus,</strong></span> <span class='ocrx_word' id='word_1_85' title='bbox 2276 1495 2453 1568; x_wconf 84' lang='lat' dir='ltr'><strong>coegit</strong></span> <span class='ocrx_word' id='word_1_86' title='bbox 2475 1511 2570 1552; x_wconf 90' lang='lat' dir='ltr'><strong>eos</strong></span> <span class='ocrx_word' id='word_1_87' title='bbox 2592 1495 2648 1551; x_wconf 92' lang='lat' dir='ltr'><strong>in</strong></span> <span class='ocrx_word' id='word_1_88' title='bbox 2670 1496 2847 1552; x_wconf 86' lang='lat' dir='ltr'><strong>vicum</strong></span> <span class='ocrx_word' id='word_1_89' title='bbox 2871 1497 2963 1568; x_wconf 91' lang='lat' dir='ltr'><strong>qui</strong></span> <span class='ocrx_word' id='word_1_90' title='bbox 2994 1497 3274 1568; x_wconf 90' lang='lat' dir='ltr'><strong>proximus</strong></span> <span class='ocrx_word' id='word_1_91' title='bbox 3295 1507 3436 1565; x_wconf 90' lang='lat' dir='ltr'><strong>erat,</strong></span> 
     </span>
    </p>
   </div>
   <div class='ocr_carea' id='block_1_14' title="bbox 736 651 1125 710">
    <p class='ocr_par' dir='ltr' id='par_1_14' title="bbox 736 651 1125 710">
     <span class='ocr_line' id='line_1_14' title="bbox 736 651 1125 710; baseline -0.003 -2"><span class='ocrx_word' id='word_1_92' title='bbox 736 651 965 710; x_wconf 85' lang='lat' dir='ltr'><strong>CAPUT</strong></span> <span class='ocrx_word' id='word_1_93' title='bbox 1007 652 1125 710; x_wconf 78' lang='lat' dir='ltr'><strong>XII.</strong></span> 
     </span>
    </p>
   </div>
   <div class='ocr_carea' id='block_1_15' title="bbox 150 745 1729 821">
    <p class='ocr_par' dir='ltr' id='par_1_15' title="bbox 150 745 1729 821">
     <span class='ocr_line' id='line_1_15' title="bbox 150 745 1729 821; baseline 0.002 -20"><span class='ocrx_word' id='word_1_94' title='bbox 150 745 281 802; x_wconf 86' lang='lat' dir='ltr'><strong>Nec</strong></span> <span class='ocrx_word' id='word_1_95' title='bbox 324 747 543 804; x_wconf 78' lang='lat' dir='ltr'><strong>fefellit</strong></span> <span class='ocrx_word' id='word_1_96' title='bbox 590 748 772 819; x_wconf 90' lang='lat' dir='ltr'><strong>opinio</strong></span> <span class='ocrx_word' id='word_1_97' title='bbox 804 747 1194 819; x_wconf 84' lang='lat' dir='ltr'><strong>VeSpasianum</strong></span> <span class='ocrx_word' id='word_1_98' title='bbox 1222 768 1234 801; x_wconf 90' lang='lat'><strong>:</strong></span> <span class='ocrx_word' id='word_1_99' title='bbox 1266 763 1390 804; x_wconf 90' lang='lat' dir='ltr'><strong>nam</strong></span> <span class='ocrx_word' id='word_1_100' title='bbox 1434 747 1524 821; x_wconf 93' lang='lat' dir='ltr'><strong>qui</strong></span> <span class='ocrx_word' id='word_1_101' title='bbox 1577 756 1729 819; x_wconf 91' lang='lat' dir='ltr'><strong>pote-</strong></span> 
     </span>
    </p>
   </div>
   <div class='ocr_carea' id='block_1_16' title="bbox 68 840 1730 911">
    <p class='ocr_par' dir='ltr' id='par_1_16' title="bbox 68 840 1730 911">
     <span class='ocr_line' id='line_1_16' title="bbox 68 840 1730 911; baseline 0 -15"><span class='ocrx_word' id='word_1_102' title='bbox 68 847 212 896; x_wconf 85' lang='lat' dir='ltr'><strong>rant</strong></span> <span class='ocrx_word' id='word_1_103' title='bbox 261 843 472 911; x_wconf 88' lang='lat' dir='ltr'><strong>pretio</strong></span> <span class='ocrx_word' id='word_1_104' title='bbox 503 857 562 898; x_wconf 91' lang='lat' dir='ltr'><strong>se</strong></span> <span class='ocrx_word' id='word_1_105' title='bbox 599 841 870 898; x_wconf 85' lang='lat' dir='ltr'><strong>redimere</strong></span> <span class='ocrx_word' id='word_1_106' title='bbox 896 884 910 908; x_wconf 91' lang='lat'><strong>,</strong></span> <span class='ocrx_word' id='word_1_107' title='bbox 945 852 1002 896; x_wconf 87' lang='lat' dir='ltr'><strong>ut</strong></span> <span class='ocrx_word' id='word_1_108' title='bbox 1051 840 1488 909; x_wconf 86' lang='lat' dir='ltr'><strong>dimitterentur,</strong></span> <span class='ocrx_word' id='word_1_109' title='bbox 1522 841 1588 896; x_wconf 89' lang='lat' dir='ltr'><strong>ad</strong></span> <span class='ocrx_word' id='word_1_110' title='bbox 1619 841 1730 896; x_wconf 80' lang='lat' dir='ltr'><strong>Ro-</strong></span> 
     </span>
    </p>
   </div>
   <div class='ocr_carea' id='block_1_17' title="bbox 72 932 1729 1006">
    <p class='ocr_par' dir='ltr' id='par_1_17' title="bbox 72 932 1729 1006">
     <span class='ocr_line' id='line_1_17' title="bbox 72 932 1729 1006; baseline 0 -18"><span class='ocrx_word' id='word_1_111' title='bbox 72 948 296 989; x_wconf 84' lang='lat' dir='ltr'><strong>manos</strong></span> <span class='ocrx_word' id='word_1_112' title='bbox 311 933 740 1006; x_wconf 80' lang='lat' dir='ltr'><strong>confugiebant.</strong></span> <span class='ocrx_word' id='word_1_113' title='bbox 761 932 990 1004; x_wconf 82' lang='lat' dir='ltr'><strong>Repleta</strong></span> <span class='ocrx_word' id='word_1_114' title='bbox 1007 933 1534 988; x_wconf 89' lang='lat' dir='ltr'><strong>erantdilabantium</strong></span> <span class='ocrx_word' id='word_1_115' title='bbox 1557 941 1729 988; x_wconf 90' lang='lat' dir='ltr'><strong>strata</strong></span> 
     </span>
    </p>
   </div>
   <div class='ocr_carea' id='block_1_18' title="bbox 71 1026 1730 1093">
    <p class='ocr_par' dir='ltr' id='par_1_18' title="bbox 71 1026 1730 1093">
     <span class='ocr_line' id='line_1_18' title="bbox 71 1026 1730 1093; baseline 0.001 -14"><span class='ocrx_word' id='word_1_116' title='bbox 71 1027 312 1081; x_wconf 81' lang='lat' dir='ltr'><strong>viarum</strong></span> <span class='ocrx_word' id='word_1_117' title='bbox 381 1028 828 1093; x_wconf 88' lang='lat' dir='ltr'><strong>omnia,omnes</strong></span> <span class='ocrx_word' id='word_1_118' title='bbox 875 1027 1124 1082; x_wconf 73' lang='lat' dir='ltr'><strong>semitre:</strong></span> <span class='ocrx_word' id='word_1_119' title='bbox 1170 1027 1554 1082; x_wconf 85' lang='lat' dir='ltr'><strong>relaxabantur</strong></span> <span class='ocrx_word' id='word_1_120' title='bbox 1592 1026 1730 1082; x_wconf 86' lang='lat' dir='ltr'><strong>divi-</strong></span> 
     </span>
    </p>
   </div>
   <div class='ocr_carea' id='block_1_19' title="bbox 75 1119 1734 1192">
    <p class='ocr_par' dir='ltr' id='par_1_19' title="bbox 75 1119 1734 1192">
     <span class='ocr_line' id='line_1_19' title="bbox 75 1119 1734 1192; baseline -0.001 -17"><span class='ocrx_word' id='word_1_121' title='bbox 75 1130 202 1185; x_wconf 85' lang='lat' dir='ltr'><strong>tes,</strong></span> <span class='ocrx_word' id='word_1_122' title='bbox 241 1136 542 1192; x_wconf 87' lang='lat' dir='ltr'><strong>pauperes</strong></span> <span class='ocrx_word' id='word_1_123' title='bbox 573 1120 1071 1187; x_wconf 83' lang='lat' dir='ltr'><strong>interﬁciebantur,</strong></span> <span class='ocrx_word' id='word_1_124' title='bbox 1101 1121 1298 1192; x_wconf 85' lang='lat' dir='ltr'><strong>quibus</strong></span> <span class='ocrx_word' id='word_1_125' title='bbox 1339 1121 1563 1191; x_wconf 89' lang='lat' dir='ltr'><strong>pecunia</strong></span> <span class='ocrx_word' id='word_1_126' title='bbox 1603 1119 1734 1175; x_wconf 88' lang='lat' dir='ltr'><strong>dee-</strong></span> 
     </span>
    </p>
   </div>
   <div class='ocr_carea' id='block_1_20' title="bbox 75 1210 1734 1284">
    <p class='ocr_par' dir='ltr' id='par_1_20' title="bbox 75 1210 1734 1284">
     <span class='ocr_line' id='line_1_20' title="bbox 75 1210 1734 1284; baseline -0.002 -15"><span class='ocrx_word' id='word_1_127' title='bbox 75 1223 167 1269; x_wconf 78' lang='lat' dir='ltr'><strong>rat</strong></span> <span class='ocrx_word' id='word_1_128' title='bbox 202 1213 279 1269; x_wconf 87' lang='lat' dir='ltr'><strong>ad</strong></span> <span class='ocrx_word' id='word_1_129' title='bbox 317 1214 794 1284; x_wconf 89' lang='lat' dir='ltr'><strong>redemptionem.</strong></span> <span class='ocrx_word' id='word_1_130' title='bbox 825 1212 976 1268; x_wconf 79' lang='lat' dir='ltr'><strong>Multi</strong></span> <span class='ocrx_word' id='word_1_131' title='bbox 1009 1213 1170 1267; x_wconf 90' lang='lat' dir='ltr'><strong>etiam</strong></span> <span class='ocrx_word' id='word_1_132' title='bbox 1204 1222 1360 1268; x_wconf 91' lang='lat' dir='ltr'><strong>extra</strong></span> <span class='ocrx_word' id='word_1_133' title='bbox 1386 1213 1574 1268; x_wconf 89' lang='lat' dir='ltr'><strong>urbem</strong></span> <span class='ocrx_word' id='word_1_134' title='bbox 1602 1210 1734 1266; x_wconf 87' lang='lat' dir='ltr'><strong>insi-</strong></span> 
     </span>
    </p>
   </div>
   <div class='ocr_carea' id='block_1_21' title="bbox 77 1308 1732 1380">
    <p class='ocr_par' dir='ltr' id='par_1_21' title="bbox 77 1308 1732 1380">
     <span class='ocr_line' id='line_1_21' title="bbox 77 1308 1732 1380; baseline 0 -16"><span class='ocrx_word' id='word_1_135' title='bbox 77 1309 209 1366; x_wconf 91' lang='lat' dir='ltr'><strong>dias</strong></span> <span class='ocrx_word' id='word_1_136' title='bbox 238 1317 304 1365; x_wconf 91' lang='lat' dir='ltr'><strong>et</strong></span> <span class='ocrx_word' id='word_1_137' title='bbox 350 1309 652 1366; x_wconf 89' lang='lat' dir='ltr'><strong>latrocinia</strong></span> <span class='ocrx_word' id='word_1_138' title='bbox 690 1310 1168 1379; x_wconf 84' lang='lat' dir='ltr'><strong>pertimescebant,</strong></span> <span class='ocrx_word' id='word_1_139' title='bbox 1192 1317 1246 1363; x_wconf 94' lang='lat' dir='ltr'><strong>et</strong></span> <span class='ocrx_word' id='word_1_140' title='bbox 1275 1312 1510 1364; x_wconf 82' lang='lat' dir='ltr'><strong>maxime</strong></span> <span class='ocrx_word' id='word_1_141' title='bbox 1540 1308 1732 1380; x_wconf 90' lang='lat' dir='ltr'><strong>inopes</strong></span> 
     </span>
    </p>
   </div>
   <div class='ocr_carea' id='block_1_22' title="bbox 75 1403 1730 1476">
    <p class='ocr_par' dir='ltr' id='par_1_22' title="bbox 75 1403 1730 1476">
     <span class='ocr_line' id='line_1_22' title="bbox 75 1403 1730 1476; baseline 0.001 -19"><span class='ocrx_word' id='word_1_142' title='bbox 75 1403 301 1476; x_wconf 87' lang='lat' dir='ltr'><strong>quibus</strong></span> <span class='ocrx_word' id='word_1_143' title='bbox 333 1405 644 1460; x_wconf 80' lang='lat' dir='ltr'><strong>comitatus</strong></span> <span class='ocrx_word' id='word_1_144' title='bbox 675 1405 883 1460; x_wconf 90' lang='lat' dir='ltr'><strong>deerat.</strong></span> <span class='ocrx_word' id='word_1_145' title='bbox 923 1403 1047 1459; x_wconf 87' lang='lat' dir='ltr'><strong>Pari</strong></span> <span class='ocrx_word' id='word_1_146' title='bbox 1096 1403 1278 1475; x_wconf 90' lang='lat' dir='ltr'><strong>itaque</strong></span> <span class='ocrx_word' id='word_1_147' title='bbox 1331 1403 1466 1459; x_wconf 90' lang='lat' dir='ltr'><strong>foris</strong></span> <span class='ocrx_word' id='word_1_148' title='bbox 1495 1413 1550 1461; x_wconf 91' lang='lat' dir='ltr'><strong>et</strong></span> <span class='ocrx_word' id='word_1_149' title='bbox 1581 1403 1730 1459; x_wconf 86' lang='lat' dir='ltr'><strong>domi</strong></span> 
     </span>
    </p>
   </div>
   <div class='ocr_carea' id='block_1_23' title="bbox 77 1498 1732 1571">
    <p class='ocr_par' dir='ltr' id='par_1_23' title="bbox 77 1498 1732 1571">
     <span class='ocr_line' id='line_1_23' title="bbox 77 1498 1732 1571; baseline 0.001 -17"><span class='ocrx_word' id='word_1_150' title='bbox 77 1499 400 1570; x_wconf 86' lang='lat' dir='ltr'><strong>proposito</strong></span> <span class='ocrx_word' id='word_1_151' title='bbox 435 1499 546 1555; x_wconf 83' lang='lat' dir='ltr'><strong>sibi</strong></span> <span class='ocrx_word' id='word_1_152' title='bbox 598 1499 880 1571; x_wconf 90' lang='lat' dir='ltr'><strong>periculo,</strong></span> <span class='ocrx_word' id='word_1_153' title='bbox 923 1498 1210 1570; x_wconf 88' lang='lat' dir='ltr'><strong>utrobique</strong></span> <span class='ocrx_word' id='word_1_154' title='bbox 1257 1499 1585 1570; x_wconf 89' lang='lat' dir='ltr'><strong>pernicioso,</strong></span> <span class='ocrx_word' id='word_1_155' title='bbox 1617 1499 1732 1571; x_wconf 84' lang='lat' dir='ltr'><strong>ple-</strong></span> 
     </span>
    </p>
   </div>
   <div class='ocr_carea' id='block_1_24' title="bbox 79 1591 3438 1667">
    <p class='ocr_par' dir='ltr' id='par_1_24' title="bbox 79 1591 3438 1667">
     <span class='ocr_line' id='line_1_24' title="bbox 79 1591 3438 1667; baseline -0.001 -17"><span class='ocrx_word' id='word_1_156' title='bbox 79 1596 290 1666; x_wconf 86' lang='lat' dir='ltr'><strong>risque</strong></span> <span class='ocrx_word' id='word_1_157' title='bbox 344 1603 543 1651; x_wconf 85' lang='lat' dir='ltr'><strong>tamen</strong></span> <span class='ocrx_word' id='word_1_158' title='bbox 577 1595 731 1665; x_wconf 91' lang='lat' dir='ltr'><strong>patrii</strong></span> <span class='ocrx_word' id='word_1_159' title='bbox 769 1609 866 1666; x_wconf 81' lang='lat' dir='ltr'><strong>Spe</strong></span> <span class='ocrx_word' id='word_1_160' title='bbox 909 1594 1188 1666; x_wconf 88' lang='lat' dir='ltr'><strong>sepulcri,</strong></span> <span class='ocrx_word' id='word_1_161' title='bbox 1219 1610 1364 1652; x_wconf 90' lang='lat' dir='ltr'><strong>mors</strong></span> <span class='ocrx_word' id='word_1_162' title='bbox 1413 1593 1553 1667; x_wconf 90' lang='lat' dir='ltr'><strong>apud</strong></span> <span class='ocrx_word' id='word_1_163' title='bbox 1601 1607 1730 1650; x_wconf 87' lang='lat' dir='ltr'><strong>suos</strong></span> <span class='ocrx_word' id='word_1_164' title='bbox 1833 1592 2169 1649; x_wconf 88' lang='lat' dir='ltr'><strong>concedere:</strong></span> <span class='ocrx_word' id='word_1_165' title='bbox 2194 1591 2248 1647; x_wconf 91' lang='lat' dir='ltr'><strong>in</strong></span> <span class='ocrx_word' id='word_1_166' title='bbox 2280 1607 2388 1662; x_wconf 93' lang='lat' dir='ltr'><strong>quo</strong></span> <span class='ocrx_word' id='word_1_167' title='bbox 2413 1591 2715 1648; x_wconf 89' lang='lat' dir='ltr'><strong>electorum</strong></span> <span class='ocrx_word' id='word_1_168' title='bbox 2749 1591 2887 1662; x_wconf 90' lang='lat' dir='ltr'><strong>pube</strong></span> <span class='ocrx_word' id='word_1_169' title='bbox 2913 1591 3169 1662; x_wconf 75' lang='lat' dir='ltr'><strong>iuvenum</strong></span> <span class='ocrx_word' id='word_1_170' title='bbox 3196 1599 3438 1662; x_wconf 89' lang='lat' dir='ltr'><strong>reperta,</strong></span> 
     </span>
    </p>
   </div>
   <div class='ocr_carea' id='block_1_25' title="bbox 88 1684 3438 1759">
    <p class='ocr_par' dir='ltr' id='par_1_25' title="bbox 88 1684 3438 1759">
     <span class='ocr_line' id='line_1_25' title="bbox 88 1684 3438 1759; baseline -0.002 -13"><span class='ocrx_word' id='word_1_171' title='bbox 88 1689 469 1746; x_wconf 89' lang='lat' dir='ltr'><strong>tolerabilior</strong></span> <span class='ocrx_word' id='word_1_172' title='bbox 499 1689 891 1745; x_wconf 84' lang='lat' dir='ltr'><strong>aestimabatur.</strong></span> <span class='ocrx_word' id='word_1_173' title='bbox 1835 1688 2124 1746; x_wconf 90' lang='lat' dir='ltr'><strong>audaciam</strong></span> <span class='ocrx_word' id='word_1_174' title='bbox 2174 1701 2485 1759; x_wconf 86' lang='lat' dir='ltr'><strong>sumpsere,</strong></span> <span class='ocrx_word' id='word_1_175' title='bbox 2519 1694 2579 1742; x_wconf 89' lang='lat' dir='ltr'><strong>ut</strong></span> <span class='ocrx_word' id='word_1_176' title='bbox 2633 1685 2982 1758; x_wconf 86' lang='lat' dir='ltr'><strong>insurgerent</strong></span> <span class='ocrx_word' id='word_1_177' title='bbox 3034 1686 3088 1740; x_wconf 93' lang='lat' dir='ltr'><strong>in</strong></span> <span class='ocrx_word' id='word_1_178' title='bbox 3135 1684 3438 1742; x_wconf 77' lang='lat' dir='ltr'><strong>Romanos.</strong></span> 
     </span>
    </p>
   </div>
   <div class='ocr_carea' id='block_1_26' title="bbox 727 1779 3440 1852">
    <p class='ocr_par' dir='ltr' id='par_1_26' title="bbox 727 1779 3440 1852">
     <span class='ocr_line' id='line_1_26' title="bbox 727 1779 3440 1852; baseline -0.002 -14"><span class='ocrx_word' id='word_1_179' title='bbox 727 1781 955 1840; x_wconf 86' lang='lat' dir='ltr'><strong>CAPUT</strong></span> <span class='ocrx_word' id='word_1_180' title='bbox 995 1780 1133 1838; x_wconf 82' lang='lat' dir='ltr'><strong>XIII.</strong></span> <span class='ocrx_word' id='word_1_181' title='bbox 1835 1783 1969 1852; x_wconf 63' lang='lat' dir='ltr'><strong>Quin</strong></span> <span class='ocrx_word' id='word_1_182' title='bbox 1998 1799 2088 1840; x_wconf 92' lang='lat' dir='ltr'><strong>res</strong></span> <span class='ocrx_word' id='word_1_183' title='bbox 2119 1783 2226 1839; x_wconf 89' lang='lat' dir='ltr'><strong>illis</strong></span> <span class='ocrx_word' id='word_1_184' title='bbox 2254 1780 2397 1838; x_wconf 91' lang='lat' dir='ltr'><strong>cladi</strong></span> <span class='ocrx_word' id='word_1_185' title='bbox 2450 1779 2572 1836; x_wconf 87' lang='lat' dir='ltr'><strong>fuit.</strong></span> <span class='ocrx_word' id='word_1_186' title='bbox 2603 1779 2736 1836; x_wconf 83' lang='lat' dir='ltr'><strong>Nam</strong></span> <span class='ocrx_word' id='word_1_187' title='bbox 2767 1779 3112 1836; x_wconf 66' lang='lat' dir='ltr'><strong>circumfusis</strong></span> <span class='ocrx_word' id='word_1_188' title='bbox 3141 1780 3440 1850; x_wconf 90' lang='lat' dir='ltr'><strong>equitibus,</strong></span> 
     </span>
    </p>
   </div>
   <div class='ocr_carea' id='block_1_27' title="bbox 172 1874 3442 1948">
    <p class='ocr_par' dir='ltr' id='par_1_27' title="bbox 172 1874 3442 1948">
     <span class='ocr_line' id='line_1_27' title="bbox 172 1874 3442 1948; baseline -0.001 -17"><span class='ocrx_word' id='word_1_189' title='bbox 172 1875 283 1932; x_wconf 89' lang='lat' dir='ltr'><strong>Ubi</strong></span> <span class='ocrx_word' id='word_1_190' title='bbox 320 1887 519 1948; x_wconf 84' lang='lat' dir='ltr'><strong>strage</strong></span> <span class='ocrx_word' id='word_1_191' title='bbox 558 1876 794 1932; x_wconf 85' lang='lat' dir='ltr'><strong>maxima</strong></span> <span class='ocrx_word' id='word_1_192' title='bbox 827 1877 1144 1948; x_wconf 88' lang='lat' dir='ltr'><strong>populorum</strong></span> <span class='ocrx_word' id='word_1_193' title='bbox 1172 1917 1188 1945; x_wconf 96' lang='lat'><strong>,</strong></span> <span class='ocrx_word' id='word_1_194' title='bbox 1222 1885 1400 1932; x_wconf 92' lang='lat' dir='ltr'><strong>metus</strong></span> <span class='ocrx_word' id='word_1_195' title='bbox 1442 1876 1495 1930; x_wconf 90' lang='lat' dir='ltr'><strong>in</strong></span> <span class='ocrx_word' id='word_1_196' title='bbox 1539 1889 1732 1932; x_wconf 90' lang='lat' dir='ltr'><strong>omnes</strong></span> <span class='ocrx_word' id='word_1_197' title='bbox 1761 1881 1809 1945; x_wconf 83' lang='lat' dir='ltr'><strong>B</strong></span> <span class='ocrx_word' id='word_1_198' title='bbox 1836 1894 1867 1934; x_wconf 91' lang='lat' dir='ltr'><strong>a</strong></span> <span class='ocrx_word' id='word_1_199' title='bbox 1895 1878 2016 1934; x_wconf 91' lang='lat' dir='ltr'><strong>vico</strong></span> <span class='ocrx_word' id='word_1_200' title='bbox 2037 1878 2268 1946; x_wconf 77' lang='lat' dir='ltr'><strong>exclusi,</strong></span> <span class='ocrx_word' id='word_1_201' title='bbox 2316 1879 2434 1934; x_wconf 92' lang='lat' dir='ltr'><strong>sine</strong></span> <span class='ocrx_word' id='word_1_202' title='bbox 2464 1876 2576 1934; x_wconf 91' lang='lat' dir='ltr'><strong>ullo</strong></span> <span class='ocrx_word' id='word_1_203' title='bbox 2621 1874 2970 1934; x_wconf 72' lang='lat' dir='ltr'><strong>cmdebantur</strong></span> <span class='ocrx_word' id='word_1_204' title='bbox 3024 1874 3442 1946; x_wconf 90' lang='lat' dir='ltr'><strong>impedimento.</strong></span> 
     </span>
    </p>
   </div>
   <div class='ocr_carea' id='block_1_28' title="bbox 93 1970 1737 2041">
    <p class='ocr_par' dir='ltr' id='par_1_28' title="bbox 93 1970 1737 2041">
     <span class='ocr_line' id='line_1_28' title="bbox 93 1970 1737 2041; baseline 0.001 -16"><span class='ocrx_word' id='word_1_205' title='bbox 93 1985 339 2041; x_wconf 81' lang='lat' dir='ltr'><strong>Sparsus</strong></span> <span class='ocrx_word' id='word_1_206' title='bbox 369 2013 384 2036; x_wconf 93' lang='lat'><strong>,</strong></span> <span class='ocrx_word' id='word_1_207' title='bbox 422 1970 674 2028; x_wconf 88' lang='lat' dir='ltr'><strong>subditos</strong></span> <span class='ocrx_word' id='word_1_208' title='bbox 705 1971 923 2029; x_wconf 90' lang='lat' dir='ltr'><strong>factioni</strong></span> <span class='ocrx_word' id='word_1_209' title='bbox 954 1971 1079 2028; x_wconf 88' lang='lat' dir='ltr'><strong>fecit</strong></span> <span class='ocrx_word' id='word_1_210' title='bbox 1124 1971 1426 2028; x_wconf 89' lang='lat' dir='ltr'><strong>universos.</strong></span> <span class='ocrx_word' id='word_1_211' title='bbox 1457 1970 1574 2027; x_wconf 84' lang='lat' dir='ltr'><strong>Non</strong></span> <span class='ocrx_word' id='word_1_212' title='bbox 1604 1987 1737 2027; x_wconf 80' lang='lat' dir='ltr'><strong>con—</strong></span> 
     </span>
    </p>
   </div>
   <div class='ocr_carea' id='block_1_29' title="bbox 99 2065 1736 2138">
    <p class='ocr_par' dir='ltr' id='par_1_29' title="bbox 99 2065 1736 2138">
     <span class='ocr_line' id='line_1_29' title="bbox 99 2065 1736 2138; baseline 0 -18"><span class='ocrx_word' id='word_1_213' title='bbox 99 2074 301 2122; x_wconf 89' lang='lat' dir='ltr'><strong>tentus</strong></span> <span class='ocrx_word' id='word_1_214' title='bbox 357 2081 714 2123; x_wconf 90' lang='lat' dir='ltr'><strong>communem</strong></span> <span class='ocrx_word' id='word_1_215' title='bbox 753 2082 876 2124; x_wconf 91' lang='lat' dir='ltr'><strong>cum</strong></span> <span class='ocrx_word' id='word_1_216' title='bbox 911 2067 1246 2138; x_wconf 90' lang='lat' dir='ltr'><strong>principibus</strong></span> <span class='ocrx_word' id='word_1_217' title='bbox 1277 2065 1531 2122; x_wconf 88' lang='lat' dir='ltr'><strong>factionis</strong></span> <span class='ocrx_word' id='word_1_218' title='bbox 1579 2080 1736 2121; x_wconf 81' lang='lat' dir='ltr'><strong>exer—</strong></span> 
     </span>
    </p>
   </div>
   <div class='ocr_carea' id='block_1_30' title="bbox 8 2157 1740 2231">
    <p class='ocr_par' dir='ltr' id='par_1_30' title="bbox 8 2157 1740 2231">
     <span class='ocr_line' id='line_1_30' title="bbox 8 2157 1740 2231; baseline -0.002 -13"><span class='ocrx_word' id='word_1_219' title='bbox 8 2187 44 2218; x_wconf 63' lang='grc' dir='ltr'><strong>ε</strong></span> <span class='ocrx_word' id='word_1_220' title='bbox 99 2174 237 2214; x_wconf 90' lang='lat' dir='ltr'><strong>cere</strong></span> <span class='ocrx_word' id='word_1_221' title='bbox 268 2157 528 2215; x_wconf 78' lang='lat' dir='ltr'><strong>Joannes</strong></span> <span class='ocrx_word' id='word_1_222' title='bbox 576 2161 876 2231; x_wconf 89' lang='lat' dir='ltr'><strong>potentiam</strong></span> <span class='ocrx_word' id='word_1_223' title='bbox 901 2201 915 2226; x_wconf 92' lang='lat'><strong>,</strong></span> <span class='ocrx_word' id='word_1_224' title='bbox 949 2158 1292 2229; x_wconf 84' lang='lat' dir='ltr'><strong>tyrannidem</strong></span> <span class='ocrx_word' id='word_1_225' title='bbox 1339 2158 1596 2214; x_wconf 82' lang='lat' dir='ltr'><strong>affectare</strong></span> <span class='ocrx_word' id='word_1_226' title='bbox 1625 2171 1740 2214; x_wconf 68' lang='lat' dir='ltr'><strong>co:-</strong></span> 
     </span>
    </p>
   </div>
   <div class='ocr_carea' id='block_1_31' title="bbox 103 2250 1734 2323">
    <p class='ocr_par' dir='ltr' id='par_1_31' title="bbox 103 2250 1734 2323">
     <span class='ocr_line' id='line_1_31' title="bbox 103 2250 1734 2323; baseline -0.001 -18"><span class='ocrx_word' id='word_1_227' title='bbox 103 2253 186 2323; x_wconf 89' lang='lat' dir='ltr'><strong>pit</strong></span> <span class='ocrx_word' id='word_1_228' title='bbox 217 2260 276 2307; x_wconf 90' lang='lat' dir='ltr'><strong>et</strong></span> <span class='ocrx_word' id='word_1_229' title='bbox 305 2267 509 2322; x_wconf 90' lang='lat' dir='ltr'><strong>parem</strong></span> <span class='ocrx_word' id='word_1_230' title='bbox 538 2251 940 2323; x_wconf 84' lang='lat' dir='ltr'><strong>indignabatur.</strong></span> <span class='ocrx_word' id='word_1_231' title='bbox 975 2251 1269 2308; x_wconf 87' lang='lat' dir='ltr'><strong>Destruere</strong></span> <span class='ocrx_word' id='word_1_232' title='bbox 1297 2251 1479 2322; x_wconf 85' lang='lat' dir='ltr'><strong>itaque</strong></span> <span class='ocrx_word' id='word_1_233' title='bbox 1505 2250 1734 2305; x_wconf 91' lang='lat' dir='ltr'><strong>aliorum</strong></span> 
     </span>
    </p>
   </div>
   <div class='ocr_carea' id='block_1_32' title="bbox 106 2344 1735 2416">
    <p class='ocr_par' dir='ltr' id='par_1_32' title="bbox 106 2344 1735 2416">
     <span class='ocr_line' id='line_1_32' title="bbox 106 2344 1735 2416; baseline -0.001 -16"><span class='ocrx_word' id='word_1_234' title='bbox 106 2353 324 2400; x_wconf 85' lang='lat' dir='ltr'><strong>statuta</strong></span> <span class='ocrx_word' id='word_1_235' title='bbox 355 2344 537 2400; x_wconf 88' lang='lat' dir='ltr'><strong>:niltil</strong></span> <span class='ocrx_word' id='word_1_236' title='bbox 559 2347 660 2400; x_wconf 83' lang='lat' dir='ltr'><strong>nisi</strong></span> <span class='ocrx_word' id='word_1_237' title='bbox 689 2345 1057 2416; x_wconf 91' lang='lat' dir='ltr'><strong>quodlibitum</strong></span> <span class='ocrx_word' id='word_1_238' title='bbox 1090 2344 1260 2413; x_wconf 91' lang='lat' dir='ltr'><strong>foret,</strong></span> <span class='ocrx_word' id='word_1_239' title='bbox 1291 2354 1464 2400; x_wconf 92' lang='lat' dir='ltr'><strong>ratum</strong></span> <span class='ocrx_word' id='word_1_240' title='bbox 1495 2344 1735 2400; x_wconf 90' lang='lat' dir='ltr'><strong>habere:</strong></span> 
     </span>
    </p>
   </div>
   <div class='ocr_carea' id='block_1_33' title="bbox 107 2436 1743 2511">
    <p class='ocr_par' dir='ltr' id='par_1_33' title="bbox 107 2436 1743 2511">
     <span class='ocr_line' id='line_1_33' title="bbox 107 2436 1743 2511; baseline 0 -17"><span class='ocrx_word' id='word_1_241' title='bbox 107 2439 508 2511; x_wconf 88' lang='lat' dir='ltr'><strong>paulatimque</strong></span> <span class='ocrx_word' id='word_1_242' title='bbox 539 2441 639 2495; x_wconf 91' lang='lat' dir='ltr'><strong>sibi</strong></span> <span class='ocrx_word' id='word_1_243' title='bbox 686 2439 993 2496; x_wconf 91' lang='lat' dir='ltr'><strong>adsciscere</strong></span> <span class='ocrx_word' id='word_1_244' title='bbox 1040 2441 1374 2511; x_wconf 89' lang='lat' dir='ltr'><strong>stipatores:</strong></span> <span class='ocrx_word' id='word_1_245' title='bbox 1406 2438 1598 2495; x_wconf 85' lang='lat' dir='ltr'><strong>artifex</strong></span> <span class='ocrx_word' id='word_1_246' title='bbox 1643 2436 1743 2494; x_wconf 88' lang='lat' dir='ltr'><strong>do-</strong></span> 
     </span>
    </p>
   </div>
   <div class='ocr_carea' id='block_1_34' title="bbox 110 2534 1741 2606">
    <p class='ocr_par' dir='ltr' id='par_1_34' title="bbox 110 2534 1741 2606">
     <span class='ocr_line' id='line_1_34' title="bbox 110 2534 1741 2606; baseline 0.001 -18"><span class='ocrx_word' id='word_1_247' title='bbox 110 2534 165 2588; x_wconf 86' lang='lat' dir='ltr'><strong>lo</strong></span> <span class='ocrx_word' id='word_1_248' title='bbox 191 2575 208 2600; x_wconf 92' lang='lat'><strong>,</strong></span> <span class='ocrx_word' id='word_1_249' title='bbox 258 2549 407 2605; x_wconf 93' lang='lat' dir='ltr'><strong>quos</strong></span> <span class='ocrx_word' id='word_1_250' title='bbox 446 2535 651 2601; x_wconf 89' lang='lat' dir='ltr'><strong>vellet,</strong></span> <span class='ocrx_word' id='word_1_251' title='bbox 692 2544 748 2591; x_wconf 90' lang='lat' dir='ltr'><strong>et</strong></span> <span class='ocrx_word' id='word_1_252' title='bbox 795 2535 985 2590; x_wconf 81' lang='lat' dir='ltr'><strong>fraude</strong></span> <span class='ocrx_word' id='word_1_253' title='bbox 1028 2536 1460 2602; x_wconf 90' lang='lat' dir='ltr'><strong>circumvenire,</strong></span> <span class='ocrx_word' id='word_1_254' title='bbox 1501 2535 1741 2606; x_wconf 88' lang='lat' dir='ltr'><strong>obligare</strong></span> 
     </span>
    </p>
   </div>
   <div class='ocr_carea' id='block_1_35' title="bbox 114 2627 1742 2700">
    <p class='ocr_par' dir='ltr' id='par_1_35' title="bbox 114 2627 1742 2700">
     <span class='ocr_line' id='line_1_35' title="bbox 114 2627 1742 2700; baseline 0 -18"><span class='ocrx_word' id='word_1_255' title='bbox 114 2628 358 2698; x_wconf 88' lang='lat' dir='ltr'><strong>pecunia</strong></span> <span class='ocrx_word' id='word_1_256' title='bbox 382 2669 398 2691; x_wconf 88' lang='lat'><strong>,</strong></span> <span class='ocrx_word' id='word_1_257' title='bbox 432 2635 648 2683; x_wconf 88' lang='lat' dir='ltr'><strong>terrere</strong></span> <span class='ocrx_word' id='word_1_258' title='bbox 679 2629 917 2699; x_wconf 89' lang='lat' dir='ltr'><strong>potentia</strong></span> <span class='ocrx_word' id='word_1_259' title='bbox 944 2670 959 2697; x_wconf 98' lang='lat'><strong>,</strong></span> <span class='ocrx_word' id='word_1_260' title='bbox 991 2627 1188 2700; x_wconf 87' lang='lat' dir='ltr'><strong>quibus</strong></span> <span class='ocrx_word' id='word_1_261' title='bbox 1227 2628 1438 2684; x_wconf 91' lang='lat' dir='ltr'><strong>artibus</strong></span> <span class='ocrx_word' id='word_1_262' title='bbox 1477 2627 1742 2698; x_wconf 90' lang='lat' dir='ltr'><strong>plurimos</strong></span> 
     </span>
    </p>
   </div>
   <div class='ocr_carea' id='block_1_36' title="bbox 114 2718 1742 2793">
    <p class='ocr_par' dir='ltr' id='par_1_36' title="bbox 114 2718 1742 2793">
     <span class='ocr_line' id='line_1_36' title="bbox 114 2718 1742 2793; baseline 0.001 -21"><span class='ocrx_word' id='word_1_263' title='bbox 114 2718 219 2773; x_wconf 89' lang='lat' dir='ltr'><strong>sibi</strong></span> <span class='ocrx_word' id='word_1_264' title='bbox 260 2719 667 2775; x_wconf 88' lang='lat' dir='ltr'><strong>associaverat.</strong></span> <span class='ocrx_word' id='word_1_265' title='bbox 715 2720 923 2776; x_wconf 83' lang='lat' dir='ltr'><strong>Rursus</strong></span> <span class='ocrx_word' id='word_1_266' title='bbox 974 2737 1080 2776; x_wconf 90' lang='lat' dir='ltr'><strong>non</strong></span> <span class='ocrx_word' id='word_1_267' title='bbox 1111 2721 1374 2787; x_wconf 89' lang='lat' dir='ltr'><strong>deerant,</strong></span> <span class='ocrx_word' id='word_1_268' title='bbox 1407 2720 1500 2793; x_wconf 90' lang='lat' dir='ltr'><strong>qui</strong></span> <span class='ocrx_word' id='word_1_269' title='bbox 1530 2720 1611 2776; x_wconf 89' lang='lat' dir='ltr'><strong>vel</strong></span> <span class='ocrx_word' id='word_1_270' title='bbox 1646 2734 1742 2790; x_wconf 85' lang='lat' dir='ltr'><strong>pe-</strong></span> 
     </span>
    </p>
   </div>
   <div class='ocr_carea' id='block_1_37' title="bbox 117 2811 1744 2884">
    <p class='ocr_par' dir='ltr' id='par_1_37' title="bbox 117 2811 1744 2884">
     <span class='ocr_line' id='line_1_37' title="bbox 117 2811 1744 2884; baseline 0 -17"><span class='ocrx_word' id='word_1_271' title='bbox 117 2811 366 2868; x_wconf 89' lang='lat' dir='ltr'><strong>riculoso</strong></span> <span class='ocrx_word' id='word_1_272' title='bbox 417 2812 607 2868; x_wconf 91' lang='lat' dir='ltr'><strong>studio</strong></span> <span class='ocrx_word' id='word_1_273' title='bbox 653 2812 938 2869; x_wconf 84' lang='lat' dir='ltr'><strong>servilium</strong></span> <span class='ocrx_word' id='word_1_274' title='bbox 978 2813 1392 2875; x_wconf 82' lang='lat' dir='ltr'><strong>detrectarent.</strong></span> <span class='ocrx_word' id='word_1_275' title='bbox 1424 2829 1549 2870; x_wconf 92' lang='lat' dir='ltr'><strong>eum</strong></span> <span class='ocrx_word' id='word_1_276' title='bbox 1597 2827 1744 2884; x_wconf 79' lang='lat' dir='ltr'><strong>pra:-</strong></span> 
     </span>
    </p>
   </div>
   <div class='ocr_carea' id='block_1_38' title="bbox 119 2905 1745 2976">
    <p class='ocr_par' dir='ltr' id='par_1_38' title="bbox 119 2905 1745 2976">
     <span class='ocr_line' id='line_1_38' title="bbox 119 2905 1745 2976; baseline 0.001 -15"><span class='ocrx_word' id='word_1_277' title='bbox 119 2906 314 2961; x_wconf 87' lang='lat' dir='ltr'><strong>sertim</strong></span> <span class='ocrx_word' id='word_1_278' title='bbox 344 2905 720 2963; x_wconf 89' lang='lat' dir='ltr'><strong>dominationi</strong></span> <span class='ocrx_word' id='word_1_279' title='bbox 750 2907 990 2976; x_wconf 90' lang='lat' dir='ltr'><strong>assueti,</strong></span> <span class='ocrx_word' id='word_1_280' title='bbox 1023 2907 1257 2965; x_wconf 88' lang='lat' dir='ltr'><strong>tolerare</strong></span> <span class='ocrx_word' id='word_1_281' title='bbox 1299 2908 1618 2964; x_wconf 86' lang='lat' dir='ltr'><strong>servitutem</strong></span> <span class='ocrx_word' id='word_1_282' title='bbox 1649 2921 1745 2963; x_wconf 86' lang='lat' dir='ltr'><strong>ne-</strong></span> 
     </span>
    </p>
   </div>
   <div class='ocr_carea' id='block_1_39' title="bbox 120 2999 1743 3072">
    <p class='ocr_par' dir='ltr' id='par_1_39' title="bbox 120 2999 1743 3072">
     <span class='ocr_line' id='line_1_39' title="bbox 120 2999 1743 3072; baseline 0 -19"><span class='ocrx_word' id='word_1_283' title='bbox 120 2999 372 3066; x_wconf 86' lang='lat' dir='ltr'><strong>quirent.</strong></span> <span class='ocrx_word' id='word_1_284' title='bbox 405 2999 790 3056; x_wconf 89' lang='lat' dir='ltr'><strong>Decernebant</strong></span> <span class='ocrx_word' id='word_1_285' title='bbox 816 3001 1000 3072; x_wconf 87' lang='lat' dir='ltr'><strong>itaque</strong></span> <span class='ocrx_word' id='word_1_286' title='bbox 1034 3000 1086 3056; x_wconf 93' lang='lat' dir='ltr'><strong>in</strong></span> <span class='ocrx_word' id='word_1_287' title='bbox 1128 3016 1232 3055; x_wconf 89' lang='lat' dir='ltr'><strong>una</strong></span> <span class='ocrx_word' id='word_1_288' title='bbox 1262 3000 1394 3056; x_wconf 88' lang='lat' dir='ltr'><strong>urbe</strong></span> <span class='ocrx_word' id='word_1_289' title='bbox 1420 3000 1518 3054; x_wconf 86' lang='lat' dir='ltr'><strong>tria</strong></span> <span class='ocrx_word' id='word_1_290' title='bbox 1545 3013 1743 3071; x_wconf 92' lang='lat' dir='ltr'><strong>genera</strong></span> 
     </span>
    </p>
   </div>
   <div class='ocr_carea' id='block_1_40' title="bbox 123 3094 1746 3168">
    <p class='ocr_par' dir='ltr' id='par_1_40' title="bbox 123 3094 1746 3168">
     <span class='ocr_line' id='line_1_40' title="bbox 123 3094 1746 3168; baseline -0.002 -16"><span class='ocrx_word' id='word_1_291' title='bbox 123 3096 441 3152; x_wconf 84' lang='lat' dir='ltr'><strong>exitialium</strong></span> <span class='ocrx_word' id='word_1_292' title='bbox 491 3097 858 3153; x_wconf 92' lang='lat' dir='ltr'><strong>calamitatum</strong></span> <span class='ocrx_word' id='word_1_293' title='bbox 889 3112 904 3151; x_wconf 94' lang='lat'><strong>:</strong></span> <span class='ocrx_word' id='word_1_294' title='bbox 935 3095 1250 3168; x_wconf 86' lang='lat' dir='ltr'><strong>tyrannides</strong></span> <span class='ocrx_word' id='word_1_295' title='bbox 1275 3139 1290 3164; x_wconf 91' lang='lat'><strong>,</strong></span> <span class='ocrx_word' id='word_1_296' title='bbox 1321 3096 1547 3159; x_wconf 89' lang='lat' dir='ltr'><strong>bellum,</strong></span> <span class='ocrx_word' id='word_1_297' title='bbox 1597 3094 1746 3150; x_wconf 88' lang='lat' dir='ltr'><strong>sedi-</strong></span> 
     </span>
    </p>
   </div>
   <div class='ocr_carea' id='block_1_41' title="bbox 125 3187 1746 3264">
    <p class='ocr_par' dir='ltr' id='par_1_41' title="bbox 125 3187 1746 3264">
     <span class='ocr_line' id='line_1_41' title="bbox 125 3187 1746 3264; baseline -0.003 -18"><span class='ocrx_word' id='word_1_298' title='bbox 125 3191 242 3246; x_wconf 86' lang='lat' dir='ltr'><strong>tio:</strong></span> <span class='ocrx_word' id='word_1_299' title='bbox 275 3207 520 3263; x_wconf 88' lang='lat' dir='ltr'><strong>quarum</strong></span> <span class='ocrx_word' id='word_1_300' title='bbox 562 3205 899 3264; x_wconf 74' lang='lat' dir='ltr'><strong>unaqumque</strong></span> <span class='ocrx_word' id='word_1_301' title='bbox 941 3207 1049 3246; x_wconf 87' lang='lat' dir='ltr'><strong>non</strong></span> <span class='ocrx_word' id='word_1_302' title='bbox 1099 3206 1296 3256; x_wconf 90' lang='lat' dir='ltr'><strong>unam,</strong></span> <span class='ocrx_word' id='word_1_303' title='bbox 1344 3189 1439 3245; x_wconf 92' lang='lat' dir='ltr'><strong>sed</strong></span> <span class='ocrx_word' id='word_1_304' title='bbox 1485 3187 1746 3258; x_wconf 82' lang='lat' dir='ltr'><strong>plurimas</strong></span> 
     </span>
    </p>
   </div>
   <div class='ocr_carea' id='block_1_42' title="bbox 1838 1967 3444 2040">
    <p class='ocr_par' dir='ltr' id='par_1_42' title="bbox 1838 1967 3444 2040">
     <span class='ocr_line' id='line_1_42' title="bbox 1838 1967 3444 2040; baseline -0.001 -13"><span class='ocrx_word' id='word_1_305' title='bbox 1838 1971 1906 2028; x_wconf 87' lang='lat' dir='ltr'><strong>Et</strong></span> <span class='ocrx_word' id='word_1_306' title='bbox 1935 1970 2065 2026; x_wconf 92' lang='lat' dir='ltr'><strong>dum</strong></span> <span class='ocrx_word' id='word_1_307' title='bbox 2119 1972 2210 2027; x_wconf 91' lang='lat' dir='ltr'><strong>alii</strong></span> <span class='ocrx_word' id='word_1_308' title='bbox 2244 1971 2474 2027; x_wconf 77' lang='lat' dir='ltr'><strong>conferti</strong></span> <span class='ocrx_word' id='word_1_309' title='bbox 2529 1985 2655 2028; x_wconf 89' lang='lat' dir='ltr'><strong>sese</strong></span> <span class='ocrx_word' id='word_1_310' title='bbox 2711 1970 3042 2040; x_wconf 89' lang='lat' dir='ltr'><strong>reciperent,</strong></span> <span class='ocrx_word' id='word_1_311' title='bbox 3085 1976 3212 2024; x_wconf 90' lang='lat' dir='ltr'><strong>ante</strong></span> <span class='ocrx_word' id='word_1_312' title='bbox 3255 1967 3444 2026; x_wconf 83' lang='lat' dir='ltr'><strong>limina</strong></span> 
     </span>
    </p>
   </div>
   <div class='ocr_carea' id='block_1_43' title="bbox 1838 2062 3443 2140">
    <p class='ocr_par' dir='ltr' id='par_1_43' title="bbox 1838 2062 3443 2140">
     <span class='ocr_line' id='line_1_43' title="bbox 1838 2062 3443 2140; baseline -0.003 -17"><span class='ocrx_word' id='word_1_313' title='bbox 1838 2078 2119 2140; x_wconf 88' lang='lat' dir='ltr'><strong>portarum</strong></span> <span class='ocrx_word' id='word_1_314' title='bbox 2146 2067 2579 2124; x_wconf 86' lang='lat' dir='ltr'><strong>trucidabantur.</strong></span> <span class='ocrx_word' id='word_1_315' title='bbox 2612 2067 2891 2124; x_wconf 64' lang='lat' dir='ltr'><strong>(laesorum</strong></span> <span class='ocrx_word' id='word_1_316' title='bbox 2914 2064 3273 2123; x_wconf 89' lang='lat' dir='ltr'><strong>cadaveribus</strong></span> <span class='ocrx_word' id='word_1_317' title='bbox 3299 2062 3326 2103; x_wconf 72' lang='grc' dir='ltr'><strong>ι’</strong></span> <span class='ocrx_word' id='word_1_318' title='bbox 3348 2079 3443 2135; x_wconf 89' lang='lat' dir='ltr'><strong>ag-</strong></span> 
     </span>
    </p>
   </div>
   <div class='ocr_carea' id='block_1_44' title="bbox 1837 2157 3442 2232">
    <p class='ocr_par' dir='ltr' id='par_1_44' title="bbox 1837 2157 3442 2232">
     <span class='ocr_line' id='line_1_44' title="bbox 1837 2157 3442 2232; baseline -0.002 -17"><span class='ocrx_word' id='word_1_319' title='bbox 1837 2171 2060 2232; x_wconf 84' lang='lat' dir='ltr'><strong>gregata</strong></span> <span class='ocrx_word' id='word_1_320' title='bbox 2119 2159 2293 2216; x_wconf 88' lang='lat' dir='ltr'><strong>moles</strong></span> <span class='ocrx_word' id='word_1_321' title='bbox 2343 2161 2726 2231; x_wconf 85' lang='lat' dir='ltr'><strong>adaequaverat</strong></span> <span class='ocrx_word' id='word_1_322' title='bbox 2769 2175 3048 2216; x_wconf 90' lang='lat' dir='ltr'><strong>murorum</strong></span> <span class='ocrx_word' id='word_1_323' title='bbox 3077 2157 3442 2215; x_wconf 84' lang='lat' dir='ltr'><strong>altitudinem.</strong></span> 
     </span>
    </p>
   </div>
   <div class='ocr_carea' id='block_1_45' title="bbox 1841 2252 3451 2326">
    <p class='ocr_par' dir='ltr' id='par_1_45' title="bbox 1841 2252 3451 2326">
     <span class='ocr_line' id='line_1_45' title="bbox 1841 2252 3451 2326; baseline -0.001 -16"><span class='ocrx_word' id='word_1_324' title='bbox 1841 2255 2073 2310; x_wconf 79' lang='lat' dir='ltr'><strong>Romani</strong></span> <span class='ocrx_word' id='word_1_325' title='bbox 2098 2255 2237 2311; x_wconf 91' lang='lat' dir='ltr'><strong>alios</strong></span> <span class='ocrx_word' id='word_1_326' title='bbox 2257 2254 2469 2326; x_wconf 88' lang='lat' dir='ltr'><strong>sagittis</strong></span> <span class='ocrx_word' id='word_1_327' title='bbox 2493 2254 2753 2324; x_wconf 88' lang='lat' dir='ltr'><strong>figebant,</strong></span> <span class='ocrx_word' id='word_1_328' title='bbox 2769 2254 2906 2309; x_wconf 90' lang='lat' dir='ltr'><strong>alios</strong></span> <span class='ocrx_word' id='word_1_329' title='bbox 2926 2253 3242 2310; x_wconf 86' lang='lat' dir='ltr'><strong>sauciabant</strong></span> <span class='ocrx_word' id='word_1_330' title='bbox 3267 2252 3451 2308; x_wconf 87' lang='lat' dir='ltr'><strong>diver-</strong></span> 
     </span>
    </p>
   </div>
   <div class='ocr_carea' id='block_1_46' title="bbox 1839 2348 3444 2420">
    <p class='ocr_par' dir='ltr' id='par_1_46' title="bbox 1839 2348 3444 2420">
     <span class='ocr_line' id='line_1_46' title="bbox 1839 2348 3444 2420; baseline -0.002 -15"><span class='ocrx_word' id='word_1_331' title='bbox 1839 2350 1918 2405; x_wconf 92' lang='lat' dir='ltr'><strong>sis</strong></span> <span class='ocrx_word' id='word_1_332' title='bbox 1947 2348 2354 2405; x_wconf 84' lang='lat' dir='ltr'><strong>missilibus:ad</strong></span> <span class='ocrx_word' id='word_1_333' title='bbox 2375 2359 2710 2420; x_wconf 90' lang='lat' dir='ltr'><strong>postremum</strong></span> <span class='ocrx_word' id='word_1_334' title='bbox 2733 2348 3014 2404; x_wconf 91' lang='lat' dir='ltr'><strong>castellum</strong></span> <span class='ocrx_word' id='word_1_335' title='bbox 3041 2362 3444 2419; x_wconf 88' lang='lat' dir='ltr'><strong>expugnavere,</strong></span> 
     </span>
    </p>
   </div>
   <div class='ocr_carea' id='block_1_47' title="bbox 1842 2438 3446 2513">
    <p class='ocr_par' dir='ltr' id='par_1_47' title="bbox 1842 2438 3446 2513">
     <span class='ocr_line' id='line_1_47' title="bbox 1842 2438 3446 2513; baseline -0.002 -16"><span class='ocrx_word' id='word_1_336' title='bbox 1842 2442 2026 2513; x_wconf 87' lang='lat' dir='ltr'><strong>ibique</strong></span> <span class='ocrx_word' id='word_1_337' title='bbox 2054 2457 2266 2508; x_wconf 92' lang='lat' dir='ltr'><strong>omnes,</strong></span> <span class='ocrx_word' id='word_1_338' title='bbox 2315 2441 2421 2496; x_wconf 90' lang='lat' dir='ltr'><strong>nisi</strong></span> <span class='ocrx_word' id='word_1_339' title='bbox 2451 2441 2649 2513; x_wconf 87' lang='lat' dir='ltr'><strong>quibus</strong></span> <span class='ocrx_word' id='word_1_340' title='bbox 2678 2439 2926 2498; x_wconf 90' lang='lat' dir='ltr'><strong>elabendi</strong></span> <span class='ocrx_word' id='word_1_341' title='bbox 2956 2439 3186 2496; x_wconf 86' lang='lat' dir='ltr'><strong>facultas</strong></span> <span class='ocrx_word' id='word_1_342' title='bbox 3206 2438 3327 2504; x_wconf 87' lang='lat' dir='ltr'><strong>fuit,</strong></span> <span class='ocrx_word' id='word_1_343' title='bbox 3361 2440 3446 2494; x_wconf 92' lang='lat' dir='ltr'><strong>in-</strong></span> 
     </span>
    </p>
   </div>
   <div class='ocr_carea' id='block_1_48' title="bbox 1843 2533 3444 2607">
    <p class='ocr_par' dir='ltr' id='par_1_48' title="bbox 1843 2533 3444 2607">
     <span class='ocr_line' id='line_1_48' title="bbox 1843 2533 3444 2607; baseline 0.001 -17"><span class='ocrx_word' id='word_1_344' title='bbox 1843 2535 2078 2591; x_wconf 90' lang='lat' dir='ltr'><strong>terfecti.</strong></span> <span class='ocrx_word' id='word_1_345' title='bbox 2109 2535 2210 2590; x_wconf 90' lang='lat' dir='ltr'><strong>Alii</strong></span> <span class='ocrx_word' id='word_1_346' title='bbox 2255 2537 2558 2607; x_wconf 86' lang='lat' dir='ltr'><strong>fugientes,</strong></span> <span class='ocrx_word' id='word_1_347' title='bbox 2611 2536 2886 2606; x_wconf 87' lang='lat' dir='ltr'><strong>ingentem</strong></span> <span class='ocrx_word' id='word_1_348' title='bbox 2937 2533 3136 2589; x_wconf 90' lang='lat' dir='ltr'><strong>famam</strong></span> <span class='ocrx_word' id='word_1_349' title='bbox 3180 2533 3444 2591; x_wconf 68' lang='lat' dir='ltr'><strong>Romana“:</strong></span> 
     </span>
    </p>
   </div>
   <div class='ocr_carea' id='block_1_49' title="bbox 1844 2629 3443 2700">
    <p class='ocr_par' dir='ltr' id='par_1_49' title="bbox 1844 2629 3443 2700">
     <span class='ocr_line' id='line_1_49' title="bbox 1844 2629 3443 2700; baseline 0.001 -16"><span class='ocrx_word' id='word_1_350' title='bbox 1844 2629 2061 2685; x_wconf 90' lang='lat' dir='ltr'><strong>virtutis</strong></span> <span class='ocrx_word' id='word_1_351' title='bbox 2109 2629 2224 2685; x_wconf 90' lang='lat' dir='ltr'><strong>suis</strong></span> <span class='ocrx_word' id='word_1_352' title='bbox 2267 2629 2614 2686; x_wconf 88' lang='lat' dir='ltr'><strong>sermonibus</strong></span> <span class='ocrx_word' id='word_1_353' title='bbox 2641 2629 3067 2700; x_wconf 86' lang='lat' dir='ltr'><strong>exaggerabant,</strong></span> <span class='ocrx_word' id='word_1_354' title='bbox 3101 2630 3308 2700; x_wconf 89' lang='lat' dir='ltr'><strong>majora</strong></span> <span class='ocrx_word' id='word_1_355' title='bbox 3336 2629 3443 2685; x_wconf 90' lang='lat' dir='ltr'><strong>sibi</strong></span> 
     </span>
    </p>
   </div>
   <div class='ocr_carea' id='block_1_50' title="bbox 1844 2723 3443 2796">
    <p class='ocr_par' dir='ltr' id='par_1_50' title="bbox 1844 2723 3443 2796">
     <span class='ocr_line' id='line_1_50' title="bbox 1844 2723 3443 2796; baseline -0.001 -17"><span class='ocrx_word' id='word_1_356' title='bbox 1844 2740 2008 2796; x_wconf 90' lang='lat' dir='ltr'><strong>quam</strong></span> <span class='ocrx_word' id='word_1_357' title='bbox 2039 2723 2323 2780; x_wconf 91' lang='lat' dir='ltr'><strong>hominum</strong></span> <span class='ocrx_word' id='word_1_358' title='bbox 2355 2725 2470 2779; x_wconf 88' lang='lat' dir='ltr'><strong>visa</strong></span> <span class='ocrx_word' id='word_1_359' title='bbox 2498 2739 2752 2795; x_wconf 92' lang='lat' dir='ltr'><strong>corpora,</strong></span> <span class='ocrx_word' id='word_1_360' title='bbox 2785 2723 2989 2780; x_wconf 91' lang='lat' dir='ltr'><strong>nullam</strong></span> <span class='ocrx_word' id='word_1_361' title='bbox 3014 2723 3304 2780; x_wconf 91' lang='lat' dir='ltr'><strong>resistendi</strong></span> <span class='ocrx_word' id='word_1_362' title='bbox 3322 2724 3443 2779; x_wconf 89' lang='lat' dir='ltr'><strong>cui-</strong></span> 
     </span>
    </p>
   </div>
   <div class='ocr_carea' id='block_1_51' title="bbox 1845 2815 3450 2888">
    <p class='ocr_par' dir='ltr' id='par_1_51' title="bbox 1845 2815 3450 2888">
     <span class='ocr_line' id='line_1_51' title="bbox 1845 2815 3450 2888; baseline 0.001 -17"><span class='ocrx_word' id='word_1_363' title='bbox 1845 2833 2008 2888; x_wconf 90' lang='lat' dir='ltr'><strong>quam</strong></span> <span class='ocrx_word' id='word_1_364' title='bbox 2035 2817 2322 2873; x_wconf 88' lang='lat' dir='ltr'><strong>adversum</strong></span> <span class='ocrx_word' id='word_1_365' title='bbox 2371 2815 2603 2872; x_wconf 92' lang='lat' dir='ltr'><strong>invictos</strong></span> <span class='ocrx_word' id='word_1_366' title='bbox 2650 2815 2926 2872; x_wconf 85' lang='lat' dir='ltr'><strong>fiduciam.</strong></span> <span class='ocrx_word' id='word_1_367' title='bbox 2984 2815 3138 2873; x_wconf 91' lang='lat' dir='ltr'><strong>Unde</strong></span> <span class='ocrx_word' id='word_1_368' title='bbox 3169 2815 3450 2888; x_wconf 87' lang='lat' dir='ltr'><strong>perterriti</strong></span> 
     </span>
    </p>
   </div>
   <div class='ocr_carea' id='block_1_52' title="bbox 1847 2910 3440 2984">
    <p class='ocr_par' dir='ltr' id='par_1_52' title="bbox 1847 2910 3440 2984">
     <span class='ocr_line' id='line_1_52' title="bbox 1847 2910 3440 2984; baseline -0.002 -15"><span class='ocrx_word' id='word_1_369' title='bbox 1847 2927 2062 2980; x_wconf 89' lang='lat' dir='ltr'><strong>omnes,</strong></span> <span class='ocrx_word' id='word_1_370' title='bbox 2097 2912 2286 2984; x_wconf 89' lang='lat' dir='ltr'><strong>fugere</strong></span> <span class='ocrx_word' id='word_1_371' title='bbox 2310 2913 2458 2969; x_wconf 90' lang='lat' dir='ltr'><strong>illico</strong></span> <span class='ocrx_word' id='word_1_372' title='bbox 2486 2930 2501 2980; x_wconf 90' lang='lat'><strong>;</strong></span> <span class='ocrx_word' id='word_1_373' title='bbox 2537 2926 2640 2968; x_wconf 89' lang='lat' dir='ltr'><strong>nec</strong></span> <span class='ocrx_word' id='word_1_374' title='bbox 2691 2911 2868 2968; x_wconf 92' lang='lat' dir='ltr'><strong>solum</strong></span> <span class='ocrx_word' id='word_1_375' title='bbox 2897 2911 3074 2968; x_wconf 89' lang='lat' dir='ltr'><strong>vicina</strong></span> <span class='ocrx_word' id='word_1_376' title='bbox 3102 2919 3158 2967; x_wconf 90' lang='lat' dir='ltr'><strong>et</strong></span> <span class='ocrx_word' id='word_1_377' title='bbox 3189 2910 3440 2980; x_wconf 86' lang='lat' dir='ltr'><strong>finitima,</strong></span> 
     </span>
    </p>
   </div>
   <div class='ocr_carea' id='block_1_53' title="bbox 1847 3004 3446 3078">
    <p class='ocr_par' dir='ltr' id='par_1_53' title="bbox 1847 3004 3446 3078">
     <span class='ocr_line' id='line_1_53' title="bbox 1847 3004 3446 3078; baseline -0.003 -14"><span class='ocrx_word' id='word_1_378' title='bbox 1847 3009 1942 3064; x_wconf 90' lang='lat' dir='ltr'><strong>sed</strong></span> <span class='ocrx_word' id='word_1_379' title='bbox 1968 3008 2135 3064; x_wconf 91' lang='lat' dir='ltr'><strong>etiam</strong></span> <span class='ocrx_word' id='word_1_380' title='bbox 2165 3007 2386 3064; x_wconf 86' lang='lat' dir='ltr'><strong>Ilierico</strong></span> <span class='ocrx_word' id='word_1_381' title='bbox 2428 3007 2582 3074; x_wconf 89' lang='lat' dir='ltr'><strong>urbs,</strong></span> <span class='ocrx_word' id='word_1_382' title='bbox 2610 3022 2735 3078; x_wconf 61' lang='lat' dir='ltr'><strong>quae</strong></span> <span class='ocrx_word' id='word_1_383' title='bbox 2791 3015 3012 3077; x_wconf 65' lang='lat' dir='ltr'><strong>promer</strong></span> <span class='ocrx_word' id='word_1_384' title='bbox 3043 3005 3237 3062; x_wconf 64' lang='lat' dir='ltr'><strong>incolae</strong></span> <span class='ocrx_word' id='word_1_385' title='bbox 3259 3004 3446 3060; x_wconf 78' lang='lat' dir='ltr'><strong>multi-</strong></span> 
     </span>
    </p>
   </div>
   <div class='ocr_carea' id='block_1_54' title="bbox 1848 3099 3456 3174">
    <p class='ocr_par' dir='ltr' id='par_1_54' title="bbox 1848 3099 3456 3174">
     <span class='ocr_line' id='line_1_54' title="bbox 1848 3099 3456 3174; baseline -0.001 -16"><span class='ocrx_word' id='word_1_386' title='bbox 1848 3103 2052 3158; x_wconf 89' lang='lat' dir='ltr'><strong>tudinis</strong></span> <span class='ocrx_word' id='word_1_387' title='bbox 2073 3106 2286 3174; x_wconf 86' lang='lat' dir='ltr'><strong>agmina</strong></span> <span class='ocrx_word' id='word_1_388' title='bbox 2319 3115 2470 3174; x_wconf 91' lang='lat' dir='ltr'><strong>spem</strong></span> <span class='ocrx_word' id='word_1_389' title='bbox 2523 3110 2846 3157; x_wconf 65' lang='lat' dir='ltr'><strong>cancrorum</strong></span> <span class='ocrx_word' id='word_1_390' title='bbox 2895 3099 3150 3169; x_wconf 88' lang='lat' dir='ltr'><strong>fovebat,</strong></span> <span class='ocrx_word' id='word_1_391' title='bbox 3183 3099 3456 3171; x_wconf 85' lang='lat' dir='ltr'><strong>relinque-</strong></span> 
     </span>
    </p>
   </div>
   <div class='ocr_carea' id='block_1_55' title="bbox 1850 3191 3452 3263">
    <p class='ocr_par' dir='ltr' id='par_1_55' title="bbox 1850 3191 3452 3263">
     <span class='ocr_line' id='line_1_55' title="bbox 1850 3191 3452 3263; baseline -0.001 -11"><span class='ocrx_word' id='word_1_392' title='bbox 1850 3195 2029 3252; x_wconf 90' lang='lat' dir='ltr'><strong>batur.</strong></span> <span class='ocrx_word' id='word_1_393' title='bbox 2059 3195 2335 3263; x_wconf 78' lang='lat' dir='ltr'><strong>Placidus,</strong></span> <span class='ocrx_word' id='word_1_394' title='bbox 2364 3195 2526 3252; x_wconf 89' lang='lat' dir='ltr'><strong>rebus</strong></span> <span class='ocrx_word' id='word_1_395' title='bbox 2577 3209 2644 3250; x_wconf 90' lang='lat' dir='ltr'><strong>ex</strong></span> <span class='ocrx_word' id='word_1_396' title='bbox 2690 3193 2959 3250; x_wconf 89' lang='lat' dir='ltr'><strong>sententia</strong></span> <span class='ocrx_word' id='word_1_397' title='bbox 2990 3191 3302 3259; x_wconf 85' lang='lat' dir='ltr'><strong>ﬂuentibus,</strong></span> <span class='ocrx_word' id='word_1_398' title='bbox 3353 3206 3452 3250; x_wconf 85' lang='lat' dir='ltr'><strong>eos</strong></span> 
     </span>
    </p>
   </div>
   <div class='ocr_carea' id='block_1_56' title="bbox 125 3280 3453 3362">
    <p class='ocr_par' dir='ltr' id='par_1_56' title="bbox 125 3280 3453 3362">
     <span class='ocr_line' id='line_1_56' title="bbox 125 3280 3453 3362; baseline -0.002 -14"><span class='ocrx_word' id='word_1_399' title='bbox 125 3284 293 3340; x_wconf 80' lang='lat' dir='ltr'><strong>urbes</strong></span> <span class='ocrx_word' id='word_1_400' title='bbox 325 3284 567 3341; x_wconf 72' lang='lat' dir='ltr'><strong>delere!-</strong></span> <span class='ocrx_word' id='word_1_401' title='bbox 597 3285 677 3340; x_wconf 68' lang='grc' dir='ltr'><strong>Εἰ</strong></span> <span class='ocrx_word' id='word_1_402' title='bbox 706 3284 880 3340; x_wconf 72' lang='lat' dir='ltr'><strong>tribus</strong></span> <span class='ocrx_word' id='word_1_403' title='bbox 904 3294 1083 3339; x_wconf 69' lang='lat' dir='ltr'><strong>tamen</strong></span> <span class='ocrx_word' id='word_1_404' title='bbox 1125 3283 1302 3338; x_wconf 69' lang='lat' dir='ltr'><strong>ltWiUS</strong></span> <span class='ocrx_word' id='word_1_405' title='bbox 1345 3283 1547 3339; x_wconf 67' lang='lat' dir='ltr'><strong>bellum</strong></span> <span class='ocrx_word' id='word_1_406' title='bbox 1593 3289 1742 3348; x_wconf 62' lang='lat' dir='ltr'><strong>erat;</strong></span> <span class='ocrx_word' id='word_1_407' title='bbox 1773 3280 1817 3344; x_wconf 88' lang='lat' dir='ltr'>C</span> <span class='ocrx_word' id='word_1_408' title='bbox 1851 3305 2070 3362; x_wconf 88' lang='lat' dir='ltr'><strong>quoque</strong></span> <span class='ocrx_word' id='word_1_409' title='bbox 2105 3305 2203 3360; x_wconf 90' lang='lat' dir='ltr'><strong>per</strong></span> <span class='ocrx_word' id='word_1_410' title='bbox 2227 3290 2440 3361; x_wconf 91' lang='lat' dir='ltr'><strong>equites</strong></span> <span class='ocrx_word' id='word_1_411' title='bbox 2467 3287 2787 3352; x_wconf 89' lang='lat' dir='ltr'><strong>insectatus,</strong></span> <span class='ocrx_word' id='word_1_412' title='bbox 2817 3287 2956 3343; x_wconf 91' lang='lat' dir='ltr'><strong>alios</strong></span> <span class='ocrx_word' id='word_1_413' title='bbox 2989 3286 3285 3354; x_wconf 87' lang='lat' dir='ltr'><strong>confertos,</strong></span> <span class='ocrx_word' id='word_1_414' title='bbox 3313 3285 3453 3342; x_wconf 90' lang='lat' dir='ltr'><strong>alios</strong></span> 
     </span>
    </p>
   </div>
   <div class='ocr_carea' id='block_1_57' title="bbox 127 3375 1748 3450">
    <p class='ocr_par' dir='ltr' id='par_1_57' title="bbox 127 3375 1748 3450">
     <span class='ocr_line' id='line_1_57' title="bbox 127 3375 1748 3450; baseline -0.001 -19"><span class='ocrx_word' id='word_1_415' title='bbox 127 3386 184 3431; x_wconf 90' lang='lat' dir='ltr'><strong>et</strong></span> <span class='ocrx_word' id='word_1_416' title='bbox 209 3377 398 3446; x_wconf 85' lang='lat' dir='ltr'><strong>justus</strong></span> <span class='ocrx_word' id='word_1_417' title='bbox 427 3376 607 3432; x_wconf 91' lang='lat' dir='ltr'><strong>hostis</strong></span> <span class='ocrx_word' id='word_1_418' title='bbox 634 3385 866 3450; x_wconf 87' lang='lat' dir='ltr'><strong>tyranno</strong></span> <span class='ocrx_word' id='word_1_419' title='bbox 891 3384 984 3431; x_wconf 91' lang='lat' dir='ltr'><strong>aut</strong></span> <span class='ocrx_word' id='word_1_420' title='bbox 1027 3376 1268 3432; x_wconf 88' lang='lat' dir='ltr'><strong>factione</strong></span> <span class='ocrx_word' id='word_1_421' title='bbox 1307 3375 1640 3431; x_wconf 89' lang='lat' dir='ltr'><strong>tolerabilior</strong></span> <span class='ocrx_word' id='word_1_422' title='bbox 1669 3375 1748 3429; x_wconf 88' lang='lat' dir='ltr'><strong>vi-</strong></span> 
     </span>
    </p>
   </div>
   <div class='ocr_carea' id='block_1_58' title="bbox 129 3466 1746 3540">
    <p class='ocr_par' dir='ltr' id='par_1_58' title="bbox 129 3466 1746 3540">
     <span class='ocr_line' id='line_1_58' title="bbox 129 3466 1746 3540; baseline -0.001 -17"><span class='ocrx_word' id='word_1_423' title='bbox 129 3467 386 3525; x_wconf 89' lang='lat' dir='ltr'><strong>debatur.</strong></span> <span class='ocrx_word' id='word_1_424' title='bbox 415 3468 671 3524; x_wconf 84' lang='lat' dir='ltr'><strong>Accessit</strong></span> <span class='ocrx_word' id='word_1_425' title='bbox 699 3468 786 3524; x_wconf 88' lang='lat' dir='ltr'><strong>his</strong></span> <span class='ocrx_word' id='word_1_426' title='bbox 804 3479 1052 3539; x_wconf 92' lang='lat' dir='ltr'><strong>quartum</strong></span> <span class='ocrx_word' id='word_1_427' title='bbox 1075 3483 1245 3540; x_wconf 89' lang='lat' dir='ltr'><strong>genus</strong></span> <span class='ocrx_word' id='word_1_428' title='bbox 1271 3471 1621 3534; x_wconf 88' lang='lat' dir='ltr'><strong>sicariorum,</strong></span> <span class='ocrx_word' id='word_1_429' title='bbox 1654 3466 1746 3538; x_wconf 92' lang='lat' dir='ltr'><strong>qui</strong></span> 
     </span>
    </p>
   </div>
   <div class='ocr_carea' id='block_1_59' title="bbox 130 3559 1751 3634">
    <p class='ocr_par' dir='ltr' id='par_1_59' title="bbox 130 3559 1751 3634">
     <span class='ocr_line' id='line_1_59' title="bbox 130 3559 1751 3634; baseline -0.001 -18"><span class='ocrx_word' id='word_1_430' title='bbox 130 3571 462 3633; x_wconf 86' lang='lat' dir='ltr'><strong>occupatam</strong></span> <span class='ocrx_word' id='word_1_431' title='bbox 517 3563 814 3634; x_wconf 86' lang='lat' dir='ltr'><strong>tyrannicis</strong></span> <span class='ocrx_word' id='word_1_432' title='bbox 845 3562 1079 3618; x_wconf 92' lang='lat' dir='ltr'><strong>motibus</strong></span> <span class='ocrx_word' id='word_1_433' title='bbox 1109 3570 1201 3617; x_wconf 89' lang='lat' dir='ltr'><strong>aut</strong></span> <span class='ocrx_word' id='word_1_434' title='bbox 1231 3559 1520 3617; x_wconf 88' lang='lat' dir='ltr'><strong>seditionis</strong></span> <span class='ocrx_word' id='word_1_435' title='bbox 1550 3559 1751 3615; x_wconf 83' lang='lat' dir='ltr'><strong>tumul-</strong></span> 
     </span>
    </p>
   </div>
   <div class='ocr_carea' id='block_1_60' title="bbox 134 3655 1744 3726">
    <p class='ocr_par' dir='ltr' id='par_1_60' title="bbox 134 3655 1744 3726">
     <span class='ocr_line' id='line_1_60' title="bbox 134 3655 1744 3726; baseline -0.001 -16"><span class='ocrx_word' id='word_1_436' title='bbox 134 3655 282 3712; x_wconf 91' lang='lat' dir='ltr'><strong>tibus</strong></span> <span class='ocrx_word' id='word_1_437' title='bbox 315 3657 512 3713; x_wconf 89' lang='lat' dir='ltr'><strong>urbem</strong></span> <span class='ocrx_word' id='word_1_438' title='bbox 541 3656 789 3712; x_wconf 85' lang='lat' dir='ltr'><strong>videntes</strong></span> <span class='ocrx_word' id='word_1_439' title='bbox 811 3699 826 3724; x_wconf 94' lang='lat'><strong>,</strong></span> <span class='ocrx_word' id='word_1_440' title='bbox 861 3657 1037 3712; x_wconf 89' lang='lat' dir='ltr'><strong>vicina</strong></span> <span class='ocrx_word' id='word_1_441' title='bbox 1069 3655 1248 3712; x_wconf 89' lang='lat' dir='ltr'><strong>omnia</strong></span> <span class='ocrx_word' id='word_1_442' title='bbox 1301 3655 1704 3726; x_wconf 89' lang='lat' dir='ltr'><strong>populabantur</strong></span> <span class='ocrx_word' id='word_1_443' title='bbox 1729 3694 1744 3721; x_wconf 97' lang='lat'><strong>,</strong></span> 
     </span>
    </p>
   </div>
   <div class='ocr_carea' id='block_1_61' title="bbox 135 3749 1748 3826">
    <p class='ocr_par' dir='ltr' id='par_1_61' title="bbox 135 3749 1748 3826">
     <span class='ocr_line' id='line_1_61' title="bbox 135 3749 1748 3826; baseline -0.006 -16"><span class='ocrx_word' id='word_1_444' title='bbox 135 3762 192 3810; x_wconf 92' lang='lat' dir='ltr'><strong>et</strong></span> <span class='ocrx_word' id='word_1_445' title='bbox 220 3754 581 3826; x_wconf 86' lang='lat' dir='ltr'><strong>asportabant</strong></span> <span class='ocrx_word' id='word_1_446' title='bbox 602 3753 805 3807; x_wconf 88' lang='lat' dir='ltr'><strong>omnia.</strong></span> <span class='ocrx_word' id='word_1_447' title='bbox 831 3751 1082 3807; x_wconf 89' lang='lat' dir='ltr'><strong>Mulieres</strong></span> <span class='ocrx_word' id='word_1_448' title='bbox 1113 3761 1166 3806; x_wconf 94' lang='lat' dir='ltr'><strong>et</strong></span> <span class='ocrx_word' id='word_1_449' title='bbox 1196 3749 1452 3822; x_wconf 87' lang='lat' dir='ltr'><strong>parvulos</strong></span> <span class='ocrx_word' id='word_1_450' title='bbox 1477 3749 1568 3819; x_wconf 92' lang='lat' dir='ltr'><strong>qui</strong></span> <span class='ocrx_word' id='word_1_451' title='bbox 1591 3749 1748 3803; x_wconf 89' lang='lat' dir='ltr'><strong>labo-</strong></span> 
     </span>
    </p>
   </div>
   <div class='ocr_carea' id='block_1_62' title="bbox 137 3841 1745 3913">
    <p class='ocr_par' dir='ltr' id='par_1_62' title="bbox 137 3841 1745 3913">
     <span class='ocr_line' id='line_1_62' title="bbox 137 3841 1745 3913; baseline -0.006 -9"><span class='ocrx_word' id='word_1_452' title='bbox 137 3862 253 3904; x_wconf 86' lang='lat' dir='ltr'><strong>rem</strong></span> <span class='ocrx_word' id='word_1_453' title='bbox 289 3847 508 3903; x_wconf 92' lang='lat' dir='ltr'><strong>itineris</strong></span> <span class='ocrx_word' id='word_1_454' title='bbox 531 3887 546 3913; x_wconf 96' lang='lat'><strong>,</strong></span> <span class='ocrx_word' id='word_1_455' title='bbox 581 3845 665 3901; x_wconf 87' lang='lat' dir='ltr'><strong>vel</strong></span> <span class='ocrx_word' id='word_1_456' title='bbox 696 3859 860 3899; x_wconf 89' lang='lat' dir='ltr'><strong>sexus</strong></span> <span class='ocrx_word' id='word_1_457' title='bbox 909 3843 993 3898; x_wconf 87' lang='lat' dir='ltr'><strong>vel</strong></span> <span class='ocrx_word' id='word_1_458' title='bbox 1039 3842 1217 3897; x_wconf 66' lang='lat' dir='ltr'><strong>(etatis</strong></span> <span class='ocrx_word' id='word_1_459' title='bbox 1264 3841 1580 3896; x_wconf 83' lang='lat' dir='ltr'><strong>infirmitate</strong></span> <span class='ocrx_word' id='word_1_460' title='bbox 1619 3854 1745 3909; x_wconf 53' lang='lat' dir='ltr'><strong>per-</strong></span> 
     </span>
    </p>
   </div>
   <div class='ocr_carea' id='block_1_63' title="bbox 137 3933 1750 4012">
    <p class='ocr_par' dir='ltr' id='par_1_63' title="bbox 137 3933 1750 4012">
     <span class='ocr_line' id='line_1_63' title="bbox 137 3933 1750 4012; baseline -0.005 -16"><span class='ocrx_word' id='word_1_461' title='bbox 137 3941 251 4012; x_wconf 90' lang='lat' dir='ltr'><strong>peti</strong></span> <span class='ocrx_word' id='word_1_462' title='bbox 283 3955 394 3996; x_wconf 92' lang='lat' dir='ltr'><strong>non</strong></span> <span class='ocrx_word' id='word_1_463' title='bbox 426 3946 726 4012; x_wconf 90' lang='lat' dir='ltr'><strong>poterant,</strong></span> <span class='ocrx_word' id='word_1_464' title='bbox 759 3937 877 3993; x_wconf 92' lang='lat' dir='ltr'><strong>neci</strong></span> <span class='ocrx_word' id='word_1_465' title='bbox 926 3935 1150 3991; x_wconf 88' lang='lat' dir='ltr'><strong>dabant.</strong></span> <span class='ocrx_word' id='word_1_466' title='bbox 1195 3933 1534 4004; x_wconf 82' lang='lat' dir='ltr'><strong>Septingenti</strong></span> <span class='ocrx_word' id='word_1_467' title='bbox 1567 3933 1750 4004; x_wconf 89' lang='lat' dir='ltr'><strong>itaque</strong></span> 
     </span>
    </p>
   </div>
   <div class='ocr_carea' id='block_1_64' title="bbox 138 4024 1751 4104">
    <p class='ocr_par' dir='ltr' id='par_1_64' title="bbox 138 4024 1751 4104">
     <span class='ocr_line' id='line_1_64' title="bbox 138 4024 1751 4104; baseline -0.007 -14"><span class='ocrx_word' id='word_1_468' title='bbox 138 4049 372 4090; x_wconf 91' lang='lat' dir='ltr'><strong>numero</strong></span> <span class='ocrx_word' id='word_1_469' title='bbox 401 4031 670 4104; x_wconf 88' lang='lat' dir='ltr'><strong>perempti</strong></span> <span class='ocrx_word' id='word_1_470' title='bbox 699 4048 713 4086; x_wconf 91' lang='lat'><strong>:</strong></span> <span class='ocrx_word' id='word_1_471' title='bbox 743 4036 1125 4084; x_wconf 85' lang='lat' dir='ltr'><strong>convectatum</strong></span> <span class='ocrx_word' id='word_1_472' title='bbox 1159 4026 1212 4080; x_wconf 93' lang='lat' dir='ltr'><strong>in</strong></span> <span class='ocrx_word' id='word_1_473' title='bbox 1251 4025 1472 4082; x_wconf 87' lang='lat' dir='ltr'><strong>castella</strong></span> <span class='ocrx_word' id='word_1_474' title='bbox 1503 4024 1751 4080; x_wconf 90' lang='lat' dir='ltr'><strong>frumen-</strong></span> 
     </span>
    </p>
   </div>
   <div class='ocr_carea' id='block_1_65' title="bbox 140 4121 1751 4196">
    <p class='ocr_par' dir='ltr' id='par_1_65' title="bbox 140 4121 1751 4196">
     <span class='ocr_line' id='line_1_65' title="bbox 140 4121 1751 4196; baseline -0.004 -13"><span class='ocrx_word' id='word_1_475' title='bbox 140 4137 254 4183; x_wconf 93' lang='lat' dir='ltr'><strong>tum</strong></span> <span class='ocrx_word' id='word_1_476' title='bbox 292 4145 305 4181; x_wconf 88' lang='lat'><strong>:</strong></span> <span class='ocrx_word' id='word_1_477' title='bbox 348 4128 639 4184; x_wconf 90' lang='lat' dir='ltr'><strong>irruebant</strong></span> <span class='ocrx_word' id='word_1_478' title='bbox 685 4124 832 4196; x_wconf 88' lang='lat' dir='ltr'><strong>agris</strong></span> <span class='ocrx_word' id='word_1_479' title='bbox 859 4166 874 4192; x_wconf 94' lang='lat'><strong>,</strong></span> <span class='ocrx_word' id='word_1_480' title='bbox 921 4123 1185 4190; x_wconf 91' lang='lat' dir='ltr'><strong>urbibus,</strong></span> <span class='ocrx_word' id='word_1_481' title='bbox 1235 4122 1489 4192; x_wconf 92' lang='lat' dir='ltr'><strong>templis,</strong></span> <span class='ocrx_word' id='word_1_482' title='bbox 1537 4121 1751 4191; x_wconf 84' lang='lat' dir='ltr'><strong>praedas</strong></span> 
     </span>
    </p>
   </div>
   <div class='ocr_carea' id='block_1_66' title="bbox 145 4214 1750 4293">
    <p class='ocr_par' dir='ltr' id='par_1_66' title="bbox 145 4214 1750 4293">
     <span class='ocr_line' id='line_1_66' title="bbox 145 4214 1750 4293; baseline -0.006 -17"><span class='ocrx_word' id='word_1_483' title='bbox 145 4223 379 4293; x_wconf 90' lang='lat' dir='ltr'><strong>agebant</strong></span> <span class='ocrx_word' id='word_1_484' title='bbox 411 4243 426 4278; x_wconf 88' lang='lat'><strong>:</strong></span> <span class='ocrx_word' id='word_1_485' title='bbox 462 4220 830 4278; x_wconf 89' lang='lat' dir='ltr'><strong>necandorum</strong></span> <span class='ocrx_word' id='word_1_486' title='bbox 859 4216 1077 4274; x_wconf 84' lang='lat' dir='ltr'><strong>occasio</strong></span> <span class='ocrx_word' id='word_1_487' title='bbox 1135 4230 1242 4272; x_wconf 91' lang='lat' dir='ltr'><strong>non</strong></span> <span class='ocrx_word' id='word_1_488' title='bbox 1292 4214 1750 4286; x_wconf 68' lang='lat' dir='ltr'><strong>praetermitteba-</strong></span> 
     </span>
    </p>
   </div>
   <div class='ocr_carea' id='block_1_67' title="bbox 144 4307 1752 4387">
    <p class='ocr_par' dir='ltr' id='par_1_67' title="bbox 144 4307 1752 4387">
     <span class='ocr_line' id='line_1_67' title="bbox 144 4307 1752 4387; baseline -0.004 -19"><span class='ocrx_word' id='word_1_489' title='bbox 144 4323 272 4372; x_wconf 87' lang='lat' dir='ltr'><strong>tur:</strong></span> <span class='ocrx_word' id='word_1_490' title='bbox 305 4315 541 4387; x_wconf 91' lang='lat' dir='ltr'><strong>agminis</strong></span> <span class='ocrx_word' id='word_1_491' title='bbox 589 4313 773 4386; x_wconf 91' lang='lat' dir='ltr'><strong>specie</strong></span> <span class='ocrx_word' id='word_1_492' title='bbox 820 4310 1165 4367; x_wconf 90' lang='lat' dir='ltr'><strong>latrocinium</strong></span> <span class='ocrx_word' id='word_1_493' title='bbox 1192 4318 1218 4346; x_wconf 78' lang='grc' dir='ltr'>α</span> <span class='ocrx_word' id='word_1_494' title='bbox 1250 4308 1597 4372; x_wconf 88' lang='lat' dir='ltr'><strong>excitabant,</strong></span> <span class='ocrx_word' id='word_1_495' title='bbox 1632 4307 1752 4377; x_wconf 88' lang='lat' dir='ltr'><strong>plu-</strong></span> 
     </span>
    </p>
   </div>
   <div class='ocr_carea' id='block_1_68' title="bbox 148 4403 1749 4481">
    <p class='ocr_par' dir='ltr' id='par_1_68' title="bbox 148 4403 1749 4481">
     <span class='ocr_line' id='line_1_68' title="bbox 148 4403 1749 4481; baseline -0.004 -16"><span class='ocrx_word' id='word_1_496' title='bbox 148 4423 234 4465; x_wconf 89' lang='lat' dir='ltr'><strong>res</strong></span> <span class='ocrx_word' id='word_1_497' title='bbox 256 4425 419 4481; x_wconf 91' lang='lat' dir='ltr'><strong>quam</strong></span> <span class='ocrx_word' id='word_1_498' title='bbox 461 4425 590 4466; x_wconf 92' lang='lat' dir='ltr'><strong>usus</strong></span> <span class='ocrx_word' id='word_1_499' title='bbox 625 4409 859 4466; x_wconf 87' lang='lat' dir='ltr'><strong>habebat</strong></span> <span class='ocrx_word' id='word_1_500' title='bbox 889 4405 1274 4462; x_wconf 88' lang='lat' dir='ltr'><strong>latrocinandi.</strong></span> <span class='ocrx_word' id='word_1_501' title='bbox 1307 4403 1604 4460; x_wconf 90' lang='lat' dir='ltr'><strong>Latrocinii</strong></span> <span class='ocrx_word' id='word_1_502' title='bbox 1644 4419 1749 4459; x_wconf 69' lang='lat' dir='ltr'><strong>sw-</strong></span> 
     </span>
    </p>
   </div>
   <div class='ocr_carea' id='block_1_69' title="bbox 149 4497 1753 4570">
    <p class='ocr_par' dir='ltr' id='par_1_69' title="bbox 149 4497 1753 4570">
     <span class='ocr_line' id='line_1_69' title="bbox 149 4497 1753 4570; baseline -0.002 -12"><span class='ocrx_word' id='word_1_503' title='bbox 149 4504 280 4559; x_wconf 85' lang='lat' dir='ltr'><strong>vitia</strong></span> <span class='ocrx_word' id='word_1_504' title='bbox 319 4505 527 4561; x_wconf 90' lang='lat' dir='ltr'><strong>bellum</strong></span> <span class='ocrx_word' id='word_1_505' title='bbox 575 4503 946 4570; x_wconf 89' lang='lat' dir='ltr'><strong>acerbabant,</strong></span> <span class='ocrx_word' id='word_1_506' title='bbox 977 4501 1097 4557; x_wconf 91' lang='lat' dir='ltr'><strong>sine</strong></span> <span class='ocrx_word' id='word_1_507' title='bbox 1134 4500 1294 4557; x_wconf 89' lang='lat' dir='ltr'><strong>venia</strong></span> <span class='ocrx_word' id='word_1_508' title='bbox 1331 4497 1628 4556; x_wconf 89' lang='lat' dir='ltr'><strong>deditionis</strong></span> <span class='ocrx_word' id='word_1_509' title='bbox 1659 4507 1753 4554; x_wconf 91' lang='lat' dir='ltr'><strong>aut</strong></span> 
     </span>
    </p>
   </div>
   <div class='ocr_carea' id='block_1_70' title="bbox 149 4598 906 4671">
    <p class='ocr_par' dir='ltr' id='par_1_70' title="bbox 149 4598 906 4671">
     <span class='ocr_line' id='line_1_70' title="bbox 149 4598 906 4671; baseline -0.001 -19"><span class='ocrx_word' id='word_1_510' title='bbox 149 4598 519 4671; x_wconf 88' lang='lat' dir='ltr'><strong>susceptionis</strong></span> <span class='ocrx_word' id='word_1_511' title='bbox 550 4598 906 4671; x_wconf 86' lang='lat' dir='ltr'><strong>indulgentia.</strong></span> 
     </span>
    </p>
   </div>
   <div class='ocr_carea' id='block_1_71' title="bbox 754 4690 1157 4750">
    <p class='ocr_par' dir='ltr' id='par_1_71' title="bbox 754 4690 1157 4750">
     <span class='ocr_line' id='line_1_71' title="bbox 754 4690 1157 4750; baseline -0.002 -2"><span class='ocrx_word' id='word_1_512' title='bbox 754 4691 985 4750; x_wconf 85' lang='lat' dir='ltr'><strong>CAPUT</strong></span> <span class='ocrx_word' id='word_1_513' title='bbox 1015 4690 1157 4748; x_wconf 76' lang='lat' dir='ltr'><strong>XIV.</strong></span> 
     </span>
    </p>
   </div>
   <div class='ocr_carea' id='block_1_72' title="bbox 224 4781 1754 4859">
    <p class='ocr_par' dir='ltr' id='par_1_72' title="bbox 224 4781 1754 4859">
     <span class='ocr_line' id='line_1_72' title="bbox 224 4781 1754 4859; baseline -0.003 -18"><span class='ocrx_word' id='word_1_514' title='bbox 224 4786 468 4857; x_wconf 85' lang='lat' dir='ltr'><strong>Rogatur</strong></span> <span class='ocrx_word' id='word_1_515' title='bbox 496 4789 677 4859; x_wconf 91' lang='lat' dir='ltr'><strong>itaque</strong></span> <span class='ocrx_word' id='word_1_516' title='bbox 704 4785 1094 4858; x_wconf 83' lang='lat' dir='ltr'><strong>Vespasianus,</strong></span> <span class='ocrx_word' id='word_1_517' title='bbox 1139 4793 1197 4841; x_wconf 94' lang='lat' dir='ltr'><strong>ut</strong></span> <span class='ocrx_word' id='word_1_518' title='bbox 1227 4785 1293 4841; x_wconf 92' lang='lat' dir='ltr'><strong>ad</strong></span> <span class='ocrx_word' id='word_1_519' title='bbox 1325 4781 1626 4841; x_wconf 87' lang='lat' dir='ltr'><strong>remedium</strong></span> <span class='ocrx_word' id='word_1_520' title='bbox 1657 4796 1754 4837; x_wconf 88' lang='lat' dir='ltr'><strong>ve-</strong></span> 
     </span>
    </p>
   </div>
   <div class='ocr_carea' id='block_1_73' title="bbox 153 4877 1756 4953">
    <p class='ocr_par' dir='ltr' id='par_1_73' title="bbox 153 4877 1756 4953">
     <span class='ocr_line' id='line_1_73' title="bbox 153 4877 1756 4953; baseline -0.001 -19"><span class='ocrx_word' id='word_1_521' title='bbox 153 4879 287 4948; x_wconf 89' lang='lat' dir='ltr'><strong>niat,</strong></span> <span class='ocrx_word' id='word_1_522' title='bbox 317 4897 346 4935; x_wconf 92' lang='lat' dir='ltr'><strong>a</strong></span> <span class='ocrx_word' id='word_1_523' title='bbox 377 4897 487 4953; x_wconf 90' lang='lat' dir='ltr'><strong>quo</strong></span> <span class='ocrx_word' id='word_1_524' title='bbox 528 4881 800 4939; x_wconf 85' lang='lat' dir='ltr'><strong>excidium</strong></span> <span class='ocrx_word' id='word_1_525' title='bbox 847 4881 1212 4937; x_wconf 84' lang='lat' dir='ltr'><strong>metuebatur.</strong></span> <span class='ocrx_word' id='word_1_526' title='bbox 1258 4877 1756 4937; x_wconf 87' lang='lat' dir='ltr'><strong>ContenditGada-</strong></span> 
     </span>
    </p>
   </div>
   <div class='ocr_carea' id='block_1_74' title="bbox 155 4971 1752 5048">
    <p class='ocr_par' dir='ltr' id='par_1_74' title="bbox 155 4971 1752 5048">
     <span class='ocr_line' id='line_1_74' title="bbox 155 4971 1752 5048; baseline -0.003 -21"><span class='ocrx_word' id='word_1_527' title='bbox 155 4987 293 5040; x_wconf 87' lang='lat' dir='ltr'><strong>ram,</strong></span> <span class='ocrx_word' id='word_1_528' title='bbox 326 4974 418 5030; x_wconf 83' lang='lat' dir='ltr'><strong>tibi</strong></span> <span class='ocrx_word' id='word_1_529' title='bbox 449 4975 698 5048; x_wconf 88' lang='lat' dir='ltr'><strong>opulenti</strong></span> <span class='ocrx_word' id='word_1_530' title='bbox 728 4974 972 5046; x_wconf 92' lang='lat' dir='ltr'><strong>plurimi,</strong></span> <span class='ocrx_word' id='word_1_531' title='bbox 1001 4974 1093 5045; x_wconf 88' lang='lat' dir='ltr'><strong>qui</strong></span> <span class='ocrx_word' id='word_1_532' title='bbox 1123 4973 1435 5044; x_wconf 91' lang='lat' dir='ltr'><strong>patrimonii</strong></span> <span class='ocrx_word' id='word_1_533' title='bbox 1459 4971 1542 5026; x_wconf 91' lang='lat' dir='ltr'><strong>sui</strong></span> <span class='ocrx_word' id='word_1_534' title='bbox 1564 4984 1752 5036; x_wconf 89' lang='lat' dir='ltr'><strong>causa,</strong></span> 
     </span>
    </p>
   </div>
   <div class='ocr_carea' id='block_1_75' title="bbox 154 5067 1757 5144">
    <p class='ocr_par' dir='ltr' id='par_1_75' title="bbox 154 5067 1757 5144">
     <span class='ocr_line' id='line_1_75' title="bbox 154 5067 1757 5144; baseline -0.003 -22"><span class='ocrx_word' id='word_1_535' title='bbox 154 5070 324 5140; x_wconf 88' lang='lat' dir='ltr'><strong>magis</strong></span> <span class='ocrx_word' id='word_1_536' title='bbox 347 5073 634 5144; x_wconf 85' lang='lat' dir='ltr'><strong>magisque</strong></span> <span class='ocrx_word' id='word_1_537' title='bbox 688 5071 963 5126; x_wconf 90' lang='lat' dir='ltr'><strong>latronum</strong></span> <span class='ocrx_word' id='word_1_538' title='bbox 998 5067 1222 5124; x_wconf 88' lang='lat' dir='ltr'><strong>insidias</strong></span> <span class='ocrx_word' id='word_1_539' title='bbox 1249 5076 1304 5124; x_wconf 93' lang='lat' dir='ltr'><strong>et</strong></span> <span class='ocrx_word' id='word_1_540' title='bbox 1355 5068 1602 5123; x_wconf 91' lang='lat' dir='ltr'><strong>incursus</strong></span> <span class='ocrx_word' id='word_1_541' title='bbox 1636 5077 1757 5133; x_wconf 85' lang='lat' dir='ltr'><strong>per-</strong></span> 
     </span>
    </p>
   </div>
   <div class='ocr_carea' id='block_1_76' title="bbox 157 5156 1760 5234">
    <p class='ocr_par' dir='ltr' id='par_1_76' title="bbox 157 5156 1760 5234">
     <span class='ocr_line' id='line_1_76' title="bbox 157 5156 1760 5234; baseline -0.004 -19"><span class='ocrx_word' id='word_1_542' title='bbox 157 5161 519 5222; x_wconf 54' lang='lat' dir='ltr'><strong>timescebant</strong></span> <span class='ocrx_word' id='word_1_543' title='bbox 547 5183 563 5234; x_wconf 91' lang='lat'><strong>;</strong></span> <span class='ocrx_word' id='word_1_544' title='bbox 593 5173 650 5222; x_wconf 91' lang='lat' dir='ltr'><strong>et</strong></span> <span class='ocrx_word' id='word_1_545' title='bbox 676 5163 803 5221; x_wconf 89' lang='lat' dir='ltr'><strong>ideo</strong></span> <span class='ocrx_word' id='word_1_546' title='bbox 843 5162 911 5218; x_wconf 90' lang='lat' dir='ltr'><strong>ad</strong></span> <span class='ocrx_word' id='word_1_547' title='bbox 938 5160 1336 5232; x_wconf 80' lang='lat' dir='ltr'><strong>Vespasianum</strong></span> <span class='ocrx_word' id='word_1_548' title='bbox 1357 5157 1567 5215; x_wconf 88' lang='lat' dir='ltr'><strong>occulte</strong></span> <span class='ocrx_word' id='word_1_549' title='bbox 1594 5156 1760 5211; x_wconf 89' lang='lat' dir='ltr'><strong>mise-</strong></span> 
     </span>
    </p>
   </div>
   <div class='ocr_carea' id='block_1_77' title="bbox 158 5248 1760 5330">
    <p class='ocr_par' dir='ltr' id='par_1_77' title="bbox 158 5248 1760 5330">
     <span class='ocr_line' id='line_1_77' title="bbox 158 5248 1760 5330; baseline -0.004 -19"><span class='ocrx_word' id='word_1_550' title='bbox 158 5265 296 5320; x_wconf 86' lang='lat' dir='ltr'><strong>rant,</strong></span> <span class='ocrx_word' id='word_1_551' title='bbox 315 5266 373 5313; x_wconf 91' lang='lat' dir='ltr'><strong>ut</strong></span> <span class='ocrx_word' id='word_1_552' title='bbox 399 5257 465 5312; x_wconf 88' lang='lat' dir='ltr'><strong>ad</strong></span> <span class='ocrx_word' id='word_1_553' title='bbox 501 5274 563 5316; x_wconf 91' lang='lat' dir='ltr'><strong>se</strong></span> <span class='ocrx_word' id='word_1_554' title='bbox 605 5257 1091 5330; x_wconf 85' lang='lat' dir='ltr'><strong>appropinquaret,</strong></span> <span class='ocrx_word' id='word_1_555' title='bbox 1114 5268 1222 5324; x_wconf 95' lang='lat' dir='ltr'><strong>quo</strong></span> <span class='ocrx_word' id='word_1_556' title='bbox 1251 5252 1450 5308; x_wconf 89' lang='lat' dir='ltr'><strong>civitas</strong></span> <span class='ocrx_word' id='word_1_557' title='bbox 1479 5267 1508 5305; x_wconf 89' lang='lat' dir='ltr'><strong>a</strong></span> <span class='ocrx_word' id='word_1_558' title='bbox 1534 5248 1760 5305; x_wconf 85' lang='lat' dir='ltr'><strong>latroni-</strong></span> 
     </span>
    </p>
   </div>
   <div class='ocr_carea' id='block_1_78' title="bbox 160 5339 1763 5412">
    <p class='ocr_par' dir='ltr' id='par_1_78' title="bbox 160 5339 1763 5412">
     <span class='ocr_line' id='line_1_78' title="bbox 160 5339 1763 5412; baseline -0.006 -10"><span class='ocrx_word' id='word_1_559' title='bbox 160 5345 262 5403; x_wconf 91' lang='lat' dir='ltr'><strong>bus</strong></span> <span class='ocrx_word' id='word_1_560' title='bbox 288 5359 598 5407; x_wconf 88' lang='lat' dir='ltr'><strong>erueretur.</strong></span> <span class='ocrx_word' id='word_1_561' title='bbox 630 5349 818 5406; x_wconf 85' lang='lat' dir='ltr'><strong>Adfuit</strong></span> <span class='ocrx_word' id='word_1_562' title='bbox 847 5346 1126 5403; x_wconf 83' lang='lat' dir='ltr'><strong>exercitus</strong></span> <span class='ocrx_word' id='word_1_563' title='bbox 1155 5345 1457 5409; x_wconf 79' lang='lat' dir='ltr'><strong>Romanus,</strong></span> <span class='ocrx_word' id='word_1_564' title='bbox 1492 5355 1650 5412; x_wconf 91' lang='lat' dir='ltr'><strong>quem</strong></span> <span class='ocrx_word' id='word_1_565' title='bbox 1680 5339 1763 5394; x_wconf 89' lang='lat' dir='ltr'><strong>vi-</strong></span> 
     </span>
    </p>
   </div>
   <div class='ocr_carea' id='block_1_79' title="bbox 163 5433 1756 5508">
    <p class='ocr_par' dir='ltr' id='par_1_79' title="bbox 163 5433 1756 5508">
     <span class='ocr_line' id='line_1_79' title="bbox 163 5433 1756 5508; baseline -0.004 -16"><span class='ocrx_word' id='word_1_566' title='bbox 163 5436 349 5495; x_wconf 90' lang='lat' dir='ltr'><strong>dentes</strong></span> <span class='ocrx_word' id='word_1_567' title='bbox 381 5441 731 5498; x_wconf 84' lang='lat' dir='ltr'><strong>Gadarenses</strong></span> <span class='ocrx_word' id='word_1_568' title='bbox 753 5480 770 5507; x_wconf 92' lang='lat'><strong>,</strong></span> <span class='ocrx_word' id='word_1_569' title='bbox 804 5436 1149 5508; x_wconf 89' lang='lat' dir='ltr'><strong>confugiendi</strong></span> <span class='ocrx_word' id='word_1_570' title='bbox 1201 5447 1387 5493; x_wconf 89' lang='lat' dir='ltr'><strong>votum</strong></span> <span class='ocrx_word' id='word_1_571' title='bbox 1438 5433 1711 5491; x_wconf 88' lang='lat' dir='ltr'><strong>habebant</strong></span> <span class='ocrx_word' id='word_1_572' title='bbox 1741 5447 1756 5498; x_wconf 90' lang='lat'><strong>;</strong></span> 
     </span>
    </p>
   </div>
   <div class='ocr_carea' id='block_1_80' title="bbox 167 5523 1757 5604">
    <p class='ocr_par' dir='ltr' id='par_1_80' title="bbox 167 5523 1757 5604">
     <span class='ocr_line' id='line_1_80' title="bbox 167 5523 1757 5604; baseline -0.006 -19"><span class='ocrx_word' id='word_1_573' title='bbox 167 5530 261 5586; x_wconf 87' lang='lat' dir='ltr'><strong>sed</strong></span> <span class='ocrx_word' id='word_1_574' title='bbox 290 5547 392 5604; x_wconf 89' lang='lat' dir='ltr'><strong>qua</strong></span> <span class='ocrx_word' id='word_1_575' title='bbox 413 5534 505 5589; x_wconf 88' lang='lat' dir='ltr'><strong>via</strong></span> <span class='ocrx_word' id='word_1_576' title='bbox 553 5529 894 5590; x_wconf 80' lang='lat' dir='ltr'><strong>inexitiabile</strong></span> <span class='ocrx_word' id='word_1_577' title='bbox 921 5528 973 5583; x_wconf 89' lang='lat' dir='ltr'><strong>id</strong></span> <span class='ocrx_word' id='word_1_578' title='bbox 1003 5527 1102 5582; x_wconf 91' lang='lat' dir='ltr'><strong>sibi</strong></span> <span class='ocrx_word' id='word_1_579' title='bbox 1125 5525 1340 5594; x_wconf 80' lang='lat' dir='ltr'><strong>aﬂ‘oret,</strong></span> <span class='ocrx_word' id='word_1_580' title='bbox 1374 5543 1484 5584; x_wconf 89' lang='lat' dir='ltr'><strong>non</strong></span> <span class='ocrx_word' id='word_1_581' title='bbox 1515 5523 1757 5595; x_wconf 84' lang='lat' dir='ltr'><strong>reperie-</strong></span> 
     </span>
    </p>
   </div>
   <div class='ocr_carea' id='block_1_81' title="bbox 169 5612 1756 5691">
    <p class='ocr_par' dir='ltr' id='par_1_81' title="bbox 169 5612 1756 5691">
     <span class='ocr_line' id='line_1_81' title="bbox 169 5612 1756 5691; baseline -0.006 -12"><span class='ocrx_word' id='word_1_582' title='bbox 169 5619 316 5691; x_wconf 88' lang='lat' dir='ltr'><strong>bant,</strong></span> <span class='ocrx_word' id='word_1_583' title='bbox 345 5641 414 5681; x_wconf 90' lang='lat' dir='ltr'><strong>ne</strong></span> <span class='ocrx_word' id='word_1_584' title='bbox 432 5625 489 5682; x_wconf 91' lang='lat' dir='ltr'><strong>in</strong></span> <span class='ocrx_word' id='word_1_585' title='bbox 516 5624 866 5682; x_wconf 89' lang='lat' dir='ltr'><strong>discedentes</strong></span> <span class='ocrx_word' id='word_1_586' title='bbox 887 5619 1198 5690; x_wconf 88' lang='lat' dir='ltr'><strong>insurgeret</strong></span> <span class='ocrx_word' id='word_1_587' title='bbox 1216 5619 1406 5687; x_wconf 86' lang='lat' dir='ltr'><strong>factio,</strong></span> <span class='ocrx_word' id='word_1_588' title='bbox 1439 5626 1606 5688; x_wconf 88' lang='lat' dir='ltr'><strong>atque</strong></span> <span class='ocrx_word' id='word_1_589' title='bbox 1634 5612 1756 5671; x_wconf 85' lang='lat' dir='ltr'><strong>uni-</strong></span> 
     </span>
    </p>
   </div>
   <div class='ocr_carea' id='block_1_82' title="bbox 248 5795 1516 5862">
    <p class='ocr_par' dir='ltr' id='par_1_82' title="bbox 248 5795 1516 5862">
     <span class='ocr_line' id='line_1_82' title="bbox 248 5795 1516 5862; baseline -0.006 -1"><span class='ocrx_word' id='word_1_590' title='bbox 248 5813 270 5840; x_wconf 80' lang='grc'><strong><em>⁸</em></strong></span> <span class='ocrx_word' id='word_1_591' title='bbox 302 5803 638 5862; x_wconf 70' lang='lat' dir='ltr'><strong>Exercebant.</strong></span> <span class='ocrx_word' id='word_1_592' title='bbox 680 5803 809 5860; x_wconf 81' lang='lat' dir='ltr'><strong>Mox</strong></span> <span class='ocrx_word' id='word_1_593' title='bbox 831 5811 964 5856; x_wconf 83' lang='lat' dir='ltr'><strong>vero</strong></span> <span class='ocrx_word' id='word_1_594' title='bbox 983 5795 1315 5854; x_wconf 79' lang='lat' dir='ltr'><strong>acerbabant.</strong></span> <span class='ocrx_word' id='word_1_595' title='bbox 1345 5797 1516 5854; x_wconf 66' lang='lat' dir='ltr'><strong>BARB-</strong></span> 
     </span>
    </p>
   </div>
   <div class='ocr_carea' id='block_1_83' title="bbox 1851 3367 3455 3454">
    <p class='ocr_par' dir='ltr' id='par_1_83' title="bbox 1851 3367 3455 3454">
     <span class='ocr_line' id='line_1_83' title="bbox 1851 3367 3455 3454; baseline -0.001 -17"><span class='ocrx_word' id='word_1_596' title='bbox 1851 3385 2095 3454; x_wconf 90' lang='lat' dir='ltr'><strong>palantes</strong></span> <span class='ocrx_word' id='word_1_597' title='bbox 2117 3383 2310 3440; x_wconf 91' lang='lat' dir='ltr'><strong>sternit</strong></span> <span class='ocrx_word' id='word_1_598' title='bbox 2341 3398 2512 3454; x_wconf 91' lang='lat' dir='ltr'><strong>usque</strong></span> <span class='ocrx_word' id='word_1_599' title='bbox 2560 3381 2627 3437; x_wconf 87' lang='lat' dir='ltr'><strong>ad</strong></span> <span class='ocrx_word' id='word_1_600' title='bbox 2678 3381 2877 3440; x_wconf 86' lang='lat' dir='ltr'><strong>flumen</strong></span> <span class='ocrx_word' id='word_1_601' title='bbox 2907 3367 3238 3439; x_wconf 72' lang='lat' dir='ltr'><strong>Iordanem:</strong></span> <span class='ocrx_word' id='word_1_602' title='bbox 3282 3382 3455 3438; x_wconf 85' lang='lat' dir='ltr'><strong>maxi-</strong></span> 
     </span>
    </p>
   </div>
   <div class='ocr_carea' id='block_1_84' title="bbox 1851 3474 3458 3550">
    <p class='ocr_par' dir='ltr' id='par_1_84' title="bbox 1851 3474 3458 3550">
     <span class='ocr_line' id='line_1_84' title="bbox 1851 3474 3458 3550; baseline -0.002 -16"><span class='ocrx_word' id='word_1_603' title='bbox 1851 3494 1998 3534; x_wconf 90' lang='lat' dir='ltr'><strong>mum</strong></span> <span class='ocrx_word' id='word_1_604' title='bbox 2049 3492 2264 3550; x_wconf 92' lang='lat' dir='ltr'><strong>quoque</strong></span> <span class='ocrx_word' id='word_1_605' title='bbox 2319 3491 2605 3533; x_wconf 91' lang='lat' dir='ltr'><strong>numerum</strong></span> <span class='ocrx_word' id='word_1_606' title='bbox 2649 3475 2717 3532; x_wconf 90' lang='lat' dir='ltr'><strong>ad</strong></span> <span class='ocrx_word' id='word_1_607' title='bbox 2748 3476 2920 3547; x_wconf 91' lang='lat' dir='ltr'><strong>ripam</strong></span> <span class='ocrx_word' id='word_1_608' title='bbox 2963 3475 3204 3531; x_wconf 85' lang='lat' dir='ltr'><strong>fluminis</strong></span> <span class='ocrx_word' id='word_1_609' title='bbox 3249 3474 3458 3546; x_wconf 90' lang='lat' dir='ltr'><strong>reperit</strong></span> 
     </span>
    </p>
   </div>
   <div class='ocr_carea' id='block_1_85' title="bbox 1850 3569 3457 3643">
    <p class='ocr_par' dir='ltr' id='par_1_85' title="bbox 1850 3569 3457 3643">
     <span class='ocr_line' id='line_1_85' title="bbox 1850 3569 3457 3643; baseline -0.002 -15"><span class='ocrx_word' id='word_1_610' title='bbox 1850 3571 2171 3643; x_wconf 91' lang='lat' dir='ltr'><strong>impeditum</strong></span> <span class='ocrx_word' id='word_1_611' title='bbox 2199 3571 2451 3639; x_wconf 89' lang='lat' dir='ltr'><strong>transitu,</strong></span> <span class='ocrx_word' id='word_1_612' title='bbox 2485 3569 2629 3642; x_wconf 90' lang='lat' dir='ltr'><strong>quod</strong></span> <span class='ocrx_word' id='word_1_613' title='bbox 2676 3579 2805 3626; x_wconf 91' lang='lat' dir='ltr'><strong>tunc</strong></span> <span class='ocrx_word' id='word_1_614' title='bbox 2831 3569 2970 3626; x_wconf 91' lang='lat' dir='ltr'><strong>forte</strong></span> <span class='ocrx_word' id='word_1_615' title='bbox 2999 3569 3290 3640; x_wconf 68' lang='lat' dir='ltr'><strong>praedictus</strong></span> <span class='ocrx_word' id='word_1_616' title='bbox 3337 3583 3457 3624; x_wconf 86' lang='lat' dir='ltr'><strong>am-</strong></span> 
     </span>
    </p>
   </div>
   <div class='ocr_carea' id='block_1_86' title="bbox 1849 3663 3452 3732">
    <p class='ocr_par' dir='ltr' id='par_1_86' title="bbox 1849 3663 3452 3732">
     <span class='ocr_line' id='line_1_86' title="bbox 1849 3663 3452 3732; baseline -0.001 -12"><span class='ocrx_word' id='word_1_617' title='bbox 1849 3663 1933 3720; x_wconf 86' lang='lat' dir='ltr'><strong>nis</strong></span> <span class='ocrx_word' id='word_1_618' title='bbox 1957 3664 2222 3720; x_wconf 91' lang='lat' dir='ltr'><strong>imbribus</strong></span> <span class='ocrx_word' id='word_1_619' title='bbox 2238 3674 2454 3732; x_wconf 90' lang='lat' dir='ltr'><strong>auctus,</strong></span> <span class='ocrx_word' id='word_1_620' title='bbox 2471 3674 2564 3720; x_wconf 92' lang='lat' dir='ltr'><strong>aut</strong></span> <span class='ocrx_word' id='word_1_621' title='bbox 2579 3663 2835 3719; x_wconf 90' lang='lat' dir='ltr'><strong>resolutis</strong></span> <span class='ocrx_word' id='word_1_622' title='bbox 2855 3663 3069 3720; x_wconf 83' lang='lat' dir='ltr'><strong>nivibus</strong></span> <span class='ocrx_word' id='word_1_623' title='bbox 3098 3664 3452 3719; x_wconf 89' lang='lat' dir='ltr'><strong>intumuerat.</strong></span> 
     </span>
    </p>
   </div>
   <div class='ocr_carea' id='block_1_87' title="bbox 1851 3755 3460 3826">
    <p class='ocr_par' dir='ltr' id='par_1_87' title="bbox 1851 3755 3460 3826">
     <span class='ocr_line' id='line_1_87' title="bbox 1851 3755 3460 3826; baseline -0.001 -14"><span class='ocrx_word' id='word_1_624' title='bbox 1851 3755 1922 3812; x_wconf 79' lang='lat' dir='ltr'><strong>At</strong></span> <span class='ocrx_word' id='word_1_625' title='bbox 1949 3757 2031 3811; x_wconf 92' lang='lat' dir='ltr'><strong>illi</strong></span> <span class='ocrx_word' id='word_1_626' title='bbox 2061 3757 2149 3811; x_wconf 91' lang='lat' dir='ltr'><strong>ubi</strong></span> <span class='ocrx_word' id='word_1_627' title='bbox 2179 3756 2457 3812; x_wconf 82' lang='lat' dir='ltr'><strong>Romanos</strong></span> <span class='ocrx_word' id='word_1_628' title='bbox 2477 3757 2671 3812; x_wconf 85' lang='lat' dir='ltr'><strong>adesse</strong></span> <span class='ocrx_word' id='word_1_629' title='bbox 2699 3755 2978 3823; x_wconf 80' lang='lat' dir='ltr'><strong>viderunt,</strong></span> <span class='ocrx_word' id='word_1_630' title='bbox 3008 3763 3202 3826; x_wconf 87' lang='lat' dir='ltr'><strong>parant</strong></span> <span class='ocrx_word' id='word_1_631' title='bbox 3223 3769 3368 3820; x_wconf 89' lang='lat' dir='ltr'><strong>sese,</strong></span> <span class='ocrx_word' id='word_1_632' title='bbox 3402 3763 3460 3810; x_wconf 90' lang='lat' dir='ltr'><strong>et</strong></span> 
     </span>
    </p>
   </div>
   <div class='ocr_carea' id='block_1_88' title="bbox 1853 3845 3458 3918">
    <p class='ocr_par' dir='ltr' id='par_1_88' title="bbox 1853 3845 3458 3918">
     <span class='ocr_line' id='line_1_88' title="bbox 1853 3845 3458 3918; baseline 0.001 -17"><span class='ocrx_word' id='word_1_633' title='bbox 1853 3848 1918 3903; x_wconf 90' lang='lat' dir='ltr'><strong>ad</strong></span> <span class='ocrx_word' id='word_1_634' title='bbox 1951 3847 2191 3904; x_wconf 83' lang='lat' dir='ltr'><strong>fluminis</strong></span> <span class='ocrx_word' id='word_1_635' title='bbox 2213 3863 2367 3903; x_wconf 91' lang='lat' dir='ltr'><strong>oram</strong></span> <span class='ocrx_word' id='word_1_636' title='bbox 2399 3849 2624 3918; x_wconf 90' lang='lat' dir='ltr'><strong>stipant.</strong></span> <span class='ocrx_word' id='word_1_637' title='bbox 2651 3847 2958 3902; x_wconf 86' lang='lat' dir='ltr'><strong>Necessitas</strong></span> <span class='ocrx_word' id='word_1_638' title='bbox 2990 3847 3286 3904; x_wconf 84' lang='lat' dir='ltr'><strong>intercluso</strong></span> <span class='ocrx_word' id='word_1_639' title='bbox 3315 3845 3458 3918; x_wconf 87' lang='lat' dir='ltr'><strong>fugae</strong></span> 
     </span>
    </p>
   </div>
   <div class='ocr_carea' id='block_1_89' title="bbox 1852 3939 3454 4012">
    <p class='ocr_par' dir='ltr' id='par_1_89' title="bbox 1852 3939 3454 4012">
     <span class='ocr_line' id='line_1_89' title="bbox 1852 3939 3454 4012; baseline -0.001 -14"><span class='ocrx_word' id='word_1_640' title='bbox 1852 3942 2117 4010; x_wconf 88' lang='lat' dir='ltr'><strong>subsidio,</strong></span> <span class='ocrx_word' id='word_1_641' title='bbox 2141 3942 2445 3998; x_wconf 89' lang='lat' dir='ltr'><strong>remedium</strong></span> <span class='ocrx_word' id='word_1_642' title='bbox 2476 3943 2530 3997; x_wconf 93' lang='lat' dir='ltr'><strong>in</strong></span> <span class='ocrx_word' id='word_1_643' title='bbox 2563 3957 2756 3997; x_wconf 90' lang='lat' dir='ltr'><strong>manus</strong></span> <span class='ocrx_word' id='word_1_644' title='bbox 2779 3942 2962 4010; x_wconf 88' lang='lat' dir='ltr'><strong>vertit,</strong></span> <span class='ocrx_word' id='word_1_645' title='bbox 2979 3950 3033 3998; x_wconf 92' lang='lat' dir='ltr'><strong>et</strong></span> <span class='ocrx_word' id='word_1_646' title='bbox 3063 3941 3264 4012; x_wconf 90' lang='lat' dir='ltr'><strong>impetu</strong></span> <span class='ocrx_word' id='word_1_647' title='bbox 3289 3939 3454 4008; x_wconf 89' lang='lat' dir='ltr'><strong>facto,</strong></span> 
     </span>
    </p>
   </div>
   <div class='ocr_carea' id='block_1_90' title="bbox 1855 4032 3458 4106">
    <p class='ocr_par' dir='ltr' id='par_1_90' title="bbox 1855 4032 3458 4106">
     <span class='ocr_line' id='line_1_90' title="bbox 1855 4032 3458 4106; baseline 0 -17"><span class='ocrx_word' id='word_1_648' title='bbox 1855 4035 2011 4090; x_wconf 92' lang='lat' dir='ltr'><strong>multi</strong></span> <span class='ocrx_word' id='word_1_649' title='bbox 2065 4049 2226 4105; x_wconf 88' lang='lat' dir='ltr'><strong>supra</strong></span> <span class='ocrx_word' id='word_1_650' title='bbox 2277 4035 2559 4105; x_wconf 92' lang='lat' dir='ltr'><strong>pauciores</strong></span> <span class='ocrx_word' id='word_1_651' title='bbox 2597 4036 2808 4106; x_wconf 89' lang='lat' dir='ltr'><strong>equites</strong></span> <span class='ocrx_word' id='word_1_652' title='bbox 2850 4033 3151 4089; x_wconf 90' lang='lat' dir='ltr'><strong>arietantur</strong></span> <span class='ocrx_word' id='word_1_653' title='bbox 3179 4049 3193 4087; x_wconf 88' lang='lat'><strong>:</strong></span> <span class='ocrx_word' id='word_1_654' title='bbox 3219 4032 3296 4088; x_wconf 92' lang='lat' dir='ltr'><strong>illi</strong></span> <span class='ocrx_word' id='word_1_655' title='bbox 3337 4041 3458 4090; x_wconf 86' lang='lat' dir='ltr'><strong>arte</strong></span> 
     </span>
    </p>
   </div>
   <div class='ocr_carea' id='block_1_91' title="bbox 1855 4125 3458 4197">
    <p class='ocr_par' dir='ltr' id='par_1_91' title="bbox 1855 4125 3458 4197">
     <span class='ocr_line' id='line_1_91' title="bbox 1855 4125 3458 4197; baseline -0.001 -14"><span class='ocrx_word' id='word_1_656' title='bbox 1855 4137 1983 4183; x_wconf 92' lang='lat' dir='ltr'><strong>nota</strong></span> <span class='ocrx_word' id='word_1_657' title='bbox 2010 4136 2062 4183; x_wconf 92' lang='lat' dir='ltr'><strong>et</strong></span> <span class='ocrx_word' id='word_1_658' title='bbox 2087 4127 2261 4182; x_wconf 76' lang='lat' dir='ltr'><strong>Veturi</strong></span> <span class='ocrx_word' id='word_1_659' title='bbox 2285 4127 2489 4182; x_wconf 74' lang='lat' dir='ltr'><strong>militia:</strong></span> <span class='ocrx_word' id='word_1_660' title='bbox 2520 4141 2670 4182; x_wconf 89' lang='lat' dir='ltr'><strong>more</strong></span> <span class='ocrx_word' id='word_1_661' title='bbox 2702 4127 3148 4197; x_wconf 88' lang='lat' dir='ltr'><strong>interequitantes</strong></span> <span class='ocrx_word' id='word_1_662' title='bbox 3177 4125 3386 4182; x_wconf 87' lang='lat' dir='ltr'><strong>disseca</strong></span> <span class='ocrx_word' id='word_1_663' title='bbox 3399 4139 3458 4182; x_wconf 91' lang='lat' dir='ltr'><strong>re</strong></span> 
     </span>
    </p>
   </div>
   <div class='ocr_carea' id='block_1_92' title="bbox 1854 4217 3458 4291">
    <p class='ocr_par' dir='ltr' id='par_1_92' title="bbox 1854 4217 3458 4291">
     <span class='ocr_line' id='line_1_92' title="bbox 1854 4217 3458 4291; baseline 0.001 -16"><span class='ocrx_word' id='word_1_664' title='bbox 1854 4217 2092 4275; x_wconf 90' lang='lat' dir='ltr'><strong>hostium</strong></span> <span class='ocrx_word' id='word_1_665' title='bbox 2120 4234 2375 4285; x_wconf 92' lang='lat' dir='ltr'><strong>cuneum,</strong></span> <span class='ocrx_word' id='word_1_666' title='bbox 2426 4218 2731 4275; x_wconf 89' lang='lat' dir='ltr'><strong>dissolvere</strong></span> <span class='ocrx_word' id='word_1_667' title='bbox 2784 4219 2998 4291; x_wconf 87' lang='lat' dir='ltr'><strong>globos,</strong></span> <span class='ocrx_word' id='word_1_668' title='bbox 3031 4217 3210 4274; x_wconf 90' lang='lat' dir='ltr'><strong>fessos</strong></span> <span class='ocrx_word' id='word_1_669' title='bbox 3236 4234 3458 4289; x_wconf 88' lang='lat' dir='ltr'><strong>urgere,</strong></span> 
     </span>
    </p>
   </div>
   <div class='ocr_carea' id='block_1_93' title="bbox 1854 4311 3460 4384">
    <p class='ocr_par' dir='ltr' id='par_1_93' title="bbox 1854 4311 3460 4384">
     <span class='ocr_line' id='line_1_93' title="bbox 1854 4311 3460 4384; baseline 0 -14"><span class='ocrx_word' id='word_1_670' title='bbox 1854 4311 2111 4370; x_wconf 90' lang='lat' dir='ltr'><strong>cedentes</strong></span> <span class='ocrx_word' id='word_1_671' title='bbox 2151 4314 2302 4384; x_wconf 89' lang='lat' dir='ltr'><strong>sequi</strong></span> <span class='ocrx_word' id='word_1_672' title='bbox 2327 4326 2584 4384; x_wconf 68' lang='lat' dir='ltr'><strong>coepere:</strong></span> <span class='ocrx_word' id='word_1_673' title='bbox 2617 4312 2744 4369; x_wconf 84' lang='lat' dir='ltr'><strong>hinc</strong></span> <span class='ocrx_word' id='word_1_674' title='bbox 2783 4311 2872 4368; x_wconf 92' lang='lat' dir='ltr'><strong>alii</strong></span> <span class='ocrx_word' id='word_1_675' title='bbox 2901 4311 3049 4368; x_wconf 88' lang='lat' dir='ltr'><strong>ferro</strong></span> <span class='ocrx_word' id='word_1_676' title='bbox 3076 4312 3340 4378; x_wconf 86' lang='lat' dir='ltr'><strong>hostium,</strong></span> <span class='ocrx_word' id='word_1_677' title='bbox 3364 4313 3460 4370; x_wconf 90' lang='lat' dir='ltr'><strong>alii</strong></span> 
     </span>
    </p>
   </div>
   <div class='ocr_carea' id='block_1_94' title="bbox 1855 4404 3462 4478">
    <p class='ocr_par' dir='ltr' id='par_1_94' title="bbox 1855 4404 3462 4478">
     <span class='ocr_line' id='line_1_94' title="bbox 1855 4404 3462 4478; baseline -0.001 -16"><span class='ocrx_word' id='word_1_678' title='bbox 1855 4420 1978 4473; x_wconf 82' lang='lat' dir='ltr'><strong>suo,</strong></span> <span class='ocrx_word' id='word_1_679' title='bbox 2010 4404 2156 4477; x_wconf 90' lang='lat' dir='ltr'><strong>quod</strong></span> <span class='ocrx_word' id='word_1_680' title='bbox 2201 4404 2431 4462; x_wconf 87' lang='lat' dir='ltr'><strong>conferti</strong></span> <span class='ocrx_word' id='word_1_681' title='bbox 2463 4405 2517 4462; x_wconf 91' lang='lat' dir='ltr'><strong>in</strong></span> <span class='ocrx_word' id='word_1_682' title='bbox 2542 4421 2710 4462; x_wconf 92' lang='lat' dir='ltr'><strong>unum</strong></span> <span class='ocrx_word' id='word_1_683' title='bbox 2735 4413 2896 4478; x_wconf 88' lang='lat' dir='ltr'><strong>atque</strong></span> <span class='ocrx_word' id='word_1_684' title='bbox 2923 4406 2976 4462; x_wconf 94' lang='lat' dir='ltr'><strong>in</strong></span> <span class='ocrx_word' id='word_1_685' title='bbox 2999 4421 3059 4462; x_wconf 88' lang='lat' dir='ltr'><strong>se</strong></span> <span class='ocrx_word' id='word_1_686' title='bbox 3090 4405 3238 4462; x_wconf 88' lang='lat' dir='ltr'><strong>relisi</strong></span> <span class='ocrx_word' id='word_1_687' title='bbox 3279 4406 3462 4461; x_wconf 82' lang='lat' dir='ltr'><strong>incur—</strong></span> 
     </span>
    </p>
   </div>
   <div class='ocr_carea' id='block_1_95' title="bbox 1855 4497 3466 4571">
    <p class='ocr_par' dir='ltr' id='par_1_95' title="bbox 1855 4497 3466 4571">
     <span class='ocr_line' id='line_1_95' title="bbox 1855 4497 3466 4571; baseline 0 -15"><span class='ocrx_word' id='word_1_688' title='bbox 1855 4507 2062 4567; x_wconf 87' lang='lat' dir='ltr'><strong>rerant,</strong></span> <span class='ocrx_word' id='word_1_689' title='bbox 2097 4498 2588 4556; x_wconf 84' lang='lat' dir='ltr'><strong>interficiebantur.</strong></span> <span class='ocrx_word' id='word_1_690' title='bbox 2630 4499 2738 4554; x_wconf 87' lang='lat' dir='ltr'><strong>Alii</strong></span> <span class='ocrx_word' id='word_1_691' title='bbox 2766 4499 2817 4554; x_wconf 93' lang='lat' dir='ltr'><strong>in</strong></span> <span class='ocrx_word' id='word_1_692' title='bbox 2847 4497 3048 4555; x_wconf 82' lang='lat' dir='ltr'><strong>flumen</strong></span> <span class='ocrx_word' id='word_1_693' title='bbox 3095 4499 3350 4567; x_wconf 88' lang='lat' dir='ltr'><strong>ruebant,</strong></span> <span class='ocrx_word' id='word_1_694' title='bbox 3370 4499 3466 4571; x_wconf 88' lang='lat' dir='ltr'><strong>qui</strong></span> 
     </span>
    </p>
   </div>
   <div class='ocr_carea' id='block_1_96' title="bbox 1856 4592 3466 4665">
    <p class='ocr_par' dir='ltr' id='par_1_96' title="bbox 1856 4592 3466 4665">
     <span class='ocr_line' id='line_1_96' title="bbox 1856 4592 3466 4665; baseline 0 -16"><span class='ocrx_word' id='word_1_695' title='bbox 1856 4593 1972 4665; x_wconf 91' lang='lat' dir='ltr'><strong>ipsa</strong></span> <span class='ocrx_word' id='word_1_696' title='bbox 2002 4593 2086 4648; x_wconf 91' lang='lat' dir='ltr'><strong>sui</strong></span> <span class='ocrx_word' id='word_1_697' title='bbox 2117 4592 2294 4660; x_wconf 90' lang='lat' dir='ltr'><strong>ruina,</strong></span> <span class='ocrx_word' id='word_1_698' title='bbox 2327 4600 2384 4648; x_wconf 91' lang='lat' dir='ltr'><strong>et</strong></span> <span class='ocrx_word' id='word_1_699' title='bbox 2419 4592 2564 4647; x_wconf 89' lang='lat' dir='ltr'><strong>alius</strong></span> <span class='ocrx_word' id='word_1_700' title='bbox 2593 4592 2704 4648; x_wconf 91' lang='lat' dir='ltr'><strong>alio</strong></span> <span class='ocrx_word' id='word_1_701' title='bbox 2760 4593 3012 4664; x_wconf 91' lang='lat' dir='ltr'><strong>impliciti</strong></span> <span class='ocrx_word' id='word_1_702' title='bbox 3064 4592 3466 4664; x_wconf 86' lang='lat' dir='ltr'><strong>demergeban-</strong></span> 
     </span>
    </p>
   </div>
   <div class='ocr_carea' id='block_1_97' title="bbox 1776 4683 3463 4759">
    <p class='ocr_par' dir='ltr' id='par_1_97' title="bbox 1776 4683 3463 4759">
     <span class='ocr_line' id='line_1_97' title="bbox 1776 4683 3463 4759; baseline -0.001 -14"><span class='ocrx_word' id='word_1_703' title='bbox 1776 4683 1828 4745; x_wconf 88' lang='lat' dir='ltr'><strong>D</strong></span> <span class='ocrx_word' id='word_1_704' title='bbox 1857 4695 1963 4742; x_wconf 91' lang='lat' dir='ltr'><strong>tur.</strong></span> <span class='ocrx_word' id='word_1_705' title='bbox 1990 4685 2241 4757; x_wconf 90' lang='lat' dir='ltr'><strong>Plerique</strong></span> <span class='ocrx_word' id='word_1_706' title='bbox 2278 4686 2446 4743; x_wconf 84' lang='lat' dir='ltr'><strong>etiam</strong></span> <span class='ocrx_word' id='word_1_707' title='bbox 2475 4687 2831 4756; x_wconf 78' lang='lat' dir='ltr'><strong>:estimantes,</strong></span> <span class='ocrx_word' id='word_1_708' title='bbox 2855 4686 2999 4757; x_wconf 90' lang='lat' dir='ltr'><strong>quod</strong></span> <span class='ocrx_word' id='word_1_709' title='bbox 3046 4696 3273 4759; x_wconf 85' lang='lat' dir='ltr'><strong>possent</strong></span> <span class='ocrx_word' id='word_1_710' title='bbox 3323 4703 3463 4758; x_wconf 72' lang='lat' dir='ltr'><strong>prte-</strong></span> 
     </span>
    </p>
   </div>
   <div class='ocr_carea' id='block_1_98' title="bbox 1853 4778 3468 4852">
    <p class='ocr_par' dir='ltr' id='par_1_98' title="bbox 1853 4778 3468 4852">
     <span class='ocr_line' id='line_1_98' title="bbox 1853 4778 3468 4852; baseline 0.002 -18"><span class='ocrx_word' id='word_1_711' title='bbox 1853 4779 2114 4852; x_wconf 87' lang='lat' dir='ltr'><strong>tergredi,</strong></span> <span class='ocrx_word' id='word_1_712' title='bbox 2139 4793 2260 4835; x_wconf 90' lang='lat' dir='ltr'><strong>sese</strong></span> <span class='ocrx_word' id='word_1_713' title='bbox 2287 4779 2454 4836; x_wconf 83' lang='lat' dir='ltr'><strong>ﬂuvio</strong></span> <span class='ocrx_word' id='word_1_714' title='bbox 2479 4778 2700 4836; x_wconf 87' lang='lat' dir='ltr'><strong>dabant.</strong></span> <span class='ocrx_word' id='word_1_715' title='bbox 2724 4780 2870 4850; x_wconf 86' lang='lat' dir='ltr'><strong>Quos</strong></span> <span class='ocrx_word' id='word_1_716' title='bbox 2901 4780 3179 4852; x_wconf 89' lang='lat' dir='ltr'><strong>paululum</strong></span> <span class='ocrx_word' id='word_1_717' title='bbox 3212 4795 3468 4852; x_wconf 89' lang='lat' dir='ltr'><strong>progres-</strong></span> 
     </span>
    </p>
   </div>
   <div class='ocr_carea' id='block_1_99' title="bbox 1855 4870 3464 4943">
    <p class='ocr_par' dir='ltr' id='par_1_99' title="bbox 1855 4870 3464 4943">
     <span class='ocr_line' id='line_1_99' title="bbox 1855 4870 3464 4943; baseline 0.001 -16"><span class='ocrx_word' id='word_1_718' title='bbox 1855 4886 1948 4927; x_wconf 90' lang='lat' dir='ltr'><strong>sos</strong></span> <span class='ocrx_word' id='word_1_719' title='bbox 1976 4870 2233 4926; x_wconf 89' lang='lat' dir='ltr'><strong>sorbebat</strong></span> <span class='ocrx_word' id='word_1_720' title='bbox 2282 4871 2556 4943; x_wconf 85' lang='lat' dir='ltr'><strong>gurgitum</strong></span> <span class='ocrx_word' id='word_1_721' title='bbox 2587 4871 2670 4928; x_wconf 90' lang='lat' dir='ltr'><strong>vis</strong></span> <span class='ocrx_word' id='word_1_722' title='bbox 2698 4881 2791 4927; x_wconf 90' lang='lat' dir='ltr'><strong>aut</strong></span> <span class='ocrx_word' id='word_1_723' title='bbox 2834 4870 3118 4928; x_wconf 82' lang='lat' dir='ltr'><strong>fluminum</strong></span> <span class='ocrx_word' id='word_1_724' title='bbox 3147 4871 3285 4929; x_wconf 90' lang='lat' dir='ltr'><strong>ictus</strong></span> <span class='ocrx_word' id='word_1_725' title='bbox 3312 4872 3464 4928; x_wconf 82' lang='lat' dir='ltr'><strong>abri-</strong></span> 
     </span>
    </p>
   </div>
   <div class='ocr_carea' id='block_1_100' title="bbox 1856 4963 3469 5038">
    <p class='ocr_par' dir='ltr' id='par_1_100' title="bbox 1856 4963 3469 5038">
     <span class='ocr_line' id='line_1_100' title="bbox 1856 4963 3469 5038; baseline 0.003 -20"><span class='ocrx_word' id='word_1_726' title='bbox 1856 4963 2060 5035; x_wconf 89' lang='lat' dir='ltr'><strong>piebat.</strong></span> <span class='ocrx_word' id='word_1_727' title='bbox 2086 4963 2155 5018; x_wconf 84' lang='lat' dir='ltr'><strong>Et</strong></span> <span class='ocrx_word' id='word_1_728' title='bbox 2177 4963 2224 5019; x_wconf 91' lang='lat' dir='ltr'><strong>si</strong></span> <span class='ocrx_word' id='word_1_729' title='bbox 2253 4964 2346 5036; x_wconf 89' lang='lat' dir='ltr'><strong>qui</strong></span> <span class='ocrx_word' id='word_1_730' title='bbox 2401 4963 2622 5020; x_wconf 90' lang='lat' dir='ltr'><strong>natandi</strong></span> <span class='ocrx_word' id='word_1_731' title='bbox 2652 4980 2752 5022; x_wconf 91' lang='lat' dir='ltr'><strong>usu</strong></span> <span class='ocrx_word' id='word_1_732' title='bbox 2792 4979 2959 5038; x_wconf 89' lang='lat' dir='ltr'><strong>super</strong></span> <span class='ocrx_word' id='word_1_733' title='bbox 2985 4979 3156 5038; x_wconf 89' lang='lat' dir='ltr'><strong>aquas</strong></span> <span class='ocrx_word' id='word_1_734' title='bbox 3184 4979 3469 5038; x_wconf 86' lang='lat' dir='ltr'><strong>processe-</strong></span> 
     </span>
    </p>
   </div>
   <div class='ocr_carea' id='block_1_101' title="bbox 1859 5054 3466 5131">
    <p class='ocr_par' dir='ltr' id='par_1_101' title="bbox 1859 5054 3466 5131">
     <span class='ocr_line' id='line_1_101' title="bbox 1859 5054 3466 5131; baseline 0.001 -20"><span class='ocrx_word' id='word_1_735' title='bbox 1859 5065 2003 5124; x_wconf 88' lang='lat' dir='ltr'><strong>rant,</strong></span> <span class='ocrx_word' id='word_1_736' title='bbox 2035 5064 2127 5111; x_wconf 92' lang='lat' dir='ltr'><strong>aut</strong></span> <span class='ocrx_word' id='word_1_737' title='bbox 2146 5054 2365 5113; x_wconf 82' lang='lat' dir='ltr'><strong>fluentis</strong></span> <span class='ocrx_word' id='word_1_738' title='bbox 2405 5057 2906 5116; x_wconf 89' lang='lat' dir='ltr'><strong>subterlabentibus</strong></span> <span class='ocrx_word' id='word_1_739' title='bbox 2955 5074 3017 5116; x_wconf 87' lang='lat' dir='ltr'><strong>se</strong></span> <span class='ocrx_word' id='word_1_740' title='bbox 3043 5059 3466 5131; x_wconf 88' lang='lat' dir='ltr'><strong>suspenderant,</strong></span> 
     </span>
    </p>
   </div>
   <div class='ocr_carea' id='block_1_102' title="bbox 1861 5149 3470 5224">
    <p class='ocr_par' dir='ltr' id='par_1_102' title="bbox 1861 5149 3470 5224">
     <span class='ocr_line' id='line_1_102' title="bbox 1861 5149 3470 5224; baseline 0.003 -22"><span class='ocrx_word' id='word_1_741' title='bbox 1861 5159 1954 5203; x_wconf 91' lang='lat' dir='ltr'><strong>aut</strong></span> <span class='ocrx_word' id='word_1_742' title='bbox 1985 5149 2246 5205; x_wconf 88' lang='lat' dir='ltr'><strong>arborum</strong></span> <span class='ocrx_word' id='word_1_743' title='bbox 2273 5151 2440 5206; x_wconf 91' lang='lat' dir='ltr'><strong>ramis</strong></span> <span class='ocrx_word' id='word_1_744' title='bbox 2471 5150 2740 5222; x_wconf 89' lang='lat' dir='ltr'><strong>impediti,</strong></span> <span class='ocrx_word' id='word_1_745' title='bbox 2784 5151 2878 5224; x_wconf 90' lang='lat' dir='ltr'><strong>qui</strong></span> <span class='ocrx_word' id='word_1_746' title='bbox 2925 5152 3090 5209; x_wconf 82' lang='lat' dir='ltr'><strong>fluvio</strong></span> <span class='ocrx_word' id='word_1_747' title='bbox 3119 5152 3470 5210; x_wconf 85' lang='lat' dir='ltr'><strong>deduceban-</strong></span> 
     </span>
    </p>
   </div>
   <div class='ocr_carea' id='block_1_103' title="bbox 1863 5241 3473 5318">
    <p class='ocr_par' dir='ltr' id='par_1_103' title="bbox 1863 5241 3473 5318">
     <span class='ocr_line' id='line_1_103' title="bbox 1863 5241 3473 5318; baseline 0.004 -23"><span class='ocrx_word' id='word_1_748' title='bbox 1863 5249 1974 5308; x_wconf 85' lang='lat' dir='ltr'><strong>tur,</strong></span> <span class='ocrx_word' id='word_1_749' title='bbox 2005 5249 2100 5295; x_wconf 91' lang='lat' dir='ltr'><strong>aut</strong></span> <span class='ocrx_word' id='word_1_750' title='bbox 2124 5241 2258 5312; x_wconf 90' lang='lat' dir='ltr'><strong>ipsis</strong></span> <span class='ocrx_word' id='word_1_751' title='bbox 2277 5243 2598 5300; x_wconf 86' lang='lat' dir='ltr'><strong>caudicibus</strong></span> <span class='ocrx_word' id='word_1_752' title='bbox 2628 5245 2899 5316; x_wconf 90' lang='lat' dir='ltr'><strong>oppressi,</strong></span> <span class='ocrx_word' id='word_1_753' title='bbox 2923 5247 3160 5303; x_wconf 89' lang='lat' dir='ltr'><strong>animam</strong></span> <span class='ocrx_word' id='word_1_754' title='bbox 3191 5245 3473 5318; x_wconf 90' lang='lat' dir='ltr'><strong>ponebant</strong></span> 
     </span>
    </p>
   </div>
   <div class='ocr_carea' id='block_1_104' title="bbox 1864 5333 3476 5408">
    <p class='ocr_par' dir='ltr' id='par_1_104' title="bbox 1864 5333 3476 5408">
     <span class='ocr_line' id='line_1_104' title="bbox 1864 5333 3476 5408; baseline 0.004 -20"><span class='ocrx_word' id='word_1_755' title='bbox 1864 5334 1918 5389; x_wconf 90' lang='lat' dir='ltr'><strong>in</strong></span> <span class='ocrx_word' id='word_1_756' title='bbox 1948 5333 2197 5391; x_wconf 84' lang='lat' dir='ltr'><strong>flumine.</strong></span> <span class='ocrx_word' id='word_1_757' title='bbox 2231 5336 2390 5408; x_wconf 68' lang='lat' dir='ltr'><strong>Saepe</strong></span> <span class='ocrx_word' id='word_1_758' title='bbox 2415 5337 2580 5394; x_wconf 91' lang='lat' dir='ltr'><strong>etiam</strong></span> <span class='ocrx_word' id='word_1_759' title='bbox 2632 5339 2798 5396; x_wconf 91' lang='lat' dir='ltr'><strong>nandi</strong></span> <span class='ocrx_word' id='word_1_760' title='bbox 2850 5340 3130 5408; x_wconf 90' lang='lat' dir='ltr'><strong>indoctus,</strong></span> <span class='ocrx_word' id='word_1_761' title='bbox 3161 5340 3253 5397; x_wconf 91' lang='lat' dir='ltr'><strong>ubi</strong></span> <span class='ocrx_word' id='word_1_762' title='bbox 3286 5348 3476 5395; x_wconf 82' lang='lat' dir='ltr'><strong>natan-</strong></span> 
     </span>
    </p>
   </div>
   <div class='ocr_carea' id='block_1_105' title="bbox 1865 5427 3470 5507">
    <p class='ocr_par' dir='ltr' id='par_1_105' title="bbox 1865 5427 3470 5507">
     <span class='ocr_line' id='line_1_105' title="bbox 1865 5427 3470 5507; baseline 0.002 -25"><span class='ocrx_word' id='word_1_763' title='bbox 1865 5436 1970 5482; x_wconf 91' lang='lat' dir='ltr'><strong>tem</strong></span> <span class='ocrx_word' id='word_1_764' title='bbox 1998 5427 2479 5498; x_wconf 88' lang='lat' dir='ltr'><strong>apprehendisset,</strong></span> <span class='ocrx_word' id='word_1_765' title='bbox 2516 5431 2756 5502; x_wconf 89' lang='lat' dir='ltr'><strong>tenebat,</strong></span> <span class='ocrx_word' id='word_1_766' title='bbox 2784 5443 2846 5490; x_wconf 93' lang='lat' dir='ltr'><strong>ut</strong></span> <span class='ocrx_word' id='word_1_767' title='bbox 2868 5435 2984 5505; x_wconf 90' lang='lat' dir='ltr'><strong>ipse</strong></span> <span class='ocrx_word' id='word_1_768' title='bbox 3032 5434 3240 5507; x_wconf 90' lang='lat' dir='ltr'><strong>pariter</strong></span> <span class='ocrx_word' id='word_1_769' title='bbox 3265 5432 3470 5488; x_wconf 82' lang='lat' dir='ltr'><strong>evade-</strong></span> 
     </span>
    </p>
   </div>
   <div class='ocr_carea' id='block_1_106' title="bbox 1863 5521 3471 5598">
    <p class='ocr_par' dir='ltr' id='par_1_106' title="bbox 1863 5521 3471 5598">
     <span class='ocr_line' id='line_1_106' title="bbox 1863 5521 3471 5598; baseline 0.001 -22"><span class='ocrx_word' id='word_1_770' title='bbox 1863 5528 1974 5587; x_wconf 85' lang='lat' dir='ltr'><strong>ret,</strong></span> <span class='ocrx_word' id='word_1_771' title='bbox 1997 5528 2053 5575; x_wconf 92' lang='lat' dir='ltr'><strong>et</strong></span> <span class='ocrx_word' id='word_1_772' title='bbox 2077 5521 2364 5579; x_wconf 88' lang='lat' dir='ltr'><strong>astrictum</strong></span> <span class='ocrx_word' id='word_1_773' title='bbox 2395 5523 2634 5581; x_wconf 87' lang='lat' dir='ltr'><strong>brachiis</strong></span> <span class='ocrx_word' id='word_1_774' title='bbox 2658 5525 3007 5598; x_wconf 87' lang='lat' dir='ltr'><strong>defatigabat,</strong></span> <span class='ocrx_word' id='word_1_775' title='bbox 3041 5526 3218 5581; x_wconf 91' lang='lat' dir='ltr'><strong>donec</strong></span> <span class='ocrx_word' id='word_1_776' title='bbox 3240 5531 3471 5593; x_wconf 85' lang='lat' dir='ltr'><strong>uterque</strong></span> 
     </span>
    </p>
   </div>
   <div class='ocr_carea' id='block_1_107' title="bbox 1863 5614 3482 5690">
    <p class='ocr_par' dir='ltr' id='par_1_107' title="bbox 1863 5614 3482 5690">
     <span class='ocr_line' id='line_1_107' title="bbox 1863 5614 3482 5690; baseline 0.003 -21"><span class='ocrx_word' id='word_1_777' title='bbox 1863 5626 2103 5682; x_wconf 87' lang='lat' dir='ltr'><strong>mersus,</strong></span> <span class='ocrx_word' id='word_1_778' title='bbox 2121 5614 2282 5674; x_wconf 89' lang='lat' dir='ltr'><strong>alteri</strong></span> <span class='ocrx_word' id='word_1_779' title='bbox 2329 5617 2500 5675; x_wconf 86' lang='lat' dir='ltr'><strong>exitio</strong></span> <span class='ocrx_word' id='word_1_780' title='bbox 2543 5616 2705 5678; x_wconf 89' lang='lat' dir='ltr'><strong>foret.</strong></span> <span class='ocrx_word' id='word_1_781' title='bbox 2729 5618 2803 5677; x_wconf 85' lang='lat' dir='ltr'><strong>At</strong></span> <span class='ocrx_word' id='word_1_782' title='bbox 2825 5619 2874 5677; x_wconf 85' lang='lat' dir='ltr'><strong>si</strong></span> <span class='ocrx_word' id='word_1_783' title='bbox 2908 5618 3002 5690; x_wconf 88' lang='lat' dir='ltr'><strong>qui</strong></span> <span class='ocrx_word' id='word_1_784' title='bbox 3046 5617 3190 5674; x_wconf 88' lang='lat' dir='ltr'><strong>forte</strong></span> <span class='ocrx_word' id='word_1_785' title='bbox 3230 5614 3482 5674; x_wconf 88' lang='lat' dir='ltr'><strong>secundo</strong></span> 
     </span>
    </p>
   </div>
   <div class='ocr_carea' id='block_1_108' title="bbox 1948 5791 2385 5868">
    <p class='ocr_par' dir='ltr' id='par_1_108' title="bbox 1948 5791 2385 5868">
     <span class='ocr_line' id='line_1_108' title="bbox 1948 5791 2385 5868; baseline 0.014 -19"><span class='ocrx_word' id='word_1_786' title='bbox 1948 5791 1979 5832; x_wconf 70' lang='grc' dir='ltr'>δ</span> <span class='ocrx_word' id='word_1_787' title='bbox 1999 5793 2281 5868; x_wconf 73' lang='lat' dir='ltr'><strong>Aggerem.</strong></span> <span class='ocrx_word' id='word_1_788' title='bbox 2307 5799 2385 5859; x_wconf 76' lang='lat' dir='ltr'><strong>In.</strong></span> 
     </span>
    </p>
   </div>
  </div>
