4112 6350
645 263 789 325 ills

635 480 870 552 sagittis,
923 498 987 537 ac
1038 483 1219 540 subito
1269 485 1579 556 resupinus,
1612 490 1954 547 cessantibus
1984 492 2240 550 brachio-

634 589 757 633 rum
825 577 1067 648 remigiis
1096 619 1112 645 ,
1166 578 1442 636 interibat.
1470 581 1647 638 Fuere
1693 585 1878 651 etiam,
1911 589 2001 657 qui
2051 598 2242 648 natare

636 668 839 734 nescii,
892 668 1020 725 dum
1066 681 1345 742 expertem
1395 673 1606 732 doloris
1648 687 1878 733 mortem
1931 680 2237 753 requirunt,

630 761 780 821 edito
809 763 1046 833 riparum
1082 775 1224 834 toro,
1276 768 1330 824 in
1362 767 1586 827 ﬂuvium
1613 784 1673 829 se
1702 784 2021 831 excuterem
2045 776 2238 832 volun-

632 858 775 915 tarii.
809 857 916 915 Alii
938 874 1172 917 arenoso
1195 861 1425 932 ingressi
1455 864 1661 931 littore,
1686 882 1865 924 merso
1893 870 2123 941 vestigio
2143 871 2239 929 de-

628 951 1050 1020 primebantur:
1094 956 1337 1026 plerique
1387 957 1551 1014 etiam
1594 975 1849 1018 saxorum
1877 966 2129 1020 teretium
2155 965 2237 1021 lu-

635 1043 784 1103 brieo
806 1055 899 1101 aut
953 1047 1173 1107 vadosis
1198 1048 1393 1107 oll'eusi
1446 1052 1602 1119 locis,
1639 1054 1875 1111 instabili
1910 1056 2236 1117 ﬂuctuantes

626 1139 820 1209 gradu,
852 1140 1070 1197 liuentis
1098 1145 1456 1213 sequentibus
1483 1147 1876 1204 obruebantur.
1901 1149 2054 1208 Cresa
2086 1150 2236 1209 ferro

630 1233 893 1290 tredecim
922 1237 1091 1292 millia
1124 1255 1138 1291 :
1164 1237 1587 1297 innumerabilis
1606 1248 1788 1297 autem
1816 1244 2106 1299 multitudo
2133 1243 2235 1301 ﬂu-

625 1329 715 1387 vio
759 1342 1105 1403 consumpta,
1128 1334 1317 1404 praeda
1345 1335 1537 1405 ingens
1559 1334 1627 1392 de
1656 1336 1839 1392 ovium
1870 1339 2147 1407 gregibus,
2178 1348 2233 1395 et

624 1428 961 1485 camelorum
1015 1435 1183 1499 atque
1230 1430 1513 1487 asinorum
1565 1439 1621 1486 ct
1669 1430 1834 1488 boum
1870 1442 2018 1503 parta
2055 1449 2069 1500 ;
2110 1449 2232 1503 qua:

620 1518 749 1576 licet
800 1530 1014 1591 strages
1043 1520 1326 1578 hominum
1385 1523 1620 1581 maxima
1676 1523 1860 1591 fuerit,
1892 1524 1920 1565 1³
1955 1536 2065 1582 tum
2097 1543 2233 1583 vero

620 1613 794 1682 major
824 1614 1224 1683 aestimabatur,
1252 1616 1379 1688 quia
1422 1634 1529 1675 non
1555 1617 1731 1675 solum
1758 1619 1908 1691 regio
1935 1621 2117 1679 omnis
2146 1636 2233 1679 re-

620 1707 769 1778 pleta
816 1716 935 1767 erat
991 1709 1355 1766 cadaveribus
1391 1709 1646 1769 humanis
1700 1712 1845 1786 (cum
1901 1711 2132 1784 dispersi
2165 1728 2232 1772 ac

1988 268 2234 343 SANCTi
2274 272 2599 341 AMBROSII

638 403 798 444 attlilc
824 387 1121 446 decurrens
1159 406 1422 448 evasurus
1462 393 1852 465 aestimaretur,
1877 406 1905 437 α
1932 397 2244 458 irruebatiir
2268 403 2319 462 A
2348 423 2483 491 pem
2515 463 2530 488 ,
2584 437 2706 493 quae
2748 424 2818 480 de
2875 426 3031 497 aquis
3069 428 3262 487 calidis

3756 295 3867 364 Illo

3309 435 3614 494 vocabulum
3661 449 3866 516 sumpsit,

2345 515 2489 585 quod
2518 532 2779 587 aquarum
2811 535 2981 587 vapor
2997 520 3135 595 Syro
3164 541 3414 584 sermone
3446 532 3690 590 Amathus
3722 543 3870 610 appel-

2342 609 2439 664 lari
2466 610 2657 666 fertur.
2691 613 2943 671 Thermas
2967 632 3095 689 ergo
3123 619 3309 678 Graece
3347 624 3558 694 dicitur,
3584 643 3644 685 eo
3664 609 3872 701 quodca-

2346 703 2511 758 lidum
2545 704 2750 762 fontem
2801 707 2997 764 habeat
3036 711 3177 767 intra
3227 730 3428 773 muros.
3457 717 3650 777 Deinde
3691 737 3774 794 per
3794 725 3870 783 Sa-

2342 798 2567 852 mariam
2598 798 2750 869 juxta
2779 800 3065 871 Neapolim
3100 805 3153 861 in
3212 806 3461 866 Hiericho
3508 816 3776 879 contendit,
3803 819 3871 875 ubi

2339 891 2580 946 occurrit
2609 892 2660 948 ei
2706 892 2975 965 Trajanus
3024 898 3249 954 multam
3284 918 3496 960 manum
3535 921 3705 977 agens,
3726 925 3785 965 ex
3808 910 3872 968 his

2339 983 2428 1053 qui
2456 986 2595 1041 ultra
2632 986 2925 1045 Iordanem
2973 992 3063 1047 siti
3107 993 3309 1051 Perreaz
3355 1000 3583 1070 regionis
3628 1005 3802 1074 populi,
3830 1009 3871 1062 in

2336 1075 2597 1134 ditionem
2630 1080 2928 1139 Romanam
2961 1086 3084 1141 victi
3135 1098 3493 1147 reverterant.
3526 1091 3709 1149 Nuntio
3732 1097 3874 1169 itaque

2335 1171 2677 1229 advenientis
2704 1174 2930 1231 Romani
2958 1180 3231 1235 exercitus
3273 1183 3514 1253 plerique
3542 1200 3603 1240 ex
3636 1187 3752 1242 urbe
3772 1189 3872 1244 Hie-

2335 1257 2515 1324 richo,
2547 1261 2693 1330 quod
2721 1274 2842 1318 eam
2866 1263 3096 1321 intutam
3138 1266 3409 1335 viderent,
3440 1272 3491 1326 in
3523 1282 3750 1328 montana
3778 1275 3874 1332 llic-

2336 1350 2742 1424 rosolymitanzn
2794 1359 3037 1429 regionis
3089 1376 3214 1417 sese
3263 1365 3615 1421 contulerant.
3662 1367 3877 1427 Resides-

2335 1442 2468 1501 tinm
2499 1448 2654 1502 turba
2685 1449 2869 1506 omnis
2912 1457 3267 1512 consumitur.
3309 1458 3491 1532 Neque
3517 1463 3651 1517 enim
3698 1463 3874 1521 dillicile

2336 1536 2438 1593 init
2488 1543 2677 1601 urbem
2727 1558 3020 1618 properato
3064 1551 3204 1622 capi,
3229 1567 3350 1624 qua)
3378 1569 3478 1610 nec
3522 1558 3733 1612 naturali
3769 1557 3873 1615 fulta

2334 1645 2484 1690 esset
2539 1639 2840 1695 munimine
2864 1683 2879 1708 ,
2927 1651 2983 1698 et
3027 1660 3056 1698 a
3086 1646 3201 1701 suis
3257 1658 3406 1703 esset
3435 1648 3769 1707 dilabentibus
3802 1653 3873 1709 de-

2336 1737 2482 1783 serta
2510 1744 2573 1784 ac
2604 1731 2885 1789 destituta.
2905 1734 3049 1793 Urbs
3073 1738 3290 1794 Condita
3324 1740 3375 1795 in
3393 1757 3599 1813 campo,
3626 1745 3703 1799 cui
3724 1761 3873 1817 super-

621 1802 1316 1911 llala'llesqmbus‘c“""l“°
1338 1804 1395 1861 in
1418 1804 1553 1911 ξοθίε
1574 1806 1962 1911 οοαξιιτίξιιθςιδί
1982 1806 2230 1911 fuerat“.
2257 1812 2305 1877 B
2333 1822 2539 1877 eminet
2563 1839 2721 1881 mons
2746 1826 2996 1885 diﬂ'usior
3021 1842 3070 1887 et
3093 1834 3274 1891 nudus
3310 1802 3652 1909 gignentium.
3678 1802 3873 1911 Nataque

617 1894 1117 1967 interimerentur),
1148 1912 1336 1955 verum
1365 1899 1530 1955 etiam
1573 1908 1631 1961 ut
1678 1900 1932 1958 Jordauis
1981 1901 2098 1972 ipse
2126 1902 2224 1958 de-

614 1985 929 2045 functorum
974 1991 1298 2061 corporibus
1341 1993 1677 2060 obstructus,
1728 2010 1923 2052 cursus
1973 1997 2228 2067 proprios

614 2080 852 2152 dirigere
880 2099 992 2141 non
1017 2094 1223 2154 posset.
1248 2085 1590 2157 Asplialtites
1615 2102 1834 2158 quoque
1856 2088 2008 2144 lacus
2029 2104 2227 2147 cruore

615 2184 670 2231 et
693 2174 996 2233 visceribus
1025 2176 1405 2234 defunctorum
1456 2187 1695 2236 mutaret
1726 2192 1931 2237 natura:
1962 2199 2075 2239 sua:
2103 2199 2227 2253 spc-

612 2269 752 2327 ciem
773 2311 789 2336 ,
810 2271 866 2327 in
896 2286 1059 2341 quem
1085 2272 1291 2336 omnia.
1323 2286 1680 2345 quaecumque
1699 2274 1955 2333 .lordanis
1979 2287 2225 2333 attraxe-

609 2376 716 2432 rat,
775 2364 1197 2422 invehebantur.
1252 2367 1501 2438 Denique
1542 2369 1836 2440 nonaginta
1893 2368 2002 2426 duo
2054 2370 2224 2428 millia

607 2470 663 2516 et
713 2460 935 2517 ducenti
985 2460 1076 2516 illa
1114 2460 1203 2517 die
1250 2459 1566 2518 Judaaorum
1615 2463 1849 2534 periisse
1887 2462 2165 2529 a25timati,
2193 2480 2224 2523 a

607 2554 917 2624 quingentis
947 2553 1325 2611 tantummodo
1355 2553 1650 2626 equitibus,
1680 2565 1737 2611 et
1771 2556 1951 2613 tribus
1982 2555 2225 2612 millibus

607 2648 883 2705 exercitus
949 2649 1243 2721 pedestris.
1308 2651 1641 2721 Progressus
1686 2667 1905 2724 quoque
1961 2652 2030 2709 ad
2084 2653 2224 2711 ulte-

605 2744 753 2797 riora
787 2742 1065 2811 Placidus,
1116 2743 1331 2801 Abilam
1367 2756 1419 2801 et
1456 2743 1727 2801 Juliadem
1780 2754 1836 2801 et
1885 2744 2178 2803 Betesnton
2202 2787 2220 2813 ,

606 2844 662 2890 ct
709 2850 901 2893 outnes
929 2835 1077 2893 vicos
1127 2837 1230 2894 loci
1263 2838 1433 2908 ipsius
1455 2853 1628 2909 usque
1657 2838 1724 2895 ad
1748 2838 2108 2909 Asphaltitem
2137 2839 2220 2895 la-

606 2945 729 2989 cum
757 2929 1005 2989 Romano
1042 2933 1273 3004 imperio
1321 2933 1582 2991 restituit.
1613 2934 1845 3005 Scapltis
1883 2951 2099 3007 quoque
2120 2935 2223 2991 im-

603 3027 788 3095 posuit
835 3026 1062 3095 milites,
1092 3043 1122 3081 a
1155 3028 1351 3099 quibus
1379 3028 1621 3085 universi
1672 3030 1761 3100 qui
1796 3029 1849 3085 in
1878 3029 2059 3085 lacum
2107 3044 2223 3086 me-

607 3130 880 3179 moratum
923 3120 1318 3194 confugerant,
1357 3124 1859 3194 exstinguerentur.

1210 3217 1440 3275 CAPUT
1501 3219 1642 3275 XVI.

676 3310 866 3381 Itaque
914 3319 971 3367 et
999 3310 1119 3368 liare
1145 3312 1330 3368 omnia
1381 3327 1550 3383 usque
1593 3312 1660 3368 ad
1691 3313 2100 3370 Macberuntetn
2125 3329 2213 3370 rc-

600 3412 799 3474 cepta:
834 3403 1208 3476 Vespasianus
1256 3416 1435 3463 tamen
1493 3414 1707 3477 tempus
1752 3407 1925 3478 pra-lii
1953 3409 2212 3479 opperie-

609 3499 792 3567 batur,
825 3514 934 3570 quo
978 3500 1326 3571 metropolim
1387 3501 1554 3555 totius
1582 3500 1785 3558 Judacze
1831 3501 2078 3557 exercitu
2107 3500 2214 3557 lto-

609 3608 770 3649 tuano
807 3593 1162 3650 adoriretur:
1213 3595 1357 3650 inter
1399 3611 1542 3666 quae,
1591 3604 1856 3665 occupato
1896 3595 2063 3651 rebus
2105 3594 2211 3651 sibi

603 3686 833 3742 creditis
873 3728 889 3755 ,
954 3696 1135 3743 motus
1188 3688 1316 3745 novi
1365 3703 1433 3743 ex
1486 3687 1787 3745 Gallicanis
1838 3688 2081 3760 partibus
2122 3689 2207 3743 in-

601 3783 914 3849 sinuantur,
942 3782 1088 3855 quod
1118 3798 1148 3838 a
1181 3783 1396 3839 Nerone
1420 3790 1670 3854 potentes
1699 3784 1915 3856 quidam
1949 3782 2210 3839 Romamn

600 3875 809 3931 militiae
840 3875 944 3931 viri
973 3874 1358 3933 descivissent.
1384 3875 1505 3944 Quo
1525 3886 1829 3948 comperto,
1865 3878 2095 3947 cupiens
2124 3877 2207 3931 in-

603 3974 803 4028 testina
821 3973 960 4028 bella
986 3988 1051 4029 ac
1077 3988 1306 4029 summa:
1329 3972 1412 4031 rei
1439 3973 1713 4044 totiusque
1735 3972 1965 4028 Romani
1991 3969 2206 4041 imperii
2230 4018 2240 4029 .

599 4066 898 4139 perieulum
929 4107 946 4133 ,
1005 4066 1258 4124 confecto
1298 4067 1354 4122 in
1395 4067 1607 4122 oriente
1644 4066 1914 4122 bellorum
1948 4065 2203 4131 tumultu,

598 4160 823 4219 levare:
864 4171 923 4217 ut
971 4176 1155 4218 rerum
1199 4161 1564 4219 secundarum
1610 4161 1835 4228 nuntiis,
1871 4172 2054 4216 motus
2087 4175 2206 4215 om-

601 4269 700 4311 nes
748 4253 916 4310 ltalire
970 4255 1057 4309 vel
1108 4254 1517 4325 comprimeret,
1553 4255 1639 4310 vel
1693 4254 2062 4326 prmveniret;
2111 4254 2203 4308 tibi

599 4349 836 4420 primum
862 4364 1005 4404 saeva
1038 4348 1214 4404 hiems
1245 4357 1546 4419 temperata
1577 4348 1721 4403 veris
1760 4347 2051 4418 principio,
2078 4361 2206 4403 cum

598 4444 809 4513 majore
836 4450 991 4513 parte
1019 4443 1295 4499 exercitus
1324 4442 1394 4497 de
1449 4441 1697 4497 Cmsarea
1729 4441 1834 4497 iter
1863 4442 2052 4496 movit.
2089 4441 2200 4496 Ex-

597 4538 886 4607 eepiteum
931 4538 1232 4609 Antipatris
1261 4537 1481 4593 nomine
1525 4535 1718 4591 civitas
1749 4535 2042 4606 appellata.
2070 4536 2202 4593 lude

596 4631 923 4702 procedens,
952 4632 1218 4689 exurebat
1242 4632 1417 4696 vicos,
1463 4628 1695 4685 necabat
1737 4644 1834 4685 eos
1879 4643 2015 4699 quos
2039 4644 2200 4700 repe-

591 4726 773 4781 riebat
816 4726 1163 4783 alienoszac
1220 4727 1459 4783 maxime
1511 4724 1771 4781 Iduinaais
1818 4722 2020 4790 vicina,
2048 4709 2277 4793 quae-1)

594 4832 829 4887 cumque
848 4817 1175 4886 oﬂ'enderat,
1201 4817 1639 4889 depopulabatur
1663 4833 1678 4883 ;
1714 4815 1861 4888 quod
1891 4814 2193 4887 inquietum

590 4928 765 4984 genus
792 4913 1075 4969 hominum
1127 4913 1305 4984 potius
1354 4911 1515 4967 bellis
1560 4928 1725 4984 quam
1772 4912 1885 4968 otio
1914 4912 1996 4966 vel
2025 4909 2199 4980 quieti

590 5008 827 5062 amicum
852 5007 1010 5064 (oret.
1040 5008 1185 5064 Duos
1206 5021 1421 5080 quoque
1440 5005 1694 5064 Idumaeas
1715 5009 1863 5063 vicos
1892 5015 1915 5047 ε
1937 5005 2193 5076 Ligurum

588 5111 646 5159 et
686 5101 1061 5172 Capartorem,
1100 5117 1401 5175 eorumque
1456 5102 1665 5158 incolas
1716 5099 2196 5171 comprehendens

590 5199 824 5255 maxima
852 5208 1036 5271 strage
1084 5199 1446 5257 labefactavit.
1482 5199 1763 5270 Siquidem
1808 5214 1972 5272 supra
1998 5202 2187 5259 decem

586 5294 754 5350 millia
780 5296 1020 5351 virorum
1064 5296 1317 5367 peremit,
1350 5296 1499 5353 mille
1519 5296 1765 5367 captivos
1794 5299 2039 5367 abduxit,
2058 5296 2189 5354 reli-

583 5405 748 5462 quum
778 5392 971 5463 vulgus
998 5390 1227 5461 expulit,
1252 5399 1309 5443 ut
1334 5390 1405 5445 ibi
1438 5391 1793 5447 constitueret
1812 5408 2030 5448 manum
2054 5409 2185 5449 suo-

580 5499 702 5541 rum
734 5487 897 5555 :quia
925 5497 1183 5541 montana
1213 5484 1458 5542 locorum
1510 5486 1750 5557 regionis
1804 5487 1923 5559 ejus
1962 5487 2185 5544 latroci-

578 5577 685 5633 niis
709 5580 1127 5635 int‘estabantur.
1162 5578 1284 5649 Ipse
1309 5593 1432 5635 eum
1453 5578 1699 5635 exercitu
1728 5578 2058 5637 Amathunta
2093 5595 2181 5638 re-

654 5727 681 5755 °
711 5721 1057 5777 Obruebatur.
1079 5720 1248 5777 Buta.

654 5793 681 5830 δ
702 5791 919 5847 Tamen.
952 5793 1029 5850 In.

653 5874 676 5903 ι
701 5864 856 5935 Apud
870 5863 1166 5935 Josephum
1192 5864 1287 5921 lib.
1319 5879 1373 5932 v,
1404 5877 1524 5934 cap.
1549 5862 1604 5931 4,
1624 5860 1851 5935 Begabri
1874 5862 2176 5936 Capharto-

2328 1919 2627 2007 secundum
2679 1925 3161 1992 septentrionalem
3222 1929 3460 2001 plagam,
3492 1950 3652 2005 usque
3689 1933 3747 1990 ad
3771 1935 3874 2007 Scy-

2330 2011 2569 2082 tbOpolis
2593 2001 2750 2073 urbis
2775 2024 2977 2076 terram
3002 2023 3343 2093 extenditur,
3367 2043 3432 2083 ex
3464 2001 3609 2099 parte
3633 2001 3872 2086 meridiana

2329 2120 2501 2177 usque
2526 2108 2592 2164 ad
2622 2113 2903 2182 regionem
2937 2114 3354 2177 Sodomitanam
3374 2130 3429 2177 et
3451 2123 3748 2193 ASpbaltitis
3768 2124 3871 2181 ﬁnes
3904 2126 3923 2155 '

2326 2198 2561 2257 diﬂ‘usus
2582 2205 2833 2263 habetur.
2862 2208 3091 2281 Egrum
3142 2220 3325 2269 autem
3361 2224 3417 2272 et
3465 2216 3694 2288 jejunum
3714 2218 3869 2285 solum,

2327 2303 2383 2350 et
2407 2297 2528 2353 ideo
2554 2299 2833 2358 desertum
2866 2305 2936 2361 ab
2983 2306 3203 2375 incolis,
3236 2312 3383 2381 quod
3422 2314 3539 2370 sine
3568 2315 3667 2369 ullo
3704 2331 3785 2371 usu
3806 2329 3869 2372 es-

2325 2398 2410 2444 set
2430 2391 2731 2449 coltoribus
2752 2397 2987 2451 naturali
3015 2400 3331 2457 sterilitate.
3346 2403 3613 2461 Adversus
3634 2405 3742 2462 huic
3754 2421 3870 2460 mons

2325 2496 2490 2553 supra
2522 2485 2842 2555 Iordanem,
2870 2490 3026 2561 cujus
3069 2493 3359 2551 exordium
3388 2515 3415 2551 a
3442 2497 3646 2556 Juliade
3669 2508 3716 2554 et
3755 2500 3863 2569 plaga

2325 2578 2741 2647 septentrionali
2792 2586 3073 2655 assurgit:
3129 2586 3246 2656 ipse
3299 2598 3482 2646 autem
3532 2591 3789 2663 praetendit
3828 2589 3867 2645 in

2324 2672 2694 2730 meridianum
2721 2691 2891 2747 usque
2916 2678 2984 2733 ad
3018 2678 3284 2750 Sobaros,
3312 2682 3526 2741 Arabia:
3548 2685 3749 2742 Petrazze
3773 2700 3871 2739 con-

2327 2766 2611 2837 terminos,
2640 2770 2731 2826 ubi
2768 2773 2929 2827 etiam
2980 2790 3138 2830 mons
3165 2785 3269 2844 est,
3308 2794 3409 2834 usu
3438 2788 3667 2836 veterum
3707 2779 3872 2834 ferreus

2324 2874 2695 2933 nuncupatus.
2748 2864 2895 2922 Inter
2919 2867 3020 2924 bos
3075 2870 3216 2927 duos
3253 2886 3472 2930 montes
3500 2891 3706 2947 campus
3738 2877 3868 2945 jacet,

2322 2969 2485 3025 quem
2517 2968 2740 3029 propter
2764 2961 3216 3031 magnitudinem,
3237 2967 3387 3036 quod
3416 2965 3485 3024 in
3502 2969 3662 3024 multa
3687 2967 3828 3040 spatia
3850 2961 3871 3001 δ

2321 3046 2587 3120 dirigatur
2617 3052 2812 3124 (veteri
2848 3054 2971 3128 usu)
2998 3055 3194 3114 incolae
3227 3058 3478 3133 Magnum
3499 3063 3869 3135 appellaverunt,

2320 3142 2478 3212 cujus
2521 3144 2809 3214 longitudo
2853 3147 3072 3219 triginta
3101 3160 3155 3206 et
3195 3151 3559 3212 ducentorum
3602 3156 3870 3217 stadiorum,

2243 3222 2291 3287 C
2321 3235 2562 3292 latitudo
2584 3252 2803 3295 centum
2830 3241 3044 3313 viginti.
3077 3245 3385 3305 Exordium
3418 3269 3444 3305 u
3466 3252 3581 3308 vico
3606 3250 3866 3314 Gennabar,

2321 3328 2443 3385 finis
2472 3346 2642 3402 usque
2670 3332 2737 3389 ad
2784 3334 3148 3404 Asphaltitem
3205 3338 3413 3400 lacum.
3458 3343 3695 3399 Iordanis
3727 3356 3824 3396 eum
3851 3347 3869 3375 ο

2316 3422 2555 3479 medium
2585 3426 2877 3484 intersecat
2899 3444 3149 3499 campum
3174 3448 3281 3487 non
3313 3436 3490 3491 solum
3527 3435 3780 3499 inoﬂensa,
3793 3428 3867 3486 sed

2314 3515 2474 3569 etiam
2502 3517 2755 3588 adjuncta
2799 3523 2975 3592 gratia
3006 3524 3375 3583 viridantibus
3402 3531 3537 3601 ripis
3577 3527 3782 3584 ﬂuminis
3803 3523 3867 3578 al-

2312 3608 2549 3678 luvione,
2588 3622 2643 3667 et
2691 3615 3118 3673 succedentibus
3167 3619 3479 3691 Asphaltite
3529 3633 3582 3679 et
3627 3615 3867 3677 Tiberiade

2313 3704 2474 3759 unius
2522 3708 2687 3762 fontis
2718 3750 2732 3773 ,
2794 3718 2849 3764 et
2892 3720 3123 3781 utroque
3176 3711 3412 3771 diversa:
3440 3715 3699 3787 qualitatis
3743 3712 3858 3765 lacu.

2309 3794 2558 3869 Namque
2586 3799 2817 3856 alterius
2836 3817 2990 3872 aquae
3015 3818 3176 3873 sapor
3204 3805 3410 3875 salsus,
3436 3817 3490 3862 et
3516 3805 3706 3863 sterilis
3729 3815 3862 3867 usus;

2310 3887 2619 3948 Tiberiadis
2644 3906 2826 3949 autem
2858 3895 3031 3950 dulcis
3055 3907 3219 3968 atque
3246 3901 3524 3970 genitalis.
3553 3899 3748 3958 Sanein
3772 3895 3864 3950 die-

2308 3981 2411 4037 bus
2436 3986 2643 4040 :estatis
2672 3985 2995 4044 immodicus
3020 4003 3117 4059 per
3132 3991 3306 4061 spatia
3339 3997 3515 4066 campi
3544 3998 3865 4050 exa'stuatra-

2308 4094 2429 4150 por,
2465 4082 2609 4137 unde
2663 4082 3012 4139 coalescente
3039 4083 3172 4141 vitio
3203 4086 3395 4144 nimiae
3446 4089 3710 4153 siccitatis,
3731 4092 3863 4153 atque

2308 4175 2473 4233 humo
2499 4178 2653 4233 arida
2682 4179 2996 4249 corruptior
3020 4195 3136 4246 aer,
3171 4182 3514 4240 miserandas
3544 4183 3725 4240 accolis
3752 4193 3861 4234 cuu-

2306 4269 2422 4325 flcit
2443 4272 2816 4343 regritudines.
2848 4273 3012 4329 Arida
3039 4283 3167 4331 sunt
3192 4276 3343 4333 enim
3371 4280 3550 4334 omnia
3574 4283 3863 4350 praeteroras

2306 4364 2565 4422 fluminis.
2608 4368 2925 4440 Deniquein
2954 4369 3349 4428 remotioribus
3396 4373 3639 4443 a'grescit
3678 4379 3726 4425 et
3746 4366 3864 4421 fruc-

2306 4467 2391 4515 tus
2442 4460 2738 4527 arborum;
2769 4462 3036 4533 siquidem
3072 4474 3127 4519 et
3163 4464 3322 4534 copia
3351 4467 3586 4530 uberior,
3617 4471 3669 4519 et
3692 4462 3861 4516 fructos

2305 4553 2605 4622 palmarum
2635 4553 2875 4622 Opimior
2900 4566 3005 4621 est,
3033 4556 3124 4626 qui
3148 4571 3318 4627 supra
3350 4558 3498 4630 ripas
3525 4553 3757 4614 Iordanis
3780 4549 3867 4605 ﬂu-

2301 4647 2462 4702 minis
2488 4647 2745 4717 gignitur,
2780 4647 2921 4702 alius
2948 4647 3109 4717 longe
3140 4650 3357 4706 exiliat.

2869 4740 3099 4799 CAPUT
3155 4743 3321 4802 XVII.

2370 4836 2471 4893 Est
2491 4838 2657 4895 etiam
2669 4839 2823 4910 juna
2849 4839 3108 4897 Hiericho
3125 4844 3314 4900 urbem
3334 4845 3456 4903 fons
3486 4841 3770 4905 abundans,
3793 4842 3863 4888 at-

2295 4947 2402 5004 que
2424 4932 2568 4989 idem
2603 4932 2822 4989 uberior
2845 4935 2911 4990 ad
2935 4943 3141 5005 potum,
3160 4938 3411 5010 pinguior
3440 4939 3508 4996 ad
3538 4932 3856 5010 irrigandum.

2295 5043 2456 5099 quem
2486 5027 2647 5085 Iesus
2672 5030 2818 5087 Nave
2865 5030 3084 5087 natione
3134 5031 3419 5099 Hebraeus,
3466 5048 3623 5089 manu
3658 5024 3855 5088 validas.

2296 5120 2529 5190 primum
2551 5121 2701 5193 genti
2728 5122 2926 5194 eripuit
2967 5122 3428 5182 Chanameorum.
3459 5125 3513 5181 Is
3538 5126 3595 5181 in
3625 5116 3863 5195 principia

2293 5218 2602 5286 corruptior
2658 5216 2875 5271 habitus
2909 5231 2973 5271 ac
3001 5218 3206 5274 sterilis
3238 5218 3304 5275 ad
3346 5217 3708 5291 generandum
3729 5254 3742 5279 ,
3777 5223 3861 5280 po-

2290 5309 2532 5365 tantibus
2576 5319 2632 5364 et
2661 5309 2779 5365 usui
2823 5324 3016 5381 parum
3064 5311 3316 5368 salubris.
3369 5311 3531 5368 Unde
3575 5315 3780 5378 rogatus
3801 5298 3864 5354 ab

2289 5402 2487 5457 incolis
2518 5402 2745 5458 Elisreus
2769 5402 3057 5477 propheta,
3092 5404 3343 5476 idemque
3392 5406 3522 5460 Elia:
3567 5396 3853 5469 discipulus.

2289 5503 2345 5551 et
2387 5504 2535 5551 tanto
2576 5510 2865 5552 successor
2915 5512 3255 5569 nequaquam
3313 5497 3571 5570 indignus
3597 5493 3849 5564 magistro.

2289 5593 2350 5640 ut
2391 5588 2777 5658 hospitalitatis
2829 5603 2944 5645 sua:
2997 5590 3303 5648 mercedem
3343 5591 3695 5659 relinqueret.
3736 5590 3859 5653 qm”

2286 5722 2470 5792 phram
2506 5724 2720 5799 legitur.
2741 5724 3323 5803 Ἵθιωωὰληίθωὶιιλ
3354 5738 3401 5785 σι
3427 5717 3855 5801 Constantio.

2355 5791 2384 5832 ἀ
2404 5792 2740 5870 ξρνιςξσαιιέν.
2771 5795 2846 5853 In.

2361 5875 2384 5904 υ
2416 5864 2644 5923 Medius.
2667 5867 2746 5924 In.
