4016 6478
142 333 325 403 Ἧιῖ

1066 328 1336 388 HISTOR.
1379 328 1468 385 DE
1510 327 1788 391 EXCIDIO
1826 326 2096 391 HIEROS.
2139 328 2343 391 URBIS
2387 326 2514 390 LIB.
2553 322 2646 387 IV.

3336 332 3483 392 ειιε

143 450 513 513 visitaverat,
542 445 693 510 locis,
719 452 775 504 et
819 444 1188 514 corruptelam
1245 459 1506 515 aquarum
1539 444 1770 510 levaret,
1802 449 1849 513 Α
1880 443 2028 499 cordi
2049 454 2132 498 cst
2179 456 2390 517 patrum
2421 462 2488 501 ex
2508 443 2795 517 .‘Egypto‘l
2828 447 3277 519 regredientium,
3311 466 3484 519 usque

140 542 474 597 remedium
532 539 683 595 dedit
738 535 879 597 sicut
926 537 1238 609 Regnorum
1289 546 1444 593 vetus
1487 534 1771 604 Scriptura

140 634 384 701 edocet,
419 633 744 703 praecipiens
772 644 866 685 vas
922 629 1088 687 fictile
1112 644 1235 687 cum
1266 628 1382 687 sale
1411 628 1609 683 deferri
1642 627 1770 694 sibi,

143 726 315 797 quod
342 728 637 796 accipiens,
669 722 864 795 dejecit
911 723 966 778 in
998 722 1204 785 fontem
1234 722 1338 791 sal,
1372 729 1427 779 et
1455 719 1595 776 dixit
1624 739 1639 776 :
1671 719 1775 775 Sa-

148 821 286 874 naui
318 836 482 891 aquas
509 819 655 884 istas,
680 830 727 872 et
750 834 854 873 non
886 818 983 871 erit
1009 818 1065 875 in
1093 817 1173 871 his
1214 816 1460 880 metiens,
1489 830 1651 884 neque
1672 810 1774 867 ste-

147 913 279 967 ritis
304 915 370 971 ab
398 913 470 967 eis
500 928 519 967 :
551 922 597 967 et
635 922 831 967 sanata:
855 921 975 965 sunt
1002 924 1174 980 aquae,
1230 905 1514 963 secundum
1544 906 1771 972 verbum,

150 1005 368 1077 inquit,
408 1003 586 1061 Elistei
640 1001 904 1074 praphetaz
934 1000 1027 1075 (IV
1074 1000 1201 1071 Reg.
1236 1016 1297 1067 ιι,
1327 998 1393 1055 21
1451 1008 1497 1054 et
1536 998 1649 1070 2‘2).
1688 998 1771 1053 Ex

152 1100 258 1159 illa
296 1099 481 1170 itaque
513 1097 787 1157 benedicti
810 1098 939 1153 salis
967 1096 1236 1153 infusioue
1256 1104 1571 1165 temperatae
1593 1109 1697 1162 aqu
1720 1111 1768 1159 ιι,

154 1205 535 1265 reserataque
586 1208 681 1249 ora
728 1192 917 1257 fontis,
964 1189 1286 1249 sanctificati
1338 1197 1466 1249 sunt
1510 1202 1773 1260 aquarum

156 1298 481 1353 meatus,ut
510 1286 787 1349 dulciores
812 1293 974 1356 potus
1010 1298 1272 1341 venarum
1299 1281 1573 1352 scaturigo
1598 1276 1770 1341 etian-

157 1378 347 1445 deret,
375 1387 431 1434 et
459 1378 639 1433 omnis
662 1377 749 1432 illa
775 1376 1120 1432 dulcesceret
1134 1389 1396 1446 aquarum
1424 1371 1728 1433 amaritudo
1754 1386 1770 1439 ;

160 1473 463 1531 uberiores
488 1476 689 1527 frmatns
713 1481 853 1527 terra
883 1471 1054 1529 daret.
1076 1467 1415 1526 Generandae
1431 1481 1649 1538 quoque
1678 1479 1767 1519 so-

158 1568 315 1626 bolis
339 1568 541 1639 Optima
581 1566 883 1633 successio,
939 1565 1140 1638 largam
1174 1563 1508 1634 posteritatis
1559 1561 1771 1637 copiam

159 1661 636 1727 subministraret,
673 1676 772 1716 nec
800 1658 1054 1714 deficeret
1085 1656 1339 1730 genitalis
1377 1672 1516 1727 aqua
1548 1674 1560 1708 :
1594 1663 1619 1692 ιι
1647 1669 1771 1711 cum

161 1757 357 1815 divina
405 1756 575 1829 gratia
640 1770 737 1826 pro
782 1752 1055 1823 justoruni
1116 1751 1365 1806 fidelibus
1406 1749 1601 1804 studiis
1632 1747 1770 1803 tanti

1874 537 1929 591 in
1960 548 2159 593 terram
2189 538 2635 607 repromissionis
2670 546 2921 608 repetere
2964 541 3288 609 vestigia,ut
3318 542 3362 594 si
3395 541 3482 597 cnl

1874 625 2015 685 forte
2043 640 2227 685 nostra
2256 630 2310 685 in
2343 645 2535 685 tnanus
2581 630 2824 694 Veniant.
2853 647 2958 689 non
2988 644 3169 687 nostra
3196 633 3360 702 legat,
3381 631 3479 689 sed

1874 733 2085 791 patrum
2111 724 2337 795 relegat.
2357 725 2526 780 Dulce
2552 736 2636 781 est
2653 725 2798 781 enim
2814 727 2955 783 inter
2982 726 3249 797 majorum
3272 727 3480 783 versari

1876 815 2206 884 habitacula,
2242 826 2300 875 et
2322 826 2567 874 veterum
2591 818 2732 874 dicta
2758 818 3007 890 factaque
3047 834 3337 877 recensere
3365 832 3481 875 me-

1874 909 2047 966 moria
2073 952 2088 975 ,
2118 923 2282 982 atque
2307 928 2498 969 eorum
2547 912 2821 969 inhaerere
2851 914 3062 985 gratia).
3082 913 3190 971 Sed
3218 913 3333 983 jam
3362 911 3480 968 sive

1876 1012 2152 1068 naturam,
2184 1004 2304 1063 sive
2334 1007 2656 1076 qualitatem
2683 1023 2946 1078 aquarum
2978 1008 3375 1077 exprimamus,
3406 1019 3478 1063 ne

1876 1108 2065 1153 noster
2092 1113 2311 1169 quoque
2335 1100 2388 1154 in
2411 1115 2479 1155 eo
2504 1100 2625 1157 lacu
2652 1111 2675 1140 ο
2700 1102 3020 1173 projiciatur
3051 1102 3246 1172 stylus,
3275 1116 3344 1156 ex
3368 1115 3478 1171 quo

1875 1190 2057 1249 omnia
2105 1207 2465 1264 quaecumque
2519 1196 2816 1266 titergenda
2873 1196 3192 1265 putaveris,
3240 1196 3477 1252 viventia

1876 1291 2058 1339 tamen
2086 1284 2306 1345 resilire
2335 1285 2522 1357 opinio
2549 1294 2634 1342 est
2658 1304 2671 1340 :
2700 1296 2757 1343 et
2786 1287 3037 1359 quamvis
3058 1284 3436 1347 vehementer
3458 1328 3475 1355 ,

1881 1371 2077 1430 fallisa
2098 1416 2113 1441 ,
2148 1378 2333 1435 statim
2366 1378 2573 1441 excuti.
2606 1382 2757 1449 Aqua
2778 1379 2897 1449 ipsa
2924 1396 3105 1443 amara
3134 1391 3192 1437 et
3232 1382 3437 1439 sterilis
3462 1422 3478 1448 ,

1876 1470 2014 1525 nihil
2047 1471 2327 1540 recipiens
2362 1488 2625 1542 generum
2672 1474 2992 1531 viventium.
3026 1475 3268 1547 Denique
3304 1491 3483 1546 neque

1876 1565 2077 1637 pisces,
2112 1580 2290 1639 neque
2323 1573 2576 1627 assuetas
2606 1567 2763 1635 aquis
2791 1576 2845 1621 et
2878 1567 3028 1621 laetas
3059 1568 3341 1641 mergendi
3378 1582 3479 1622 usu

1876 1659 2079 1732 patitur
2120 1673 2273 1729 aves.
2308 1656 2609 1714 Lucernam
2642 1675 2932 1715 accensam
2965 1662 3144 1717 lerunt
3188 1661 3343 1732 aquis
3392 1676 3483 1715 sn-

1875 1762 2188 1824 pernatare,
2214 1751 2334 1809 sine
2363 1752 2470 1811 ulla
2492 1753 2915 1808 conversatione
2937 1755 3210 1809 exstincto
3234 1751 3482 1825 demergi

166 1852 457 1923 propheta
529 1847 1004 1904 benedictionibus
1060 1845 1436 1916 aSpiravisset.
1495 1842 1777 1898 Convertit
1808 1837 1854 1899 Β
1883 1848 2091 1903 lumine
2126 1864 2140 1903 :
2173 1856 2226 1904 et
2257 1847 2505 1921 quamvis
2534 1846 2843 1905 demersum
2908 1858 3027 1904 arte
3052 1889 3066 1914 ,
3096 1848 3239 1919 quod
3291 1848 3439 1903 vivat
3466 1889 3482 1916 ,

162 1946 357 2019 itaque
385 1955 630 2001 naturam
659 1958 920 2013 aquarum
948 1940 1014 1997 ad
1061 1954 1252 2012 preces
1276 1939 1552 2011 propheta}
1582 1937 1775 1994 cmles-

168 2042 245 2096 tis
294 2037 499 2094 oraculi
532 2036 834 2100 resultatio,
868 2033 1238 2103 continuoque
1287 2033 1629 2086 sterilitatem
1680 2028 1774 2084 de-

169 2135 332 2208 pulit.
362 2131 745 2188 fecunditatem
776 2126 987 2183 infudit.
1021 2126 1249 2197 Cmpere
1284 2125 1397 2179 illic
1426 2125 1774 2180 crebrescere

165 2227 557 2301 generationes
606 2221 911 2285 hominum,
955 2220 1160 2276 fructus
1209 2226 1503 2281 terrarum,
1558 2232 1776 2272 succus-

167 2337 279 2393 que
310 2318 337 2357 δ
366 2333 657 2388 aquarum.
690 2323 817 2369 ante
860 2312 1079 2384 jejunus
1101 2323 1155 2367 et
1187 2327 1405 2368 amarus
1430 2311 1775 2367 internecare

167 2414 372 2471 Solitos
404 2422 541 2477 sata,
575 2410 858 2479 tristiaqne
911 2406 1209 2461 bibentium
1239 2421 1331 2460 ora
1360 2412 1639 2474 torquere,
1672 2405 1777 2458 fer—

169 2508 429 2564 tilitatem
488 2506 629 2571 solo,
664 2501 972 2574 potantibus
1004 2499 1325 2557 snavitatein
1358 2497 1667 2565 infundere,
1717 2504 1777 2551 ut

169 2604 219 2657 si
246 2601 485 2657 breviter
512 2600 656 2654 culta
683 2596 964 2666 contingat
987 2593 1106 2664 plus
1140 2594 1329 2663 prosit,
1351 2607 1509 2662 quam
1540 2590 1629 2646 ubi
1657 2590 1778 2644 diu—

173 2696 284 2750 tius
315 2692 647 2765 irrigaverit.
696 2691 792 2746 Est
821 2689 966 2744 enim
1006 2703 1146 2743 nova
1199 2685 1393 2758 gratia,
1424 2693 1482 2739 ut
1504 2684 1778 2754 profectus

172 2789 569 2847 redundantior
606 2787 699 2852 sit,
755 2784 844 2840 tibi
892 2798 1023 2838 usus
1065 2782 1285 2836 minor:
1320 2788 1375 2834 et
1403 2777 1490 2834 ubi
1543 2777 1779 2847 amplius

173 2887 459 2960 quisquam
519 2897 649 2937 usus
690 2880 873 2946 fuerit,
906 2879 978 2934 ibi
1016 2879 1194 2933 minor
1225 2876 1431 2933 fructus
1462 2874 1571 2928 sit:
1603 2887 1779 2941 eoque

176 2979 301 3051 plus
326 2976 542 3031 ctetcris
592 2972 832 3029 fontibus
870 2972 1031 3043 rigat,
1075 2969 1200 3042 quia
1232 2968 1315 3024 vel
1356 2968 1607 3038 exiguum
1660 2966 1779 3035 ejus

177 3070 417 3127 abundat
443 3069 507 3123 ad
538 3063 1127 3133 ubertatem.Denique
1142 3077 1367 3133 campus
1399 3077 1521 3117 eum
1546 3061 1780 3116 circum-

172 3165 320 3236 jacet
345 3163 690 3233 septuaginta
723 3159 1020 3216 stadiorum
1057 3162 1109 3212 in
1140 3157 1557 3229 longitudinem,
1589 3155 1779 3226 viginti

1879 1941 2102 2001 difﬁcile
2133 1941 2187 2001 in
2228 1941 2497 2015 profundo
2528 1941 2761 2012 haerere.
2810 1942 3057 2014 Denique
3088 1942 3482 2015 VcSpasianum

1878 2034 2062 2092 ferunt
2091 2036 2419 2109 praecepisse
2441 2036 2663 2093 natandi
2692 2036 2908 2107 ignaros
2934 2037 3191 2093 revinctis
3230 2038 3484 2095 immitius

1880 2128 1934 2184 in
1968 2127 2297 2199 profundum
2329 2128 2525 2197 dejici,
2562 2143 2765 2200 eosque
2794 2144 2988 2185 omnes
3022 2128 3169 2184 illico
3210 2144 3479 2202 superna-

1885 2230 2064 2288 tasse,
2097 2220 2250 2293 quasi
2275 2218 2466 2290 spiritu
2493 2222 2729 2292 quodam
2752 2222 2898 2277 venti
2932 2222 3140 2277 levatos
3164 2265 3178 2289 ,
3203 2232 3258 2278 et
3284 2224 3352 2277 ad
3384 2240 3480 2283 su-

1881 2316 2097 2385 periura
2124 2316 2173 2371 vi
2208 2329 2400 2385 magna
2440 2317 2690 2385 repulsos
2715 2316 2995 2372 resiliisse.
3038 2315 3199 2371 Multa
3230 2315 3479 2375 fabulosa

1879 2406 1949 2463 de
1980 2408 2079 2463 hoc
2103 2410 2223 2464 lacu
2247 2409 2496 2481 plerique
2523 2410 2954 2478 aestimaverunt,
2984 2427 3104 2483 qua:
3135 2412 3294 2466 nobis
3324 2413 3482 2469 inex-

1881 2504 2049 2572 pertis
2072 2504 2305 2559 veritate
2329 2506 2429 2569 rei,
2452 2518 2703 2574 promere
2722 2520 3017 2575 numquam
3043 2503 3331 2560 COllSIIIlllll
3360 2504 3480 2560 fuit.

1880 2597 2092 2655 Mutare
2121 2596 2286 2657 etiam
2315 2607 2397 2657 ter
2420 2598 2472 2653 in
2504 2597 2857 2654 diecolorem
2890 2614 3046 2670 aqua:
3068 2641 3083 2665 ,
3116 2608 3171 2654 et
3199 2599 3265 2654 ad
3300 2600 3487 2658 radios

1879 2690 2011 2747 Solis
2037 2691 2183 2744 varie
2216 2688 2491 2762 refulgere
2536 2707 2641 2745 non
2674 2691 2879 2765 placuit
2926 2707 3025 2762 pro
3073 2708 3206 2747 vero
3252 2693 3436 2749 locare
3463 2736 3479 2759 ,

1881 2800 2003 2843 cum
2034 2784 2105 2838 sit
2128 2784 2296 2855 ipsius
2327 2793 2352 2831 ε
2380 2799 2533 2855 aqua;
2570 2785 2720 2840 lacus
2745 2786 3033 2845 obSeuriur
3055 2788 3272 2843 caeteris
3299 2786 3479 2865 aquis,

1882 2885 1939 2932 et
1967 2875 2121 2948 quasi
2166 2877 2377 2932 adusta:
2424 2876 2721 2948 praeferens
2763 2878 3203 2934 similitudinem.
3242 2879 3405 2935 Certe
3437 2880 3483 2939 si

1882 2969 1949 3025 ad
1984 2969 2193 3025 radium
2217 2970 2350 3025 solis
2382 2979 2438 3025 et
2468 2971 2583 3040 ipsa
2612 2972 2980 3045 resplendeat,
3016 2972 3155 3028 nihil
3181 2988 3403 3040 novum,
3428 2983 3490 3031 et

1882 3062 2036 3133 quasi
2072 3078 2169 3130 pro
2199 3063 2463 3119 miraculo
2488 3065 2846 3137 promendum
2871 3082 2886 3121 :
2912 3082 3034 3122 cum
3064 3066 3170 3124 hoc
3199 3084 3491 3126 commune

1884 3156 1958 3211 sit
1986 3156 2143 3229 aquis
2183 3156 2457 3211 omnibus.
2518 3156 2711 3229 Vagari
2765 3174 2929 3229 super
2982 3175 3153 3230 aquas
3208 3161 3492 3219 bituminis

180 3259 232 3313 in
268 3254 603 3311 latitudinem
651 3262 861 3327 patens.
912 3251 970 3308 In
1016 3246 1091 3307 eo
1140 3252 1385 3307 mirabile
1412 3270 1439 3303 ιι
1494 3252 1776 3306 hortorum
1804 3237 1849 3307 C
1881 3252 2068 3323 glebas
2099 3262 2307 3313 certum
2348 3262 2435 3308 est
2465 3261 2587 3309 atro
2615 3254 2847 3326 liquore,
2881 3271 3016 3327 quas
3043 3256 3262 3327 scaphis
3284 3272 3484 3330 appro-

176 3350 403 3423 gratiam
431 3363 643 3413 cernas,
678 3346 827 3401 varia
885 3345 1183 3417 palmarum
1212 3359 1434 3415 genera,
1467 3352 1777 3412 tantamque

178 3442 516 3515 dactylorum
545 3439 910 3506 dulcedinem,
937 3437 1169 3493 utmella
1188 3436 1426 3492 deﬂuere
1440 3444 1605 3506 putes
1633 3433 1777 3490 haud

180 3537 392 3592 caeteris
444 3534 720 3590 inferiora.
781 3532 921 3590 Sunt
962 3533 1126 3587 etiam
1178 3530 1286 3585 illic
1336 3528 1775 3600 przestautissimi

181 3646 340 3699 apum
364 3627 532 3684 fetus:
575 3643 676 3682 nec
707 3627 924 3690 mirum,
956 3624 1050 3679 ubi
1073 3636 1179 3680 tam
1208 3624 1439 3679 diversis
1468 3622 1778 3678 inhalantes

181 3720 423 3788 ﬂoribus,
453 3719 685 3790 paradisi
739 3732 935 3773 suaves
976 3717 1207 3772 fundunt
1235 3716 1455 3772 odores.
1485 3715 1601 3771 Illic
1646 3729 1780 3785 0pc-

181 3817 481 3873 balsamum
507 3814 764 3885 gignitur.
797 3812 952 3880 Quod
983 3812 1103 3867 ideo
1119 3826 1242 3866 cum
1274 3810 1578 3880 adjectione
1607 3808 1778 3879 signi-

182 3911 429 3976 Iicamus,
463 3908 586 3979 quia
618 3905 872 3977 agricolae
914 3905 1122 3960 cortice
1177 3912 1337 3957 tenus
1366 3902 1605 3972 virgulas
1640 3900 1778 3955 inci-

180 4005 331 4068 dunt.
367 4020 459 4059 eas
487 4002 541 4058 in
562 4002 758 4073 quibus
800 4000 1040 4055 balsama
1075 4009 1097 4037 ο
1121 3997 1429 4069 gignantur,
1459 4003 1517 4049 ut
1543 4010 1640 4065 per
1660 3993 1781 4049 illas

183 4114 442 4156 cavernas
472 4097 729 4170 paulatim
760 4092 1036 4150 distillans
1086 4094 1278 4146 humor
1305 4106 1365 4145 se
1390 4087 1630 4159 colligat.
1678 4087 1782 4143 Ca-

182 4209 347 4250 verna
378 4202 558 4246 autem
599 4191 791 4246 Graeco
848 4187 1067 4242 nomine
1112 4186 1213 4245 ὀπὴ
1266 4182 1484 4239 dicitur.
1537 4179 1651 4236 Illic
1687 4193 1782 4250 cy-

185 4302 390 4358 preum,
417 4284 528 4339 illic
556 4281 949 4338 mirabolanum
981 4277 1128 4333 nasci
1151 4278 1347 4343 ferunt,
1374 4284 1429 4330 et
1459 4272 1563 4328 alia
1598 4272 1781 4327 istius-

185 4380 351 4447 modi,
379 4393 501 4450 qutc
527 4378 579 4432 in
610 4375 732 4432 aliis
778 4374 910 4430 locis
939 4372 1353 4443 haudquaquam
1412 4367 1778 4438 reperiuntur.

184 4472 333 4544 Aqua
354 4481 415 4526 ut
429 4478 630 4527 caetera
650 4467 906 4534 fontium,
928 4466 1037 4522 illic
1068 4476 1248 4521 tamen
1278 4463 1650 4534 praestantior,
1679 4474 1783 4514 aes-

186 4578 292 4624 tate
319 4565 532 4638 frigida,
564 4564 744 4619 hieme
776 4573 991 4633 tepens.
1036 4562 1142 4615 Aer
1195 4556 1431 4624 mollior,
1460 4563 1520 4611 ut
1569 4568 1779 4610 summa

1881 3347 2213 3416 pinquantes
2254 3347 2552 3419 colligunt,
2588 3349 2783 3420 quibus
2822 3348 2873 3403 id
2923 3351 3168 3405 muneris
3196 3360 3282 3406 est
3323 3367 3335 3405 :
3371 3352 3487 3407 Ili!!-

1882 3456 2006 3496 rere
2028 3441 2127 3495 sibi
2161 3441 2334 3497 fertur
2362 3442 2631 3511 bitumen,
2658 3452 2717 3498 ut
2748 3442 2895 3499 ferro
2919 3444 3363 3517 haudquaquam,
3396 3448 3484 3503 vel

1881 3534 1983 3588 alia
2010 3545 2281 3604 praeacuta
2308 3535 2513 3591 metalli
2538 3537 2718 3607 specie
2746 3536 3040 3593 recidalur.
3065 3538 3326 3611 Sanguini
3352 3554 3487 3597 sane

1882 3626 2029 3682 cedit
2070 3628 2360 3684 mulierum
2384 3670 2398 3693 ,
2431 3644 2540 3701 quo
2569 3642 2842 3684 menstrua
2888 3630 3170 3685 solventes
3203 3630 3371 3687 levari
3405 3632 3485 3687 fe-

1879 3727 2094 3773 runtur.
2128 3718 2292 3788 Cujus
2320 3728 2523 3773 attactu
2553 3721 2637 3775 vel
2670 3723 2824 3774 urina
2858 3725 2953 3789 (ut
2983 3722 3244 3792 allegant,
3279 3723 3481 3792 quibus

1883 3812 2200 3882 experiendi
2249 3827 2380 3868 usus
2427 3812 2564 3885 fuit)
2617 3815 2936 3885 interrumpi
2985 3817 3233 3886 proditur
3277 3833 3292 3872 :
3335 3816 3486 3875 utilis

1883 3914 2063 3959 autem
2096 3904 2162 3959 ad
2194 3919 2514 3975 compagem
2548 3907 2766 3961 navium
2809 3906 2983 3962 fertur
3005 3950 3019 3974 ,
3069 3917 3125 3964 et
3163 3910 3489 3980 corporibus

1884 3996 2165 4052 hominum
2193 3997 2431 4054 salubris
2449 3998 2689 4053 admixta
2718 3998 3157 4057 medicamentis.
3182 4001 3490 4073 Longitudo

1884 4091 2038 4146 lacus
2068 4089 2187 4161 cjus
2215 4104 2387 4161 usque
2417 4091 2483 4145 ad
2521 4089 2726 4146 Zoaras
2754 4090 2977 4146 Arabia:
3007 4092 3259 4166 dirigitur
3298 4095 3493 4153 stadiis

1885 4185 2196 4255 quingentis
2239 4184 2519 4256 octoginta
2547 4202 2561 4238 :
2610 4184 2842 4240 latitudo
2870 4185 3060 4242 stadiis
3086 4197 3302 4243 centum
3327 4190 3488 4259 quin-

1885 4280 2163 4351 quaginta,
2183 4294 2353 4351 nsque
2376 4279 2443 4335 ad
2471 4279 2645 4335 vicina
2666 4278 3056 4347 Sodomorum,
3088 4283 3177 4352 qui
3206 4282 3481 4353 quondam

1886 4371 2218 4429 uberrimam
2276 4373 2557 4445 regionem
2624 4373 3005 4430 inhabitabant
3054 4392 3067 4429 :
3116 4377 3484 4435 abundantem

1887 4465 2155 4522 fructibus
2178 4507 2193 4532 ,
2229 4466 2543 4523 distinctam
2576 4482 2795 4540 quoque
2838 4467 3065 4524 urbibus
3105 4469 3489 4541 splendidissi-

1887 4561 2015 4616 mis.
2048 4559 2205 4616 Nunc
2235 4571 2417 4618 autem
2443 4576 2506 4617 ea
2540 4560 2786 4617 locorum
2812 4560 3028 4617 deserta
3058 4604 3071 4626 ,
3110 4572 3272 4634 atque
3298 4574 3491 4622 exusta

187 4662 361 4718 hieme
411 4660 570 4715 lineis
640 4656 833 4713 incolae
883 4654 1099 4712 exuviis
1160 4660 1382 4709 utantur
1436 4649 1785 4707 indumento—
1808 4640 1861 4701 D
1888 4662 2015 4709 sunt
2044 4653 2321 4712 incendio.
2354 4654 2487 4709 Nam
2518 4670 2643 4709 cum
2673 4656 2858 4710 omnia
2902 4654 3014 4709 illis
3049 4656 3189 4711 Deus
3230 4671 3329 4711 suo
3360 4673 3492 4714 con-

187 4769 324 4810 rum.

751 4839 980 4898 CAPUT
1017 4838 1206 4895 XVIII.

196 4957 202 4965 ‘
258 4939 412 4995 Nunc
436 4936 756 5009 Aspbaltitis
790 4936 938 4990 lacus
956 4933 1275 5004 qualitatem
1302 4937 1634 4999 spectemus.
1665 4925 1747 4980 Me
1766 4954 1781 4966 -

191 5034 289 5090 lius
309 5046 392 5089 est
420 5033 564 5088 enim
583 5030 638 5085 in
660 5030 903 5084 locorum
931 5037 1176 5083 veterum
1196 5019 1780 5092 descriptionibus,vel

193 5138 507 5187 cmlerorum
533 5126 928 5182 elementorum
959 5120 1247 5182 miraculo,
1278 5132 1439 5187 quam
1481 5114 1534 5171 in
1563 5111 1782 5168 .Iudmo-

194 5240 304 5281 rum
360 5221 720 5279 seditionibus
770 5216 969 5290 stylum
1018 5227 1309 5280 occupare.
1362 5206 1640 5278 Siquidem
1682 5205 1783 5260 ista

195 5316 384 5389 ﬂagitia
409 5323 646 5369 mentem
669 5315 1025 5380 exasperant;
1053 5306 1141 5360 illa
1164 5303 1476 5358 demulcent
1514 5299 1780 5361 animum,

193 5413 308 5468 dum
322 5416 701 5471 recensentur,
720 5415 773 5461 et
788 5403 856 5458 ad
867 5400 1070 5456 veteris
1082 5397 1325 5452 historia:
1336 5390 1787 5460 revocantcogni-

195 5508 412 5565 tionem.
436 5502 607 5562 Nobis
631 5509 811 5556 autem
854 5493 1059 5569 quibus
1083 5491 1345 5547 incultius
1369 5487 1647 5560 ingenium
1672 5494 1780 5553 est,

258 5658 283 5687 ι
307 5646 424 5705 Cui.
452 5643 625 5697 Bsnn.
1015 5701 1028 5714 .

254 5717 282 5761 δ
304 5697 456 5775 uitta
473 5725 662 5767 Vocem
678 5724 795 5780 non
812 5701 1060 5780 agnoscit
1089 5714 1196 5757 ms.
1222 5697 1300 5754 In.

262 5802 282 5831 ε
303 5789 654 5845 Generantur.
677 5779 754 5835 In.

261 5859 288 5900 ἀ
315 5850 729 5931 Egredientium.
757 5851 830 5907 In.

1890 4746 2104 4802 tulisset
2130 4761 2378 4812 munere,
2415 4761 2543 4801 arva
2573 4746 2785 4817 frugum
2818 4743 3022 4801 feracia
3050 4788 3065 4813 ,
3095 4756 3149 4803 et
3180 4747 3352 4803 vineis
3383 4764 3490 4805 cm-

1887 4841 2127 4911 terisque
2154 4839 2449 4896 fructuosis
2481 4839 2769 4895 arborilms
2796 4855 2891 4896 rus
2912 4843 3218 4909 consitum;
3252 4841 3485 4914 ingrati,

1887 4947 1990 4988 nec
2046 4947 2159 5003 pra:
2211 4931 2384 4987 oculis
2429 4930 2699 4988 habentes
2751 4934 3049 5003 potentiam
3096 4935 3191 4991 Dei
3241 4940 3485 5008 summi,

1884 5023 2042 5097 quasi
2072 5041 2177 5079 non
2217 5024 2400 5080 omnia
2430 5032 2723 5089 cerneret,
2754 5028 2940 5080 omnia
2988 5034 3361 5099 prospectaret
3389 5030 3489 5086 ila-

1886 5120 2040 5191 gitia,
2077 5119 2317 5190 nihilque
2348 5125 2497 5175 esset
2526 5117 2670 5188 quod
2704 5117 2855 5173 illum
2886 5119 3057 5176 latere
3086 5131 3178 5176 aut
3210 5123 3488 5192 prrctcrire

1890 5223 2074 5284 posset
2106 5229 2120 5266 :
2151 5213 2221 5267 ita
2246 5211 2689 5281 intemperantiae
2727 5225 2840 5266 sum
2866 5213 3082 5283 probris
3109 5215 3342 5271 miscere
3369 5217 3492 5270 uui-

1887 5318 2048 5360 versa
2077 5318 2141 5359 ac
2178 5304 2424 5375 polluere
2468 5317 2722 5374 cepere,
2772 5304 2969 5375 quibus
3005 5307 3243 5363 divinam
3275 5318 3489 5364 traxere

1886 5398 2174 5464 offensam,
2209 5407 2261 5455 et
2286 5415 2390 5470 pro
2416 5397 2685 5454 scelerum
2713 5398 2888 5469 pretio
2924 5399 2994 5455 de
3023 5401 3164 5457 cmlo
3203 5401 3490 5459 descendit

1889 5493 2051 5562 ignis,
2084 5492 2175 5564 qui
2201 5492 2483 5564 regionem
2514 5490 2665 5547 illam
2706 5501 2982 5548 exureret.
3018 5491 3266 5564 Quinque
3298 5492 3484 5565 itaque

1978 5636 2001 5665 ο
2026 5628 2348 5687 Excutimur.
2383 5632 2455 5688 In.

1977 5697 1999 5738 ἲ
2020 5699 2191 5761 llttsa.
2226 5704 2301 5761 lo.

1976 5780 2002 5819 ε
2022 5771 2193 5843 Aqua.
2216 5772 2297 5830 In.
