4112 6350
586 280 730 339 2119

1835 279 1848 285 ’
1885 283 2130 345 SANCTI
2170 285 2494 347 AMBROSII

3701 301 3820 362 2120

583 402 749 457 urbes
789 400 1033 458 incensae
1057 441 1072 469 ,
1100 414 1331 472 quarum
1361 399 1553 457 umbra
1580 401 1828 474 quredam
1874 413 1930 460 et
1970 405 2182 476 species
2210 413 2259 471 Α
2289 406 2414 462 culo
2445 405 2717 463 concessit
2757 422 2772 460 :
2807 403 3071 463 discissus
3115 414 3172 463 et
3215 405 3536 467 dilaceratus
3579 417 3823 485 sentibus,

583 494 636 550 in
671 495 868 550 favillis
896 495 1132 551 videtur.
1165 494 1370 552 Arsere
1404 504 1564 551 terrae
1590 537 1606 565 ,
1654 495 1851 552 ardent
1888 512 2040 568 aquae
2067 539 2080 565 ,
2128 499 2183 554 in

582 589 782 661 quibus
803 588 1042 645 caelestis
1066 587 1204 660 ignis
1232 588 1477 661 reliquiae
1506 599 1997 660 recognoscuntur,
2022 598 2184 662 atque

582 684 763 741 adhuc
791 693 1036 740 manent.
1068 682 1297 754 Spectes
1339 683 1449 740 illis
1477 685 1546 739 ad
1592 685 1835 756 speciem
1867 699 2026 755 poma
2060 684 2187 742 viri-

585 776 770 834 dantia
789 819 804 844 ,
839 777 1103 833 formatos
1128 793 1360 833 uvarum
1389 792 1662 844 racemos,
1705 787 1766 833 ut
1794 776 1994 833 edendi
2023 791 2185 849 gene-

584 879 708 928 rent
746 869 1122 941 spectantibus
1149 871 1508 940 cupiditatem
1537 889 1550 926 :
1575 871 1622 926 si
1650 885 1845 942 carpas
1866 911 1880 936 ,
1929 869 2186 925 fatiscunt

583 981 648 1023 ac
679 967 1031 1023 resolvuntur
1095 965 1150 1021 in
1204 966 1486 1035 cinerem,
1536 966 1852 1036 fumumque
1900 967 2179 1031 excitant,

582 1058 739 1134 quasi
769 1059 946 1115 adhuc
975 1057 1228 1114 ardeant.
1277 1057 1404 1114 Haec
1437 1069 1662 1130 propter
1691 1059 1958 1130 supplicia
1991 1057 2187 1129 impio-

579 1171 701 1212 rum
746 1154 815 1212 de
860 1154 1220 1212 Sodomitano
1268 1155 1550 1213 territorio
1596 1163 1912 1226 comperta,
1962 1155 2184 1211 silentio

577 1247 858 1306 obducere
884 1263 991 1303 non
1026 1249 1290 1320 oportuit.
1321 1248 1416 1304 His
1444 1248 1590 1304 enim
1619 1247 1896 1315 decursis,
1929 1264 2184 1305 remune-

577 1345 847 1402 rationem
877 1346 983 1418 piis
1012 1345 1130 1402 fore
1161 1345 1403 1402 dubitari
1426 1360 1535 1401 non
1564 1352 1766 1416 potest.

1151 1458 1382 1518 CAPUT
1422 1458 1566 1517 XIX.

653 1555 1019 1628 Vespasianus
1046 1555 1232 1626 itaque
1261 1554 1510 1625 proxima
1532 1569 1763 1625 quaeque
1789 1552 2184 1625 Hierosolymi-

581 1660 724 1706 tanac
758 1649 907 1708 urbis
951 1649 1176 1706 castella
1203 1647 1290 1705 vel
1329 1647 1546 1704 urbium
1591 1648 1929 1702 munimenta
1956 1687 1970 1712 ,
2000 1644 2185 1700 distri-

578 1745 712 1802 buto
750 1746 1023 1801 exercitus
1066 1743 1298 1801 Romani
1345 1743 1434 1800 vel
1481 1741 1760 1798 sociorum
1800 1738 2046 1797 subsidio
2091 1753 2180 1794 re-

2287 498 2416 554 dum
2443 497 2698 555 formidat
2747 514 2778 555 a
2815 515 3086 572 quoquam
3132 502 3336 571 videri,
3389 520 3455 562 ne
3505 508 3824 577 proderetur:

2286 593 2485 651 deinde
2513 611 2636 651 cum
2665 611 2724 651 se
2752 595 3179 669 eireumseptum
3212 597 3552 670 intelligeret,
3580 619 3641 658 ne
3667 619 3828 674 graves

2287 701 2463 759 paena:
2487 689 2858 760 exigerentur,
2890 705 3179 762 maganum
3217 691 3479 760 quoddam
3504 694 3599 751 sibi
3625 694 3687 750 de
3710 696 3830 768 ligno

2286 783 2527 855 paravit,
2562 793 2618 839 et
2665 784 2917 840 manibus
2947 785 3260 856 composuit
3285 785 3397 841 suis
3423 828 3436 854 ,
3490 802 3591 858 quo
3617 802 3671 844 se
3698 804 3832 846 neca-

2287 887 2389 932 ret.
2417 877 2486 932 Et
2511 876 2578 933 ad
2607 877 2836 934 libertos
2867 893 3164 935 conversus
3191 897 3204 932 :
3228 878 3434 948 Qualis,
3465 879 3831 952 inquit,artifcx

2287 972 2552 1027 moritur?
2596 981 2622 1010 ⁸
2654 972 2844 1043 Itaque
2897 971 3284 1028 acerbissimus
3336 973 3595 1043 parricida
3643 974 3833 1046 dignum

2286 1067 2500 1123 meritis
2523 1067 2635 1123 suis
2655 1068 2778 1123 vita:
2809 1067 3012 1123 exitum
3037 1069 3190 1134 tulit,
3224 1077 3282 1124 ut
3301 1067 3395 1139 qui
3419 1077 3635 1125 matrem
3655 1086 3711 1125 ac
3728 1085 3834 1126 suos

2286 1159 2562 1218 occiderat
2584 1202 2599 1227 ,
2633 1175 2736 1216 nec
2779 1161 2880 1216 sibi
2912 1170 3183 1233 parceret.
3214 1161 3357 1218 Vere
3386 1161 3557 1217 bonus
3581 1163 3718 1219 necis
3741 1178 3834 1218 suae

2286 1254 2507 1324 artifex,
2542 1255 2633 1327 qui
2665 1265 3010 1312 commentus
3040 1264 3156 1322 est,
3190 1263 3251 1311 ut
3294 1255 3375 1311 sic
3405 1253 3635 1326 periret,
3679 1271 3739 1312 ne
3764 1255 3832 1311 vel

2287 1365 2434 1408 mors
2455 1365 2557 1407 suo
2583 1349 2792 1407 scelere
2815 1359 3054 1408 vacaret.

2873 1463 3110 1523 CAPUT
3150 1463 3294 1520 XXI.

2357 1561 2525 1617 Fama
2574 1560 2762 1632 itaque
2807 1559 3077 1616 interfecti
3117 1558 3346 1615 Neronis
3372 1565 3837 1630 praeveneratmorc

2283 1655 2484 1726 ingenii
2517 1654 2737 1709 humani
2770 1671 2783 1706 :
2816 1653 2902 1708 cui
2926 1651 3062 1707 satis
3091 1661 3205 1718 est,
3238 1652 3327 1709 ubi
3350 1654 3530 1722 cupita
3559 1651 3832 1722 acceperit,

2285 1758 2482 1804 caetera
2515 1762 2623 1802 non
2666 1746 2952 1817 requirere
2979 1787 2992 1814 ,
3025 1744 3120 1801 sed
3162 1747 3345 1800 statim
3375 1745 3632 1816 dissipare
3653 1786 3666 1811 ,
3705 1752 3838 1814 atque

580 1839 802 1910 plebat,
835 1847 895 1894 ut
929 1837 1157 1895 adversa
1198 1839 1302 1895 sibi
1354 1837 1536 1893 omnia
1581 1843 2019 1908 cognoscerent,
2062 1847 2177 1904 quae

2291 1843 2694 1915 inexploratum
2728 1841 2781 1896 in
2815 1840 3010 1911 vulgus
3054 1840 3274 1896 mittere
3323 1839 3465 1912 quod
3509 1839 3834 1895 delectaverit.

574 1942 702 1990 ante
728 1932 1109 2004 eonspiratura
1139 1946 1326 1988 secum
1349 1930 1417 1986 ad
1451 1929 1656 1986 bellum
1685 1935 1878 1984 contra
1904 1926 2185 1982 Romanos

577 2027 878 2100 gerendum
927 2025 1356 2082 arbitrabantur.
1391 2022 1761 2080 Nihilominus
1802 2018 1973 2075 Lucio
2005 2017 2184 2073 Annio

577 2120 839 2178 Gcresam
861 2121 1156 2188 destinato,
1181 2118 1396 2175 insidiis
1419 2118 1609 2174 urbem
1635 2118 1780 2188 cepit
1805 2133 1818 2170 :
1846 2115 1998 2170 mille
2019 2113 2180 2169 etiam

573 2212 804 2285 juvenes
837 2211 1146 2280 interfecit,
1198 2212 1398 2285 quibus
1451 2209 1742 2283 praeventis
1800 2217 2054 2279 exempta
2098 2212 2184 2261 est

577 2305 728 2379 fuga.
751 2306 959 2378 Captivi
988 2305 1208 2362 abducti
1238 2305 1492 2377 plurimi,
1524 2311 1688 2374 atque
1709 2301 1961 2358 universa
1991 2314 2180 2357 eorum

578 2402 908 2475 patrimonia
937 2417 966 2458 a
994 2401 1257 2459 militibus
1305 2402 1515 2457 invasa.
1553 2401 1836 2470 Prmcepto
1867 2397 2025 2454 ducis
2058 2410 2182 2467 pos-

577 2497 855 2554 sessiones
878 2511 999 2568 qua:
1023 2506 1258 2567 reperta:
1287 2494 1522 2564 fuerant,
1553 2492 1947 2559 exurebantur,
1976 2490 2182 2561 rapina:

576 2591 983 2648 exercebantur
1025 2589 1269 2646 licentia.
1303 2589 1605 2645 Vastabant
1645 2587 1877 2642 Romani
1923 2591 2181 2640 montana

577 2695 743 2757 atque
787 2683 1154 2756 campestria,
1187 2682 1386 2755 quibus
1439 2680 1940 2754 Hierosolymitana
1989 2676 2182 2734 civitas

575 2780 910 2838 circumfusa
939 2779 1085 2836 bello
1127 2777 1370 2848 undique
1400 2776 1649 2832 ardebat.
1679 2773 1792 2830 Nec
1814 2773 1993 2830 feriati
2025 2779 2183 2828 erant

577 2873 1062 2948 Hierosolymitani
1086 2887 1114 2927 a
1134 2887 1356 2929 suorum
1379 2885 1542 2927 sensu
1569 2868 1959 2941 periculorum,
1987 2868 2183 2938 quibus

575 2983 767 3025 omnes
791 2967 1075 3026 interclusi
1104 2975 1264 3022 erant
1294 2965 1506 3030 exitus,
1540 2979 1609 3020 ne
1633 2962 1757 3036 quis
1785 2961 1908 3033 fuga
1937 2961 2182 3032 periculo

575 3063 932 3120 eximeretur.
979 3061 1132 3117 Intus
1159 3058 1366 3116 malum
1415 3056 1771 3124 intestinum,
1818 3055 1951 3111 furis
1994 3054 2178 3111 clausa

576 3157 761 3214 omnia
787 3199 802 3224 ,
833 3173 1011 3228 neque
1058 3154 1314 3212 manendi
1358 3153 1651 3222 voluntas,
1712 3166 1892 3223 neque
1937 3147 2175 3221 fugiendi

2288 1938 2399 1994 Nec
2443 1938 2615 1993 multo
2661 1945 2785 2008 post
2840 1945 3022 1994 tamen
3074 1936 3302 1993 Galbam
3355 1936 3597 1992 Romano
3646 1933 3837 2006 imperio

2287 2048 2529 2105 praeesse
2560 2032 2816 2087 innomit.
2849 2031 3006 2089 Unde
3055 2031 3330 2087 sententia
3359 2031 3479 2086 novi
3515 2030 3752 2102 principis
3783 2027 3836 2083 de

2283 2127 2432 2185 bello
2479 2127 2793 2183 Iudaeorum
2845 2127 3148 2194 sciscitari,
3202 2127 3538 2199 Vespasiano
3589 2125 3834 2181 consilium

2288 2222 2424 2289 fuit,
2467 2223 2730 2293 misitque
2779 2221 2961 2277 Titum
3015 2223 3184 2277 filium
3237 2231 3294 2278 et
3339 2237 3521 2294 regem
3567 2221 3835 2292 Agrippam.

2287 2315 2442 2370 Titus
2471 2314 2542 2371 de
2581 2313 2782 2370 Achaia
2815 2313 3110 2371 revertitur
3136 2357 3150 2380 ,
3181 2323 3502 2386 comperto,
3545 2313 3679 2386 quod
3705 2312 3835 2368 etiam

2285 2407 2456 2465 Galba
2489 2408 2721 2478 septimo
2761 2422 2952 2463 mense
3003 2421 3067 2461 ac
3111 2405 3202 2462 die
3245 2413 3538 2478 assumpta:
3590 2402 3835 2477 potestatis

2285 2513 2485 2559 exutus
2531 2499 2874 2572 insignibus,
2910 2514 3104 2570 ptenas
3155 2497 3352 2556 luisset
3402 2501 3455 2554 in
3507 2496 3676 2554 medio
3717 2495 3835 2551 urbis

2285 2597 2429 2663 sinu,
2467 2595 2520 2652 id
2550 2604 2668 2662 est,
2702 2595 2948 2650 Romano
2980 2593 3098 2649 foro
3123 2636 3138 2660 ,
3164 2604 3219 2649 et
3248 2594 3396 2650 Otho
3422 2594 3680 2664 potiretur
3703 2590 3834 2646 rebus

2284 2689 2542 2747 secundis
2595 2703 2660 2744 ac
2706 2703 2969 2744 successu
3017 2687 3313 2758 imperiali.
3365 2688 3597 2759 Agrippa
3646 2685 3833 2741 Romam

2284 2782 2600 2849 contendit‘,
2644 2791 2705 2838 ut
2735 2781 2878 2851 apud
2927 2795 3125 2836 novum
3177 2781 3483 2851 principem
3513 2780 3701 2834 locaret
3736 2791 3835 2848 gra-

2284 2881 2439 2935 tiam.
2471 2878 2596 2934 Tito
2622 2876 2795 2948 pluris
2820 2878 2935 2932 visa
2967 2887 3053 2932 eSt
3089 2886 3336 2946 paterna:
3373 2875 3585 2946 pietatis
3619 2887 3835 2928 reveren-

2287 2973 2357 3027 tia
2383 3014 2399 3040 ,
2441 2987 2604 3043 quam
2655 2971 2976 3042 principalis
3016 2970 3344 3040 potestatis,
3390 2969 3529 3042 quod
3573 2965 3833 3024 inconsulto

2284 3075 2439 3138 patre
2476 3067 2522 3121 si
2545 3064 2574 3104 δ
2607 3065 3007 3137 praetenderet,
3057 3079 3126 3120 ne
3171 3064 3276 3136 ipsi
3304 3064 3522 3136 quidem
3552 3063 3831 3136 placiturum

2285 3169 2516 3231 putaret.
2563 3159 2724 3216 Certe
2778 3159 2959 3215 exitus
3009 3159 3194 3214 docuit
3224 3177 3239 3215 :
3271 3169 3576 3230 opportune
3615 3173 3724 3214 eum
3766 3170 3835 3209 rc-

576 3263 696 3310 erat
723 3253 901 3325 copia.
939 3253 1007 3308 Et
1046 3252 1092 3307 si
1123 3252 1270 3323 quia
1318 3249 1581 3306 Romanis
1621 3247 1836 3303 veniam
1877 3243 2177 3314 transfugio

2282 3255 2448 3311 diisse
2479 3254 2547 3311 ad
2579 3262 2805 3325 patrem,
2843 3252 3006 3308 rebus
3027 3252 3181 3308 novis
3201 3295 3217 3321 ,
3247 3262 3304 3308 et
3329 3254 3590 3309 incertum
3617 3265 3712 3322 quo
3738 3263 3834 3304 vcr-

575 3355 952 3419 speraverant,
978 3360 1007 3400 a
1030 3344 1146 3401 suis
1172 3342 1357 3415 egredi
1390 3339 1841 3413 prohibebantur.

1185 3455 1413 3512 CAPUT
1444 3455 1568 3510 XX.

649 3553 956 3624 Regressus
982 3558 1104 3608 erat
1130 3548 1503 3620 Vespasianus
1533 3549 1586 3602 in
1616 3545 1805 3602 urbem
1833 3544 2140 3600 Caesaream
2161 3583 2174 3607 ,

576 3659 636 3705 ut
666 3647 792 3705 inde
833 3645 1082 3703 collectis
1123 3643 1380 3702 omnibus
1409 3642 1622 3698 viribus
1644 3639 1958 3696 adoriretur
1987 3637 2176 3692 I-Iiero-

575 3743 922 3817 solymitanae
965 3741 1115 3798 urbis
1155 3740 1522 3797 obsidionem.
1569 3737 1917 3808 Nuntiusque
1958 3734 2176 3791 advenit

574 3852 774 3894 caesum
805 3834 1080 3893 Neronem
1125 3833 1290 3892 tertio
1341 3832 1556 3889 decimo
1605 3841 1798 3887 exaCto
1845 3828 2057 3899 imperii
2090 3826 2175 3882 sui

573 3949 744 4002 anno,
772 3948 897 3989 cum
922 3931 1033 4005 jam
1072 3931 1142 3988 de
1169 3947 1313 3986 anno
1343 3927 1597 4001 sequenti
1627 3936 1876 3983 octavum
1906 3923 2052 3980 diem
2081 3921 2179 3977 de-

571 4037 749 4102 geret.
780 4027 987 4100 Dignus
1027 4042 1092 4083 ea
1137 4041 1300 4098 paena
1325 4068 1340 4092 ,
1373 4024 1467 4096 qui
1515 4038 1623 4080 non
1680 4021 1857 4078 solum
1891 4019 2052 4076 fidem
2086 4035 2176 4077 sa-

573 4122 826 4194 crilegio,
848 4122 1106 4194 pietatem
1141 4119 1458 4191 parricidio,
1483 4116 1797 4189 pudicitiam
1821 4117 2031 4172 incesto
2061 4115 2174 4170 vio-

571 4215 815 4282 laverat,
845 4214 941 4271 sed
982 4213 1156 4285 ipsam
1185 4226 1401 4284 quoque
1427 4219 1756 4283 potestatem
1802 4207 2034 4264 Romani
2065 4208 2169 4262 im-

571 4309 748 4380 perii,
797 4307 953 4378 cujus
1000 4305 1086 4362 vel
1116 4303 1296 4361 officia
1343 4303 1432 4360 vel
1481 4303 1700 4375 negotia
1749 4299 2172 4374 improbissimis

570 4402 898 4459 libertorum
935 4399 1312 4456 commiserat.
1340 4396 1479 4453 Cum
1508 4397 1657 4453 enim
1687 4399 1805 4466 ipse
1841 4394 1974 4450 nulli
2005 4393 2171 4449 fidem

568 4503 854 4560 servaret,
887 4506 1079 4550 omnes
1101 4499 1386 4564 suspectos
1414 4489 1652 4546 habebat
1678 4507 1692 4544 :
1722 4497 1778 4545 et
1803 4488 1925 4545 ideo
1953 4487 2174 4558 ncquis-

567 4590 722 4647 simis
746 4586 1096 4662 Nymphidio,
1121 4597 1177 4643 et
1206 4585 1514 4643 Gemellino
1541 4587 1813 4657 praecipue
1838 4583 2169 4640 credendum

2247 3369 2252 3372 '
2281 3359 2496 3422 gerent.
2534 3351 2777 3423 Denique
2805 3352 2969 3407 etiam
3003 3349 3372 3422 Vespasianus
3399 3350 3588 3406 anxius
3610 3349 3671 3404 de
3700 3348 3834 3401 totius

2282 3445 2493 3514 imperii
2523 3444 2844 3501 Romaniae
2871 3446 3059 3516 patriae
3085 3453 3227 3501 statu
3254 3487 3268 3512 ,
3306 3445 3513 3502 bellum
3555 3439 3832 3513 suspendit,

2279 3547 2442 3607 atque
2468 3548 2506 3605 ,ο
2541 3537 2828 3609 imperium
2857 3539 3028 3594 tenuit
3065 3554 3223 3594 suum
3245 3580 3260 3606 ,
3293 3535 3615 3610 posthabitis
3653 3548 3755 3606 qua:
3789 3531 3833 3584 in

2278 3630 2464 3686 Judtea
2493 3631 2860 3701 gerebantur,
2908 3647 3022 3703 prae
3055 3632 3222 3690 totius
3267 3647 3502 3689 summm
3540 3644 3658 3687 cura
3685 3634 3732 3684 et
3762 3623 3833 3696 pia

2279 3740 2408 3796 erga
2437 3725 2670 3796 patriam
2703 3725 3092 3782 sollicitudine.

2869 3839 3095 3898 CAPUT
3134 3839 3307 3897 XXII.

2351 3935 2459 3992 Sed
2497 3935 2683 3993 Iudaea
2719 3951 2828 3992 non
2860 3937 3194 4005 feriabatur,
3241 3953 3368 4009 qua:
3411 3937 3619 4012 gravius
3662 3929 3831 3990 bellum

2279 4028 2419 4085 inter
2444 4046 2572 4086 suos
2597 4073 2610 4096 ,
2638 4045 2801 4102 quam
2831 4029 3124 4088 adversum
3171 4038 3432 4087 externos
3461 4029 3690 4104 gerebat.
3724 4022 3833 4078 Nam

2277 4137 2398 4177 cum
2447 4122 2676 4179 Joannis
2718 4122 2887 4179 factio
2935 4132 3081 4180 esset
3128 4123 3528 4188 intolerabilis,
3581 4111 3835 4176 insurrexit

2279 4224 2547 4286 prieterea
2591 4216 2781 4272 Simon
2803 4257 2820 4286 ,
2849 4215 3075 4272 inferior
3106 4217 3328 4287 quidem
3375 4230 3584 4273 morum
3615 4205 3828 4281 improbi-

2277 4320 2387 4366 tate
2409 4351 2424 4378 ,
2456 4311 2552 4367 sed
2581 4311 2756 4367 forma
2783 4314 3034 4382 corporis
3062 4313 3234 4384 magis
3276 4311 3452 4369 fretus
3477 4309 3544 4366 ad
3582 4319 3729 4364 omne
3753 4316 3832 4354 au-

2276 4405 2512 4462 dendum
2555 4406 2729 4472 nefas,
2762 4416 2818 4462 et
2838 4406 3142 4462 latrociniis
3169 4405 3515 4464 assuefactus
3540 4402 3604 4459 ad
3634 4413 3769 4456 usum
3792 4400 3835 4446 et

2279 4506 2676 4556 tentamentum
2710 4499 3061 4571 ﬂagitiorum.
3091 4498 3242 4555 Civis
3267 4508 3390 4554 erat
3419 4498 3744 4556 Geraseuus,
3771 4501 3836 4541 r0-

2277 4595 2470 4651 bustus
2492 4595 2518 4633 ἀ
2542 4596 2782 4667 juvenis,
2807 4611 2967 4666 quem
2991 4597 3246 4666 princeps
3273 4593 3616 4651 sacerdotum
3647 4591 3836 4642 Ananus

566 4681 808 4753 putavit,
838 4695 979 4752 quos
1026 4679 1149 4736 vilis
1180 4677 1426 4736 conditio
1471 4677 1741 4734 obnoxios
1787 4676 2011 4733 fecerat.
2060 4674 2169 4732 Sed
2197 4658 2251 4718 D
2277 4658 2586 4761 perculerit
2617 4658 2842 4762 [πορίεῇ
2879 4658 3134 4763 nem-mm
3166 4658 3474 4747 έοηιηιεηω
3502 4731 3518 4756 ν
3549 4685 3836 4761 pulsumque

566 4785 623 4833 et
644 4775 748 4847 ipsi
777 4774 1092 4846 exemplum
1123 4773 1468 4831 crudelitatis
1489 4772 1610 4844 ejus
1641 4772 1937 4844 aliquando
1969 4771 2170 4827 exhor-

565 4884 748 4926 ruere.
769 4867 978 4942 thuia
999 4868 1357 4926 charissimos
1380 4866 1484 4924 sibi
1512 4882 1761 4938 quosque
1790 4868 2166 4934 interemerat,

565 4963 874 5021 cavendum
905 4963 960 5020 in
985 4977 1046 5019 sc
1075 4963 1202 5030 rati,
1235 4961 1537 5033 prmvenire
1560 4961 1854 5017 voluerunt
1882 4961 2027 5031 quod
2057 4977 2171 5016 me-

566 5055 811 5112 tuebant.
835 5055 1020 5127 Itaque
1042 5053 1187 5111 facta
1208 5067 1330 5110 cum
1353 5053 1569 5110 eazteris
1595 5055 2020 5124 conspiratione,
2045 5068 2169 5124 par-

563 5149 790 5207 ricidam
823 5149 1106 5207 deserunt.
1140 5148 1238 5205 Cui
1259 5149 1403 5205 enim
1434 5148 1742 5218 parciturus
1768 5147 2167 5219 aastimabatur,

563 5243 660 5316 qui
690 5243 851 5299 matri
895 5259 1002 5299 non
1032 5239 1403 5314 pepercisset?
1430 5241 1692 5298 Desertus
1722 5257 1854 5312 ergo
1883 5242 1951 5298 ab
1983 5245 2165 5299 omni-

562 5339 665 5395 bus
692 5337 839 5406 suis,
869 5336 1004 5409 fugit
1047 5351 1114 5393 ex
1155 5337 1291 5392 urbe
1337 5350 1461 5391 cum
1493 5343 1731 5406 quatuor
1775 5336 1988 5393 libertis
2025 5339 2159 5394 suis.

561 5431 633 5488 Et
673 5447 798 5488 cum
839 5447 899 5488 se
945 5430 1127 5502 urgeri
1180 5429 1596 5486 imminentibus
1645 5430 1946 5502 conjuratis
1999 5441 2164 5505 atque

555 5526 775 5600 agmine
818 5525 1056 5583 adverso
1083 5523 1329 5593 videret,
1375 5523 1430 5581 in
1460 5525 1835 5582 suburbanum
1866 5541 1960 5583 rus
2005 5527 2159 5584 clan-

628 5722 656 5750 ι
694 5711 803 5787 Ita.
825 5711 1072 5787 Bm.-—_-
1092 5708 1241 5766 Nihil
1259 5707 1511 5787 equidem
1541 5711 1888 5787 mutaverim.
1914 5711 2157 5787 Scripse-

558 5785 633 5841 rit
659 5784 804 5841 enim
827 5785 1000 5909 angue
1028 5785 1230 5838 Auctor
1253 5781 1349 5854 pro
1377 5792 1423 5839 et
1459 5783 1553 5839 ita.
1584 5781 1864 5844 GALLAND.

633 5852 659 5893 ά
700 5853 889 5909 Perten
929 5866 1054 5909 cret.
1086 5854 1259 5909 ΒΑΜ.

633 5852 659 5893 ἀ
700 5852 1054 5913 Ρετισηάσνιι.
1086 5852 1259 5912 Buta.

2273 4799 2340 4840 eo
2368 4801 2528 4856 quem
2556 4785 2896 4843 inhabitabat
2919 4786 3040 4843 loco
3067 4829 3081 4853 ,
3111 4787 3166 4841 in
3195 4786 3332 4842 alias
3377 4785 3629 4856 regiones
3663 4788 3833 4835 concc-

2273 4877 2407 4934 dere
2435 4879 2634 4951 coegit.
2678 4880 2748 4935 At
2775 4879 2868 4936 ille
2890 4920 2906 4946 ,
2936 4879 3022 4935 cui
3056 4878 3241 4934 nullus
3268 4877 3414 4934 inter
3443 4877 3648 4950 quietos
3667 4879 3717 4928 et
3738 4879 3836 4924 m0-

2271 4971 2454 5029 dcstos
2487 4972 2676 5042 locus,
2708 4973 2940 5030 contulit
2969 4987 3090 5029 sese
3135 4972 3201 5028 ad
3251 4971 3527 5028 consortia
3555 4969 3833 5023 latronum.

2271 5066 2404 5138 ipsis
2434 5083 2652 5138 quoque
2682 5067 2734 5123 in
2766 5067 3033 5138 principio
3060 5076 3376 5138 suspectus,
3409 5078 3478 5119 ne
3503 5075 3597 5118 eos
3631 5054 3836 5112 factione

2271 5160 2734 5230 circumveniret;
2779 5162 2937 5219 facile
2969 5171 3155 5233 postea
3201 5175 3417 5218 morum
3447 5173 3508 5215 se
3552 5150 3733 5212 infudit
3761 5159 3835 5201 so-

2269 5255 2484 5312 cietate.
2512 5257 2886 5327 Populabatur
2912 5271 3034 5312 cum
3063 5256 3149 5312 his
3178 5271 3242 5313 ea
3267 5269 3389 5323 qua:
3425 5256 3608 5309 essent
3635 5241 3833 5302 finitima

2270 5347 2684 5416 munitionibus,
2713 5349 2857 5421 quod
2883 5349 2964 5404 illi
2994 5348 3256 5404 ulteriora
3290 5355 3480 5419 petere
3521 5357 3627 5400 non
3655 5347 3834 5410 praesu-

2269 5441 2518 5509 mebant;
2551 5442 2648 5499 sed
2670 5443 2826 5514 quasi
2847 5443 2901 5498 in
2933 5442 3106 5500 foveis
3136 5442 3443 5508 latitantes,
3467 5432 3831 5494 insidiabantur

2264 5538 2800 5608 praetermeantibus,
2823 5538 2943 5596 sine
2963 5537 3074 5595 ullo
3095 5550 3350 5606 excursu,
3381 5531 3537 5606 quasi
3557 5519 3832 5586 domestico

2337 5730 2362 5793 (ξ
2403 5718 2682 5793 Impetum.
2705 5720 2783 5778 In.

2336 5787 2361 5827 (ἶ
2401 5787 2642 5850 Ιιιύεηια.
2677 5793 2750 5850 In.
