4112 6350
332 328 465 388 ’2121

1194 339 1461 400 HISTOR.
1505 343 1594 400 DE
1635 341 1915 401 EXCIDIO
1958 342 2226 405 IIIEROS.
2271 348 2474 410 URBIS
2511 353 2645 412 LIB.
2688 355 2776 413 IV.

3494 372 3635 431 2122

329 447 1935 519 latrociniocontenti.IdSimon‘auimiimmodicustolerare
1961 467 2010 527 Α
2042 461 2189 518 nium
2241 481 2360 537 qua:
2409 480 2535 526 sunt
2579 473 2631 527 in
2665 473 2903 547 Egypto
2949 492 2978 532 a
3008 479 3234 538 vetustis
3275 483 3496 544 condita
3529 507 3542 543 :
3577 500 3638 546 ut

327 539 420 596 diu
435 543 702 614 nequivit,
717 545 981 620 brevique
995 550 1100 607 sibi
1114 553 1407 609 multorum
1422 556 1929 626 quazsivitmanum,

328 637 592 707 pollicens
604 643 778 698 servis
791 643 1118 715 libertatem,
1135 647 1582 721 liberis’pracmia,
1605 653 1829 723 perditis
1846 669 1932 710 re-

325 733 782 790 munerationem.
815 736 892 792 Ita
917 739 1316 800 conﬂuentibus
1342 744 1594 815 plurimis
1616 745 1681 802 ad
1713 747 1930 819 deprec-

325 825 490 881 dandi
544 827 846 899 licentiam,
880 848 1192 907 expugnare
1239 839 1609 907 munitiones,
1660 857 1930 914 occupare

323 920 540 977 urbium
565 923 794 996 populos
805 941 988 996 ausus,
1013 930 1272 988 terribilis
1285 934 1536 990 omnibus
1559 946 1674 991 erat
1695 953 1710 1004 ;
1741 951 1925 1008 recep-

324 1012 565 1069 taculum
617 1016 724 1072 sibi
767 1019 821 1074 in
853 1020 1005 1088 vico,
1035 1023 1121 1079 cui
1171 1039 1370 1082 nomen
1394 1036 1420 1064 τι
1456 1026 1639 1097 Ajacis
1698 1045 1924 1096 murus,

321 1105 555 1178 paravit.
579 1106 806 1182 Jamque
837 1113 1029 1184 viginti
1060 1115 1302 1173 millibus
1332 1128 1666 1176 armatorum
1695 1121 1929 1192 stipatus

323 1199 649 1273 incedebat,
697 1221 821 1264 cum
872 1208 1056 1266 subito
1093 1219 1401 1270 metuentes
1444 1211 1928 1287 Hierosolymitani

320 1299 668 1368 quotidianos
692 1300 811 1372 ejus
833 1317 1124 1373 processus
1152 1347 1167 1372 ,
1197 1314 1253 1362 et
1293 1307 1578 1364 adversum
1610 1324 1671 1365 se
1715 1309 1929 1366 futuros

320 1394 457 1459 rati,
487 1395 533 1450 si
564 1395 768 1452 diutius
803 1397 1203 1466 adolevissent,
1235 1401 1598 1459 succidendos
1635 1414 1924 1475 putarunt},

321 1488 717 1558 repentinoque
746 1505 979 1546 excursu
1010 1493 1209 1549 armati
1254 1494 1534 1552 Simonem
1580 1496 1925 1555 adoriuntur.

319 1578 430 1635 Nec
452 1581 546 1636 ille
577 1581 827 1639 incautus
851 1593 1015 1657 atque
1041 1586 1336 1657 imparatus
1368 1588 1577 1644 insidiis
1607 1589 1796 1661 patuit,
1831 1592 1926 1649 sed

320 1676 535 1746 excepit
559 1675 934 1744 advenientes,
967 1689 1023 1735 et
1055 1679 1350 1752 plerosque
1379 1681 1547 1751 fudit,
1579 1683 1719 1740 alios
1749 1686 1928 1757 coegit

320 1767 373 1824 in
407 1769 597 1826 urbem
621 1786 746 1828 sese
773 1773 1020 1844 recipere
1049 1773 1194 1831 bello
1223 1775 1452 1847 fugatos.

881 1864 1112 1922 CAPUT
1152 1867 1344 1923 XXIII.

394 1955 649 2014 ldumaais
681 1973 896 2031 quoque
941 1975 1270 2034 congressus
1307 1965 1530 2036 aequalis
1569 1969 1836 2036 recessit,
1869 1979 1924 2026 et

317 2050 471 2121 quasi
517 2051 694 2106 victus
720 2094 735 2120 ,
781 2053 904 2119 quia
936 2069 1045 2110 non
1077 2055 1282 2112 vicerat
1325 2059 1653 2129 angebatur.
1707 2062 1922 2119 Rursus

319 2157 440 2198 cum
495 2146 960 2217 congrediendum
1001 2148 1176 2217 foret,
1218 2154 1561 2211 commodius
1623 2157 1922 2216 arbitratus

320 2236 448 2294 dolo
472 2239 732 2308 experiri,
753 2243 958 2313 reperit
977 2253 1336 2314 spontaneum
1361 2247 1568 2305 fraudis
1590 2250 1919 2309 ministrum.

320 2329 453 2386 Nam
477 2332 570 2387 ubi
588 2333 925 2392 intellectum
941 2346 1046 2405 est,
1075 2339 1204 2410 quid
1227 2339 1638 2415 isteﬁatfectaret,
1662 2344 1917 2415 Jacobus,

321 2438 462 2478 unus
484 2440 552 2480 ex
576 2425 912 2498 principibus
938 2428 1318 2499 ldumzeorum,
1347 2434 1499 2489 vafer
1523 2444 1580 2491 et
1599 2437 1827 2494 callidus
1851 2438 1921 2494 ad

325 2517 640 2590 hujusmodi
669 2525 882 2594 negotia
905 2567 920 2592 ,
948 2526 1098 2581 venit
1126 2526 1195 2582 ad
1237 2528 1515 2586 Simonem
1547 2531 1836 2601 clanculo,
1867 2542 1925 2590 et

323 2611 520 2668 obtulit
567 2615 758 2684 patria:
806 2632 919 2673 sua:
967 2620 1355 2690 proditionem.
1409 2622 1480 2680 Ut
1532 2623 1691 2680 fidem
1723 2626 1918 2695 daret,

323 2703 468 2774 quod
521 2706 804 2764 universos
859 2709 1128 2768 ldumaeos
1181 2714 1636 2783 circumveniret,
1683 2718 1924 2788 postula-

326 2803 490 2866 taque
521 2799 774 2857 mercede
803 2799 1002 2859 futurae
1047 2804 1330 2862 societatis
1372 2823 1480 2879 quo
1519 2809 1840 2880 potissimus
1867 2820 1924 2869 et

326 2890 469 2962 apud
494 2907 618 2948 eum
650 2894 946 2955 fidissimus
991 2899 1170 2968 foret,
1219 2902 1511 2972 pollicetur
1544 2907 1920 2964 universorum

325 2985 689 3056 proditionem
716 3007 728 3044 :
755 2993 1006 3049 convivio
1033 2993 1296 3051 foederata
1322 2998 1495 3067 gratia
1528 3000 1923 3073 promissisque

326 3075 634 3149 ingentibus
652 3082 893 3142 Simonis
913 3086 1126 3143 firmata
1145 3089 1286 3145 inter
1304 3099 1593 3163 utrumque
1609 3102 1692 3149 est
1721 3096 1919 3164 pactio.

327 3173 434 3230 Ubi
463 3176 529 3232 ad
554 3193 682 3234 suos
708 3181 1004 3238 revertitur
1026 3182 1264 3240 Jacobus
1288 3226 1305 3254 ,
1330 3184 1542 3256 jactare
1574 3188 1752 3258 primo
1785 3193 1921 3257 pau;

2036 557 2199 612 etiam
2226 559 2518 631 Memphim
2536 606 2551 632 ,
2584 582 2704 637 qua:
2730 569 3103 642 antiquissima
3131 574 3364 634 habetur
3386 622 3401 646 ,
3452 593 3634 653 postc-

2037 648 2237 706 riorem
2277 653 2520 726 plerique
2552 659 2887 717 existiment.
2923 663 3100 722 Fuere
3130 670 3326 739 etiam,
3359 648 3635 743 qui—habi-

2037 750 2181 799 tasse
2207 744 2258 798 in
2287 761 2348 800 ea
2382 758 2591 818 patrem
2626 753 2899 811 Abraham
2925 755 3216 827 dixerunt,
3253 773 3442 834 postea
3469 783 3632 840 quam

2034 833 2103 889 de
2129 835 2520 909 Mesopotamia
2568 843 2742 915 Syria:
2787 849 3066 918 profectus
3089 895 3104 920 ,
3135 833 3432 928 IEgyptum
3479 833 3638 931 petiit

2035 927 2290 1002 filiosque
2335 934 2456 1005 ejus
2498 937 2612 993 illic
2661 943 2971 1012 sepulcrum
3018 947 3218 1006 habere
3251 927 3636 1020 pulcherrimo

2033 1030 2369 1081 exstructum
2393 1044 2668 1087 marmore
2689 1042 2745 1088 et
2763 1049 2929 1106 opere
2947 1038 3376 1112 elegantissimo,
3402 1047 3634 1117 septimo

2033 1129 2063 1170 a
2094 1115 2313 1175 civitate
2359 1124 2556 1180 stadio.
2600 1126 2966 1186 Terebinthus
3016 1133 3131 1190 illic
3174 1151 3365 1206 magna
3409 1115 3572 1196 arbor
3603 1157 3632 1196 a

2031 1213 2421 1271 constitutione
2444 1219 2631 1276 mundi
2656 1222 2823 1279 fuisse
2845 1237 3211 1284 asseveratur.
3244 1231 3396 1287 Nunc
3428 1244 3629 1303 tamen,

2034 1312 2216 1359 utrum
2248 1306 2426 1365 adhuc
2455 1323 2691 1380 maneat,
2722 1316 2985 1375 incertum
3019 1321 3178 1378 nobis
3209 1336 3311 1380 est.
3346 1326 3476 1383 Inde
3508 1345 3633 1398 pro—

2031 1397 2322 1467 grediens,
2374 1404 2622 1461 vastabat
2671 1409 2981 1480 territoria,
3031 1419 3378 1486 expugnabat
3431 1397 3631 1487 urbes,

2031 1496 2395 1566 congregabat
2424 1500 2652 1570 populos
2674 1545 2689 1570 ,
2723 1505 3082 1576 quadraginta
3113 1510 3352 1566 millibus
3389 1525 3631 1570 armato-

2033 1603 2152 1644 rum
2170 1591 2426 1662 stipatus,
2449 1597 2772 1654 exinanibat
2793 1603 2975 1657 omnia
2999 1618 3344 1678 quocumque
3367 1609 3450 1664 vel
3473 1610 3629 1680 quasi

2031 1685 2242 1741 amicus
2267 1696 2321 1742 et
2351 1689 2535 1746 socius
2565 1707 2894 1751 accesserat.
2929 1698 3062 1766 Quis
3095 1700 3240 1756 enim
3272 1703 3424 1759 locus
3455 1714 3636 1762 tanto-

2031 1790 2152 1832 rum
2199 1789 2519 1850 suppeteret
2560 1785 2874 1843 alimentis?
2904 1790 3032 1846 Solo
3081 1793 3282 1863 pedum
3314 1798 3545 1869 vestigio
3578 1801 3633 1856 in

1956 1876 2006 1938 Β
2033 1870 2251 1926 modum
2284 1875 2576 1943 pavimenti
2608 1881 3027 1948 proterebantur
3057 1886 3332 1957 universa,
3362 1890 3416 1944 in
3437 1892 3635 1961 quibus

2027 1967 2211 2019 tantus
2237 1967 2562 2024 constiterat
2593 1987 2852 2028 numerus
2883 1976 3278 2046 praeliatorum.
3308 1981 3423 2039 Nec
3449 1985 3628 2041 solum

2025 2056 2354 2130 quicumque
2401 2070 2519 2117 erat
2551 2062 2760 2120 fructus
2789 2068 3140 2128 auferebatur
3163 2115 3178 2141 ,
3212 2077 3364 2146 quasi
3406 2079 3635 2150 quibus-

2027 2147 2152 2204 dam
2202 2166 2400 2210 exesus
2450 2154 2720 2226 locustis,
2759 2159 2855 2216 sed
2901 2163 3064 2220 etiam
3094 2166 3146 2221 in
3193 2147 3472 2238 posterum
3505 2188 3632 2243 pro-

2027 2247 2149 2303 trita
2195 2249 2393 2308 humus
2442 2252 2653 2311 fructus
2706 2259 2957 2328 negabat.
3010 2261 3278 2320 Terrebat
3318 2267 3630 2340 Joannem,

2023 2346 2166 2417 quod
2200 2349 2436 2406 Simonis
2466 2353 2768 2424 augebatur
2795 2358 3061 2426 potentia,
3093 2369 3149 2414 et
3176 2362 3341 2418 totius
3368 2365 3624 2422 factionis

2025 2441 2163 2497 socii
2203 2444 2614 2513 qualiebantur.
2671 2447 2942 2505 Volebant
2989 2452 3293 2522 perditum,
3340 2458 3435 2513 sed
3487 2459 3636 2515 bello

2023 2547 2133 2588 non
2164 2533 2439 2593 audebant
2466 2538 2763 2595 lacessere.
2802 2539 3003 2597 lterum
3035 2543 3264 2602 insidias
3295 2560 3489 2619 parant
3516 2593 3531 2617 ,
3575 2561 3632 2608 et

2024 2626 2342 2685 obsidentes
2371 2630 2565 2687 itinera
2592 2673 2608 2699 ,
2638 2649 2860 2690 uxorem
2887 2635 3008 2706 ejus
3040 2653 3161 2693 cum
3188 2642 3336 2696 omni
3366 2644 3629 2701 comitatu

2024 2722 2303 2790 muliebri,
2328 2732 2382 2779 et
2415 2725 2602 2795 paucis
2626 2726 2865 2782 virorum
2895 2733 3344 2798 prosecutoribus
3373 2737 3590 2806 rapiunt
3617 2757 3628 2792 :

2018 2811 2301 2883 iactabant
2330 2829 2412 2881 se,
2455 2817 2610 2888 quasi
2641 2833 2860 2874 omnem
2889 2822 3258 2881 confecissent
3303 2827 3590 2886 victoriam
3612 2872 3628 2898 ,

2025 2922 2089 2964 ac
2114 2909 2264 2965 velut
2305 2910 2481 2980 ipsum
2523 2911 2801 2968 Simonem
2833 2924 3050 2984 captum
3095 2927 3379 2990 tenerent,
3419 2924 3633 2994 suppli-

2023 3011 2274 3058 caturum
2296 3004 2398 3060 sibi
2432 3004 2859 3062 arbitrabantur.
2892 3008 2961 3063 At
2990 3011 3082 3066 ille
3112 3012 3280 3069 durus
3302 3056 3317 3082 ,
3365 3015 3589 3071 immitis
3613 3059 3631 3086 ,

2023 3095 2116 3166 qui
2168 3097 2370 3152 nullius
2420 3098 2616 3154 affectu
2648 3113 3129 3171 commoveretur,
3187 3105 3322 3161 nihil
3379 3118 3627 3165 sanctum

2024 3202 2284 3246 earumve
2310 3191 2564 3259 haberet,
2599 3191 2969 3250 inflammatur
2991 3196 3148 3267 quasi
3179 3208 3402 3270 accepta
3431 3201 3628 3272 injuria

322 3270 560 3328 cioribus
586 3276 776 3345 coepit,
805 3277 1147 3347 exploratum
1178 3281 1515 3350 processisse
1550 3283 1696 3340 vires
1724 3283 1922 3341 adver-
1947 3270 1992 3334 C
2025 3281 2207 3352 potius
2255 3299 2413 3354 quam
2444 3294 2631 3354 erepta
2685 3287 2894 3355 gratia;
2933 3290 3213 3362 multoque
3257 3294 3453 3350 saevior
3498 3311 3626 3366 gra-

320 3362 623 3434 sariornm,
665 3368 869 3427 vidisse
910 3371 1144 3428 validam
1198 3388 1417 3430 manum
1445 3418 1462 3446 ,
1509 3385 1762 3448 expertos
1793 3377 1918 3434 belli

319 3457 474 3514 viros
500 3500 515 3525 ,
541 3460 949 3520 multitudinem
993 3466 1284 3522 maximam
1310 3508 1325 3533 ,
1359 3477 1416 3524 et
1462 3467 1607 3525 bello
1639 3470 1921 3541 insupera-

322 3548 489 3606 bilem
537 3568 552 3607 :
593 3551 621 3592 δ
669 3554 872 3613 inferre
916 3557 1178 3629 paulatim
1236 3575 1546 3618 sermonem
1608 3561 1920 3620 istiusmodi

318 3645 659 3717 principibus
706 3667 721 3705 :
769 3662 1050 3723 postremo
1102 3653 1391 3712 infundere
1444 3667 1466 3694 ο
1513 3672 1616 3728 per
1661 3673 1919 3715 numeros

317 3737 502 3808 ipsum
531 3739 811 3798 Simonem
831 3743 1124 3802 admodum
1145 3756 1425 3804 strenuum
1445 3791 1459 3816 ,
1480 3749 1571 3820 qui
1592 3750 1744 3820 regio
1765 3766 1917 3807 more

316 3833 622 3889 exercitum
655 3835 1024 3907 instituisset,
1063 3840 1284 3896 ordines
1325 3851 1608 3910 servaret,
1653 3859 1914 3903 numeros

313 3923 640 3984 distributos
667 3927 927 3998 haberet,
959 3932 1214 3991 ductores
1253 3933 1481 3992 idoneos
1510 3936 1847 4007 praefecisset
1897 3956 1912 3994 :

315 4021 609 4079 consulere
650 4024 754 4080 sibi
798 4025 1067 4085 Idumaeos
1110 4039 1403 4100 oportere,
1441 4041 1498 4086 ut
1540 4031 1700 4087 talem
1736 4032 1913 4089 virum

311 4115 551 4171 amicum
584 4119 766 4188 potius
796 4135 958 4192 quam
989 4122 1203 4180 hostem
1235 4124 1641 4196 experirentur.
1673 4125 1837 4183 Certe
1859 4127 1914 4184 in

311 4221 614 4279 congressu
651 4213 988 4283 superiorem
1017 4215 1296 4284 viderent,
1338 4218 1596 4274 cederent
1622 4219 1742 4274 sine
1773 4223 1918 4288 peri-

310 4301 467 4368 culo,
489 4314 747 4362 caverent
766 4308 1036 4378 praelium.
1063 4308 1166 4367 Ubi
1193 4310 1548 4382 plurimorum
1569 4312 1828 4370 inclinata
1858 4315 1912 4370 in

307 4398 638 4455 sententiam
661 4415 816 4457 suam
847 4404 1024 4460 studia
1051 4407 1345 4478 cognovit,
1378 4409 1575 4464 edocto
1602 4407 1825 4465 Simone
1855 4417 1914 4465 ut

309 4487 370 4544 in
399 4488 572 4545 aciem
615 4493 888 4562 prodiret,
923 4510 1150 4554 securus
1179 4497 1374 4556 futurae
1402 4500 1760 4572 dispersionis
1790 4500 1913 4558 ldu-

309 4597 578 4641 maeorum
621 4603 634 4642 :
666 4586 760 4645 ille
791 4585 906 4645 non
927 4591 1140 4648 distulit
1165 4610 1179 4649 :
1206 4594 1295 4651 hic
1326 4595 1477 4652 velut
1518 4597 1910 4668 antesignanus

2024 3377 2249 3448 viorque
2269 3377 2536 3449 gravibus
2563 3381 2952 3447 excruciabat,
2982 3398 3120 3453 quos
3151 3386 3490 3455 reperiebat,
3519 3399 3629 3444 tor-

2022 3469 2244 3526 mentis.
2272 3469 2554 3544 Plerisque
2580 3488 2772 3529 manus
2797 3474 3102 3544 incidebat,
3135 3494 3272 3549 quos
3300 3481 3368 3535 ad
3412 3480 3626 3539 hostem

2024 3571 2272 3620 truncato
2319 3579 2554 3635 corpore
2596 3567 2912 3624 remittebat
2971 3577 3028 3624 ut
3073 3570 3192 3641 ejus
3239 3576 3628 3633 annuntiarent

2021 3656 2421 3724 crudelitatem,
2457 3658 2798 3714 insinuarent
2825 3662 3057 3730 minari,
3087 3663 3231 3734 quod
3263 3683 3453 3723 muros
3482 3671 3618 3725 sub-

2021 3756 2289 3813 verteret,
2321 3750 2510 3806 urbem
2541 3750 2858 3819 excideret,
2892 3752 2997 3808 nisi
3028 3753 3131 3809 sibi
3157 3755 3311 3812 ocius
3341 3774 3477 3815 uxor
3501 3777 3628 3832 pro-

2019 3842 2140 3914 pria
2170 3842 2574 3898 restitueretur.
2623 3841 2889 3899 Similiter
2921 3861 3115 3902 manus
3145 3857 3201 3902 et
3237 3849 3447 3907 viscera
3475 3865 3626 3910 trun-

2019 3946 2270 3993 caturum
2325 3936 2599 4005 omnibus,
2643 3939 2736 4008 qui
2772 3938 2910 3993 intra
2946 3939 3137 3995 urbem
3170 3942 3472 4014 degerent,
3517 3949 3620 4004 nisi

2019 4042 2231 4091 mature
2257 4034 2682 4090 consuluissent.
2713 4034 2789 4089 lta
2814 4035 3220 4105 perterrefacti,
3247 4053 3472 4096 uxorem
3504 4044 3622 4112 ejus

2017 4129 2088 4184 ad
2139 4143 2266 4184 eum
2304 4127 2588 4198 dirigunt:
2622 4141 2732 4198 quo
2781 4126 3062 4198 mitigatus
3105 4128 3260 4185 furor
3305 4131 3453 4201 ejus,
3519 4135 3624 4190 ali-

2017 4229 2280 4293 quantum
2307 4218 2694 4290 requiescendi
2721 4219 2935 4289 copiam
2965 4219 3167 4278 clausis
3198 4220 3378 4292 dedit,
3415 4234 3472 4282 ut
3512 4241 3618 4284 non

2017 4322 2236 4387 urgeret
2261 4310 2602 4369 obsidionem
2629 4310 2869 4367 civilem.

2583 4405 2815 4464 CAPUT
2855 4406 3048 4464 XXIV.

2088 4503 2200 4562 Nec
2241 4504 2420 4561 solum
2464 4501 2638 4560 Galba
2687 4501 3004 4572 interfecto,
3047 4505 3144 4562 sed
3192 4506 3354 4564 etiam
3405 4510 3622 4568 Othone

2017 4599 2308 4664 exstincto,
2355 4595 2557 4652 Vitellii
2616 4594 2846 4650 ducibus
2894 4597 3400 4668 congredientibus,
3453 4619 3614 4675 quem

306 4691 435 4733 cum
467 4679 618 4747 suis,
648 4693 704 4738 ει
747 4686 902 4756 quasi
945 4687 1014 4742 ad
1062 4689 1415 4758 pugnandum
1446 4693 1748 4764 promptior
1774 4711 1786 4748 ;
1815 4693 1906 4749 ubi
1933 4681 2324 4748 DGallicanus
2387 4688 2664 4745 exercitus
2720 4699 3006 4745 creaverat
3081 4692 3488 4762 imperatorem.
3548 4697 3617 4753 Et

306 4769 617 4830 ferentariis
661 4786 925 4834 tentatum
972 4783 1216 4852 praelium
1265 4785 1433 4854 vidit,
1483 4787 1800 4860 priusquam
1856 4789 1910 4845 in

311 4878 512 4921 manus
561 4870 882 4942 veniretur,
939 4890 1207 4932 converso
1245 4893 1386 4950 equo
1429 4877 1573 4950 fugae
1619 4879 1768 4936 dedit
1799 4896 1857 4937 se
1893 4900 1907 4936 :

304 4957 452 5014 idem
497 4961 581 5017 sui
631 4963 831 5023 fecere.
880 4967 957 5024 fta
984 4972 1289 5039 convertit,
1340 4971 1714 5046 dispersitque
1762 4974 1910 5032 acies

303 5056 612 5126 universas,
646 5070 700 5117 et
731 5064 1014 5121 victoriam
1047 5066 1258 5124 Simoni
1295 5069 1414 5126 sine
1444 5071 1748 5126 certamine
1777 5070 1908 5128 belli

304 5149 548 5205 tradidit.
579 5153 769 5211 Simon
799 5173 930 5214 vero
966 5161 1170 5230 potitus
1201 5169 1362 5218 tanta!
1387 5163 1565 5234 gentis
1592 5163 1900 5234 triumpho,

302 5239 630 5299 insolentior
678 5247 731 5303 in
775 5260 1005 5308 exteros
1065 5253 1277 5324 factus,
1325 5253 1581 5312 Chebron
1630 5265 1902 5313 vetustam

301 5331 496 5390 urbem
522 5377 536 5402 ,
565 5339 838 5396 celebrem
873 5344 1089 5415 populis
1111 5388 1126 5414 ,
1161 5361 1324 5418 opum
1353 5347 1605 5416 divitem,
1638 5360 1766 5405 ante
1810 5366 1906 5406 ex-

299 5434 610 5496 spectatum
641 5433 818 5504 cepit,
855 5437 1186 5510 multamque
1216 5439 1268 5494 in
1309 5455 1375 5496 ea
1402 5440 1640 5511 praedam
1676 5442 1903 5514 reperit,

299 5515 508 5591 dirupit
530 5521 737 5581 fructus
768 5527 1088 5587 uberrimos.
1117 5532 1312 5589 Fertur
1332 5535 1476 5590 enim
1504 5535 1900 5606 antiquissima,

301 5626 412 5668 non
447 5616 622 5673 solum
646 5619 948 5679 Palaestinae
978 5626 1192 5682 urbium
1221 5629 1440 5695 civitas,
1469 5629 1566 5687 sed
1594 5630 1757 5687 etiam
1786 5646 1906 5688 om-

379 5741 403 5767 τι
434 5731 844 5816 Josephus,_lib.
875 5757 906 5796 v
932 5741 1000 5798 de
1016 5741 1152 5798 Bell.
1177 5743 1306 5798 Iud.
1327 5759 1449 5816 cap.
1473 5745 1526 5814 7,
1554 5746 1702 5805 hunc
1726 5747 1905 5804 vicum

302 5801 420 5875 Aiut
443 5801 701 5875 appellat.
715 5801 899 5868 Bima.

377 5873 404 5914 δ
445 5873 703 5936 Ιὴὲεγενε.
731 5879 808 5938 In.

831 5958 1108 6021 Pnaon.
1167 5960 1310 6023 XV.

2015 4785 2194 4856 primo
2240 4782 2458 4854 quidem
2507 4781 2808 4838 certamine
2853 4781 3104 4853 superior
3130 4785 3271 4842 Otho
3317 4789 3464 4844 visus
3496 4801 3612 4847 est:

2012 4876 2247 4948 repetito
2275 4884 2399 4947 post
2448 4875 2592 4931 diem
2644 4874 2867 4945 praelio,
2913 4891 3034 4931 cum
3082 4882 3445 4950 comperisset
3474 4885 3618 4941 Otho

2014 4971 2231 5028 Valenti
2283 4979 2339 5026 et
2391 4967 2662 5027 Circinus:
2712 4968 2921 5026 Vitellii
2981 4973 3273 5032 comitibus
3333 4976 3614 5037 victoriam

2012 5065 2281 5131 cessisse,
2352 5063 2621 5135 plurimos
2684 5077 2900 5133 quoque
2974 5079 3198 5121 suorum
3255 5069 3608 5139 interfectos,

2014 5157 2210 5214 Brixia:
2240 5157 2450 5228 positus
2472 5197 2486 5221 ,
2519 5155 2824 5211 voluntaria
2856 5171 2988 5212 nece
3018 5160 3220 5229 eripuit
3256 5174 3317 5218 se
3345 5163 3612 5232 ludibrio,

2013 5252 2228 5308 duobus
2253 5249 2448 5306 diebus
2473 5259 2527 5306 et
2550 5249 2722 5306 tribus
2746 5257 2954 5305 tantum
2991 5252 3272 5309 mensibus
3306 5271 3489 5312 rerum
3518 5273 3616 5328 po-

2009 5347 2161 5403 titus.
2195 5345 2382 5401 Victor
2423 5344 2606 5416 itaque
2630 5343 2918 5413 Vitellius,
2954 5359 3077 5400 cum
3108 5362 3174 5401 eo
3219 5348 3309 5419 qui
3340 5350 3614 5421 utrimque

2009 5438 2355 5511 superfuerat
2384 5439 2627 5495 exercitu
2651 5479 2667 5506 ,
2694 5437 2925 5494 Romam
2954 5440 3255 5496 contendit.

2583 5530 2816 5590 CAPUT
2858 5533 3028 5590 XXV.

2079 5627 2448 5700 Vespasianus
2477 5635 2607 5684 tunc
2635 5627 2899 5698 temporis
2929 5625 3206 5697 profectus
3234 5643 3304 5686 ex
3333 5631 3468 5689 urbe
3495 5634 3610 5692 Cae-

2087 5757 2113 5785 c
2155 5745 2262 5822 Per
2287 5747 2573 5803 universos.
2608 5745 2684 5802 In.
2714 5775 2786 5788 —-
2811 5745 3126 5816 Legendum
3157 5746 3301 5806 forte
3325 5767 3417 5822 per
3450 5753 3610 5810 innu-

2013 5835 2201 5876 meros.
2224 5820 2503 5877 Gassaun.

2953 5955 3034 6017 30
