4050 6484
149 437 294 504 eis?»

1009 448 1277 506 HISTOR.
1322 447 1412 502 DE
1458 442 1739 502 EXCIDIO
1779 439 2050 499 lllEROS.
2099 442 2300 501 URBlS
2339 445 2468 505 LIB.
2511 448 2602 506 Ν.

3322 455 3463 513 2126

146 582 270 623 cum
304 566 359 621 in
392 566 544 622 ltalia
590 567 697 622 sint
742 566 904 623 frater
937 567 1054 639 ejus
1085 575 1139 622 et
1185 567 1328 622 filius
1373 566 1746 626 Domitianus,
1780 562 1830 621 A
1863 557 2144 629 Utrimque
2175 563 2222 616 ei
2271 563 2423 621 Nilus
2463 573 2548 623 est
2573 609 2586 633 ,
2619 565 2741 625 cosli
2782 569 3034 639 ubertas,
3069 579 3230 629 terra:
3279 573 3465 630 fecun-

147 658 448 715 verendum
484 659 724 729 profecto
752 668 870 724 est,
903 674 973 716 ne
1011 659 1101 730 qui
1132 659 1246 714 suis
1276 668 1604 713 ornamento
1631 671 1754 712 esse

143 753 466 823 jamdudum
493 755 716 821 debuit,
749 755 819 810 sit
853 755 1136 825 periculo:
1167 762 1262 808 aut
1302 754 1348 808 si
1376 753 1487 818 illi,
1520 761 1579 808 ut
1604 752 1753 807 arbi-

151 856 359 902 tramur
379 889 395 914 ,
431 857 718 918 tyrannum
750 863 944 917 urgere
970 848 1268 917 coeperint,
1300 846 1426 902 huic
1455 846 1630 902 fraudi
1660 847 1752 912 sit,

150 943 296 1014 quod
337 952 390 998 et
420 943 584 998 frater
615 952 670 998 et
717 944 859 999 filius
890 942 1314 1008 rebellaverint,
1346 949 1402 997 et
1434 942 1757 1011 incipiamus

151 1050 305 1090 reum
339 1045 610 1104 spectare,
636 1051 796 1106 quem
829 1036 1016 1092 videre
1046 1035 1319 1090 noluimus
1342 1033 1751 1102 imperatorem.

152 1127 250 1183 His
298 1143 484 1183 secum
518 1129 715 1182 milites
766 1128 1132 1184 vociferantes
1155 1169 1168 1193 ,
1199 1127 1518 1181 adoriuntur
1551 1125 1758 1194 Vespa-

151 1225 367 1279 sianum
390 1265 402 1288 ,
434 1233 624 1294 rogant
654 1231 709 1277 ut
737 1223 963 1278 Romani
1003 1222 1216 1294 imperii
1250 1221 1516 1288 suscipiat
1556 1219 1757 1289 guber-

154 1317 432 1372 naculum.
483 1318 577 1373 llle
615 1325 796 1373 autem
845 1319 1090 1372 abnuere
1133 1331 1196 1370 ac
1243 1329 1302 1370 se
1351 1313 1632 1384 ittdignum
1677 1313 1760 1367 di-

153 1426 316 1466 cere:
345 1426 469 1467 esse
503 1412 614 1481 jam
643 1413 998 1466 constitutum
1031 1412 1416 1481 imperatorem
1438 1453 1451 1474 ,
1484 1408 1753 1477 refugien-

154 1504 285 1558 dum
315 1503 474 1559 civile
504 1503 734 1559 bellum.
767 1504 846 1559 llli
880 1505 1087 1560 instare
1113 1503 1448 1575 promptius,
1475 1500 1568 1555 ille
1595 1500 1761 1554 resis-

157 1608 277 1654 tere
329 1598 788 1668 perseverantius.
833 1597 1116 1652 Postremo
1162 1596 1520 1652 reluctantem
1568 1593 1764 1648 armati

154 1689 574 1745 circumsistunt
617 1690 813 1760 gladiis
855 1698 1086 1746 mortem
1120 1689 1419 1752 minantes,
1453 1687 1542 1757 qui
1573 1686 1766 1742 adver-

158 1791 340 1838 terent
377 1783 479 1840 sibi
527 1782 736 1838 crimen
777 1798 1036 1850 manere,
1067 1794 1120 1840 et
1164 1798 1328 1853 grave
1374 1781 1672 1850 periculum
1719 1781 1764 1835 si

157 1875 489 1945 refugisset:
542 1877 616 1932 ita
655 1876 819 1932 cessit
859 1879 1038 1948 potius
1087 1877 1550 1948 imprimentibus,
1602 1890 1764 1944 quam

159 1971 372 2040 recepit
401 1971 746 2028 voluntarius
771 2011 788 2040 ,
818 1970 960 2042 quod
991 1971 1200 2026 ambire
1225 1971 1315 2026 alii
1362 1970 1560 2024 solent.
1588 1968 1759 2040 Urge-
1795 1991 1842 2050 Β

160 2061 291 2117 bant
343 2063 576 2125 milites,
610 2062 912 2118 suadebant
955 2061 1155 2118 duces:
1188 2075 1374 2116 curant
1407 2061 1556 2130 prius
1597 2074 1758 2130 quam

161 2153 429 2210 honorem
483 2153 690 2220 induit,
749 2154 1022 2210 festinavit
1068 2155 1119 2208 in
1175 2153 1501 2224 Egyptum,
1554 2152 1763 2206 sciebat

162 2251 313 2303 cnim
346 2249 614 2303 maximas
643 2250 786 2303 vires
827 2247 936 2304 illic
961 2263 1084 2304 esse
1126 2247 1384 2302 Romana:
1412 2245 1722 2317 reipublicm
1745 2286 1760 2311 ,

159 2344 304 2399 unde
337 2345 596 2399 alimonia
648 2345 1082 2399 ministraretur:
1133 2341 1432 2397 subsidium
1472 2339 1575 2396 sibi
1615 2354 1763 2410 quae-

158 2438 430 2506 rendum,
478 2439 524 2492 si
575 2440 846 2494 vinceret:
886 2447 979 2493 aut
1017 2446 1042 2474 η
1075 2436 1364 2508 refragium
1416 2435 1666 2501 Vitellio,
1714 2434 1760 2489 si

158 2530 487 2586 trahendum
516 2531 716 2586 diutius
763 2531 962 2586 bellum
1010 2539 1242 2600 putaret.
1278 2528 1411 2583 Esse
1441 2529 1606 2584 etiam
1651 2527 1762 2583 illic

155 2626 298 2681 duos
348 2626 569 2681 ordines
600 2625 914 2680 militarium
948 2625 1220 2688 virorum,
1257 2638 1394 2693 quos
1435 2622 1536 2676 sibi
1571 2621 1762 2690 adjun-

154 2735 290 2789 gere
329 2721 658 2790 properavit,
686 2728 742 2773 ut
761 2718 891 2773 urbs
921 2718 1151 2772 maxima
1171 2757 1184 2782 ,
1211 2725 1264 2771 et
1289 2715 1534 2782 plurimis
1557 2723 1762 2768 natum

155 2811 520 2867 munimentis
537 2813 867 2867 circumdata
885 2853 898 2876 ,
922 2811 973 2866 in
1005 2826 1106 2867 suo
1131 2811 1311 2880 potius
1334 2810 1455 2876 jure
1478 2851 1490 2874 ,
1516 2824 1676 2878 quam
1709 2810 1761 2862 in

155 2908 341 2962 alieno
372 2914 650 2970 maneret,
675 2907 740 2961 ad
767 2916 1060 2975 utrumque
1085 2905 1210 2960 belli
1234 2914 1484 2958 eventum
1505 2902 1638 2957 satis
1662 2902 1765 2956 uti-

157 3000 247 3054 lis.
310 2999 544 3070 ldeoque
594 2999 662 3054 de
715 3001 958 3054 lucorum
1005 2999 1149 3063 situ,
1189 3010 1250 3050 ac
1301 2997 1636 3064 potissimum
1694 2992 1762 3048 de

157 3093 276 3163 ipsa
309 3092 442 3148 urbe
485 3091 927 3162 metropolitana,
960 3089 1042 3143 vel
1077 3087 1263 3156 paucis
1293 3086 1578 3141 dicendum
1611 3085 1733 3140 rati.

712 3180 941 3238 CAPUT
983 3179 1200 3236 XXV".

234 3279 437 3334 Urbem
491 3276 870 3333 Alexandriam
927 3275 1171 3330 condidit
1198 3271 1526 3337 Alexander,
1573 3273 1660 3326 cui
1692 3273 1762 3328 ob

157 3376 417 3429 virtutem
474 3370 702 3426 inditum
751 3369 925 3440 magni
977 3368 1128 3422 ducis
1186 3375 1625 3436 cognomentum.
1682 3365 1828 3440 Ean

158 3468 304 3522 inter
337 3466 631 3537 .‘Egyptum
662 3473 716 3518 et
743 3478 892 3518 mare
924 3463 1076 3532 quasi
1111 3461 1410 3515 claustrum
1438 3459 1754 3530 interiacet,

157 3562 358 3616 civitas
388 3561 753 3630 importuosa,
783 3567 836 3610 ut
871 3556 982 3612 fere
1024 3557 1294 3627 pleneque
1325 3554 1574 3626 Egypti,
1610 3564 1662 3610 et
1689 3554 1757 3608 ab

159 3664 390 3708 externo
437 3651 680 3706 difficilis
722 3663 977 3711 accessu,
1021 3663 1142 3703 eum
1172 3649 1244 3703 sit
1289 3650 1342 3702 in
1376 3647 1758 3702 remotioribus

159 3748 310 3801 Asia:
334 3745 576 3815 partibus
600 3743 810 3812 jacens.
844 3742 900 3796 In
930 3742 1166 3812 Europa,
1199 3741 1323 3810 quia
1348 3740 1460 3810 ipsa
1485 3738 1511 3777 ι)
1535 3737 1756 3809 zEgypti

157 3837 330 3894 aridis
385 3836 570 3907 Libya!
616 3835 1011 3899 conterminat;
1066 3832 1362 3888 meridiana
1412 3840 1592 3884 autem
1642 3830 1760 3897 ejus

157 3929 446 4001 superiora
464 3970 478 3994 ,
506 3943 626 3998 qua:
644 3927 1027 3982 disterminant
1054 3926 1121 3980 ab
1143 3923 1490 3993 {Ethiopibus
1515 3921 1755 3985 Sienem,

159 4035 212 4078 et
245 4020 642 4093 innavigabiles
673 4019 775 4074 Nili
805 4019 1040 4073 fluminis
1068 4027 1386 4072 cataractas.
1427 4015 1510 4068 Ab
1548 4014 1761 4068 oriente

160 4117 471 4174 refunditur
516 4129 664 4170 mare
695 4113 975 4178 Rubrum,
1020 4111 1197 4166 Clitro
1247 4119 1424 4174 tenus,
1472 4107 1562 4178 qui
1607 4107 1760 4161 locus

160 4211 426 4267 extremis
476 4208 700 4264 ultimus
745 4207 937 4272 terris,
972 4205 1215 4276 pervium
1263 4203 1328 4257 ad
1378 4203 1538 4258 Indos
1587 4201 1763 4271 aperit

163 4307 270 4362 iter
309 4302 659 4374 navigaturis.
693 4301 854 4372 Septa
889 4300 1048 4371 igitur
1090 4315 1155 4352 ex
1198 4311 1304 4352 una
1346 4306 1498 4366 parte
1549 4295 1761 4348 ferven-

164 4399 312 4454 tibus
345 4395 612 4452 incendiis
638 4395 771 4450 solis
794 4436 810 4462 ,
834 4392 1019 4449 Indico
1046 4392 1169 4447 inde.
1213 4403 1374 4461 atque
1407 4389 1530 4444 hinc
1560 4387 1762 4459 Egyp-

164 4495 242 4549 tio
277 4492 415 4548 mari
441 4509 552 4547 uno
596 4500 802 4546 tantum
852 4505 1006 4544 muro
1047 4485 1462 4557 septentrionali
1514 4484 1764 4539 innititur

163 4596 352 4652 teme,
383 4587 526 4656 quod
558 4584 708 4638 ducit
743 4583 796 4638 in
829 4583 1062 4655 Syriam.
1096 4582 1305 4637 Cattera
1339 4579 1632 4634 interclusa
1663 4593 1763 4630 un-

163 4679 328 4749 dique
350 4719 364 4743 ,
394 4687 450 4733 et
491 4686 700 4732 naturae
739 4675 982 4731 subsidio
1014 4675 1243 4730 vallata:
1275 4671 1551 4727 dividuum
1584 4680 1760 4724 tamen

165 4769 616 4843 septentrionalis
660 4771 831 4840 plaga:
879 4768 1054 4826 eidem
1104 4769 1529 4831 munimentum,
1571 4772 1626 4820 et
1672 4779 1766 4833 ge-

167 4867 322 4923 mino”
350 4866 584 4937 quodam
638 4865 807 4920 limite
836 4873 1025 4934 patens
1047 4905 1061 4930 ,
1095 4877 1204 4934 quo
1242 4861 1332 4917 vel
1373 4859 1668 4931 peregrinic
1699 4855 1764 4909 ad

166 4977 290 5014 cam
331 4975 430 5029 per
474 4959 642 5013 maria
675 4969 696 4994 ο
731 4956 1018 5028 [Egyptum
1063 4954 1405 5012 develtuntur
1440 4950 1611 5020 copia:
1634 4991 1648 5015 ,
1683 4947 1768 5000 vel

164 5053 393 5110 liberior
417 5055 483 5108 ad
522 5065 691 5109 terras
718 5067 846 5107 usus
875 5049 1211 5106 diffunditur.
1243 5048 1407 5101 'l‘erra
1436 5045 1582 5115 jacet
1610 5042 1661 5096 in
1689 5041 1771 5095 iu-

168 5148 382 5204 finitum
408 5147 646 5203 modum.
674 5146 806 5202 Nam
836 5147 976 5201 inter
1000 5143 1218 5200 Sienem
1251 5149 1305 5196 et
1345 5138 1618 5195 Pelusium
1650 5135 1768 5190 lon-
1796 5140 1811 5155 '

169 5243 358 5314 gitudo
383 5243 411 5280 (ί
439 5244 687 5298 universa
719 5242 1017 5298 stadiorum
1066 5239 1233 5293 duum
1265 5233 1522 5295 millium,
1552 5232 1596 5286 si
1631 5229 1764 5284 fides

171 5339 402 5394 assertis
453 5338 642 5402 adest;
691 5347 745 5392 ct
793 5337 861 5390 ab
908 5332 1183 5388 Plinthine
1235 5342 1406 5398 usque
1455 5323 1766 5386 Pelusium,

170 5431 474 5486 stadiorum
508 5433 634 5486 item
684 5431 842 5484 trium
891 5425 1116 5480 millium
1169 5428 1547 5478 sexcentarum
1578 5435 1589 5468 :
1626 5415 1766 5469 inas-

168 5534 326 5580 sueta
359 5524 622 5581 imbribus
657 5525 806 5595 regio
827 5563 841 5586 ,
875 5535 974 5574 nec
1005 5528 1188 5572 tamen
1219 5513 1520 5585 pluviarum
1555 5508 1768 5578 indiga,

170 5620 260 5675 cui
321 5619 427 5675 Nili
497 5619 695 5689 irrigua
761 5625 1091 5689 spontaneos
1166 5611 1367 5665 imbres
1436 5605 1768 5661 ministrant.

247 5763 272 5796 δ
314 5753 468 5814 Nova
501 5757 655 5826 plane
684 5755 784 5814 vox
805 5802 818 5821 ,
842 5748 1443 5826 suffragioopponitur.
1481 5743 1598 5798 Vid.
1631 5743 1764 5797 Gro-

173 5847 303 5887 nov.
338 5821 603 5885 Monobib.
638 5848 758 5900 cap.
790 5831 881 5893 21,
919 5821 1036 5897 pag.
1066 5824 1191 5879 256.
1227 5821 1511 5876 GALLAND.

247 5903 274 5940 ι’
316 5902 597 5973 As'gyplur.
624 5903 788 5956 Bann.

252 5985 274 6010 ε
317 5973 652 6045 Αἰθυριὶηηι.
683 5973 760 6028 ID.

1860 651 2033 707 ditas:
2065 670 2190 709 arva
2223 668 2484 730 temperat
2513 703 2529 731 ,
2559 662 2734 718 solum
2760 666 2993 734 opimat,
3024 669 3207 723 nautis
3234 679 3289 724 et
3319 673 3464 740 agri-

1858 744 1994 801 colis
2014 747 2164 816 juxta
2187 751 2305 805 usui
2330 768 2342 804 :
2373 752 2427 806 lii
2456 755 2743 826 navigant,
2769 757 2845 812 illi
2875 769 3093 814 serunt:
3117 761 3202 816 isti
3227 762 3461 816 circum~

1860 837 2132 894 vehuntur
2159 858 2255 911 per
2283 857 2377 901 sua
2421 861 2545 900 rura
2589 849 2854 920 navigiis,
2887 851 2959 906 illi
2989 852 3244 908 excolunt
3282 865 3463 910 aratro

1861 940 2141 999 serentes,
2176 935 2388 992 viantes
2425 939 2544 994 sine
2586 953 2868 1011 carpento.
2904 945 3226 1002 Distinctam
3269 963 3464 1004 cernas

1859 1021 2079 1078 fluentis
2106 1034 2161 1080 et
2190 1029 2342 1098 quasi
2372 1031 2692 1100 quibusdam
2740 1037 3007 1093 excelsam
3055 1041 3327 1096 mtenibus
3364 1057 3464 1095 na-

1862 1115 2126 1184 vigiorum
2148 1159 2163 1185 ,
2197 1121 2322 1174 totis
2368 1122 2637 1179 domicilia
2673 1128 2831 1182 terris
2864 1141 3146 1199 vagantur,
3194 1148 3315 1201 quae
3346 1133 3465 1188 Nilo

1862 1207 2267 1263 circumﬂuunt.
2297 1210 2394 1266 Est
2430 1214 2575 1270 enim
2603 1218 2921 1286 navigabilis
2952 1237 3122 1292 usque
3165 1224 3232 1278 ad
3271 1225 3462 1280 urbem

1865 1299 1959 1372 (ut
2005 1303 2311 1374 appellant)
2348 1316 2370 1342 ε
2405 1307 2888 1380 Elepliautinorum
2934 1333 2947 1369 :
2993 1318 3217 1374 ulterius
3272 1335 3462 1375 navem

1866 1399 2164 1468 procedere
2191 1409 2478 1458 cataracta:
2507 1422 2641 1477 quas
2667 1408 2901 1465 diximus
2921 1456 2935 1480 ,
2971 1428 3077 1468 non
3106 1417 3289 1469 sinunt
3316 1435 3328 1470 :
3360 1433 3465 1472 non

1864 1490 2078 1546 defectu
2125 1495 2355 1565 gurgitis
2382 1538 2396 1562 ,
2427 1497 2521 1552 sed
2551 1499 2718 1554 totius
2760 1501 3002 1558 ﬂuminis
3032 1507 3380 1579 praccipitiis,
3415 1511 3470 1564 et

1864 1583 1936 1638 ob
1982 1586 2273 1655 quamdam
2324 1603 2587 1658 aquarum
2643 1592 2875 1648 ruinam.
2929 1595 3128 1651 Portus
3177 1600 3360 1666 urbis,
3411 1610 3470 1654 ut

1867 1677 2112 1747 plerique
2160 1680 2557 1738 maritimorum
2588 1684 2829 1741 locorum
2863 1687 3062 1753 aditus,
3094 1691 3334 1747 difficilis
3379 1709 3466 1748 ac-

1867 1789 2058 1840 cessu,
2092 1786 2145 1831 et
2176 1777 2334 1849 longe
2361 1778 2637 1837 difficilior
2663 1786 2908 1851 cieteris,
2942 1789 3096 1857 quasi
3134 1789 3200 1843 ad
3243 1789 3469 1845 formam

1869 1873 2117 1940 corporis
2163 1873 2385 1932 humani
2415 1878 2469 1932 in
2501 1879 2682 1950 capite
2725 1879 2844 1951 ipso
2867 1893 2920 1938 et
2957 1884 3010 1938 in
3038 1887 3272 1942 sxatione
3312 1903 3474 1958 capa-

1868 1962 2003 2030 cior,
2039 1965 2091 2020 in
2142 1969 2388 2026 faucibus
2435 1973 2744 2043 angustior,
2787 1992 2890 2047 qua
2937 1991 3175 2035 meatum
3222 1984 3387 2038 maris
3421 1994 3475 2039 ct

1869 2058 2083 2112 navium
2131 2064 2395 2131 suscipit,
2428 2066 2622 2136 quibus
2661 2071 2906 2138 quaedam
2954 2073 3195 2141 spirandi
3230 2077 3474 2132 subsidia

1866 2152 2044 2217 portui
2069 2153 2586 2216 subministrantur:
2620 2162 2712 2215 ubi
2734 2162 2854 2232 quis
2882 2168 3162 2234 angustias
3191 2179 3352 2239 atque
3377 2185 3473 2225 ora

1868 2251 2053 2308 portus
2103 2249 2380 2314 evaserit,
2417 2257 2673 2320 tanquam
2719 2254 2926 2324 reliqua
2967 2260 3216 2327 corporis
3260 2260 3468 2316 forma:

1867 2331 1937 2387 ita
1960 2333 2176 2390 diﬂ‘usio
2207 2338 2372 2394 maris
2397 2341 2556 2412 longe
2583 2344 2799 2415 lateque
2826 2348 3172 2405 distenditur.
3199 2351 3253 2406 In
3281 2351 3470 2407 dextra

1870 2441 2000 2481 vero
2033 2439 2221 2497 portus
2261 2432 2436 2488 insula
2469 2445 2554 2490 est
2602 2437 2814 2505 brevis,
2845 2449 2899 2495 et
2929 2441 2981 2495 iit
3011 2458 3074 2497 ea
3108 2445 3272 2499 turris
3301 2448 3472 2500 maxi-

1868 2537 1975 2587 ma,
2007 2537 2168 2592 quam
2208 2525 2445 2582 Pharum
2482 2529 2533 2583 in
2575 2546 2864 2590 commune
2891 2534 3067 2592 Graeci
3096 2553 3159 2591 ac
3190 2537 3367 2594 Latini
3404 2556 3471 2595 ex

1868 2613 2038 2684 ipsius
2070 2619 2146 2672 rei
2177 2633 2273 2674 usu
2301 2623 2740 2692 appellaverunt,
2767 2642 2833 2682 eo
2862 2630 3006 2698 quod
3043 2631 3200 2703 longe
3225 2633 3474 2689 videatur

1865 2724 1893 2763 a
1925 2711 2334 2781 navigantibus,
2369 2727 2424 2769 Iit
2465 2717 2613 2785 prius
2645 2735 2802 2787 quam
2834 2721 2886 2775 in
2925 2733 3135 2792 portum
3168 2727 3466 2798 appropin-

1866 2811 2055 2870 qncnt,
2091 2811 2360 2859 nocturno
2388 2808 2622 2864 maxime
2649 2818 2897 2881 tempore
2917 2855 2931 2878 ,
2957 2824 3154 2870 terram
3188 2817 3475 2874 finitimam

1865 2895 1968 2952 sibi
1997 2911 2121 2954 esse
2149 2898 2488 2956 flammarum
2531 2901 2549 2939 ί
2582 2904 2834 2960 inccndio
2863 2919 3234 2978 cognoscant:
3266 2927 3334 2965 ne
3373 2911 3471 2966 dc-

1866 2991 2009 3058 cepti
2043 2993 2304 3059 tenebris,
2340 2994 2394 3047 in
2425 2997 2681 3066 scopulos
2705 2998 2966 3067 incidant,
2997 3011 3088 3056 aut
3117 3005 3368 3060 vestibuli
3404 3006 3468 3061 li—

1867 3083 2051 3137 mitem
2083 3100 2188 3139 non
2217 3098 2421 3157 queant
2457 3090 2942 3160 comprehendere.
2979 3093 3118 3150 Sunt
3148 3097 3329 3166 itaque
3358 3097 3469 3154 illic

1866 3175 2130 3244 ministri,
2173 3193 2268 3248 per
2315 3197 2450 3248 quos
2489 3182 2752 3252 subjectis
2791 3185 2993 3241 facibus
3036 3189 3359 3258 exterisque
3412 3192 3476 3245 li-

1865 3283 2094 3338 gnorum
2116 3272 2380 3343 struibus,
2413 3274 2664 3330 adoletur
2691 3276 2830 3346 ignis
2858 3279 3012 3347 quasi
3037 3291 3197 3335 terra:
3217 3296 3473 3350 praanun-

1870 3361 1996 3428 tius,
2044 3371 2101 3417 et
2143 3363 2304 3420 index
2355 3365 2585 3420 faucium
2635 3369 3041 3438 portuensium,
3087 3371 3474 3430 demonSIrans

1864 3455 2204 3525 ingrediendi
2237 3459 2536 3530 angustias,
2569 3460 2836 3516 undarum
2863 3464 3049 3530 sinus,
3085 3467 3338 3522 vestibuli
3367 3484 3469 3524 att-

1860 3548 2066 3603 fractus
2090 3590 2104 3614 ,
2152 3566 2218 3604 ne
2276 3553 2612 3623 perstringat
2644 3556 2824 3609 tenuis
2855 3557 3036 3612 carina
3068 3569 3255 3616 cautes
3280 3603 3294 3628 ,
3320 3570 3375 3616 et
3412 3563 3468 3617 in

1863 3638 1979 3710 ipso
2027 3641 2281 3713 ingressu
2307 3644 2545 3700 oﬂ‘endat
2576 3646 2721 3701 inter
2750 3659 2972 3716 opertos
2994 3649 3247 3706 ﬂuctibus
3270 3667 3466 3722 scopu-

1862 3735 1964 3793 los.
1994 3738 2178 3808 ltaque
2204 3737 2472 3794 directum
2521 3755 2738 3794 cursum
2770 3743 3026 3811 paulatim
3081 3745 3280 3801 inflecti
3310 3763 3473 3817 opor-

1861 3837 1974 3894 tet,
2025 3848 2092 3886 ne
2131 3833 2289 3887 caesis
2333 3833 2472 3888 illisa
2524 3835 2670 3889 saxis
2721 3837 2791 3891 ibi
2837 3838 3082 3893 incurrat
3124 3841 3276 3895 navis
3318 3843 3470 3910 peri-2

1863 3925 2044 3978 culum
2071 3965 2084 3989 ,
2119 3924 2212 3980 tibi
2257 3935 2506 3996 speratur
2541 3927 2800 3998 effugium
2837 3932 3222 3999 periculorum.
3256 3934 3471 4006 Angus-

1865 4017 1970 4069 tior
2014 4015 2160 4070 enim
2206 4016 2384 4070 aditus
2436 4019 2486 4071 in
2536 4030 2750 4088 portum
2796 4023 2918 4092 quia
2968 4039 2997 4077 a
3041 4023 3264 4081 dextera
3313 4041 3470 4097 parte

1866 4107 2036 4161 latere
2069 4117 2330 4175 arctatur,
2367 4125 2396 4163 a
2453 4110 2585 4165 laeva
2620 4113 2874 4182 rupibus,
2898 4115 3090 4185 quibus
3130 4117 3468 4178 obstructum

1865 4209 1948 4253 est
1992 4199 2276 4255 sinistrum
2329 4202 2468 4257 latus
2513 4213 2724 4273 portus.
2758 4205 2913 4260 Circa
2962 4208 3192 4265 insulam
3245 4228 3466 4285 quoque

1866 4290 2148 4347 instructa:
2191 4293 2424 4364 ingentis
2469 4297 2862 4366 magnitudinis
2899 4301 3071 4357 moles
3111 4303 3461 4374 dejiciuntur.

1867 4402 1934 4441 ne
1964 4387 2189 4442 assiduo
2218 4390 2558 4460 assurgentis
2589 4391 2792 4463 impetu
2831 4395 3017 4461 maris,
3052 4398 3247 4453 cadant
3279 4398 3470 4455 funda-

1869 4491 2047 4537 menta
2083 4483 2307 4550 insulae,
2349 4494 2510 4555 atque
2541 4487 2590 4540 vi
2635 4487 2800 4542 nimia
2841 4489 3139 4545 solvantur.
3171 4491 3326 4548 Unde
3371 4496 3465 4559 fit.

1868 4587 1926 4632 ut
1966 4577 2301 4634 illidentibns
2346 4595 2466 4634 sese
2513 4581 2565 4634 in
2617 4589 2825 4651 partem
2872 4584 3065 4638 insulae
3093 4584 3378 4653 fluctibus,
3413 4600 3470 4646 et

1867 4669 2220 4724 currentibus
2246 4671 2298 4723 in
2331 4670 2620 4726 adversum
2656 4673 2799 4727 inter
2829 4690 3088 4744 scrupeas
3118 4692 3312 4747 rupes,
3347 4695 3467 4734 tno-

1871 4761 2061 4831 lcsque
2109 4770 2488 4829 constructas,
2523 4764 2728 4818 canalis
2760 4765 2852 4820 ille
2901 4767 3114 4823 medius
3153 4784 3369 4839 semper
3398 4773 3474 4828 sit

1870 4853 2173 4923 inquietus,
2206 4863 2366 4925 atque
2392 4867 2716 4925 exasperato
2741 4859 2969 4913 transitu
3004 4861 3342 4930 periculosus
3377 4867 3472 4922 fiat

1871 4947 2096 5016 navigiis
2120 4947 2370 5002 incessus
2397 4966 2409 5002 :
2441 4949 2744 5018 amplitudo
2777 4963 2964 5022 portus
2993 4955 3292 5012 stadiorum
3321 4976 3428 5016 xxx
3454 5003 3467 5029 ,

1870 5043 2033 5097 statio
2063 5052 2174 5096 tuta
2198 5085 2212 5108 ,
2245 5042 2529 5112 placiditas
2563 5045 2796 5099 maxima
2829 5049 3076 5116 quamvis
3105 5061 3466 5119 tempestate:

1869 5137 1993 5206 quia
2046 5137 2328 5191 memorati
2369 5137 2481 5192 oris
2524 5139 2788 5208 angustiis
2825 5149 2985 5210 atque
3030 5142 3242 5212 ubjcctu
3276 5148 3468 5204 insula:

1872 5229 2085 5299 repellit
2107 5244 2134 5283 a
2154 5244 2214 5284 se
2231 5229 2402 5284 undas
2423 5231 2586 5284 maris
2609 5273 2621 5292 .
2643 5238 2698 5285 et
2718 5230 2772 5285 fit
2795 5231 2940 5288 intus
2965 5235 3264 5290 tutissimus
3279 5249 3470 5305 portus

1870 5323 2315 5392 compensatione
2337 5325 2570 5394 quadam
2593 5323 2868 5395 ingressus
2889 5328 3212 5395 periculosi:
3233 5331 3353 5398 quia
3373 5346 3471 5398 per

1872 5415 2092 5471 easdem
2118 5418 2430 5484 portuensis
2454 5418 2566 5473 oris
2587 5421 2864 5488 angustias
2882 5420 3045 5476 tutius
3069 5431 3256 5492 portus
3275 5421 3466 5477 defen-

1873 5508 2022 5562 ditur
2052 5510 2236 5572 sinus,
2267 5521 2322 5564 et
2360 5523 2738 5567 summovetur
2763 5528 2792 5566 a
2828 5513 3268 5582 tempestatibus,
3302 5513 3472 5580 placi-

1875 5598 2032 5652 datur
2061 5613 2090 5651 a
2121 5608 2143 5645 ε
2188 5598 2482 5671 frigoribus
2527 5618 2624 5673 per
2649 5618 2788 5673 quos
2835 5605 3108 5674 ingressus
3138 5616 3472 5671 exasperan-

1947 5731 1970 5766 ·¹
2017 5731 2044 5784 1
2052 5749 2295 5791 mmmsa.
2333 5736 2404 5792 in.

1954 5815 1975 5837 σε
2020 5802 2445 5870 Elephantorum.
2480 5811 2551 5862 lo.

1957 5873 1973 5908 τ
2020 5872 2240 5927 Indicio.
2278 5879 2355 5934 In.

1953 5955 1976 5989 ς
2022 5941 2359 6008 Frttgoribns.
2399 5952 2468 6006 Ιι).
