4082 6344
364 327 506 386 Ξὶιὶθ

1225 329 1499 389 HISTOR.
1545 332 1632 391 DE
1672 330 1955 391 EXCIDIO
1993 330 2263 392 IIIEROS.
2296 332 2502 392 URBIS
2540 332 2671 391 LIB.
2716 335 2803 393 IV.

3525 341 3668 399 2150

365 443 669 502 turionibus
695 454 751 501 et
770 444 1080 502 cbiliarcltis
1107 488 1121 513 ,
1149 462 1179 502 a
1209 460 1341 503 nece
1366 447 1586 518 quidem
1607 449 1727 520 ejus
1752 458 1961 521 tetnpe-
1985 450 2040 514 Α
2065 449 2246 517 ribus,
2280 459 2340 506 ut
2367 463 2585 506 sensum
2611 450 2887 507 amitteret
2918 450 3083 508 futuri
3113 452 3200 509 vel
3232 453 3543 525 opprobrii,
3576 456 3663 512 vel

362 540 593 596 randum
624 539 767 609 rati,
794 549 822 581 ι
848 542 1048 597 victum
1082 551 1259 599 tamen
1292 541 1512 598 Vitellio
1538 542 1773 615 dirigere
1804 558 1960 615 para-

362 631 514 687 bant.
544 633 664 702 Quo
693 633 910 706 cognito
938 675 953 702 ,
995 633 1264 690 Antonius
1294 635 1459 690 movit
1485 650 1580 691 eos
1610 651 1744 707 quos
1772 652 1955 693 secum

358 724 691 795 deduxerat,
723 736 779 781 et
817 726 986 782 armis
1012 741 1178 798 super
1218 727 1520 784 defectores
1553 729 1745 784 irruit:
1791 738 1846 784 at
1877 729 1956 786 illi

358 818 475 873 viso
505 818 722 890 agmine
760 819 931 891 partis
968 819 1213 875 adversa:
1238 862 1253 888 ,
1288 829 1614 892 paraverunt
1640 836 1700 877 se
1723 820 1791 877 ad
1820 838 1958 892 pra:-

356 911 492 969 lium
524 930 537 968 :
570 913 665 970 sed
694 914 971 985 pauliSper
1007 914 1125 969 ausi
1170 915 1463 980 resistere,
1496 915 1585 971 ubi
1630 931 1688 971 se
1728 932 1958 972 conver-

359 1016 475 1062 tere
508 1016 565 1062 ut
593 1005 919 1063 Cremonam
949 1007 1303 1080 cenfugerent
1328 1050 1343 1075 ,
1375 1022 1499 1063 cum
1532 1007 1804 1079 equitibus
1845 1006 1958 1063 Au~

359 1100 540 1155 tonius
579 1100 856 1168 occurrit,
899 1110 1061 1171 atque
1102 1115 1295 1156 omnes
1342 1101 1605 1171 prmvenit
1646 1101 1858 1157 aditus:
1888 1115 1956 1157 ne

354 1191 741 1263 confugientes
780 1193 1160 1265 reciperentur
1184 1235 1199 1260 ,
1240 1193 1568 1267 clausosque
1606 1202 1734 1250 ante
1770 1193 1955 1251 urbem

354 1282 651 1340 interfecit.
679 1282 831 1340 Cresa
859 1283 994 1354 illic,
1016 1282 1308 1339 multitudo
1334 1285 1566 1339 maxima
1588 1325 1603 1350 ,
1634 1285 1870 1355 reliquos
1898 1286 1955 1340 in

353 1378 525 1448 ipsam
570 1377 761 1435 urbem
808 1389 1127 1450 persecutus
1172 1380 1421 1450 peremit.
1466 1379 1682 1451 Direpta
1729 1380 1910 1436 omnia
1936 1424 1951 1448 ,

352 1470 567 1542 plurimi
598 1472 793 1529 incolae
824 1472 1022 1544 praeda:
1046 1486 1207 1528 causa
1231 1473 1449 1541 necati,
1478 1471 1607 1529 dum
1644 1490 1740 1531 sua
1773 1473 1954 1530 vindi-

351 1575 498 1623 cant.
533 1566 814 1623 Exstincta
863 1566 1084 1638 triginta
1135 1566 1306 1622 millia
1348 1576 1403 1623 et
1445 1566 1663 1624 ducenti
1706 1568 1832 1635 viri,
1862 1568 1952 1639 qui

254 1665 261 1670 '
346 1661 574 1718 aderant
596 1661 664 1717 de
687 1662 930 1718 exercitu
952 1659 1178 1718 Vitellii.
1209 1660 1533 1733 Primusque
1573 1661 1651 1736 (id
1672 1661 1818 1719 enim
1841 1660 1954 1717 An-

346 1754 497 1810 tonio
536 1763 958 1825 cognomentum
990 1753 1141 1827 erat)
1171 1762 1401 1826 quatuor
1429 1755 1599 1812 millia
1628 1755 1950 1835 quingentos

2063 541 2295 612 periculi
2323 560 2337 595 :
2369 541 2578 612 rapitur
2607 557 2637 598 e
2666 542 2918 599 convivio
2937 586 2951 611 ,
2989 544 3219 601 trahitur
3249 562 3345 617 per
3365 548 3667 604 multitudi-

2062 648 2218 702 nem,
2253 634 2541 689 insultatur
2578 635 2876 703 morituro,
2911 635 3218 693 inferuntur
3247 639 3496 709 injuriae,
3525 655 3662 711 quas

2063 726 2244 783 ebrius
2275 741 2380 782 non
2410 727 2700 784 sentiebat.
2732 727 2789 783 In
2821 729 2998 784 media
3033 730 3317 800 perimitur
3342 733 3505 799 urbe,
3538 735 3663 789 vina

2061 819 2222 875 simul
2268 832 2321 875 et
2367 822 2684 892 sanguinem
2733 821 2992 889 fundens,
3039 833 3293 880 eructans
3336 826 3659 897 crapulam;

2060 914 2150 984 qui
2188 914 2233 967 si
2274 914 2475 971 diutius
2506 915 2769 982 vixisset,
2802 915 3027 972 luxuria:
3060 919 3365 987 sumptibus
3402 929 3457 976 et
3489 922 3665 990 pretio

2062 1021 2371 1062 mensarum
2401 1006 2629 1062 Romani
2668 1007 2885 1080 imperii
2927 1027 3059 1082 opes
3089 1012 3463 1083 abligurisset.
3499 1012 3665 1069 Denic

2060 1116 2165 1171 quc
2192 1111 2317 1156 octo
2347 1099 2625 1156 mensibus
2648 1111 2703 1156 et
2732 1102 2970 1174 quinque
2995 1102 3191 1159 diebus
3221 1104 3570 1174 imperitavit.
3595 1104 3663 1161 Et

2056 1195 2165 1266 jam
2215 1195 2386 1250 Roma
2428 1195 2694 1253 edacitate
2722 1196 2840 1267 ejus
2878 1196 3177 1255 defecerat.
3209 1198 3501 1255 Numerata
3536 1208 3663 1256 sunt

2059 1291 2162 1347 alia
2194 1304 2460 1347 caesorum
2488 1306 2655 1363 supra
2681 1292 2709 1332 δ
2736 1294 3026 1364 quingenta
3055 1295 3249 1351 millia.

2052 1380 2055 1383 ’
2594 1386 2825 1443 CAPUT
2874 1386 3118 1445 XXXIII.

2130 1478 2389 1551 Sequenti
2435 1488 2617 1536 autem
2662 1479 2750 1536 die
2794 1482 3064 1537 Mutianns
3108 1492 3165 1538 et
3211 1482 3481 1539 Antonius
3529 1498 3654 1539 cum

2058 1572 2298 1631 exercitu
2344 1574 2548 1644 pariter
2578 1574 2805 1645 ingressi
2832 1615 2848 1642 ,
2880 1574 2971 1631 vix
3002 1574 3164 1631 tinem
3199 1575 3428 1633 necandi
3469 1575 3659 1633 furen-

2059 1669 2200 1726 tibus
2240 1668 2504 1725 militibus
2555 1669 2894 1740 imposuere,
2930 1685 2996 1726 eo
3041 1670 3185 1741 quod
3233 1680 3658 1743 prmsumptores

2055 1762 2419 1819 constituendi
2464 1763 2673 1835 imperii
2704 1763 3024 1820 Vitellianos
3061 1765 3524 1836 persequebantur
3548 1808 3564 1833 ,
3605 1777 3662 1823 et

347 1848 415 1905 de
447 1849 705 1922 Mysiztcis
724 1849 986 1905 militibus
1021 1849 1199 1905 amisii
1232 1866 1245 1904 ε
1279 1850 1534 1921 quoniam
1566 1849 1952 1921 desperatione
1982 1856 2030 1918 B
2055 1857 2413 1927 eXplorabant
2434 1859 2766 1929 privatorum
2785 1857 3001 1925 domos,
3023 1868 3170 1913 tanta
3196 1858 3386 1928 perciti
3411 1859 3659 1931 indigna-

346 1942 539 1998 salutis
567 1942 753 1999 ulcisci
776 1957 838 2000 se
864 1943 1111 2000 volentes
1139 1942 1449 2010 Vitelliani,
1484 1943 1576 1999 ubi
1606 1945 1950 2002 circumven-

348 2046 430 2093 tos
468 2051 530 2092 se
571 2036 756 2095 videre
778 2080 793 2106 ,
827 2037 969 2095 haud
1003 2038 1345 2096 incruentam
1383 2052 1437 2096 et
1463 2040 1597 2112 ipsis
1628 2042 1951 2100 Antonianis

344 2130 629 2187 victoriam
657 2146 895 2189 cessere.
930 2133 1156 2191 Solutus
1184 2134 1416 2191 vinculis
1442 2134 1682 2193 Cecinna
1703 2178 1718 2203 ,
1761 2137 1951 2210 dirigi-

348 2232 435 2279 tur
463 2223 531 2279 ad
567 2223 959 2296 Vespasianum
992 2226 1062 2283 ab
1088 2224 1369 2294 Antonio;
1407 2226 1593 2299 ibique
1627 2242 1738 2284 non
1768 2222 1947 2286 solum

346 2316 540 2374 salutis
584 2320 909 2385 securitate;
953 2318 1049 2376 sed
1089 2320 1251 2376 etiam
1297 2322 1643 2392 praemiorum
1672 2322 1949 2380 solutione

346 2409 658 2468 consolatus
688 2418 775 2468 est
803 2396 1070 2469 maculam
1098 2414 1446 2485 proditionis.

912 2529 1141 2588 CAPUT
1181 2531 1376 2588 XXXI.

420 2621 586 2692 Cujus
624 2623 871 2679 victoria:
915 2625 1107 2681 nuntio
1142 2626 1319 2683 elatus
1358 2625 1626 2694 Sabinus,
1666 2627 1855 2685 volens
1893 2637 1949 2684 et

349 2717 467 2789 ipse
487 2716 1015 2775 commendationem
1036 2719 1140 2776 sibi
1161 2720 1301 2791 apud
1326 2722 1713 2792 imperatorem
1734 2737 1946 2793 parare,

348 2812 395 2867 si
427 2811 754 2882 praeveniret
777 2811 1153 2869 advenientem
1177 2812 1473 2871 Antonium
1499 2814 1698 2871 Vitellii
1725 2814 1813 2870 vel
1836 2814 1949 2871 exi-

349 2903 461 2970 tio,
491 2904 579 2960 vel
616 2903 979 2975 expulsione:
1012 2916 1103 2962 aut
1140 2906 1186 2961 si
1224 2907 1509 2963 resisteret
1529 2906 1816 2975 Vitellius,
1850 2923 1945 2963 su-

346 2999 660 3072 perveniret
694 3000 998 3065 Antonins,
1028 3000 1119 3071 qui
1145 3000 1256 3071 jam
1285 3000 1507 3074 jamque
1544 3000 1807 3058 affuturus
1844 3018 1945 3058 au-

346 3093 630 3162 diebatur,
655 3102 950 3166 congregat
973 3095 1077 3151 sibi
1106 3095 1395 3153 militarem
1419 3112 1638 3153 manum
1661 3113 1727 3154 ex
1752 3097 1836 3153 his
1857 3113 1947 3153 or-

345 3184 568 3241 dinibus
594 3186 685 3257 qui
715 3184 902 3242 Romte
932 3186 1092 3258 positi
1117 3187 1381 3244 curabant
1401 3191 1580 3245 munia
1602 3189 1940 3261 vigiliarum,

2054 1953 2203 2009 tione
2224 1995 2238 2018 ,
2269 1964 2326 2008 ut
2349 1968 2470 2009 cum
2493 1952 2560 2009 de
2588 1952 2787 2023 populo
2809 1953 3023 2025 aliquos
3047 1964 3194 2012 metu
3217 1954 3451 2011 latentes
3478 1954 3659 2013 inves-

2054 2047 2345 2119 tigassent,
2399 2048 2549 2118 prius
2598 2047 2751 2119 quasi
2798 2048 3114 2104 Vitellianos
3168 2048 3443 2116 ferirent,
3492 2065 3653 2120 quam

2052 2140 2288 2211 cognitio
2315 2140 2602 2195 veritatem
2643 2138 3047 2209 manifestaret,
3090 2150 3150 2195 ut
3190 2142 3389 2213 smpius
3424 2142 3654 2199 vincen-

2053 2235 2185 2289 tium
2214 2232 2367 2288 furor
2402 2233 2886 2304 interrogationem
2925 2234 3269 2304 praeveniret.
3304 2235 3376 2290 Et
3398 2236 3524 2307 quia
3555 2235 3653 2292 ab-

2051 2341 2182 2383 sens
2223 2335 2341 2382 erat
2380 2325 2787 2397 Vespasianus,
2831 2325 2989 2396 quasi
3028 2326 3096 2383 ad
3134 2328 3426 2398 interregni
3479 2327 3654 2385 vicem

2053 2417 2420 2474 Domitianum
2435 2417 2959 2489 publicisMutianus
2975 2417 3217 2488 prtefecit
3239 2419 3492 2490 negotiis,
3528 2430 3550 2460 ο
3583 2435 3656 2475 ne

2051 2514 2178 2588 quid
2201 2513 2316 2585 ejus
2340 2512 2740 2570 deessetrebus
2767 2512 3042 2568 secundis.
3071 2511 3320 2569 Nondum
3341 2522 3522 2569 tamen
3547 2513 3657 2568 Do-

2052 2607 2281 2664 mitiano
2301 2623 2360 2663 se
2383 2609 2599 2680 penitus
2621 2606 2896 2664 infuderat
2916 2609 3083 2665 libido
3106 2609 3435 2681 ﬂagitiorum
3461 2628 3475 2668 :
3502 2609 3655 2667 rudis

2051 2699 2231 2756 adhuc
2256 2700 2432 2765 vitiis,
2461 2708 2517 2755 et
2545 2699 2649 2755 tiro
2670 2698 2997 2756 criminibus
3027 2709 3086 2756 ut
3114 2702 3493 2771 potestatibus.
3522 2701 3657 2759 Vest

2051 2793 2310 2864 pasianns
2354 2792 2536 2848 bieme
2584 2800 2831 2849 retentus
2863 2835 2877 2860 ,
2927 2802 3093 2865 atque
3134 2795 3438 2851 intercluso
3476 2797 3655 2851 ventis

2051 2885 2227 2951 mari,
2262 2900 2386 2940 cum
2419 2884 2530 2940 lilio
2574 2883 2965 2940 Alexandriam
3002 2885 3165 2941 rediit
3202 2904 3215 2940 :
3261 2886 3374 2942 illic
3408 2887 3654 2943 victoria:

2051 2979 2242 3034 nuntio
2284 2977 2565 3048 plebisque
2610 2976 2875 3034 Romanae
2915 2988 3198 3048 comperto
3238 2979 3293 3034 in
3324 2994 3383 3035 se
3428 2979 3653 3046 favore,

2049 3070 2443 3142 profectionem
2479 3070 2859 3127 maturandam
2888 3073 3214 3138 constituit,
3264 3088 3334 3129 ne
3375 3073 3504 3145 quid
3548 3075 3648 3131 ab-

2050 3173 2208 3220 sente
2259 3179 2319 3220 sc
2359 3175 2690 3220 novaretur:
2740 3180 2844 3221 nec
2879 3174 3057 3220 tamen
3098 3164 3410 3222 incuratum
3450 3164 3653 3223 Iudaeas

344 3289 577 3349 occupat
604 3255 767 3336 nocte
799 3290 854 3336 et
880 3255 1205 3351 Capitolium
1233 3296 1249 3336 :
1283 3283 1500 3354 pluritui
1530 3283 1598 3339 ad
1632 3255 1757 3339 eum
1784 3255 1943 3340 nobis
1970 3258 2016 3321 (ἶ
2051 3255 2254 3313 “eum”
2285 3259 2505 3329 "inquit
2530 3299 2545 3325 ν
2578 3257 2725 3354 quo?!
2764 3257 2918 3354 “nor,
2951 3257 3103 3354 Ψ¹³ξί
3148 3260 3391 3354 θοηδθτίηί
3422 3273 3647 3315 suorum

345 3372 484 3429 lium
513 3389 608 3444 per
649 3373 794 3430 diem
823 3373 1169 3443 conﬂuxere,
1213 3375 1357 3432 inter
1385 3392 1522 3447 quos
1560 3377 1723 3433 etiam
1756 3376 1942 3433 Domi-

344 3470 529 3526 tianus
558 3470 877 3539 VeSpasiani
902 3485 1166 3542 germano
1193 3471 1402 3539 editus,
1435 3471 1527 3543 qui
1561 3480 1841 3538 metuens,
1875 3488 1946 3529 ne

344 3564 403 3621 in
432 3579 492 3620 se
524 3564 679 3637 quasi
712 3563 766 3620 in
799 3563 1121 3635 Vespasiani
1152 3576 1442 3636 nepotem,
1479 3564 1769 3621 Vitelliana
1809 3564 1945 3621 ultio

311 3647 718 3725 ’derivaretur;
751 3658 896 3715 inter
914 3657 1053 3716 duos
1084 3660 1293 3729 positus
1318 3658 1601 3726 Vitellios,
1633 3659 1942 3730 propiorem

339 3751 623 3820 adoritur,
657 3754 837 3809 minus
862 3753 1130 3809 sollicitus
1160 3753 1228 3809 de
1272 3753 1568 3810 remotiore
1612 3752 1767 3826 (plus
1797 3752 1943 3808 enim

339 3847 600 3919 propiora
646 3855 854 3904 terrent
896 3845 1190 3919 pericula).
1239 3846 1660 3917 lndignatusqne
1701 3845 1945 3900 immittit

338 3941 649 4000 Germanos
672 3943 728 3998 in
757 3943 1078 4015 Capitolium
1095 3987 1110 4012 ,
1136 3943 1227 4013 qui
1255 3941 1580 4013 praeferoces
1609 3939 1943 3996 immanitate

338 4035 521 4108 gentis
536 4078 551 4102 ,
574 4034 736 4091 simul
762 4051 990 4091 numero
1006 4035 1296 4090 validiores
1318 4076 1332 4101 ,
1359 4034 1833 4089 circumvenerunt
1857 4045 1942 4086 re-

338 4130 677 4186 bellatricem
701 4129 887 4186 Sabini
909 4140 1182 4186 catervam
1206 4146 1219 4183 :
1247 4127 1513 4184 interfecti
1536 4141 1701 4197 prope
1727 4140 1938 4180 omnes.

317 4222 685 4278 Domitianus
735 4232 912 4278 tamen
957 4237 1080 4279 cum
1139 4222 1414 4293 plerisque
1456 4220 1760 4287 nobilium,
1812 4217 1941 4273 dum

338 4313 600 4370 Germani
624 4314 689 4370 ad
720 4316 1001 4385 superiora
1028 4314 1279 4386 Capitolii
1303 4315 1578 4380 nituntur,
1603 4322 1657 4368 et
1682 4330 1711 4367 a
1738 4311 1943 4369 Sabino

338 4409 572 4481 ejusque
608 4411 773 4467 sociis
812 4411 916 4466 luci
963 4410 1239 4480 pelluntur
1262 4451 1275 4476 ,
1310 4407 1566 4478 suffragio
1594 4405 1835 4478 fugiendi
1866 4405 1944 4460 lu-

339 4518 470 4561 cum
496 4504 725 4574 reperit,
751 4514 840 4559 aut
869 4502 1011 4560 forte
1029 4545 1043 4570 ,
1071 4503 1194 4574 quia
1218 4511 1272 4558 et
1298 4501 1414 4572 ipse
1443 4501 1586 4556 malo
1613 4499 1832 4570 publico
1859 4513 1946 4554 re-

337 4596 949 4669 servabaturtyrannus
977 4598 1232 4652 futurus:
1271 4595 1532 4650 Sabinum
1567 4593 1816 4650 Vitellius
1845 4608 1943 4649 ex-

2048 3366 2276 3422 operum
2304 3366 2367 3407 ac
2395 3352 2702 3407 successuri
2724 3350 3173 3406 committendum
3194 3351 3407 3421 putavit
3432 3369 3446 3406 :
3477 3361 3535 3406 ut
3555 3367 3655 3408 nc-

2048 3459 2157 3516 que
2185 3443 2447 3500 Romanis
2476 3444 2592 3516 ipse
2622 3444 2871 3512 deesset,
2904 3459 3082 3516 neque
3118 3443 3325 3500 Judaeis
3359 3443 3650 3517 Vespasia.

2047 3552 2152 3595 nus
2169 3582 2184 3608 ,
2209 3553 2369 3610 quem
2396 3538 2542 3594 (ilius
2565 3545 3008 3609 repraesentaret.
3039 3537 3339 3594 Exsecutor
3366 3537 3533 3609 igitur
3560 3553 3654 3607 pa-

2050 3631 2190 3688 terni
2233 3631 2439 3688 electus
2469 3628 2767 3700 triumphi,
2803 3644 2927 3686 cum
2969 3630 3147 3686 electa
3191 3645 3358 3686 manu
3395 3628 3649 3701 dirigitur

2048 3722 2238 3791 Titus,
2287 3722 2454 3794 pedes
2498 3721 2795 3791 egreditur,
2827 3721 3132 3794 Nicopolim
3166 3723 3319 3791 petit.
3365 3722 3535 3777 Abest
3583 3736 3649 3778 ea

2045 3814 2243 3870 civitas
2278 3815 2345 3869 ab
2391 3814 2717 3870 Alexandria
2762 3816 2952 3886 viginti
2994 3822 3228 3884 quatuor
3258 3813 3490 3870 stadiis:
3521 3813 3648 3870 inde

2046 3909 2311 3967 militibus
2340 3909 2502 3966 classi
2540 3910 2757 3965 navium
2789 3909 3055 3978 majorum
3086 3907 3518 3980 itnpositis,Nilo
3547 3909 3646 3964 de-

2028 4003 2217 4075 currit
2244 4018 2415 4074 usque
2439 4002 2507 4057 ad
2529 4004 2722 4059 urbem
2746 4004 2772 4041 ά
2795 4002 2996 4059 Thoni.
3028 4003 3182 4060 Unde
3204 4017 3530 4074 progressus
3551 4001 3650 4059 ba-

2032 4095 2240 4168 ‘bitavit
2280 4096 2334 4150 in
2383 4094 2601 4151 civitate
2644 4095 2733 4152 cui
2777 4111 2976 4151 nomen
3016 4105 3038 4133 ε
3082 4095 3351 4151 'Ihamna.
3396 4095 3648 4153 Secunda

2043 4189 2258 4245 mansio
2284 4189 2558 4246 viantibus
2584 4190 2775 4246 civitas
2806 4189 3102 4252 Heraclea.
3134 4191 3290 4246 tertia
3323 4190 3601 4247 Pelusium
3627 4208 3641 4245 :

2046 4285 2259 4342 duobus
2289 4285 2484 4343 diebus
2519 4286 2845 4342 stativorum
2881 4286 3053 4356 gratia
3085 4285 3287 4342 Pelusii
3315 4284 3605 4341 transactis
3635 4326 3649 4351 ,

2028 4366 2037 4455 ﬁ
2051 4393 2145 4450 per
2166 4379 2439 4437 desertum
2460 4394 2626 4451 agens
2655 4381 2786 4447 iter,
2817 4379 3067 4449 pervenit
3093 4393 3266 4450 usque
3294 4377 3364 4434 ad
3381 4377 3525 4434 Casii
3556 4376 3653 4434 Jo-

2048 4474 2130 4529 vis
2163 4474 2421 4545 templum
2449 4490 2462 4528 :
2496 4474 2743 4530 succedit
2772 4472 2823 4529 ei
2848 4470 3132 4529 Ostracine
3161 4471 3372 4528 mansio
3400 4484 3540 4542 aqua
3568 4469 3650 4526 lo-

2049 4585 2147 4626 cus
2175 4570 2459 4643 indigens;
2484 4580 2663 4625 tamen
2689 4568 2972 4640 diligentia
3002 4567 3194 4622 incola:
3220 4565 3648 4630 sibisubsidium

340 4690 648 4746 cruciatum
687 4699 876 4757 necat,
921 4688 1250 4759 diripiuntur
1278 4685 1463 4743 omnia
1503 4702 1727 4744 munera
1760 4686 1941 4743 oblata

2051 4672 2410 4734 paraverant,
2435 4673 2495 4719 ut
2517 4664 2864 4718 instituerent
2885 4663 3077 4717 ductus
3098 4675 3383 4733 aquarum.
3410 4661 3651 4731 Excepe-

339 4785 617 4858 Capitolio
638 4828 653 4855 ,
686 4787 1058 4859 templumque
1085 4784 1413 4841 incenditur.

899 4899 1130 4957 CAPUT
1168 4898 1366 4957 XXXII

423 5025 550 5083 Post
572 5025 716 5083 diem
744 5024 1014 5082 Antonius
1057 5023 1212 5081 adest
1244 5042 1258 5080 :
1289 5040 1320 5081 e
1355 5025 1574 5082 diverso
1605 5034 1945 5097 occurritur,

343 5119 498 5176 trino
510 5120 651 5175 circa
670 5118 791 5176 ubis
806 5118 1008 5175 moenia
1031 5131 1330 5188 congressu
1352 5117 1564 5174 habito:
1586 5117 1691 5175 fusi
1709 5120 1948 5192 caesique

342 5230 546 5273 omnes
576 5214 893 5270 Vitelliani:
926 5212 1136 5268 interea
1177 5210 1432 5268 Vitellius
1475 5213 1831 5283 epulabatur,
1880 5232 1949 5273 ne

339 5309 629 5366 amitteret
681 5307 978 5363 moriturus
1029 5304 1362 5377 prandium,
1416 5316 1471 5362 et
1513 5306 1952 5365 redundantiori-

340 5403 453 5458 bus
475 5401 644 5473 (utin
666 5400 925 5456 extremis
946 5396 1116 5468 solet)
1146 5413 1346 5455 mensae
1369 5397 1474 5454 sibi
1498 5398 1701 5454 ultimae
1721 5401 1953 5472 dapibus

341 5494 757 5554 refertiebatur.
804 5490 1083 5549 Obruebat
1136 5506 1196 5547 se
1237 5491 1347 5546 vini
1377 5490 1586 5562 poculis
1620 5491 1954 5565 frequentio-

326 5648 333 5651 ,
427 5599 455 5627 ⁸
501 5587 755 5644 Vinctum.
780 5584 951 5642 BARB-

428 5660 458 5700 1)
495 5659 886 5731 Quinquaginta
912 5656 1082 5731 millia
1101 5699 1118 5727 ,
1148 5656 1350 5713 re‘ctius
1376 5672 1443 5714 cx
1470 5656 1731 5730 Joscpbo.
1758 5657 1833 5717 In.

332 5760 337 5764 ’
438 5745 460 5768 α
497 5731 581 5788 Ne
604 5733 721 5788 auis
748 5730 940 5787 uterus.
975 5730 1052 5785 In.

432 5803 458 5840 ιι
493 5805 572 5859 Ex
605 5798 846 5875 Iosephi)
877 5800 1222 5875 scribendum
1248 5798 1498 5875 Thmuin.
1528 5802 1605 5857 In.

435 5886 458 5912 ε
490 5876 611 5933 Vel.
633 5872 782 5942 cod.,
798 5873 982 5941 Tunis,
1005 5872 1150 5944 quod
1173 5872 1443 5929 consentit
1463 5889 1586 5929 cum
1609 5876 1867 5943 .loseplto.
1892 5876 1963 5933 In.

2050 4767 2177 4815 runt
2219 4756 2237 4795 ί
2279 4756 2635 4814 Rhinocoluri
2677 4756 2975 4813 exercitum
3029 4755 3500 4827 progredientem,
3541 4768 3652 4812 non

1979 4870 1984 4875 ε
2051 4853 2172 4907 sine
2197 4859 2351 4923 grata
2379 4851 2698 4907 refectione.
2725 4849 2974 4905 Occurrit
3000 4850 3133 4905 urbs
3161 4858 3186 4896 8
3217 4848 3456 4920 Rapbaaa
3485 4889 3501 4915 ,
3533 4863 3657 4919 quae

2048 4944 2241 5000 civitas
2265 4942 2441 5016 Syriae
2468 4943 2792 5015 principium
2818 4952 2924 5007 cst,
2944 4957 3009 4997 ex
3037 4940 3272 5013 Egypto
3301 4940 3663 4998 commeanti-

2056 5036 2180 5093 bus.
2212 5035 2446 5093 Ventum
2468 5045 2555 5092 est
2576 5036 2775 5093 Gazam
2794 5076 2810 5102 ,
2842 5051 2904 5092 ea
2927 5043 3047 5091 erat
3064 5035 3247 5106 quinta
3277 5033 3469 5090 civitas
3493 5033 3657 5090 adve-

2057 5132 2350 5189 nientibus.
2385 5131 2513 5188 Inde
2538 5131 2592 5187 in
2620 5130 2944 5187 Ascalonem
2965 5171 2980 5197 ,
3014 5129 3211 5186 deinde
3238 5127 3265 5166 ιι
3283 5128 3552 5186 Jamniam
3584 5145 3654 5184 ex

2057 5240 2160 5297 qua
2193 5226 2479 5281 transitum
2502 5225 2556 5280 in
2593 5224 2834 5296 lappen,
2868 5232 3186 5295 perventum
3210 5223 3265 5279 in
3299 5221 3607 5280 Caesaream
3637 5238 3652 5276 :

2058 5317 2153 5373 ubi
2175 5333 2401 5375 necesse
2441 5327 2560 5375 erat
2588 5316 2865 5390 paulisper
2891 5319 3128 5384 morari,
3160 5332 3496 5388 congregare
3521 5330 3658 5386 quo-

2058 5429 2165 5486 que
2190 5414 2425 5471 militum
2455 5430 2675 5470 manum
2695 5457 2710 5482 ,
2743 5430 2862 5484 quae
2882 5413 3061 5471 adhuc
3089 5414 3143 5470 in
3170 5412 3412 5471 hibernis
3441 5410 3674 5484 agebat,

2058 5519 2117 5566 et
2142 5510 2255 5581 jam
2286 5510 2483 5567 hiemis
2507 5509 2777 5581 asperitas
2796 5507 3099 5567 deficiebat.
3402 5507 3405 5510 ’

2147 5606 2164 5644 τ
2205 5604 2509 5661 Rinochari.
2542 5605 2618 5663 In.

2144 5688 2170 5748 8
2201 5677 2473 5748 Josepltus
2504 5678 2729 5748 Raphia.
2768 5678 2840 5733 In.

2141 5747 2167 5786 ¹ι
2197 5749 2272 5805 Ita
2302 5744 2699 5822 rescripsimus.
2728 5748 2875 5807 Etliti
2902 5762 3180 5821 perperam
3209 5744 3504 5803 Gamniam.
3529 5744 3675 5801 GAL-

2071 5837 2229 5881 LAND.
