4082 6344
537 277 671 337 9151

1868 276 2108 336 SANCTI
2147 273 2470 333 AMBROSN

1700 425 2046 509 LIBER
2104 421 2662 533 QUINTUS.

1068 633 1300 694 CAPUT
1342 634 1626 694 PRIMUM.

613 735 770 792 Anno
802 732 976 805 primo
1009 729 1170 785 delati
1216 726 1430 797 imperii
1463 727 1820 799 Vespasiano,
1868 729 2024 785 bellis
2056 745 2144 784 as.

540 828 684 896 peris
716 825 899 880 Judtea
934 832 988 878 et
1027 821 1398 878 seditionibus
1430 819 1748 876 domesticis
1778 820 2145 888 lacerabatur,

540 935 640 974 nec
678 934 773 992 per
814 917 1051 972 hiemem
1093 915 1341 970 inducias
1380 912 1647 970 malorum
1679 925 1900 986 egerat,
1929 916 2148 986 quando

536 1011 714 1068 solent
745 1010 1008 1066 bellorum
1035 1024 1177 1064 sarva
1208 1007 1553 1078 requiescere
1579 1025 1590 1060 :
1614 1007 1742 1078 quin
1768 1008 1928 1062 etiam
1957 1008 2149 1064 tertius

535 1107 584 1161 ei
611 1115 871 1179 tyrannus
902 1105 1193 1160 Eleazarus
1215 1110 1549 1168 accesserat,
1579 1101 1734 1173 quasi
1760 1103 2149 1159 emendaturus

539 1198 668 1252 vitia
697 1198 1041 1267 superiorum
1070 1213 1084 1261 ;
1117 1195 1209 1265 qui
1239 1192 1653 1263 conjurantibus
1677 1209 1862 1249 secum
1893 1195 2032 1250 Juda
2056 1239 2070 1262 ,
2096 1205 2150 1250 et

541 1289 782 1345 Zenonis
822 1289 1079 1353 Simoae,
1123 1298 1176 1340 et
1217 1286 1450 1342 Ezechia
1500 1302 1607 1340 non
1650 1287 1870 1357 ignobili
1908 1288 2147 1358 juvene,

541 1399 676 1454 quos
706 1382 925 1452 plurimi
969 1381 1058 1436 alii
1093 1379 1514 1446 comitabantur,
1548 1391 1603 1434 et
1647 1383 1931 1450 occupatis
1962 1383 2148 1454 templi

542 1473 899 1530 interioribus
925 1483 980 1528 et
1002 1472 1232 1528 circuitu
1263 1472 1412 1526 omni
1436 1514 1448 1534 ,
1471 1486 1632 1541 supra
1660 1471 1800 1526 fores
1820 1474 1870 1526 in
1895 1474 2147 1528 vestibuli

543 1567 712 1637 ipsius
737 1567 912 1621 fronte
932 1609 945 1629 ,
967 1581 1116 1620 arma
1141 1565 1499 1619 constituere.
1544 1564 1788 1621 Joannes
1817 1574 1994 1621 tamen
2021 1582 2154 1623 con-

543 1657 867 1728 spirantium
884 1672 1110 1712 numero
1125 1656 1418 1728 prtestabat
1437 1666 1491 1712 et
1505 1656 1755 1712 factionis
1771 1659 2143 1727 multitudine,

540 1751 636 1806 sed
681 1749 802 1805 loco
845 1749 1073 1805 inferior
1111 1765 1124 1803 ε
1173 1751 1420 1821 quamvis
1460 1765 1802 1820 nequaquam
1835 1752 2146 1818 feriaretur,

543 1841 638 1896 sed
687 1851 1015 1913 repugnaret
1074 1842 1485 1912 superioribus,
1538 1845 1871 1913 gravabatur
1931 1857 2142 1912 tamen,

543 1937 684 2007 quod
729 1952 894 2006 supra
939 1937 1203 1993 verticem
1248 1936 1475 1991 haberet
1525 1937 1734 1994 hostes.
1785 1938 1974 1996 Simon
2017 1956 2148 1995 vero

541 2045 698 2101 quem
725 2031 824 2085 sibi
852 2039 1140 2103 tyrannum
1165 2030 1396 2100 populus
1421 2031 1827 2099 introduxerat,
1865 2035 2146 2104 superiora

547 2123 698 2178 urbis
722 2123 941 2178 tenebat
970 2142 982 2178 :
1010 2121 1273 2177 inferiora
1296 2138 1514 2193 quoque
1541 2126 1742 2196 popqu
1773 2125 1942 2194 ipsius
1973 2129 2156 2198 reple-

551 2217 766 2270 bantur.
789 2215 958 2271 Trino
972 2215 1159 2286 prmlio
1182 2215 1468 2270 laborabat
1496 2217 1636 2271 intra
1657 2232 1716 2271 se
1741 2219 1972 2274 civitas:
2005 2221 2149 2275 nulla

549 2310 901 2374 intermissio,
933 2309 1080 2363 nulla
1113 2310 1362 2379 requies,
1399 2309 1563 2364 nulla:
1591 2310 1821 2365 inducias
1864 2331 1876 2366 :
1912 2327 2156 2370 momen-

546 2401 615 2456 tis
653 2403 908 2458 omnibus
946 2401 1325 2457 dimiCabatur.
1372 2403 1521 2457 Multi
1570 2403 1836 2472 ruebant,
1885 2406 2156 2463 innumeri

545 2494 957 2563 jugulabantur,
992 2496 1248 2549 manabat
1295 2497 1546 2566 sanguis,
1589 2497 1825 2553 ftedabat
1865 2500 2152 2571 universa,

553 2589 666 2656 ipsa
702 2587 945 2658 replebat
972 2588 1161 2659 templi
1194 2589 1401 2652 limina,
1438 2593 1635 2661 passim
1667 2592 1892 2648 ruebant
1920 2595 2156 2652 cadave-

554 2698 661 2736 ra:
710 2683 923 2753 sagittis
963 2682 1084 2748 alii,
1123 2683 1212 2738 alii
1262 2684 1565 2740 missilibus
1611 2685 1963 2743 fcriebantur.
2013 2690 2159 2747 Inter

549 2786 661 2830 tres
685 2778 890 2832 medius
909 2788 1025 2832 erat
1047 2777 1314 2842 Joannes,
1341 2778 1569 2834 inferior
1592 2780 1851 2836 Eleazaro
1870 2825 1883 2849 ,
1907 2784 2161 2852 superior

555 2870 814 2926 Simone:
847 2885 954 2940 quo
983 2872 1346 2940 superabatur
1385 2870 1453 2925 ab
1487 2871 1747 2926 I‘Tleazaro
1774 2916 1786 2937 ,
1819 2888 1886 2928 eo
1923 2876 2040 2946 ipso
2065 2892 2158 2931 su-

557 2965 778 3030 perabat
827 2963 1110 3021 Simonem
1155 2980 1167 3016 :
1213 2965 1423 3019 medius
1472 2966 1618 3020 enim
1679 2967 1822 3023 inter
1868 2979 2160 3041 utrumque

557 3075 680 3115 eum
720 3061 898 3114 locum
937 3059 1190 3123 tenebat,
1219 3068 1243 3096 ιι
1269 3070 1326 3114 ut
1357 3076 1464 3130 quo
1497 3061 1615 3129 plus
1645 3074 1964 3130 gravaretur
1997 3065 2161 3120 abal-

556 3164 703 3218 tern,
731 3164 781 3206 et
815 3154 930 3222 ipse
977 3155 1095 3222 plus
1135 3162 1358 3207 noceret
1388 3152 1578 3218 alteri,
1619 3154 1935 3209 instructior
1980 3168 2158 3212 tamen

554 3246 768 3301 caneris
821 3245 1081 3300 subsidiis
1129 3247 1536 3312 machinarum,
1578 3257 1630 3300 et
1677 3263 1878 3316 genere
1927 3249 2159 3306 telorum

556 3341 754 3393 bellum
783 3340 1031 3408 requabat
1059 3354 1072 3402 ;
1123 3339 1190 3391 ita
1227 3347 1438 3404 tamen,
1477 3347 1532 3390 ut
1562 3348 1762 3406 prtcler
1790 3354 1886 3394 eos
1925 3343 2014 3410 qui
2047 3342 2162 3396 bel-

558 3435 664 3487 lntn
700 3441 1005 3490 moverent.
1040 3433 1284 3502 plerique
1317 3433 1483 3486 etiam
1518 3433 1860 3488 sacerdotum
1888 3436 2154 3492 interfice-

555 3533 763 3591 rentur,
794 3534 954 3594 atque
981 3523 1122 3578 inter
1151 3523 1293 3594 ipsas
1325 3537 1461 3594 quas
1511 3531 1878 3580 mactaverant
1919 3527 2124 3582 hostias
2146 3570 2161 3592 ,

557 3619 1013 3673 immolarentur:
1047 3619 1295 3688 quamvis
1327 3619 1470 3671 enim
1523 3616 1780 3687 frequens
1831 3635 1998 3690 super
2043 3623 2162 3677 uni-

553 3724 741 3765 versos
794 3721 975 3765 rueret
1015 3710 1248 3766 telorum
1293 3724 1484 3780 seges,
1536 3720 1592 3765 et
1634 3711 1833 3781 ubique
1884 3712 2163 3774 ferverent

559 3805 775 3872 praelia;
826 3814 1002 3859 tamen
1047 3804 1361 3860 sacerdotes
1407 3805 1754 3860 sacrificandi
1799 3807 2158 3864 ministerium

557 3896 879 3952 solemnlter
908 3898 1130 3953 obibant
1161 3913 1175 3950 :
1211 3911 1316 3953 nec
1357 3897 1695 3952 feriabantur
1733 3902 2028 3956 commisso
2057 3903 2160 3959 sibi

558 4004 807 4055 munere,
837 3999 891 4044 et
913 4006 1018 4060 quo
1045 3989 1098 4043 in
1132 3990 1486 4043 interioribus
1511 3999 1670 4044 erant
1701 3992 1914 4060 templi,
1946 4007 2013 4046 eo
2038 4010 2162 4064 gra-

563 4081 676 4135 vius
700 4081 1107 4152 perimebantur
1139 4098 1149 4134 :
1186 4083 1309 4152 quia
1345 4093 1617 4138 tormento
1648 4085 1752 4139 acti
1787 4087 2162 4141 vehementio-

559 4191 642 4230 res
697 4177 836 4231 ictus
882 4175 1172 4230 habebant.
1217 4174 1467 4246 Plerique
1509 4178 1671 4232 etiam
1714 4179 1806 4248 qui
1852 4178 1921 4235 de
1964 4181 2159 4236 ultimo

557 4268 687 4324 orbe
718 4277 998 4340 precatum
1032 4278 1314 4333 venerant,
1346 4279 1632 4339 sperantes
1659 4270 1896 4326 remedia
1927 4273 2119 4330 salutis
2141 4316 2156 4342 ,

556 4377 664 4432 quo
683 4361 851 4432 magis
877 4363 1078 4431 templo
1106 4361 1436 4418 inhaeserant
1457 4405 1471 4428 ,
1497 4379 1563 4418 eo
1581 4363 1877 4434 majoribus
1901 4367 2161 4436 periculis

555 4453 989 4509 involvebantur.
1034 4453 1305 4510 Cerneres
1341 4464 1600 4511 externos
1629 4471 1750 4511 cum
1793 4459 2001 4514 civibus
2026 4504 2039 4526 ,
2069 4477 2158 4516 sa-

553 4547 802 4604 cerdotes
825 4548 984 4602 simul
1009 4556 1063 4604 et
1095 4549 1584 4620 profanosjacere,
1613 4564 1806 4622 graves
1836 4569 1958 4609 cum
1990 4557 2161 4626 turpi-

556 4642 685 4705 bus,
719 4642 1032 4697 luxurlosos
1060 4657 1181 4697 cum
1206 4645 1637 4711 abstinentibus,
1679 4647 2018 4720 confusoque
2041 4666 2156 4707 om-

560 4737 704 4789 nium
741 4735 1048 4804 promiscue
1071 4737 1336 4808 sanguine
1358 4781 1373 4804 ,
1398 4749 1448 4794 et
1480 4741 1634 4811 quasi
1667 4743 1940 4812 profluvio
1963 4745 2158 4801 decur-

557 4839 740 4894 rente,
777 4829 1067 4885 interiores
1093 4832 1239 4900 ipsos
1271 4843 1524 4903 stagnare
1553 4850 1806 4892 secessus
1835 4839 2020 4909 templi
2056 4859 2068 4894 :
2106 4841 2155 4896 in

552 4921 780 4974 circuitu
805 4923 986 4975 omnia
1027 4937 1225 4978 cruore
1255 4933 1556 4981 tumescere
1579 4968 1592 4990 ,
1625 4939 1682 4982 ut
1711 4930 1992 5001 plerique,
2028 4931 2155 4987 dum

551 5013 782 5067 invicem
801 5021 1233 5084 propugnatores
1251 5018 1479 5086 partium
1498 5021 1924 5086 petunt,lubrico
1939 5023 2153 5088 oti‘ensi,

550 5105 576 5143 1³
605 5107 843 5176 quassati
878 5107 1089 5175 furore,
1124 5109 1175 5163 in
1209 5111 1474 5181 sanguine
1510 5112 1961 5184 demergerentur
1995 5134 2008 5170 :
2055 5133 2154 5174 nec

453 5266 455 5269 ι
539 5200 617 5252 sic
641 5210 821 5253 tamen
853 5199 1110 5267 periculis
1134 5201 1306 5257 territi
1335 5204 1729 5260 abstinebanta
1756 5208 1945 5278 proelio
1967 5216 2151 5281 tyran-

543 5309 736 5348 norum
763 5292 1030 5348 satellites
1053 5312 1065 5347 :
1087 5305 1140 5350 et
1165 5311 1272 5364 quo
1295 5297 1469 5366 majus
1491 5300 1814 5368 periculum,
1834 5318 1901 5358 eo
1915 5304 2150 5374 amplius

538 5388 877 5443 destcviebat
907 5397 1204 5456 tempestas
1228 5389 1450 5445 furoris.
1472 5393 1527 5445 Si
1554 5394 1619 5447 iis
1642 5398 1855 5462 gravius
1891 5397 2152 5455 incubue-

540 5494 621 5535 rat
668 5482 894 5535 exitium
923 5525 937 5547 ,
985 5482 1074 5534 alii
1130 5483 1282 5551 quasi
1335 5481 1404 5536 ad
1452 5484 1733 5540 victoriam
1770 5487 2148 5545 vehementius

541 5574 931 5637 iuvitabautur,
968 5585 1022 5626 ttt
1047 5573 1289 5628 turbatos
1318 5575 1612 5630 deferrent.
1644 5578 1707 5632 Et
1743 5577 2003 5636 Eleazaro
2028 5583 2149 5652 qui-

545 5661 665 5716 dem
716 5662 798 5716 vel
851 5663 1056 5716 Simoni
1112 5663 1338 5716 cedendi
1393 5673 1634 5733 potestas
1688 5676 1842 5736 erat,
1895 5679 1953 5724 ut
1996 5672 2148 5740 quasi

681 5753 740 5813 In
770 5769 889 5826 quo.
937 5753 1101 5811 llum.

2178 635 2577 708 Aqnibusdam
2639 637 2720 692 vel
2773 635 3031 692 horarum
3088 653 3148 694 se
3201 649 3512 709 repararent
3554 641 3792 699 induciis:

2247 726 2484 784 Joannes
2512 745 2640 784 vero
2671 744 2888 800 semper
2933 731 2984 785 in
3038 731 3319 802 procinctu
3345 778 3358 799 ,
3405 734 3674 790 momentis
3703 751 3797 790 om-

2252 822 2411 876 nibus
2441 821 2493 876 in
2519 823 2817 879 certamine
2846 839 2859 877 :
2893 824 2936 877 si
2971 826 3280 893 superiores
3309 826 3643 896 quiet-erant,
3671 843 3798 899 urge-

2253 914 2677 971 bantinferiores
2705 931 2769 971 ex
2805 927 2958 976 parte
2987 917 3223 971 Simonis
3251 936 3264 974 :
3297 919 3342 972 si
3375 916 3470 972 hos
3502 918 3800 990 perturbave-

2250 1019 2368 1062 rant
2398 1051 2412 1073 ,
2463 1008 2753 1064 Eleazarus
2798 1008 3092 1064 infestabat
3130 1029 3144 1066 :
3193 1027 3292 1066 nec
3339 1011 3453 1081 ipse
3501 1022 3662 1068 tamen
3703 1014 3801 1069 illos

2249 1101 2459 1171 quietos
2489 1117 2609 1156 esse
2639 1103 2943 1172 patiebatur
2975 1120 2988 1156 :
3019 1104 3106 1158 ubi
3138 1103 3273 1157 alios
3299 1105 3602 1174 depulerat,
3626 1106 3674 1161 in
3694 1107 3803 1162 alios

2253 1193 2588 1268 prosiliebat,
2622 1193 2850 1266 pervigil
2893 1195 2945 1250 in
2993 1197 3326 1264 certamine,
3358 1208 3412 1254 et
3463 1199 3571 1268 ipsa
3615 1200 3805 1272 impiger

2252 1283 2612 1341 crudelitate:
2642 1287 2733 1340 ubi
2765 1288 3065 1356 parcebant
3087 1289 3229 1354 telis,
3266 1289 3417 1359 ignes
3439 1289 3804 1360 jaculabantur,

2251 1375 2342 1447 qui
2373 1378 2790 1447 comprehensis
2833 1388 3102 1434 tectorum
3150 1379 3382 1451 fastigiis
3417 1380 3807 1452 depascebantur

2253 1470 2446 1525 domos
2472 1513 2486 1537 ,
2531 1487 2650 1544 qua}
2693 1473 2906 1527 refertae
2947 1472 3194 1544 frugibus
3230 1476 3548 1548 c;eterisque
3586 1476 3808 1533 subsidiis

2252 1561 2639 1617 alimentorum
2662 1607 2676 1630 ,
2703 1565 2769 1618 ad
2802 1565 2930 1620 belli
2958 1565 3301 1628 tolerantiam
3323 1567 3632 1640 prolixioris
3655 1609 3668 1633 ,
3691 1569 3831 1638 pari-'

2255 1662 2336 1708 ter
2363 1655 2765 1710 exnrebantur:
2801 1656 3107 1728 majorique
3137 1659 3332 1730 pabula
3367 1660 3608 1717 incendio
3635 1661 3810 1718 daban-

2255 1756 2374 1813 tttr,
2419 1748 2651 1803 ruebant
2691 1751 2940 1805 ambusta
2991 1751 3378 1823 materiarum,
3427 1754 3812 1812 devolvebantur

2253 1839 2569 1896 sublimium
2619 1842 2974 1899 tedillciorum
3021 1845 3280 1901 culmina.
3310 1845 3388 1901 Ita
3435 1849 3810 1920 sanguine,in-

2252 1934 2478 2000 cendio,
2531 1937 2721 2003 ruina,
2773 1939 2948 2008 fame,
2993 1941 3160 1995 totius
3204 1940 3352 1996 urbis
3417 1942 3560 1997 nervi
3602 1942 3810 1998 succide-

2178 2037 2226 2098 B
2253 2029 2468 2086 bantur.
2485 2031 2674 2086 Nullus
2693 2031 2842 2086 locus
2861 2031 3105 2102 periculo
3125 2032 3379 2098 vacabat,
3402 2034 3598 2088 nullum
3619 2032 3811 2087 consilio

2259 2129 2471 2190 tempus
2499 2121 2870 2192 reperiebatur
2896 2165 2910 2189 ,
2957 2123 3098 2177 nulla
3124 2137 3249 2193 spes
3270 2125 3636 2179 conversionis
3658 2166 3670 2188 ,
3693 2123 3809 2177 nulla

2261 2213 2493 2283 fugiendi
2526 2215 2682 2285 copia
2715 2225 2853 2270 erat.
2890 2215 3078 2272 Moss-ta
3112 2215 3292 2270 omnia
3313 2258 3328 2282 ,
3361 2218 3521 2288 plena
3557 2215 3807 2280 ltorroris,

2259 2307 2418 2377 plena
2469 2307 2856 2375 immanitatis,
2892 2310 3092 2380 ubique
3142 2310 3315 2366 luctus
3348 2351 3364 2377 ,
3421 2309 3613 2380 ubique
3654 2323 3808 2380 pavor,

2262 2400 2461 2470 ubique
2475 2401 2684 2456 clamor
2700 2402 3006 2468 mulierum,
3025 2403 3261 2473 ejulalus
3274 2418 3490 2470 senum,
3512 2400 3813 2457 morientium

2257 2496 2522 2565 gemitus,
2566 2497 2856 2551 viventium
2905 2498 3212 2569 desperatio
3239 2540 3252 2563 ,
3287 2508 3343 2552 ut
3383 2497 3706 2553 miserabiles
3738 2510 3814 2550 eos

2260 2589 2471 2646 diceres
2489 2633 2502 2656 ,
2526 2592 2615 2662 qui
2645 2603 3048 2658 remanserant;
3074 2593 3260 2648 beatos
3281 2593 3372 2663 qui
3403 2593 3664 2648 obierant.

2887 2683 3119 2741 CAPUT
3158 2684 3223 2739 ll.

2333 2777 2618 2842 Quomodo
2644 2777 2894 2846 decepta,
2946 2779 3160 2844 civitas,
3217 2779 3436 2850 populis
3490 2777 3612 2841 tuis,
3652 2775 3816 2846 quibus

2265 2872 2536 2941 quondam
2567 2872 2836 2928 videbaris
2887 2873 3081 2928 beata?
3119 2873 3406 2942 Quomodo
3453 2881 3733 2944 expugnata
3769 2885 3816 2924 es

2266 2971 2374 3020 tuis
2399 2967 2563 3020 armis
2592 3008 2605 3031 ,
2639 2974 2801 3036 atque
2843 2967 2895 3020 in
2935 2975 2984 3019 te
3020 2980 3300 3020 conversze
3344 2979 3537 3019 manus
3562 2975 3660 3017 tua:
3685 2969 3814 3024 sunt,

2262 3073 2383 3124 quae
2409 3059 2622 3112 solebas
2659 3059 2776 3113 sine
2802 3057 2968 3112 armis
3009 3058 3223 3111 vincere
3243 3097 3258 3124 ,
3291 3066 3346 3112 et
3385 3059 3507 3112 sine
3538 3055 3638 3110 ullo
3665 3051 3819 3124 prmlio

2267 3149 2475 3205 hostem
2507 3150 2704 3215 ferire,
2724 3165 2844 3204 cum
2873 3165 2969 3220 pro
3002 3158 3052 3202 te
3082 3147 3259 3218 angeli
3291 3147 3644 3208 dimicarent,
3674 3153 3721 3199 et
3739 3142 3821 3196 mi-

2264 3246 2481 3302 litarent
2502 3246 2594 3300 tibi
2618 3245 2812 3300 fluctus
2831 3245 3014 3309 maris,
3032 3255 3188 3298 terra:
3214 3244 3415 3310 hiatus,
3435 3243 3556 3298 caeli
3579 3237 3820 3310 fragores?

2267 3337 2508 3408 Evsorge
2536 3352 2699 3401 nunc,
2729 3337 2928 3400 Moses,
2960 3346 3008 3390 et
3037 3336 3156 3389 vide
3184 3343 3406 3406 gentem
3428 3345 3570 3390 tuam
3599 3345 3645 3389 et
3674 3333 3818 3386 lia-re-

2187 3431 2232 3492 C
2264 3433 2490 3486 ditatem
2530 3433 2713 3503 populi
2745 3431 2839 3486 tibi
2879 3430 3069 3485 crediti
3105 3431 3281 3500 perire
3313 3430 3563 3485 manibus
3592 3427 3711 3482 suis.
3739 3424 3821 3478 As-

2271 3525 2386 3592 pice
2413 3526 2666 3593 populum
2700 3524 2848 3577 illutn
2878 3522 2999 3590 Dei,
3029 3521 3113 3576 cui
3143 3522 3384 3592 pervium
3417 3518 3673 3593 gradienti
3700 3529 3820 3571 mare

2268 3617 2514 3690 patebat,
2545 3618 2630 3673 cui
2669 3617 2933 3672 esurienti
2966 3632 3119 3671 escas
3147 3617 3346 3670 emtum
3377 3601 3821 3672 subministrabat;

2266 3713 2384 3766 sine
2425 3711 2558 3766 mari
2605 3711 2886 3778 clausum,
2936 3710 3052 3764 sine
3096 3708 3376 3763 Pharaone
3405 3707 3822 3771 obsessum,slne

2267 3818 2531 3862 terrarum
2546 3806 2830 3860 sterilitate
2848 3804 3116 3875 jejunum.
3144 3803 3409 3872 Exsurge,
3433 3802 3634 3865 Aaron,
3652 3794 3824 3868 quiali-

2263 3898 2519 3970 quando,
2561 3912 2682 3953 cum
2742 3907 2964 3968 prapter
3014 3894 3278 3951 oﬂensam
3331 3894 3430 3950 Dei
3475 3888 3823 3964 omnipotentis

2266 4005 2410 4045 mors
2457 3989 2716 4058 plurimos
2763 3987 2944 4058 populi
2989 3987 3419 4058 depasceretur,
3472 3987 3660 4044 stetisti
3703 3985 3822 4037 inter

2265 4083 2505 4136 viventes
2531 4096 2593 4134 ac
2635 4089 2910 4144 mortuos,
2959 4088 3014 4135 et
3052 4094 3198 4134 mors
3225 4081 3410 4146 stetit,
3447 4090 3604 4150 atque
3637 4076 3821 4145 objecta

2262 4173 2506 4244 corporis
2531 4175 2602 4228 tui
2626 4173 2784 4228 haesit
2811 4173 2958 4236 lues,
2992 4187 3092 4227 nec
3116 4174 3352 4228 transire
3382 4171 3642 4244 potuitad
3665 4177 3825 4225 conta-

2260 4268 2476 4338 gionem
2500 4267 2817 4322 viventium.
2869 4264 3143 4321 Suscitare
3179 4273 3234 4318 et
3278 4274 3357 4330 tu,
3385 4263 3514 4319 Jesu
3556 4263 3721 4325 Nave,
3747 4257 3821 4326 qui

2263 4376 2446 4415 muros
2467 4357 2912 4430 ineXpugnabiles
2936 4357 3188 4413 Hiericho
3213 4358 3590 4414 sacerdotibus
3613 4356 3726 4410 tuba
3750 4368 3823 4406 ca-

2261 4455 2513 4511 nentibus
2543 4453 2938 4522 complanasti;
2983 4461 3039 4508 et
3067 4452 3188 4507 vide
3229 4452 3488 4521 populum
3519 4452 3600 4506 cui
3628 4458 3819 4505 exteros

2259 4547 2535 4618 subjecisti
2564 4588 2579 4612 ,
2615 4561 2757 4601 nunc
2783 4545 3031 4601 eumdem
3055 4545 3356 4615 subjectum
3380 4546 3632 4616 opprimi.
3663 4540 3822 4598 Susci-

2261 4651 2374 4696 tare
2405 4639 2569 4695 David
2590 4679 2605 4706 ,
2630 4647 3044 4707 exasperantem
3067 4637 3314 4707 spiritum
3337 4637 3562 4693 cithartc
3587 4637 3820 4692 suavitate

2261 4733 2452 4787 solitus
2473 4730 2794 4795 excludere;
2817 4739 2872 4784 et
2896 4729 3040 4795 vide,
3063 4729 3518 4799 quemadmodum
3541 4729 3819 4784 dominetur

2185 4821 2239 4882 D
2266 4825 2436 4888 furor,
2463 4832 2623 4893 atque
2653 4837 2870 4876 omnem
2907 4822 3224 4880 suavitatem
3269 4823 3600 4894 psalmorum
3634 4831 3818 4873 tuorum

2259 4934 2322 4974 ex
2354 4917 2689 4988 perditorum
2731 4917 2982 4972 sensibus
3011 4916 3341 4980 obsoluerit,
3385 4926 3439 4970 et
3482 4912 3821 4984 unusquisque

2259 5010 2326 5065 de
2343 5010 2675 5082 principibus
2697 5009 2957 5080 populum
2977 5010 3285 5064 universum
3299 5008 3364 5063 ad
3383 5017 3610 5063 mortem
3634 5005 3817 5067 offerat,

2259 5118 2314 5157 ιιι
2340 5104 2644 5158 libertatem
2692 5110 3056 5172 extorqueat,
3108 5117 3206 5171 pro
3244 5117 3354 5172 quo
3397 5111 3448 5156 te
3481 5102 3649 5170 ipsum
3681 5093 3819 5152 morti

2255 5194 2543 5250 olferebas.
2571 5193 2869 5259 Suscitare,
2895 5192 3118 5259 Elisree,
3145 5192 3234 5262 qui
3267 5191 3474 5247 hostem
3502 5183 3817 5246 introduxisti

2255 5287 2306 5340 in
2353 5285 2676 5351 Samariam,
2707 5293 2762 5338 et
2805 5283 3039 5338 amicum
3094 5283 3265 5339 fecisti
3306 5302 3318 5338 :
3352 5300 3445 5354 per
3487 5291 3541 5339 te
3569 5285 3618 5337 in
3648 5277 3819 5337 castris

2251 5382 2424 5452 Syria:
2455 5379 2836 5450 quadrigarum
2872 5379 3137 5448 increpuit
3166 5377 3347 5450 fragor
3376 5389 3430 5434 et
3457 5395 3558 5433 vox
3603 5374 3813 5446 equitum

2250 5484 2418 5528 etvox
2439 5470 2655 5526 virtutis
2681 5469 3039 5541 :fugithostis,
3062 5472 3234 5526 evasit
3250 5471 3582 5526 obsidionem
3600 5467 3812 5525 Judaeus.

2255 5567 2354 5624 Ubi
2376 5581 2518 5622 nunc
2538 5564 2639 5618 ista
2664 5564 2878 5633 merita,
2904 5564 2992 5620 ubi
3020 5580 3162 5620 nunc
3182 5565 3300 5622 ista:
3321 5565 3663 5638 Operatioues
3683 5574 3818 5616 sanc-

2261 5670 2316 5714 to
2329 5676 2446 5715 rum
2462 5658 2485 5710 ?
2504 5657 2614 5713 Nec
2637 5657 2853 5724 mirum,
2876 5659 3229 5724 siamiserunt
3249 5662 3629 5737 prOpbetarum
3649 5668 3812 5730 opera,

2324 5761 2348 5799 ι»
2383 5756 2543 5834 Quasi
2572 5755 2762 5811 satiati.
2798 5753 2870 5818 In.
