4082 6344
317 299 461 356 9155

1178 306 1450 366 HISTOR.
1495 311 1581 367 DE
1622 310 1901 370 EXCIDIO
1938 313 2217 375 HIEROB.
2261 318 2466 379 URBIS
2498 322 2629 379 LIB.
2672 324 2739 380 ν.

3478 335 3622 392 2154

316 421 419 523 qui
439 434 768 523 negaverunt
799 424 1191 495 prophetarum
1240 428 1509 484 arbitrum
1536 446 1551 485 ι
1580 428 1815 501 ideoque
1858 432 1912 487 in
1937 437 1992 499 Α
2020 436 2257 492 dandum
2273 438 2771 498 mstimavistiflibl
2790 443 2977 500 estilla
3001 444 3620 523 Maebabteorutnifides,

316 524 370 568 te
388 507 581 569 Judzca
608 530 760 571 arma
788 527 1074 574 vertuntur
1098 528 1186 574 tua
1207 559 1224 588 ,
1275 529 1332 577 et
1356 522 1754 579 orationcstua
1780 524 1917 580 nihil

314 604 414 661 tibi
444 616 696 675 prosunt,
723 609 848 679 quia
877 610 1011 667 fides
1041 622 1128 665 tua
1160 611 1294 667 nihil
1321 624 1585 683 operatur
1616 632 1630 669 :
1663 615 1787 671 ideo
1821 615 1916 670 ad-

311 714 531 756 versum
557 709 609 755 te
628 698 804 757 factus
827 713 909 759 est
933 704 1161 775 populus
1185 717 1328 773 tuus,
1353 706 1477 777 quia
1502 708 1554 760 in
1580 716 1633 762 te
1652 722 1915 765 conversa

311 803 397 849 eat
432 793 659 863 perfidia
692 805 803 849 tua.
830 797 988 864 Quod
1019 799 1317 854 remedium
1345 800 1629 868 qureritur,
1663 800 1752 855 ubi
1783 815 1913 858 anc-

311 888 398 938 tor
416 884 640 941 remedii
663 901 769 941 non
785 887 1213 943 reconciliatur?
1233 889 1372 956 Quid
1398 890 1627 959 putabas
1650 891 1911 960 futurum,

308 991 435 1032 cum
486 977 593 1033 tuis
631 980 882 1036 manibus
935 981 1271 1038 Salvatorem
1320 992 1468 1038 tuum
1526 984 1911 1056 crucifigeres;

308 1085 434 1126 cum
468 1072 573 1126 tuis
631 1073 885 1130 manibus
936 1075 1104 1130 vitam
1146 1084 1293 1132 tuam
1339 1078 1759 1149 exstingueres;
1789 1094 1913 1137 cum

309 1163 417 1219 tuis
463 1164 685 1221 vocibus
735 1168 1059 1222 advocatum
1113 1177 1263 1223 tuum
1311 1171 1756 1237 exterminares;
1806 1172 1914 1228 tuis

310 1256 751 1314 intestationibus
791 1259 1176 1317 auxiliatorem
1206 1270 1352 1317 tuum
1385 1262 1770 1319 interfieeres?
1797 1262 1915 1320 Nisi

309 1359 369 1405 ut
414 1349 472 1406 in
518 1364 570 1407 te
596 1367 815 1424 quoque
859 1362 980 1410 tuas
1026 1353 1284 1424 injiceres
1318 1370 1532 1410 manus.
1567 1356 1746 1412 Habes
1767 1357 1913 1427 quod

308 1445 493 1516 petisti
526 1464 540 1501 :
571 1447 821 1516 eripuisti
852 1447 948 1503 tibi
982 1448 1271 1518 pratsulem
1303 1448 1483 1519 pacis,
1522 1449 1702 1519 petisti
1730 1451 1910 1507 necari

306 1538 435 1593 vita:
464 1536 757 1607 arbitrum,
788 1540 1019 1596 concedi
1049 1541 1146 1596 tibi
1190 1541 1524 1608 Barabbam,
1571 1543 1662 1615 qui
1702 1553 1914 1612 propter

303 1632 608 1687 seditionem
648 1635 839 1704 factam
885 1632 941 1687 in
984 1633 1188 1688 civitate
1226 1642 1271 1688 et
1306 1633 1684 1698 homicidium,
1727 1635 1912 1690 missus

303 1724 478 1793 fuerat
506 1724 560 1778 in
591 1739 846 1779 carcerem
889 1724 910 1798 (
938 1723 1069 1780 Luc.
1105 1740 1260 1792 xxm,
1294 1727 1381 1793 l9,
1420 1726 1491 1781 25
1518 1724 1561 1797 ).
1604 1725 1734 1782 Ideo
1762 1729 1910 1786 salus

2020 545 2142 601 quae
2187 534 2460 604 quondam
2513 534 2567 590 in
2618 538 2802 606 paucis
2847 538 2988 595 fudit
3019 541 3386 613 Babylonios,
3425 544 3622 604 Persas

2017 621 2252 695 fugavit,
2288 627 2617 684 Demetrium
2649 632 2886 700 perculit
2914 650 2927 686 :
2957 634 3023 689 ad
3057 646 3392 707 postremum
3424 640 3476 695 in
3501 656 3622 712 par—

2018 720 2157 773 vulis
2194 730 2251 775 et
2299 722 2619 779 mulieribus
2652 724 2907 781 Antiochi
2951 743 3137 796 arma,
3189 730 3399 801 gladios
3433 733 3623 790 incen—

2021 810 2220 883 diaque
2255 815 2554 883 superavit,
2600 829 2656 873 et
2688 833 2785 887 pro
2808 820 3194 877 observatione
3225 826 3453 893 epatris:
3492 826 3628 899 legis

2018 905 2154 958 mori
2178 905 2402 974 maluit,
2433 922 2595 978 quam
2624 910 2769 980 regis
2800 910 3043 982 imperiis
3071 914 3490 986 obtemperare?
3520 917 3620 975 Ubi

2017 1006 2100 1051 est
2140 996 2228 1051 illa
2260 999 2478 1055 devotio
2509 1010 2720 1067 patrum
2751 1004 3114 1073 pulcherrima
3152 1011 3464 1079 passionum
3494 1028 3618 1068 om-

2016 1086 2202 1157 nium,
2244 1106 2350 1160 qua
2390 1108 2451 1148 se
2500 1110 2605 1149 non
2635 1110 2734 1167 pro
2783 1096 3000 1167 liberis,
3029 1115 3136 1156 non
3171 1119 3268 1172 pro
3297 1105 3621 1176 coniugibus

2016 1182 2220 1252 magis,
2241 1197 2406 1253 quam
2436 1199 2533 1254 pro
2562 1188 2767 1257 templo
2794 1188 2889 1245 Dei
2921 1193 3083 1247 morti
3110 1193 3456 1253 offerebant?
3482 1200 3625 1255 Ante

2016 1283 2070 1328 et
2095 1274 2245 1344 virga
2276 1271 2305 1310 ά
2343 1279 2525 1331 Aaron
2557 1279 2918 1337 sacerdotalis
2954 1283 3140 1340 floruit
3162 1327 3178 1353 ,
3224 1288 3399 1344 recisa
3429 1290 3498 1345 de
3527 1292 3622 1346 sil-

2015 1364 2386 1424 vestriradice
2412 1386 2424 1421 :
2453 1386 2596 1426 nunc
2615 1381 2670 1427 et
2691 1372 2827 1430 ﬁdes
2846 1384 2987 1442 aret,
3008 1387 3064 1433 et
3083 1380 3300 1449 sepulta
3315 1389 3403 1437 est
3424 1382 3617 1453 pietas,

2016 1469 2072 1513 et
2099 1458 2233 1515 abiit
2259 1461 2439 1517 omnis
2470 1463 2689 1520 virtutis
2716 1467 3013 1522 aemulatio.
3045 1469 3154 1526 Nec
3179 1474 3411 1542 mirum,
3444 1475 3488 1530 si
3520 1490 3619 1546 po-

2016 1552 2175 1620 pulus
2211 1567 2242 1607 a
2282 1553 2396 1608 Deo
2443 1558 2696 1624 recessit,
2738 1568 2793 1614 et
2829 1560 3133 1632 improbum
3171 1567 3620 1626 contradictionis

2014 1641 2263 1712 spiritum
2293 1649 2562 1717 sequitur,
2592 1650 2647 1705 in
2676 1653 2915 1722 seipsum
2944 1654 3153 1712 divisus
3202 1667 3305 1715 est.
3337 1660 3623 1728 Quomodo

2014 1736 2158 1790 enim
2185 1753 2371 1807 pacem
2402 1756 2554 1797 suam
2588 1752 2778 1801 tenere
2800 1757 3044 1817 poterat,
3076 1751 3167 1821 qui
3195 1767 3382 1823 pacem
3406 1754 3503 1811 Dei
3533 1771 3622 1812 re-

301 1817 401 1872 abs
429 1827 483 1873 te
512 1815 778 1882 recessit,
810 1831 920 1887 pax
962 1817 1137 1885 abiit,
1166 1818 1321 1889 quies
1360 1819 1607 1884 destitit,
1657 1821 1779 1876 data
1826 1830 1911 1879 est
1940 1844 1988 1905 Β
2016 1830 2295 1899 pudiavit?
2342 1832 2464 1891 Pas
2520 1836 2621 1894 Dei
2669 1815 2903 1896 Christus
2946 1815 3051 1909 est,
3094 1815 3350 1916 quivfecit
3400 1858 3621 1922 utraque

301 1912 399 1967 tibi
450 1912 689 1980 seditio,
737 1911 922 1968 datum
973 1912 1245 1970 excidium

301 2003 606 2063 Barabbam
633 2006 845 2074 vivere,
874 2005 1061 2062 Jesum
1089 2015 1384 2064 mortuum.
1409 2006 1537 2064 Ideo
1558 2008 1610 2063 in
1635 2018 1692 2065 te
1717 2021 1907 2082 regnat

300 2098 519 2164 seditio,
551 2115 654 2171 pax
685 2101 896 2171 sepulta
923 2109 1039 2177 est,
1072 2111 1133 2157 ut
1156 2102 1431 2158 crudelius
1472 2117 1504 2158 a
1535 2105 1642 2159 tuis
1672 2119 1863 2175 pereas
1887 2147 1903 2173 ,

301 2208 465 2264 quam
493 2196 622 2253 siab
649 2195 845 2251 alienis
866 2197 1095 2267 perires.
1121 2197 1263 2266 Quid
1296 2209 1507 2259 tantum
1538 2199 1655 2266 tibi,
1675 2200 1902 2258 misera-

301 2286 428 2342 bilis
456 2288 687 2356 civitas,
719 2286 1000 2346 Romanus
1027 2288 1142 2345 suis
1168 2290 1357 2358 armis,
1385 2302 1647 2362 quantum
1674 2294 1906 2364 populus

305 2389 432 2436 tuos
456 2381 717 2437 malorum
743 2381 994 2439 invexit?
1019 2381 1084 2438 Ut
1105 2396 1227 2438 cum
1250 2382 1514 2439 Romanis
1536 2387 1903 2454 impugnares,

301 2471 380 2527 tui
408 2471 653 2531 fecerunt
678 2491 691 2527 :
720 2488 907 2545 pacem
939 2474 1197 2531 volebant
1222 2475 1452 2547 Romani
1471 2518 1485 2543 ,
1517 2486 1573 2532 tu
1596 2478 1796 2533 bellum
1825 2480 1907 2535 in-

298 2566 502 2623 dixisti.
551 2565 692 2635 Quid
722 2581 901 2623 causze
953 2576 1106 2636 erat,
1153 2575 1212 2623 ut
1250 2566 1507 2625 fortiores
1555 2570 1906 2627 lacesseres?

300 2661 505 2719 Durum
556 2675 723 2726 sane,
755 2661 899 2733 quod
929 2672 1118 2718 contra
1165 2660 1338 2733 legem
1384 2677 1594 2719 sacram
1644 2664 1904 2735 templum

298 2756 519 2829 gentilis
541 2756 762 2815 intravit
789 2773 803 2810 :
831 2757 925 2812 sed
943 2756 1055 2827 jam
1080 2770 1188 2812 non
1217 2771 1342 2812 eras
1366 2757 1459 2813 Dei
1489 2757 1770 2829 templum,
1797 2773 1904 2815 non

299 2864 423 2906 eras
451 2849 547 2907 Dei
568 2851 779 2919 civitas,
812 2868 915 2909 nec
942 2869 1064 2909 esse
1092 2863 1331 2924 poteras,
1362 2855 1488 2925 quia
1515 2869 1638 2910 eras
1665 2864 1909 2911 mortuo-

299 2957 419 2999 rum
452 2946 759 3015 sepulcrum
787 2987 801 3012 ,
833 2955 889 3003 et
920 2947 1222 3016 praesertim
1257 2956 1470 3003 tuorum
1500 2960 1637 3018 quos
1668 2947 1784 3017 ipsa
1814 2962 1907 3003 oc-

299 3035 541 3102 cideras,
569 3052 674 3092 non
703 3053 840 3108 quos
866 3038 936 3092 ab
965 3038 1121 3093 hoste
1140 3038 1427 3095 amiseras.
1452 3036 1737 3106 Quomodo
1759 3041 1904 3095 enim

301 3130 424 3184 vita:
452 3143 575 3185 esse
602 3130 936 3186 domicilium
979 3141 1197 3201 poteras
1225 3172 1241 3198 ,
1281 3146 1404 3203 qua:
1434 3145 1558 3186 eras
1588 3132 1781 3185 mortis
1814 3131 1908 3185 ha—

1301 1931 1314 1967 :
1348 1930 1585 1986 agnosce
1612 1916 1709 1971 tibi
1742 1916 1906 1975 hodie

2010 1943 2167 1982 unum
2190 1927 2411 1999 (Ephes.
2437 1947 2494 1997 ll,
2520 1932 2636 2003 14).
2662 1934 2856 1991 Merito
2877 1952 3006 2007 ergo
3041 1953 3110 1994 ex
3137 1954 3248 1995 uno
3277 1944 3479 2012 popqu
3501 1944 3621 2015 plu-

2008 2034 2098 2075 res
2129 2020 2395 2078 adversus
2421 2038 2483 2081 se
2506 2023 2635 2081 facti
2664 2037 2793 2084 sunt
2822 2071 2837 2098 ,
2871 2032 2996 2101 quia
3036 2034 3329 2091 noluerunt
3357 2038 3511 2109 sequi
3534 2039 3620 2095 dio

2009 2113 2110 2168 visi
2140 2116 2546 2174 consociantem
2578 2119 2764 2177 Iesum
2787 2165 2802 2190 ,
2831 2125 2929 2180 sed
2964 2129 3136 2185 secuti
3185 2141 3312 2186 sunt
3338 2133 3617 2205 conjuncti

2008 2205 2341 2266 dividentem
2363 2211 2563 2268 furoris
2589 2215 2860 2285 spirituum.
2886 2218 3156 2277 Solvebas
3182 2223 3350 2295 igitur
3365 2225 3621 2284 Hierusa-

2009 2300 2114 2356 lem
2137 2304 2445 2360 mercedem
2477 2308 2718 2377 perfidize
2762 2318 2869 2366 tuae
2892 2353 2908 2379 ,
2939 2329 3060 2368 cum
3090 2315 3207 2385 ipsa
3237 2320 3345 2373 tuis
3369 2323 3618 2379 manibus

2008 2392 2324 2451 destrueres
2354 2399 2655 2454 munimina
2690 2409 2812 2470 tua,
2843 2417 2969 2459 cum
3002 2407 3110 2463 tuis
3155 2412 3507 2469 mucronibus
3536 2413 3619 2469 fo-

2005 2484 2167 2545 deres
2198 2490 2408 2546 viscera
2459 2502 2547 2547 tua
2602 2510 2616 2546 :
2664 2494 2738 2548 ita
2764 2504 2824 2549 ut
2849 2496 3023 2553 hostis
3054 2500 3443 2571 misereretur,
3472 2514 3529 2561 et
3557 2515 3613 2561 tu

2006 2580 2287 2639 occideres
2324 2602 2339 2639 :
2371 2594 2428 2640 ut
2467 2585 2559 2641 ille
2601 2598 2884 2657 parceret,
2921 2603 2976 2646 et
3013 2602 3070 2647 tu
3109 2597 3349 2653 stevires.
3380 2597 3619 2655 Videbas

2007 2673 2152 2729 enim
2172 2715 2186 2741 ,
2213 2677 2356 2746 quod
2387 2676 2532 2734 Deus
2552 2677 2839 2736 adversum
2868 2689 2920 2738 te
2941 2695 3203 2756 pugnaret
3220 2729 3237 2756 ,
3264 2697 3320 2743 et
3340 2687 3615 2747 Romano-

2006 2778 2129 2820 rum
2161 2766 2404 2836 partibus
2427 2766 2770 2840 fungeretur,
2801 2780 2861 2826 ut
2887 2773 3004 2843 ipsa
3036 2775 3135 2832 tibi
3162 2776 3390 2835 inferres
3421 2780 3617 2836 volun-

2006 2857 2201 2914 tariam
2221 2859 2604 2929 proditionem.
2626 2862 2691 2918 Et
2709 2863 2832 2920 ideo
2845 2875 3181 2937 spectatores
3195 2871 3470 2929 malebant
3483 2888 3608 2931 esse

2006 2951 2258 3022 Romani,
2287 2969 2449 3025 quam
2480 2970 2855 3025 percussores,
2883 2976 2953 3017 ne
2979 2961 2999 2984 '
3025 2962 3359 3021 ferventibus
3389 2968 3497 3024 tuis
3525 2969 3611 3026 in-

2008 3052 2094 3100 ter
2142 3061 2201 3101 se
2258 3047 2594 3115 visceribus,
2651 3065 2870 3107 manum
2928 3053 3222 3113 admovere
3272 3060 3614 3131 contagionis

2010 3140 2181 3211 magis
2210 3156 2369 3211 quam
2420 3142 2755 3200 fortitudinis
2795 3148 3218 3207 aestimarentur.
3260 3152 3344 3208 Ad
3378 3152 3495 3210 haec
3520 3169 3618 3211 nee

300 3221 628 3289 bitaculum,
677 3221 1037 3278 diversorium
1085 3222 1355 3278 scelcrmn
1393 3264 1409 3290 ,
1455 3226 1731 3278 latronum
1776 3238 1903 3293 spe-
1930 3232 1975 3294 ρ
2010 3232 2185 3288 fanda:
2226 3234 2391 3289 caedis
2432 3236 2698 3306 supplicia
2739 3239 3034 3296 accedebat
3077 3242 3257 3312 impia!
3301 3243 3614 3301 immanitas

298 3312 493 3375 laeum?
525 3312 820 3373 Jacnerunt
851 3316 905 3369 in
941 3325 991 3369 te
1018 3319 1243 3371 Ananus
1273 3314 1505 3373 etJesus
1534 3315 1791 3387 insepulti
1816 3332 1907 3373 sa-

297 3407 580 3464 cerdotum
629 3411 951 3480 principes:
993 3418 1048 3466 et
1100 3410 1178 3465 illi
1230 3410 1432 3466 dudum
1478 3412 1909 3473 sacerdotalibus

296 3499 481 3556 amicti
512 3501 705 3567 stolis,
736 3501 828 3573 qui
858 3503 1196 3558 venerationi
1221 3501 1387 3558 etiam
1417 3504 1623 3559 exteris
1652 3503 1905 3570 fuerant,

297 3590 528 3648 deformi
552 3592 843 3664 jacuerunt
868 3593 1133 3651 cadavere
1152 3636 1168 3662 ,
1199 3609 1340 3652 esca:
1372 3596 1671 3653 volatilium
1698 3638 1714 3665 ,
1741 3597 1909 3653 devo-

295 3687 438 3741 ratio
470 3701 665 3743 canum
692 3730 707 3755 ,
759 3689 999 3745 membra
1046 3688 1210 3745 laceri
1258 3700 1366 3744 tota
1396 3698 1422 3727 ει
1444 3689 1690 3760 dispersa
1729 3691 1865 3745 urbe
1889 3732 1905 3757 ,

299 3794 360 3839 ut
403 3783 692 3856 deplorare
746 3789 948 3842 veteris
996 3787 1301 3844 sanctitatis
1345 3787 1563 3858 species
1603 3786 1903 3855 videretur,

300 3888 504 3935 tantam
533 3880 675 3936 sacri
699 3881 936 3937 nominis
957 3882 1367 3947 contumeliam,
1397 3891 1451 3939 et
1473 3882 1708 3954 speciosi
1734 3898 1908 3954 quon-

296 3972 424 4029 dam
455 3973 695 4029 muneris
723 3972 1122 4030 deformitatem
1157 3992 1170 4029 :
1203 3975 1299 4031 sed
1332 3977 1447 4045 ipsa
1491 3974 1586 4030 tibi
1617 3975 1780 4046 hujus
1825 3976 1909 4035 in-

297 4065 583 4138 dignitatis
628 4066 913 4124 exordium
948 4068 1150 4135 fecisti,
1181 4085 1303 4138 qua:
1348 4072 1401 4124 in
1449 4068 1630 4125 medio
1660 4069 1782 4124 sinu
1813 4078 1905 4125 tuo

292 4158 590 4215 occidebas
618 4162 942 4232 prophetas,
970 4178 1090 4231 qua:
1120 4162 1398 4233 lapidabas
1425 4174 1644 4219 sanctos
1668 4164 1900 4219 Domini.

294 4251 445 4308 Ante
472 4251 733 4321 templum
759 4253 927 4321 jacuit
959 4252 1252 4311 Zacharias
1281 4256 1580 4322 exanimis;
1607 4256 1778 4327 jacuit
1817 4258 1901 4312 in-

295 4344 555 4400 humatus
585 4363 599 4398 :
636 4344 724 4401 hic
758 4361 892 4418 ergo
925 4349 1146 4418 sanguis
1188 4350 1337 4406 illum
1376 4350 1541 4406 lavat.
1576 4350 1708 4419 Qua:
1739 4366 1900 4407 causa

291 4449 483 4494 autem
516 4442 708 4497 mortis
743 4440 970 4506 Anano,
1004 4441 1106 4496 nisi
1138 4442 1280 4513 quod
1318 4443 1617 4514 increpavit
1645 4444 1903 4517 populum

293 4542 487 4599 tuum,
518 4532 662 4605 quod
698 4548 803 4588 non
843 4535 1150 4605 insurgeret
1190 4551 1287 4608 pro
1319 4536 1505 4607 templi
1544 4535 1861 4594 defensioiie
1884 4580 1899 4606 ,

291 4628 426 4697 quia
450 4628 833 4697 expostulabat
858 4626 1168 4685 libertatem
1197 4629 1496 4698 proditam,
1525 4628 1781 4686 virtutem
1810 4631 1905 4689 de—
1932 4618 1981 4678 Ῑ)
2010 4646 2133 4690 rent

292 4730 501 4777 sertam
521 4761 536 4787 ,
568 4722 804 4781 calcatas
838 4733 1083 4779 veterum
1127 4738 1406 4778 sacrorum
1437 4724 1692 4793 reliquias
1712 4765 1726 4790 ,
1750 4740 1899 4780 com-

292 4812 565 4871 macu‘lata
606 4816 796 4872 altaria
834 4835 846 4871 :
880 4817 1299 4889 relinquendum
1331 4818 1613 4873 asserebat
1641 4819 1901 4890 p0pulum

290 4925 400 4966 usu
451 4911 868 4969 simulacrorum
919 4911 1317 4967 insensibilium
1369 4919 1425 4967 et
1480 4920 1779 4967 statuarum
1836 4913 1904 4969 de

289 5021 572 5063 marmore
591 5047 606 5072 ,
625 5006 758 5062 nihil
781 5007 888 5077 jam
912 5006 1260 5061 sentientem.
1290 5003 1319 5043 b
1343 5005 1506 5061 Multa
1530 5004 1675 5059 enim
1698 5006 1905 5060 anima-

290 5100 373 5156 lia
387 5101 595 5157 referre
616 5101 799 5156 solent
819 5099 907 5154 vel
931 5099 1184 5165 vindicta:
1206 5100 1631 5157 vicissitudinem
1648 5139 1664 5165 ,
1694 5099 1901 5155 sentire

288 5194 591 5266 injuriatn,
640 5194 853 5255 incitari
905 5196 1128 5262 aculeo,
1176 5195 1454 5253 declinare
1500 5195 1724 5251 verbera
1767 5195 1901 5265 :qui

287 5302 430 5360 ergo
455 5302 555 5343 nec
584 5288 875 5353 excitatur,
910 5305 1009 5345 nec
1030 5288 1304 5345 declinare
1336 5287 1482 5343 novit
1514 5289 1658 5359 quod
1686 5298 1900 5357 noceat,

290 5380 496 5437 similis
519 5390 729 5436 estnon
760 5381 1141 5438 sentientibus.
1176 5382 1243 5437 Et
1275 5397 1333 5438 re
1362 5398 1486 5437 vera
1511 5383 1597 5437 ubi
1628 5390 1712 5441 est
1738 5382 1905 5438 liber-

294 5485 388 5535 tas
432 5476 522 5530 illa
579 5484 666 5535 tua
693 5516 708 5541 ,
759 5473 914 5545 cujus
944 5475 1124 5530 studio
1150 5473 1422 5545 quondam
1464 5490 1568 5533 non
1601 5473 1906 5547 :Egyptiis,

300 5583 418 5626 non
459 5566 791 5636 Palaestinis,
821 5583 926 5623 non
960 5567 1196 5639 Assyriis
1217 5610 1232 5635 ,
1257 5576 1442 5639 postea
1484 5582 1589 5625 non
1619 5568 1789 5625 Medis
1814 5584 1904 5626 ce-

385 5695 414 5725 ι
443 5684 699 5753 Dispersi.
724 5683 896 5741 Bsnn.

379 5755 722 5907 1143:2132
777 5827 898 5885 heic
932 5843 1033 5884 vox
1082 5828 1232 5905 legis,
1280 5842 1401 5900 quae
1451 5826 1604 5883 deest
1642 5827 1697 5884 in
1731 5825 1909 5883 editis.

2011 3326 2377 3397 crudelitatis,
2410 3338 2471 3385 ut
2499 3329 2836 3399 sepulturam
2864 3333 3118 3389 omnibus
3140 3333 3234 3404 qui
3264 3335 3350 3392 vel
3391 3337 3443 3392 in
3476 3347 3613 3393 tem-

2010 3421 2100 3490 plo
2128 3422 2301 3477 necati
2324 3421 2545 3478 fuerant
2564 3424 2647 3480 vel
2678 3424 2825 3481 circa
2852 3427 3002 3482 urbis
3028 3428 3271 3498 plateas,
3302 3439 3565 3500 negarent
3595 3448 3608 3484 :

2010 3528 2113 3569 nec
2140 3513 2366 3571 humare
2395 3512 2648 3585 cuiquam
2675 3517 2932 3582 vacabat,
2960 3518 3091 3574 dum
3114 3520 3257 3575 bello
3281 3521 3424 3577 inter
3445 3535 3508 3577 se
3527 3536 3616 3577 oc-

2009 3618 2358 3681 cuparentur,
2390 3610 2731 3683 feriendique
2766 3615 2938 3684 magis
2977 3630 3137 3684 quam
3182 3615 3441 3672 humandi
3477 3632 3612 3675 cura

2008 3706 2294 3760 universos
2353 3706 2595 3763 tenebat.
2647 3706 2726 3762 Ita
2780 3709 3016 3778 quodam
3065 3709 3253 3765 furore
3296 3710 3609 3777 occiderant

2011 3797 2225 3867 pietatis
2259 3798 2438 3854 officia
2464 3840 2479 3867 ,
2517 3799 2912 3858 crudescebant
2944 3801 3239 3872 impietatis
3270 3803 3572 3858 ministeria
3594 3844 3611 3869 ,

2010 3890 2251 3960 nihilque
2280 3892 2452 3963 magis
2473 3893 2526 3947 in
2552 3894 2714 3948 tantis
2734 3895 3135 3951 calamitatibus
3157 3896 3423 3967 perierat,
3447 3912 3608 3967 quam

2008 3984 2386 4040 misericordia
2408 4026 2423 4051 ,
2456 4002 2575 4054 qua:
2594 3988 2707 4043 sola
2737 3988 2875 4044 solet
2897 3987 3136 4044 allevare
3165 3989 3442 4057 miserias,
3467 3990 3610 4045 sola-

2008 4078 2054 4133 ri
2078 4094 2370 4137 mrumnas.
2403 4079 2537 4136 Nam
2559 4090 2615 4136 et
2640 4081 2692 4135 bi
2724 4083 2814 4153 qui
2843 4082 3140 4139 amiserant
3167 4097 3297 4139 suos
3320 4122 3339 4152 ,
3370 4098 3480 4139 non
3511 4098 3609 4139 au-

2008 4169 2210 4226 debant
2268 4171 2496 4229 humare
2543 4184 2764 4245 propter
2820 4176 3194 4243 formidinem,
3250 4192 3374 4233 cum
3428 4177 3609 4248 gravis

2010 4271 2184 4319 terror
2212 4263 2494 4334 ingrueret
2533 4283 2560 4321 a
2590 4266 2824 4324 diversae
2864 4268 3115 4325 factionis
3144 4270 3480 4341 principibus
3507 4288 3521 4325 :
3552 4280 3608 4327 et

2008 4355 2063 4412 hi
2099 4357 2190 4429 qui
2242 4371 2574 4415 necaverant
2617 4360 2863 4428 alienos,
2913 4362 3178 4419 cavebant
3213 4377 3283 4418 ne
3318 4363 3442 4433 quis
3482 4363 3606 4420 illos

2005 4449 2328 4521 praeriperet
2343 4451 2409 4506 ad
2441 4454 2796 4523 sepulturam.
2819 4453 3007 4525 itaque
3025 4468 3251 4512 necesse
3271 4464 3389 4512 erat
3415 4469 3608 4513 omnes

2007 4541 2232 4610 timere,
2267 4560 2337 4599 ne
2360 4546 2505 4616 quod
2536 4547 2692 4604 alteri
2722 4548 2929 4606 donare
2959 4550 3199 4615 vellent,
3227 4549 3281 4605 id
3300 4549 3402 4606 sibi
3424 4564 3607 4607 sume—

2187 4654 2199 4689 :
2247 4639 2330 4692 vel
2353 4639 2497 4708 quod
2553 4641 2705 4710 pejus
2756 4651 2867 4711 est,
2924 4657 3087 4714 quem
3126 4651 3448 4713 paraverant
3485 4642 3608 4702 aliis

2008 4743 2163 4782 usum
2190 4730 2459 4799 sepulcri,
2492 4748 2615 4787 eum
2649 4733 2750 4803 ipsi
2780 4750 2885 4789 non
2914 4734 3288 4804 impetrarent.
3320 4733 3377 4793 in
3408 4734 3609 4805 temple

1957 4812 1970 4825 ”
2007 4817 2170 4888 igitur
2203 4821 2319 4890 ipso
2349 4837 2449 4892 pro
2497 4826 2784 4894 unguentis
2815 4825 2951 4881 bene
2994 4824 3298 4894 olentibus,
3345 4842 3442 4897 pro
3485 4827 3608 4899 thy-

2008 4912 2283 4970 miamatis
2325 4914 2464 4972 bene
2493 4919 2862 4987 Spirantibus,
2895 4935 2991 4989 pro
3020 4918 3361 4979 diversorum
3407 4921 3605 4989 florum

2007 5004 2268 5063 odoribus
2284 5051 2299 5076 ,
2324 5011 2503 5080 gravis
2516 5021 2627 5067 erat
2652 5012 3048 5083 insepultorum
3084 5014 3411 5073 cadaverum
3439 5016 3603 5083 fetor,

2007 5112 2143 5168 quos
2172 5100 2347 5170 pluvia
2375 5102 2700 5158 dissolverat
2720 5146 2736 5170 ,
2781 5119 2918 5174 quos
2942 5104 3163 5161 ﬂamma
3191 5108 3567 5175 combusserat
3589 5148 3605 5173 ,

2008 5207 2144 5262 quos
2192 5193 2274 5246 Sol
2300 5192 2626 5249 calefecerat
2654 5211 2668 5261 ;
2702 5211 2893 5253 omnes
2920 5207 3071 5254 artus
3098 5214 3365 5267 Ca-sorum
3405 5201 3605 5259 civium

2012 5283 2135 5338 diro
2165 5284 2333 5340 odore
2362 5285 2604 5341 fetebant
2636 5304 2649 5341 :
2682 5287 2807 5343 hinc
2847 5291 3207 5347 resolutorum
3234 5292 3464 5364 putredo
3496 5293 3604 5348 vis-

2012 5397 2229 5448 cerum,
2260 5381 2383 5437 inde
2409 5391 2724 5440 exustorum
2768 5386 2949 5457 nidor,
2979 5404 3174 5445 sensus
3211 5403 3402 5444 omnes
3445 5396 3609 5458 atque

2013 5490 2107 5530 ora
2138 5473 2483 5544 complebant
2510 5478 2840 5546 viventium,
2871 5490 2930 5535 ut
2975 5481 3076 5554 ipsi
3120 5495 3227 5536 non
3273 5479 3445 5536 multo
3490 5487 3610 5549 post

2013 5554 2262 5639 graviore
2293 5571 2488 5626 morbo
2518 5584 2988 5646 consumerentur,
3017 5590 3081 5633 ac
3105 5589 3165 5632 se
3186 5572 3504 5647 superstites
3532 5574 3615 5631 in-

2022 5679 2297 5738 Gnuan.

2102 5751 2127 5789 ἀ
2163 5754 2327 5809 Deest
2348 5753 2464 5813 hare
2490 5771 2593 5813 vox
2624 5758 2676 5813 in
2707 5775 2809 5815 ms.
2845 5759 3011 5814 ΒΑΜ.

2110 5834 2133 5862 ε
2170 5822 2219 5877 F
2223 5828 2501 5882 urentibus.
2534 5829 2607 5885 In.
