4050 6470
545 271 690 335 MSS

542 390 942 466 gemiscerent,
1003 403 1111 461 quo
1156 387 1373 444 duriore
1420 400 1580 458 pana
1621 385 1862 457 perirent

549 494 833 552 servatos,
880 492 937 538 ut
962 483 1206 539 viderent
1234 496 1356 536 cum
1388 481 1556 550 patria
1577 477 1768 546 simul,
1798 479 1934 536 solvi
1979 480 2144 535 etiam

544 579 696 649 leges
729 587 969 644 naturae,
1003 576 1187 647 negari
1215 575 1304 646 jus
1334 573 1674 642 viventibus,
1705 589 1891 645 pacem
1909 573 2143 640 civibus,

543 672 880 742 sepulturam
924 670 1192 726 defunctis
1217 711 1233 736 ,
1275 668 1508 725 humana
1546 669 1748 740 pariter
1774 678 1937 739 atque
1966 667 2144 724 divina

544 765 807 821 maculari
856 778 917 818 ac
961 763 1159 834 pollui,
1211 763 1477 834 permixta
1528 763 1743 829 omnia,
1796 762 2145 818 criminosam

541 873 664 914 esse
693 856 1151 920 misericordiam,
1179 857 1460 929 religionis
1483 856 1604 912 loco
1633 856 1820 913 haberi
1849 857 2148 913 crudelita-

546 965 677 1009 tem.
709 954 962 1008 Castrum
999 953 1055 1008 in
1096 952 1338 1023 templo,
1373 952 1575 1008 bellum
1615 952 1666 1007 in
1699 952 1884 1007 limine
1907 993 1922 1016 ,
1968 952 2146 1007 fumus

541 1048 594 1101 in
623 1045 929 1101 altaribus:
966 1061 1027 1101 ea
1065 1062 1125 1101 se
1173 1054 1424 1118 spectare
1467 1046 1676 1110 oculis,
1709 1062 1827 1116 qua:
1865 1044 2146 1116 prophetis

541 1141 992 1197 denuntiantibus
1039 1156 1147 1196 non
1182 1140 1547 1198 credidissent
1590 1139 1793 1196 futura.
1840 1139 2032 1195 Nonne
2076 1139 2145 1195 de

543 1237 673 1306 ipsis
705 1235 920 1291 dixerat
975 1235 1188 1291 David:
1261 1233 1571 1290 Polluerunt
1623 1234 1870 1306 templum
1911 1243 2145 1288 sanctum

542 1338 686 1383 tuum
711 1372 724 1393 ,
769 1338 1052 1401 posuerunt
1103 1329 1376 1383 morticina
1415 1344 1679 1383 seruorum
1732 1341 1938 1382 tuorum
1977 1344 2144 1382 escam

540 1420 839 1479 volatilibus
883 1424 996 1478 caeli
1027 1441 1046 1478 :
1087 1422 1384 1490 effuderunt
1437 1424 1738 1494 sanguinem
1776 1439 1952 1476 eorum
2007 1424 2144 1478 velut

539 1534 728 1590 aquam
756 1519 808 1572 in
837 1518 1056 1572 circuitu
1090 1517 1458 1584 Hierusalem,
1490 1528 1537 1572 et
1569 1533 1672 1571 non
1702 1525 1811 1570 erat
1839 1517 1925 1587 qui
1961 1518 2145 1590 sepeli-

536 1622 614 1667 ret
644 1609 822 1683 (Paul.
855 1627 1082 1677 Lxxvni,
1119 1612 1168 1676 l,
1203 1611 1302 1680 3)?
1331 1612 1505 1667 Simul
1535 1613 1682 1668 enim
1727 1621 1854 1668 tunc
1879 1625 1931 1668 et
1953 1625 2144 1683 gentes

538 1703 885 1760 veneruntin
919 1703 1293 1759 haereditatem
1344 1704 1436 1759 Dei
1462 1720 1582 1775 quae
1624 1705 1900 1761 auferrent
1926 1706 2140 1770 omnia,

1869 264 2114 326 SANCTI
2151 265 2475 324 AMBROSII

1908 403 1922 441 :
1967 400 2142 457 eoque
2169 390 2224 450 Α
2247 386 2445 443 bellum
2489 385 2745 445 adolebat
2783 388 3048 446 festinans
3088 391 3347 448 comitari
3395 401 3618 462 patrem
3643 431 3658 454 ,
3697 403 3752 442 ne
3781 389 3818 445 in

3720 271 3822 329 2156

2250 481 2490 552 pericula
2519 482 2696 538 solum
2725 484 3054 553 dimitteret,
3089 485 3363 542 adversus
3396 485 3692 542 Vitelliam
3715 501 3828 540 arm

2249 573 2657 630 conﬂicturum.
2699 575 2866 633 Movit
2893 578 3077 650 itaque
3114 579 3221 635 iter
3253 594 3454 652 magno
3487 579 3693 634 decore
3717 594 3837 634 exer-

2249 665 2389 721 citus
2419 683 2432 720 :
2465 667 2706 722 solitudo
2735 669 2961 740 ubique,
2991 680 3047 726 et
3077 681 3270 741 parato
3300 672 3532 741 agmine
3561 679 3840 742 suspectans

2249 757 2494 826 insidias,
2510 761 2633 832 quia
2657 762 2856 818 virtute
2877 779 2937 819 se
2957 766 3304 835 superiorem
3329 766 3584 822 videbat.
3611 765 3755 818 Venit
3774 781 3845 835 per

2248 850 2510 908 Samaria:
2539 854 2679 923 loca,
2710 858 2950 926 suscepit
2980 872 3103 912 eum
3130 867 3155 895 α
3180 858 3390 924 Gosna,
3418 874 3552 930 qua:
3582 858 3650 913 ad
3679 858 3846 913 Bonu-

2250 961 2351 1002 nos
2398 946 2716 1018 jamdudum
2775 959 3171 1006 concesserat:
3202 963 3431 1008 ventum
3481 951 3543 1006 in
3590 951 3848 1014 Aulamm,

2250 1038 2395 1096 unde
2423 1041 2617 1096 aberat
2652 1041 3032 1116 Hierosolyma
3063 1044 3257 1100 stadiis
3294 1061 3404 1100 xxx
3447 1044 3593 1100 nihil
3626 1045 3850 1114 amplius.

2249 1133 2379 1190 lude
2419 1136 2714 1206 assumptis
2739 1137 3017 1209 equitibus
3049 1153 3284 1195 numero
3313 1139 3614 1195 sexcentis
3644 1141 3856 1208 perrexit

2248 1228 2548 1299 equitatum
2607 1239 2736 1286 ante
2793 1231 2985 1288 urbem
3031 1251 3045 1289 ε
3084 1231 3434 1304 exploratum
3487 1247 3722 1303 quoque
3773 1232 3854 1288 loci

2247 1324 2435 1391 situm,
2478 1324 2943 1381 munimentorum
2979 1327 3338 1396 qualitatem,
3371 1340 3670 1382 murorum
3703 1326 3857 1379 altile-

2247 1418 2453 1484 dinem,
2485 1419 2663 1475 studia
2695 1421 2891 1490 plebis,
2919 1437 3038 1492 qua:
3075 1421 3360 1477 ferebatur
3392 1422 3688 1476 latronum
3716 1424 3858 1476 armis

2251 1516 2455 1583 premi,
2487 1524 2543 1570 et
2572 1515 2865 1570 factionum
2903 1515 3196 1586 stipamine
3225 1516 3640 1572 circumveniri
3673 1532 3687 1568 :
3721 1524 3775 1569 ut
3797 1517 3858 1568 in-

2251 1605 2355 1660 vita
2406 1606 2784 1676 acquiesceret
2822 1607 3137 1672 obsidioni,
3177 1607 3480 1678 quominus
3542 1609 3857 1663 voluntatem

2247 1715 2374 1769 erga
2397 1698 2673 1755 Romanos
2699 1700 2974 1771 proderet,
3001 1701 3046 1756 si
3076 1701 3299 1757 libertas
3326 1705 3588 1757 daretur.
3627 1703 3860 1772 Speciose

539 1809 596 1856 et
623 1799 885 1869 templum
917 1799 1182 1869 pollutum
1205 1810 1290 1855 est
1315 1815 1538 1856 suorum
1569 1799 1850 1857 funeribus
1870 1842 1884 1868 ,
1918 1811 1974 1857 et
2000 1802 2142 1858 inse-
2175 1795 2221 1855 B
2252 1791 2413 1863 igitur
2434 1808 2558 1848 cum
2591 1795 2776 1864 paucis
2796 1795 3077 1866 euuitabat
3109 1798 3161 1851 in
3186 1810 3387 1867 aggere
3409 1797 3668 1869 publico,
3693 1799 3778 1868 qui
3804 1800 3855 1851 ad

540 1892 688 1962 pulta
731 1891 1020 1962 jacucruut
1062 1891 1328 1948 cadavera
1375 1892 1783 1949 interfectorum
1842 1893 1911 1950 ad
1961 1909 2140 1950 escam

539 1989 721 2043 avium
756 1988 1160 2060 bestiarumque
1189 1987 1542 2045 voracitatem
1590 2006 1603 2042 :
1639 1988 1841 2044 effusus
1885 1991 2140 2060 sanguis,

542 2093 601 2137 ut
629 2091 904 2152 stagnaret
931 2082 983 2136 in
1013 2082 1247 2152 templo,
1290 2081 1509 2139 deesset
1551 2084 1642 2154 qui
1691 2083 2142 2154 sepeliretzquia

542 2193 572 2230 a
594 2175 901 2231 viventibus
931 2175 985 2229 in
1017 2183 1262 2230 mortuos
1288 2216 1302 2239 ,
1342 2191 1372 2230 a
1399 2176 1630 2231 mortuis
1655 2175 1709 2230 in
1731 2190 1826 2230 eos
1847 2174 1942 2246 qui
1968 2174 2142 2230 adhuc

544 2269 830 2334 viverent,
883 2266 1036 2323 furor
1063 2268 1510 2324 transferebatur.
1544 2267 1775 2324 Volebat
1812 2268 2012 2339 aliquis
2049 2267 2144 2324 de-

542 2361 788 2417 functum
807 2360 1032 2416 humare
1056 2361 1078 2415 ?
1098 2363 1214 2432 ipse
1236 2361 1716 2433 exstinguebatur:
1756 2371 1812 2418 et
1833 2362 1924 2433 qui
1951 2362 2143 2418 defun-

540 2465 684 2510 ctum
715 2454 1021 2522 occiderat,
1053 2455 1106 2510 in
1139 2457 1470 2526 sepultorem
1511 2456 1874 2512 transferebat
1920 2457 2140 2512 iracun.

539 2548 720 2614 diam;
744 2557 801 2603 ut
824 2548 898 2602 illi
923 2548 1260 2619 sepulturam
1286 2559 1541 2620 negaret,
1563 2550 1708 2606 hunc
1728 2550 2137 2623 exstinguebat:

539 2657 730 2698 rursus
758 2642 850 2712 qui
877 2642 1209 2712 sepultorem
1235 2640 1530 2712 occiderat,
1556 2643 1817 2713 majorem
1850 2643 2142 2699 crudelita-

539 2746 651 2791 tem
681 2736 824 2791 circa
848 2735 1164 2792 defunctum
1191 2737 1522 2805 exercebat,
1557 2747 1614 2791 ut
1629 2737 1741 2808 jam
1773 2737 1908 2793 nihil
1934 2737 2139 2794 deben-

537 2839 651 2885 tem
678 2830 807 2886 odio
827 2873 842 2899 ,
869 2845 975 2886 non
1001 2830 1327 2888 sentientem
1352 2831 1650 2902 supplicia,
1675 2833 1935 2903 spoliaret
1953 2847 2141 2903 supre-

539 2940 632 2981 mo
659 2935 862 2981 naturae
889 2925 1093 2982 debito.
1122 2926 1262 2995 Quid
1292 2926 1400 2982 illis
1427 2927 1575 2982 aliud
1617 2928 1868 2984 accidere
1898 2939 2136 2999 poterat,

538 3019 630 3089 qui
659 3018 842 3074 divina
877 3034 988 3075 non
1026 3020 1366 3090 recipiebant
1392 3021 1648 3078 oracula?
1678 3023 1984 3080 lrridebant
2017 3042 2140 3096 pro-

538 3114 824 3185 phetarum
849 3114 1293 3171 annuntiationes
1315 3156 1329 3180 ,
1361 3114 1442 3170 fas
1467 3131 1630 3172 omne
1664 3117 1951 3174 calcabant
1985 3136 1998 3173 :
2029 3136 2138 3174 non

2249 1901 2435 1942 muros
2464 1889 2614 1943 urbis
2637 1887 2997 1959 dirigebatur,
3026 1904 3126 1946 nec
3149 1892 3442 1962 quisquam
3465 1902 3558 1948 est
3580 1894 3736 1946 visus
3755 1906 3858 1962 pro.

2247 1983 2422 2053 gredi.
2459 1981 2659 2037 Verum
2691 1983 2778 2038 ubi
2811 1983 2879 2038 ad
2917 1984 3227 2040 obeundum
3257 2002 3548 2042 murorum
3585 1986 3854 2042 circuitum

2245 2075 2398 2132 ﬂexit
2422 2093 2622 2148 equum
2653 2078 2706 2133 in
2735 2079 2899 2145 latus,
2930 2094 3055 2134 cum
3083 2089 3283 2134 caetera
3307 2078 3336 2117 ι’
3365 2081 3530 2136 turba
3567 2079 3764 2137 ducem
3787 2096 3856 2134 se-

2246 2179 2531 2242 queretur,
2562 2185 2798 2242 erupere
2827 2171 3010 2227 subito
3038 2172 3285 2243 plerique
3305 2172 3377 2228 de
3403 2173 3529 2230 loco
3565 2175 3662 2244 qui
3690 2173 3852 2244 appel-

2246 2265 2457 2321 labatur
2481 2277 2673 2322 contra
2707 2267 2927 2323 Helena:
2957 2268 3268 2338 sepulcrum
3287 2311 3303 2336 ,
3335 2279 3393 2325 et
3421 2271 3752 2326 exsilientes
3777 2285 3851 2324 oc-

2245 2371 2580 2432 cupaverunt
2626 2362 2766 2427 iter,
2809 2371 2870 2418 ut
2915 2363 3258 2419 includerent
3302 2365 3574 2436 majorem
3628 2364 3845 2435 equitum

2246 2465 2455 2525 partem
2481 2469 2600 2525 qua:
2622 2454 2806 2510 Titum
2828 2455 3156 2526 sequebatur
3186 2473 3198 2510 :
3227 2457 3346 2524 ipse
3362 2471 3488 2512 cum
3512 2456 3712 2527 paucis
3732 2471 3846 2526 prie

2246 2549 2469 2604 terierat
2488 2549 2738 2604 consulto
2765 2549 3158 2615 insidiantium,
3185 2559 3242 2604 ιιι
3263 2550 3566 2606 destitutus
3595 2566 3628 2604 a
3653 2548 3845 2605 caeteris

2244 2640 2460 2697 facilius
2499 2642 2903 2712 Opprimeretur
2939 2659 2952 2696 :
2983 2643 3108 2712 quia
3139 2659 3318 2713 neque
3361 2644 3429 2698 ad
3470 2659 3610 2700 suos
3649 2640 3840 2713 regredi

2243 2734 2404 2790 facile
2425 2743 2561 2800 erat,
2589 2744 2813 2805 pr0pter
2838 2736 3130 2790 instantem
3153 2734 3390 2791 hostium
3411 2735 3838 2797 multitudinem;

2244 2846 2424 2902 neque
2468 2829 2723 2901 progredi
2762 2829 2995 2886 ulterius
3033 2829 3180 2886 fossa
3212 2841 3306 2886 aut
3343 2831 3546 2887 vallum
3578 2830 3835 2896 sinebant,

2243 2937 2548 2998 creteraque
2575 2925 2819 2981 locorum
2855 2925 3264 2996 impedimenta,
3295 2925 3495 2998 quibus
3524 2938 3731 2998 anceps
3755 2937 3835 2993 pe-
3905 2927 3907 2930 ‘

2244 3021 2477 3078 riculutn
2509 3019 2863 3077 inferebatur.

2856 3115 3086 3174 CAPUT
3125 3116 3217 3173 IV.

536 3208 1192 3280 credebantfntura,qu-.e
1219 3218 1274 3264 ut
1303 3212 1516 3277 tierent,
1539 3211 1640 3280 ipsi
1667 3213 2137 3272 acceleraverunt.
2169 3199 2215 3264 C
2320 3211 2524 3268 Videtis
2556 3211 2739 3283 itaque
2768 3211 2923 3267 Titus
2962 3213 3015 3267 in
3043 3213 3244 3268 virtute
3277 3223 3298 3251 ο
3332 3227 3430 3268 sua
3471 3211 3712 3282 positum
3747 3207 3834 3262 sibi

540 3301 674 3356 Erat
700 3303 844 3357 enim
873 3318 1054 3358 sermo
1079 3313 1236 3360 vetus
1277 3315 1330 3360 et
1354 3304 1611 3376 frequens
1632 3347 1646 3373 ,
1685 3317 1810 3363 tunc
1842 3309 2138 3379 perituram

545 3394 736 3448 urbem
786 3393 1237 3465 Hierosolymam,
1293 3407 1347 3452 et
1399 3408 1586 3454 sancta
1641 3400 1759 3470 ejus
1819 3403 2138 3473 exurenda,

544 3503 668 3544 cum
712 3489 910 3544 seditio
968 3488 1095 3545 belli
1132 3492 1306 3560 legem
1356 3495 1676 3563 incesseret,
1728 3504 1783 3550 et
1827 3495 2142 3554 domesticae

543 3595 738 3635 manus
784 3582 1046 3651 templum
1099 3582 1193 3638 Dei
1246 3586 1686 3642 contaminarent
1728 3606 1740 3642 :
1782 3589 1877 3645 sed
1924 3606 1992 3646 ne
2041 3592 2157 3662 hoc,

539 3675 758 3748 quidem
811 3677 1218 3734 intellexerunt.
1271 3680 1492 3746 Quoties
1533 3682 1676 3738 enim
1722 3686 1903 3740 excisa
1947 3686 2143 3742 domus

544 3772 675 3839 Dei,
705 3771 921 3842 quoties
939 3773 1158 3838 seditio,
1183 3773 1398 3841 quoties
1421 3774 1651 3843 obsidio,
1676 3780 1890 3847 quoties
1909 3779 2143 3834 bellum?

539 3871 596 3919 et
635 3877 927 3934 numquam
981 3863 1073 3918 illa
1118 3865 1248 3920 urbs
1292 3865 1491 3935 periit,
1548 3867 1650 3923 nisi
1691 3870 1906 3938 quando
1953 3887 2141 3928 verum

539 3958 800 4028 templum
849 3960 939 4014 Dei
973 3959 1285 4016 domesticis
1326 3962 1576 4017 manibus
1621 3965 2027 4024 crucifixerunt.
2077 3970 2145 4025 Et

541 4051 686 4120 quod
715 4051 849 4106 illud
879 4053 1180 4123 templum?
1207 4054 1441 4109 Audiant
1469 4073 1480 4108 :
1506 4055 1706 4111 Solvite
1737 4059 1982 4129 templum
2010 4062 2139 4128 hoc,

540 4155 590 4198 et
635 4147 687 4199 in
741 4147 913 4199 triduo
955 4147 1273 4202 resuscitabo
1319 4148 1456 4202 illud
1484 4147 1676 4219 (Joau.
1733 4167 1793 4219 ll,
1827 4153 1894 4208 l9
1929 4151 1968 4223 ).
2001 4155 2142 4220 Quid

539 4242 686 4296 enim
721 4241 870 4297 aliud
897 4242 998 4297 nisi
1030 4242 1376 4311 sacrilegium
1413 4242 1533 4309 fuit,
1562 4259 1685 4299 cum
1721 4246 1912 4315 impias
1950 4264 2143 4305 manus

539 4333 898 4390 extenderent
919 4334 972 4388 in
1005 4344 1281 4389 auctorem
1297 4334 1511 4399 salutis,
1531 4349 1653 4390 cum
1669 4335 1996 4406 lapidarent,
2017 4355 2141 4396 cum

538 4430 913 4494 verberarent,
933 4446 1056 4485 cum
1082 4431 1442 4498 corriperent,
1462 4444 1583 4484 cum
1615 4431 1966 4502 occiderent?
1993 4433 2144 4491 Tunc

538 4540 670 4582 vere
695 4535 879 4580 saneta
909 4540 1094 4580 eorum
1137 4525 1440 4596 absumpsit
1479 4524 1620 4596 ignis
1649 4525 1862 4582 divinus
1899 4547 1913 4583 :
1943 4543 2065 4583 nam
2091 4538 2145 4584 ct

2247 3308 2549 3364 remedium
2587 3307 2802 3373 salutis,
2835 3320 2936 3362 nec
2965 3305 3128 3360 aliter
3157 3305 3258 3360 nisi
3293 3306 3439 3361 ferro
3467 3305 3572 3360 iter
3598 3303 3830 3376 aperien-

2247 3401 2374 3456 dum
2401 3419 2412 3453 :
2444 3400 2557 3470 jam
2584 3400 2728 3454 enim
2763 3399 2856 3454 alii
2889 3397 3104 3453 reﬂexis
3128 3397 3280 3467 equis
3305 3396 3700 3463 discesserant,
3723 3393 3829 3448 dum

2247 3503 2302 3548 et
2325 3492 2426 3562 ipsi
2456 3491 2802 3561 imperatoris
2832 3491 3003 3545 lilium
3033 3497 3344 3545 secuturum
3374 3499 3687 3560 sperarent,
3717 3500 3830 3542 con-

2246 3588 2410 3643 vertit
2431 3602 2630 3657 equum
2662 3585 3018 3656 hortatusque
3044 3584 3282 3639 clamore
3311 3596 3544 3641 caeteros
3571 3595 3634 3639 ut
3663 3594 3828 3653 seque-

2247 3693 2470 3749 rentur,
2505 3697 2668 3752 supra
2715 3681 2927 3737 hostem
2972 3682 3130 3737 irruit
3162 3699 3174 3735 :
3207 3680 3542 3751 impossibile
3570 3681 3678 3737 hoc
3705 3676 3831 3733 vide-

2248 3791 2422 3844 retur,
2448 3775 2722 3848 quomodo
2757 3775 2931 3845 potuit
2959 3774 3216 3842 evadere,
3247 3775 3349 3829 nisi
3383 3783 3572 3829 notum
3604 3783 3762 3836 esset,
3784 3770 3823 3823 in

2247 3873 2392 3930 bello
2425 3873 2716 3943 plurimum
2747 3871 3026 3928 audaciam
3071 3885 3231 3940 posse
3255 3913 3270 3935 ,
3315 3885 3438 3940 qua:
3473 3869 3562 3924 vel
3595 3870 3710 3925 sola
3741 3864 3825 3920 sibi

2248 3981 2437 4022 murus
2467 3974 2550 4021 est
2585 3983 2598 4020 :
2630 3963 2830 4020 deinde
2859 3963 2983 4034 quia
3008 3961 3132 4017 aliis
3161 3976 3302 4033 pone
3333 3961 3710 4032 sequentibus,
3738 3955 3823 4011 vile

2248 4056 2440 4126 vulgus
2469 4056 2572 4111 sibi
2605 4055 2774 4126 magis
2812 4055 2864 4110 in
2911 4052 3152 4124 periculo
3176 4053 3571 4108 consulendum
3606 4049 3822 4122 putabat.

2247 4166 2407 4222 quam
2457 4149 2665 4206 hostem
2717 4149 3152 4221 persequendum
3194 4165 3206 4201 :
3251 4143 3279 4184 ει
3315 4158 3372 4202 at
3410 4149 3455 4203 si
3491 4148 3583 4219 qui
3630 4159 3820 4203 manum

2247 4241 2602 4309 extenderat,
2639 4253 2700 4298 ut
2736 4257 2933 4312 equum
2979 4251 3219 4308 teneret,
3251 4241 3567 4296 feriebatur.
3610 4240 3823 4308 Denique

2249 4338 2357 4391 duo
2398 4346 2605 4390 tantum
2646 4352 2715 4392 ex
2751 4335 2858 4391 Titi
2900 4336 3068 4390 sociis
3109 4334 3379 4390 interfecti
3412 4352 3426 4388 :
3465 4349 3589 4390 cum
3625 4331 3821 4404 reliquis

2249 4431 2596 4502 imperatoris
2627 4431 2768 4486 filius
2795 4431 2860 4486 ad
2889 4445 3016 4484 suos
3044 4429 3291 4486 revertit.
3323 4429 3507 4500 Neque
3536 4445 3670 4485 sane
3695 4427 3820 4485 dubi-

2249 4524 2473 4579 tandum
2504 4523 2739 4591 videtur,
2771 4523 2914 4593 quod
2945 4525 3143 4579 intecto
3171 4523 3372 4593 capite,
3404 4523 3583 4578 nudus
3605 4532 3817 4578 caztera:

540 4626 733 4673 exusta
761 4634 792 4672 a
834 4617 1147 4690 Babyloniis
1171 4660 1186 4685 ,
1224 4627 1475 4687 reparata
1507 4628 1696 4688 postea
1743 4637 1756 4674 :
1803 4619 2078 4677 destructa
2112 4639 2140 4678 a
2170 4602 2224 4662 D
2251 4627 2433 4688 utpote
2470 4620 2560 4689 qui
2604 4619 2658 4673 in
2703 4633 2936 4675 excursu
2978 4630 3360 4690 processerat,
3394 4634 3502 4673 non
3545 4618 3612 4673 ad
3646 4619 3817 4675 bellum

540 4712 801 4781 Pompeio
825 4753 838 4775 ,
870 4711 1163 4767 reformata
1192 4712 1388 4768 iterum
1408 4730 1420 4766 :
1440 4712 1535 4768 sed
1558 4717 1771 4784 penitus
1795 4726 1985 4771 exusta
2007 4759 2022 4784 ,
2051 4717 2140 4773 tibi

536 4803 697 4860 Jesus
728 4804 908 4869 venit,
939 4814 994 4860 et
1019 4804 1253 4875 Spiritus
1283 4806 1451 4862 divini
1492 4808 1673 4864 calore
1703 4810 1877 4865 soluta
1907 4827 2142 4868 evanue-

535 4910 684 4955 runt.
729 4900 979 4968 Oportuit
1010 4901 1264 4957 uberiore
1290 4903 1520 4972 quadam
1542 4903 1920 4973 deploratione
1944 4909 2140 4978 praeire

536 5007 639 5048 nos
679 4992 842 5045 funus
876 4991 1143 5061 quoddam
1189 5003 1430 5063 paternae
1470 4995 1867 5063 solemnitatis,
1908 5007 1962 5054 et
1993 5001 2141 5054 velut

534 5088 828 5160 exsequias
850 5088 1108 5158 quasdam
1139 5092 1422 5162 prosequi,
1456 5105 1520 5146 ac
1553 5091 1934 5161 solverejnxta
1967 5093 2138 5162 majo-

533 5199 653 5239 rum
687 5181 928 5235 iustituta
963 5197 977 5234 :
1006 5181 1099 5236 sed
1126 5183 1406 5238 veniamus
1428 5183 1494 5239 ad
1519 5183 1807 5240 exordium
1835 5184 2138 5242 obsidionis

537 5273 904 5331 Hierusalem.

1152 5367 1381 5425 CAPUT
1421 5369 1508 5425 Ill.

605 5462 929 5518 Reverterat
959 5460 1010 5514 in
1039 5459 1282 5514 .lndaeam
1316 5460 1468 5515 Titus
1490 5501 1504 5524 ,
1531 5469 1586 5516 et
1616 5463 1799 5531 paucis
1826 5463 2018 5519 diebus
2049 5464 2134 5519 in-

537 5557 845 5628 terpositis,
879 5566 936 5611 ut
978 5555 1321 5626 replerentur
1349 5553 1572 5611 ordines
1599 5555 1914 5611 militarium
1943 5551 2147 5614 nume?

532 5661 716 5705 rorum
746 5650 812 5705 de
834 5649 1028 5721 quibus
1058 5649 1197 5703 lecta
1224 5661 1419 5703 manus
1449 5645 1611 5703 missa
1638 5646 1881 5706 fueratiu
1905 5648 2130 5719 Italiam,

606 5782 629 5841 ἒ
669 5771 957 5841 losephus,
989 5769 1228 5841 Geplma.
1274 5755 1442 5826 Bardi.

606 5840 632 5878 δ
673 5837 883 5899 Tunna.
919 5842 992 5897 ID.

2197 4769 2214 4784 ,
2250 4721 2501 4783 paratus,
2537 4728 2636 4767 nec
2663 4712 2877 4782 galeam
2907 4727 3008 4769 nec
3043 4713 3267 4768 loricam
3295 4712 3586 4778 induerat,
3618 4729 3685 4769 eo
3712 4709 3817 4768 nihil

2247 4808 2522 4878 exceperit
2553 4809 2815 4876 vulneris,
2848 4823 2970 4864 cum
3003 4808 3242 4864 maxime
3273 4809 3326 4862 in
3360 4809 3534 4880 ipsum
3565 4810 3669 4865 tela
3691 4809 3814 4880 jace-

2245 4911 2457 4964 reutur,
2477 4900 2620 4971 quod
2647 4901 2714 4956 ad
2738 4901 3007 4956 excidium
3031 4901 3348 4957 urbisillius
3368 4902 3451 4956 vir
3472 4911 3653 4958 tantus
3669 4913 3814 4958 reser-

2245 5005 2487 5050 varetur.
2508 4994 2630 5061 Est,
2649 5005 2723 5050 est
2746 4994 2990 5065 profecto
3014 5011 3104 5049 cor
3128 4999 3262 5066 regis
3283 4995 3336 5048 in
3355 5011 3516 5051 manu
3533 4993 3632 5050 Dei
3655 4995 3810 5066 (Prov.

2246 5103 2358 5151 xxi,
2393 5085 2475 5158 1).
2524 5085 2712 5158 Itaque
2742 5102 2809 5143 ne
2849 5095 3122 5143 cresceret
3158 5087 3378 5142 audacia
3411 5087 3616 5144 Judaeis
3647 5094 3810 5143 eventu

2244 5180 2454 5236 fraudis
2491 5189 2547 5235 et
2581 5180 2726 5247 doli,
2772 5179 3047 5250 profectus
3077 5179 3142 5234 ad
3183 5181 3370 5235 urbem
3413 5196 3538 5236 cum
3576 5181 3807 5241 exercitu,

2245 5288 2368 5348 post
2388 5285 2604 5331 noctem
2630 5273 2799 5340 redit;
2831 5284 2885 5330 et
2905 5274 2972 5329 de
2995 5276 3211 5346 specula
3232 5274 3462 5344 quadam
3486 5275 3628 5330 unde
3650 5273 3810 5329 civitas

2243 5377 2688 5440 prospectaretur
2711 5378 2765 5424 et
2797 5367 2982 5438 templi
3020 5365 3330 5436 magnitudo
3358 5367 3719 5438 amplissima,
3739 5363 3806 5418 dc-

2242 5473 2512 5520 monstrat
2531 5463 2680 5529 suis,
2716 5479 2840 5518 cum
2871 5478 2976 5533 qua
3007 5463 3142 5518 urbe
3168 5460 3272 5519 sibi
3299 5461 3502 5518 bellum
3532 5461 3699 5526 foret;
3727 5461 3805 5514 im-

2240 5558 2425 5628 pigros
2459 5566 2513 5612 et
2547 5556 2821 5612 cautiores
2847 5569 2970 5611 esse
3011 5565 3266 5626 oportere
3297 5573 3312 5609 :
3340 5555 3486 5627 quod
3526 5556 3803 5610 innumera-

2241 5651 2364 5707 bilis
2391 5649 2493 5706 sibi
2520 5649 2752 5721 populus
2778 5646 3168 5721 expugnandus
3193 5646 3356 5716 foret,
3385 5657 3443 5704 et
3471 5646 3644 5706 fraudi
3674 5659 3795 5719 para-

2316 5783 2344 5837 ιο
2388 5771 2537 5828 Sola.
2566 5769 2641 5826 In.
2710 5821 2712 5825 .

2305 5840 2332 5881 ιι
2372 5843 2444 5898 Ac
2472 5843 2673 5914 siquis.
2708 5843 2784 5900 In.
