4050 6454
154 353 333 409 2157

1052 344 1325 403 lilSTOR.
1367 344 1456 400 DE
1498 341 1774 403 EXCIDIO
1801 342 2069 402 HIEROS.
2115 343 2319 402 URBIS
2350 342 2478 401 LIB.
2527 343 2593 400 γ.

3360 347 3507 405 2138

153 475 291 520 tus.
353 463 580 521 Ordinat
616 463 708 535 qui
755 461 930 519 muris
973 461 1194 518 ordines
1236 458 1735 532 appropinquarent
1777 461 1872 522 :A
1899 461 2184 517 militarem
2224 460 2308 518 bis
2341 460 2616 517 revocavit
2643 474 2675 516 a
2706 461 2860 534 fuga,
2904 461 3255 536 periculoque
3302 465 3508 535 pariter

150 571 327 627 quos
356 555 535 611 adhuc
557 556 725 612 fessos
749 563 1020 610 nocturno
1048 553 1241 610 itinere
1265 562 1616 622 cognoverat,
1641 551 1795 622 quasi

152 648 623 704 succenturiatos
666 648 880 702 eminus
923 645 1084 702 locat.
1137 645 1405 702 Paulatim
1456 642 1791 715 proceditur.

155 739 284 796 Ubi
326 749 550 797 ventum
580 741 646 795 ad
680 750 921 796 montem
951 739 1185 806 Oliveti,
1218 737 1374 792 vallis
1402 737 1503 792 sub
1533 737 1652 806 ipso
1681 751 1794 792 me-

160 833 268 890 dia
306 834 456 890 inter
481 850 604 890 eum
645 843 809 904 atque
846 833 1033 889 urbem
1060 831 1449 904 interiacebat,
1477 831 1564 886 cui
1595 845 1790 885 nomen

158 929 406 986 Cedron
437 949 450 983 :
487 930 573 986 ubi
614 930 972 985 constitutum
1008 931 1309 988 exercitum
1348 928 1417 985 de
1453 929 1623 984 muris
1649 927 1793 999 aspi-

158 1025 400 1082 cientes
422 1024 572 1098 (uam
602 1039 698 1080 sex
727 1025 916 1080 stadiis
938 1024 1147 1097 aberat)
1175 1023 1460 1080 seditionis
1483 1022 1550 1077 ad
1580 1031 1790 1092 tempus

156 1118 364 1174 studia
391 1118 716 1189 deposuere,
739 1127 795 1174 et
816 1117 1056 1174 externis
1078 1117 1324 1172 hostibus
1355 1115 1788 1183 advenientibus,

159 1213 489 1293 domestico
518 1211 725 1269 findere
750 1220 1087 1282 sequestrata
1115 1212 1358 1268 civilium
1377 1210 1650 1267 bellorum
1673 1225 1792 1266 cer-

161 1309 411 1363 tamina.
464 1307 792 1378 Plerumque
829 1307 972 1362 enim
1021 1307 1186 1364 etiam
1219 1307 1417 1363 acerba
1452 1305 1576 1362 odia
1613 1315 1790 1362 metus

161 1399 518 1470 comprimit.
560 1399 806 1470 Denique
844 1400 1110 1454 cohortati
1146 1414 1269 1455 sese
1324 1399 1556 1454 invicem
1601 1398 1792 1455 factio-

164 1507 315 1546 num
347 1492 473 1560 viri,
504 1499 562 1546 ut
591 1492 644 1547 in
675 1507 840 1547 unum
871 1491 1313 1563 conspirantibus
1339 1490 1532 1548 studiis
1562 1492 1787 1563 patriam

161 1580 556 1651 defensat-ent,
579 1599 648 1639 ne
667 1599 857 1640 eorum
881 1583 1151 1640 discordia
1172 1583 1504 1640 incruentam
1531 1583 1790 1641 Romanis

166 1681 474 1736 victoriam
498 1681 674 1749 daret,
699 1681 820 1738 freti
845 1697 1074 1738 numero
1097 1683 1306 1738 hostem
1333 1682 1516 1737 subito
1538 1681 1790 1738 adorien-

167 1771 313 1828 dum
345 1783 624 1844 putarunt,
658 1785 712 1831 et
737 1775 1028 1846 improvisa
1056 1775 1342 1846 eruptione
1372 1775 1576 1846 primos
1606 1776 1789 1830 turba-

1896 551 2045 608 exuit
2084 561 2140 608 et
2177 553 2472 624 opprobrio
2497 595 2512 618 ,
2544 553 2745 610 virtute
2775 554 2893 624 pari
2920 569 3052 610 usus
3072 597 3088 622 ,
3119 564 3176 611 et
3198 555 3264 610 ad
3291 565 3511 626 postre—

1895 659 2042 699 mum
2073 644 2302 716 pudore.
2349 647 2450 714 Qui
2487 645 2615 702 dum
2647 647 2914 718 ignaviam
2947 647 3220 716 declinat,
3248 648 3505 706 virtutem

1894 738 2099 794 invexit.
2121 757 2134 792 :
2160 740 2394 810 primum
2420 755 2486 796 ne
2504 740 2686 797 Cwsar
2702 741 3141 815 relinqueretur;
3173 753 3295 815 post
3314 743 3502 814 etiam,

1894 842 1952 890 ut
1976 833 2148 889 hostis
2177 833 2552 905 repelleretur.
2841 853 2851 864 υ

2547 925 2776 986 CAPUT
2817 928 2882 984 V.

1963 1023 2096 1080 Post
2127 1025 2244 1082 haec
2283 1027 2373 1082 ubi
2409 1025 2626 1082 forense
2668 1026 2913 1097 praelium
2949 1027 3230 1097 paulisper
3268 1024 3500 1097 quievit,

1892 1117 2166 1176 internum
2221 1121 2504 1178 successit.
2560 1120 2800 1193 Namque
2864 1121 3134 1192 paschalis
3192 1121 3500 1176 interventu

1891 1212 2245 1279 celebritatis,
2277 1214 2590 1270 subornatis
2617 1213 2892 1286 plerisque
2921 1213 3161 1270 Joannes
3182 1255 3197 1280 ,
3222 1212 3313 1286 qui
3345 1213 3499 1280 quasi

1891 1306 2290 1362 observationis
2325 1306 2500 1376 gratia
2539 1305 2800 1377 templum
2844 1305 3092 1372 adirent,
3134 1317 3187 1361 et
3223 1315 3497 1377 tamquam

1891 1400 2056 1455 sociis
2075 1399 2198 1454 data
2221 1398 2561 1468 ingrediendi
2581 1399 2758 1470 copia,
2777 1399 2961 1454 dolum
2983 1401 3238 1470 patravit.
3266 1398 3498 1470 Ingressi

1891 1492 2035 1548 enim
2069 1492 2251 1564 specie
2281 1491 2448 1560 civili,
2483 1491 2577 1547 sed
2608 1492 2834 1547 interius
2863 1493 3085 1560 armati,
3119 1491 3336 1563 rejectis
3366 1507 3501 1548 exu-

1890 1586 1992 1641 viis
2025 1585 2237 1656 gladios
2283 1586 2540 1641 attollunt
2579 1585 2806 1640 loricato
2850 1593 3104 1656 pectore.
3154 1595 3210 1642 et
3255 1586 3494 1658 prmliari

1889 1678 2116 1734 accincti
2157 1677 2470 1735 munimine.
2514 1678 2633 1748 Quo
2665 1689 2874 1733 terrore
2908 1678 3142 1748 perculsi
3164 1720 3180 1745 ,
3229 1681 3323 1751 qui
3356 1681 3495 1736 intra

1895 1773 2154 1843 templum
2207 1773 2441 1827 inermes
2492 1771 2750 1828 celebrati
2803 1771 3108 1840 vacabant,
3153 1773 3495 1844 exsilierunt,

170 1881 336 1922 vere.
371 1865 480 1922 Sed
512 1866 602 1922 ubi
632 1882 691 1923 se
727 1866 964 1922 Rornani
1000 1866 1119 1936 ipso
1144 1882 1248 1922 usu
1284 1867 1454 1923 veteri
1479 1907 1493 1931 ,
1527 1878 1582 1922 et
1609 1867 1786 1923 diver-
1815 1865 1862 1926 Β
1891 1867 2263 1937 templumque
2290 1880 2516 1920 vacuum
2545 1865 2972 1936 dereliqucrunt.
3005 1865 3116 1921 Eos
3142 1865 3249 1922 illis
3270 1869 3496 1937 secutis,

168 1976 370 2017 eorum
423 1976 682 2033 generum
741 1961 942 2031 praeliis
1009 1960 1336 2025 exercitati,
1395 1960 1787 2017 confirmavere

167 2057 382 2112 animis
410 2056 602 2112 ordine
631 2070 731 2112 suo
759 2065 784 2092 α
819 2057 967 2122 nexi,
996 2055 1212 2114 candere
1239 2055 1578 2112 incursantes
1606 2071 1789 2127 coepe-

175 2162 348 2218 runt,
393 2151 560 2207 scutis
583 2151 910 2222 ;_repellere,
971 2151 1291 2222 proturbare
1332 2151 1479 2222 jactu
1531 2151 1784 2219 telorum,

175 2246 604 2318 haudquaquam
631 2255 812 2302 tamen
846 2246 966 2302 sine
990 2247 1265 2302 communi
1294 2246 1484 2302 exitio.
1522 2247 1589 2302 Et
1618 2261 1788 2318 prope

172 2345 293 2414 jam
341 2341 700 2399 incubuerant
740 2341 948 2408 Judmi,
979 2353 1034 2398 ct
1076 2344 1299 2399 nutabat
1345 2343 1493 2399 acies
1537 2358 1784 2412 romana,

178 2438 290 2495 nisi
320 2438 552 2510 cognitis
580 2439 743 2494 rebus
763 2438 1070 2494 advenisset
1101 2439 1252 2494 Titus
1282 2448 1336 2494 et
1370 2453 1662 2494 OCClll'l'CllS
1689 2437 1786 2493 ad-

180 2533 483 2600 versariis,
524 2532 853 2588 conﬁrmans
895 2547 1026 2588 suos
1070 2540 1376 2603 reparasset
1420 2531 1704 2602 prailium,
1733 2541 1788 2586 et

181 2627 452 2683 erexisset
475 2626 685 2681 animos
717 2625 970 2690 militum,
1005 2625 1290 2695 increpans
1317 2623 1589 2680 Romanas
1619 2625 1784 2691 acies,

183 2721 430 2778 confusa:
449 2720 798 2783 multitudini,
818 2736 924 2776 non
943 2719 1060 2775 sine
1081 2718 1327 2774 maxima:
1349 2718 1573 2790 ignaviae
1589 2717 1790 2790 probro

188 2815 473 2870 victoriam
496 2812 708 2869 cedere.
736 2813 1091 2884 Repulsisque
1107 2811 1327 2879 Judaais,
1352 2813 1444 2883 qui
1466 2811 1626 2867 etiam
1651 2811 1791 2868 valle

188 2909 394 2965 divisos
420 2908 854 2976 insectabantur,
882 2908 948 2962 ad
979 2923 1106 2964 suos
1137 2922 1197 2963 se
1223 2906 1395 2963 victor
1420 2907 1656 2977 recepit;
1703 2922 1790 2962 se-

189 3015 463 3071 curusque
515 3000 789 3071 suifragii,
829 2999 970 3068 quod
1013 2999 1116 3054 loci
1167 2999 1462 3068 superioris
1499 3000 1788 3056 adversum

192 3097 509 3164 inferiores,
537 3097 583 3152 si
613 3106 882 3152 tentarent
913 3094 1201 3168 congredi,
1235 3095 1474 3151 subsidia
1504 3095 1695 3164 dabat,
1722 3097 1790 3151 ad

190 3193 348 3247 aliam
417 3202 623 3262 partem
698 3205 758 3246 se
822 3189 1101 3244 Romanus
1165 3190 1436 3246 exercitus
1499 3190 1788 3246 convertit.

1888 1971 1944 2015 et
1966 1977 2100 2030 quos
2125 1969 2420 2030 potuerunt
2441 1958 2930 2030 comprehendere,
2946 1959 3340 2031 jugulantibus,
3360 1961 3498 2018 alios

1890 2054 2030 2108 ultra
2071 2053 2257 2126 templi
2290 2053 2576 2109 circuitum
2621 2055 3115 2124 persequentibus,
3160 2055 3497 2126 irrumpendi

1887 2143 2082 2200 Joanni
2112 2145 2386 2216 Sociisque
2413 2145 2532 2215 ejus
2579 2146 2796 2201 occasio
2837 2145 2980 2200 data.
3026 2145 3167 2201 Cmsi
3203 2147 3312 2203 illic
3340 2149 3496 2206 multi

1888 2238 2178 2303 mortales;
2223 2239 2296 2294 ita
2335 2247 2394 2293 ut
2439 2238 2604 2294 etiam
2644 2238 2734 2308 qui
2775 2253 2884 2294 non
2912 2239 3264 2308 restiterant,
3297 2240 3497 2297 afﬁctis

1888 2333 2066 2389 causis
2082 2332 2352 2404 aliquibus
2367 2333 2778 2404 iugularentur:
2799 2348 2898 2389 nec
2923 2333 3285 2404 tranquillitas
3304 2334 3501 2405 quietis

1890 2424 2174 2495 proderat,
2210 2441 2312 2480 nec
2345 2424 2622 2481 silentium
2660 2426 2871 2491 tacitis,
2919 2440 3019 2481 nec
3055 2425 3374 2482 cedentibus
3405 2442 3498 2496 pa-

1892 2519 2102 2575 tientia.
2137 2517 2670 2590 Comprehensisque
2709 2519 3058 2574 interioribus
3089 2518 3298 2588 templi,
3331 2519 3495 2574 etiam

1889 2613 2166 2668 Simonem
2191 2611 2521 2683 inquietabat
2546 2611 2785 2667 Joannes
2803 2612 2854 2667 in
2882 2611 3267 2668 secundarium
3291 2613 3495 2679 locum,

1893 2704 2151 2758 Eleazaro
2177 2705 2502 2776 caeterisque
2541 2703 2878 2775 principibus
2907 2703 3162 2760 factionis
3190 2704 3365 2760 tertiac
3389 2705 3494 2762 sibi

1890 2796 2220 2868 subrogatis.

2505 2890 2734 2948 CAPUT
2781 2891 2866 2947 Vl.

1963 2983 2149 3040 Tertio
2173 2999 2389 3056 quoque
2422 2983 2576 3040 Titus
2616 2984 2957 3055 progreditur
2987 2984 3039 3040 in
3071 2985 3310 3052 hostem,
3338 2995 3500 3056 atque

1892 3076 2194 3133 exercitum
2229 3075 2498 3148 producit.
2535 3078 2954 3148 Adveniensque
2981 3077 3215 3134 offendit
3243 3078 3498 3149 stipatam

1892 3170 2204 3229 Judzeorum
2237 3183 2365 3228 ante
2391 3172 2580 3228 urbem
2613 3172 3051 3238 multitudinem,
3094 3173 3275 3244 specie
3305 3172 3501 3230 volen-

191 3282 219 3322 ιο
246 3283 565 3340 υίεεοδρηιε
606 3282 820 3338 causam
857 3281 1151 3337 infundunt
1188 3299 1247 3337 se
1283 3281 1350 3337 de
1389 3283 1560 3337 muris
1589 3281 1784 3346 Judmi.
1815 3267 1860 3330 C
1895 3267 2026 3323 tium
2055 3282 2115 3324 se
2142 3269 2404 3325 Romanis
2429 3267 2662 3335 tradere,
2694 3267 2792 3323 sed
2821 3269 2973 3339 quasi
3005 3267 3500 3324 reformidantium.

192 3388 248 3432 et
270 3377 467 3448 ingenti
500 3377 712 3448 agmine
734 3390 897 3447 super
923 3377 1130 3430 hostem
1158 3375 1370 3430 irruunt
1405 3391 1417 3428 :
1451 3375 1522 3428 ita
1552 3383 1609 3428 ut
1631 3373 1790 3429 innu-

194 3486 357 3526 merae
385 3484 650 3524 concursu
673 3467 1061 3530 multitudinis.
1090 3467 1290 3523 milites
1319 3467 1584 3539 fugerent,
1612 3482 1674 3522 ac
1701 3482 1789 3524 sc-

193 3580 253 3622 se
279 3565 345 3619 ad
378 3564 640 3620 montium
667 3567 980 3620 conferrent
1003 3563 1284 3634 superiora
1318 3581 1330 3616 :
1366 3562 1566 3619 nudato
1594 3564 1784 3630 latere,

193 3657 354 3713 etiam
393 3657 581 3713 caeteri
627 3656 719 3727 qui
758 3656 1000 3728 praelium
1032 3655 1292 3722 mallent,
1330 3657 1531 3728 fugere.
1573 3655 1786 3713 Interea

193 3749 371 3806 Caesar
389 3752 439 3804 in
461 3749 637 3806 medio
665 3761 685 3787 ο
714 3749 896 3820 papuli
921 3747 1078 3814 situs,
1112 3748 1390 3804 orantibus
1419 3748 1693 3819 plerisque
1718 3763 1787 3804 ne

194 3860 253 3901 se
281 3844 536 3915 periculis
565 3842 749 3912 daret,
779 3854 940 3916 atque
967 3846 1214 3898 exercitu
1247 3842 1494 3912 diSperso
1519 3857 1786 3896 summam

196 3939 411 4010 periculi
434 3938 585 3994 solus
605 3939 836 4002 subiret,
862 3952 984 3992 cum
1006 3937 1257 3992 dominus
1278 3946 1423 3990 esset
1447 3934 1592 3990 orbis
1620 3945 1790 3988 terra-

196 4047 308 4087 rum
356 4031 487 4103 (non
515 4031 660 4087 enim
691 4041 748 4084 ut
777 4038 937 4096 ante,
968 4029 1082 4084 vice
1125 4029 1309 4083 militis
1349 4036 1645 4097 pugnaret,
1692 4025 1788 4082 sed

196 4123 557 4195 imperatoris,
589 4123 644 4178 in
668 4123 821 4190 cujus
847 4121 1088 4191 periculo
1117 4120 1380 4190 pernicies
1403 4128 1549 4176 esset
1571 4118 1790 4172 univer-

196 4214 397 4287 sorum)
425 4230 532 4270 non
561 4215 828 4286 acquievit
853 4230 867 4280 ;
913 4213 1007 4270 sed
1042 4213 1252 4268 militiae
1274 4211 1436 4267 decus
1466 4225 1790 4282 praeponens

197 4309 378 4375 saluti,
402 4307 544 4379 apud
567 4323 726 4379 quem
749 4306 984 4378 gloriosa
1014 4321 1160 4362 mors
1186 4307 1307 4360 vitm
1331 4303 1622 4374 opprobrio
1646 4319 1785 4374 pra:-

200 4401 546 4472 ponderaret,
581 4403 872 4456 adversum
905 4409 1095 4470 pectus
1124 4398 1367 4453 hostibus
1395 4399 1593 4462 refert,
1628 4399 1787 4453 terri-

201 4495 367 4566 tisque
393 4510 528 4566 quos
554 4493 842 4549 adversum
874 4493 1042 4558 ierat,
1082 4492 1134 4546 in
1171 4490 1310 4545 alios
1339 4505 1459 4545 sese
1488 4499 1784 4560 retorquet.

201 4588 318 4643 Sola
354 4589 498 4644 enim
529 4585 556 4624 ἀ
585 4602 681 4659 spe
711 4587 792 4642 sui
825 4593 882 4642 et
913 4586 1070 4641 nimis
1101 4592 1243 4640 nota:
1266 4593 1426 4655 atque
1455 4583 1651 4639 alacris
1679 4583 1788 4639 for-

1893 3359 2212 3430 Suspicatus
2262 3361 2448 3416 dolum
2474 3403 2488 3428 ,
2537 3371 2593 3417 et
2637 3362 2906 3426 maxime,
2952 3359 3207 3431 quoniam
3251 3359 3504 3432 proxime

1891 3453 2234 3524 conspiratos
2262 3456 2401 3509 inter
2428 3469 2490 3510 se
2519 3464 2572 3509 et
2604 3455 2915 3524 pertinaces
2940 3453 3149 3508 viderat
3178 3471 3190 3507 :
3218 3469 3324 3508 non
3356 3454 3504 3510 arbi-

1892 3557 2064 3604 tratus
2110 3549 2376 3604 credibile
2426 3548 2610 3604 subito
2655 3559 2928 3613 mutatos,
2974 3547 3253 3603 admonuit
3297 3546 3502 3603 milites

1891 3643 2134 3699 fraudem
2166 3644 2500 3709 cavendam,
2538 3659 2637 3698 nec
2665 3653 2870 3698 temere
2897 3642 3001 3697 nisi
3029 3641 3330 3698 secundum
3360 3657 3502 3712 prir-

1891 3746 2107 3807 ceptum
2137 3753 2315 3800 suutn,
2339 3736 2588 3790 conferto
2610 3739 2823 3805 agmine
2853 3736 3024 3789 muris
3050 3735 3498 3803 appropinquan-

1891 3831 2018 3883 dum
2049 3845 2062 3882 :
2099 3843 2168 3883 ne
2200 3844 2230 3882 a
2264 3838 2413 3898 tergo
2437 3827 2514 3882 illi
2546 3826 2638 3897 qui
2672 3828 2860 3882 urbem
2889 3827 3096 3897 egressi
3122 3825 3357 3887 fuerant,
3386 3826 3500 3880 cir-

1890 3919 2398 3976 cumfunderentur.
2444 3919 2635 3975 Subito
2662 3917 2730 3973 de
2759 3918 2976 3974 civitate
3010 3917 3277 3987 increpuit
3307 3931 3498 3979 sonus,

1891 4022 1948 4068 et
1988 4011 2233 4082 quzcdam
2280 4011 2480 4068 seditio
2526 4011 2811 4065 dementer
2857 4008 3146 4064 resultavit
3196 4027 3209 4062 :
3264 4008 3498 4064 aliorum

1892 4110 2264 4178 egressionem
2289 4105 2648 4160 voluntariam
2666 4104 3060 4168 simulantium,
3080 4102 3309 4157 aliorum
3333 4103 3494 4157 etiam

1892 4203 2287 4268 resistentium,
2313 4199 2457 4270 quod
2488 4199 2564 4254 illi
2593 4199 2795 4269 aperiri
2826 4197 2929 4252 sibi
2961 4208 3148 4267 ραι-129
3180 4207 3492 4266 poscerent,

1891 4298 1946 4353 hi
1974 4298 2188 4353 clausas
2214 4295 2423 4352 servari
2454 4295 2708 4364 juberent
2747 4309 2760 4346 :
2793 4292 2884 4346 alii
2913 4292 3113 4346 bellum
3133 4332 3146 4354 ,
3183 4290 3270 4344 alii
3301 4305 3486 4360 pacem

1891 4401 2164 4464 optarent.
2209 4391 2436 4446 Militum
2471 4390 2668 4460 vulgus
2701 4387 2767 4442 ad
2805 4385 3233 4443 subveniendum
3266 4388 3352 4441 his
3389 4389 3481 4457 qui

1890 4486 2164 4543 subveniri
2191 4485 2294 4541 sibi
2316 4483 2386 4540 de
2404 4485 2572 4539 muris
2602 4483 3050 4554 pnstulavissent,
3074 4481 3302 4552 proripit
3327 4495 3451 4537 sese
3474 4499 3488 4537 :

1890 4582 2242 4654 egrediuntur
2287 4581 2534 4652 plerique
2563 4579 2911 4652 prmruptim,
2947 4579 3066 4632 sine
3103 4575 3332 4642 ordine,
3370 4578 3489 4633 sine

203 4681 437 4738 titudinis
458 4681 629 4752 gloria
659 4679 1014 4752 perturbahat
1041 4679 1277 4734 hostem.
1307 4676 1588 4733 Cedebant
1609 4679 1789 4748 itaque
1815 4663 1869 4726 Ι)
1894 4677 2006 4733 υΙΙο
2035 4676 2197 4732 modo
2239 4685 2509 4746 tamquam
2555 4673 2834 4729 oceursuri
2874 4672 3294 4727 advenientibus
3333 4679 3498 4744 atque

203 4790 330 4846 quos
359 4783 694 4839 accesserat,
736 4773 833 4829 sed
875 4789 943 4828 ex
974 4771 1096 4827 aliis
1143 4771 1388 4843 partibus
1415 4770 1589 4826 Judaei
1620 4771 1791 4837 magis

206 4870 470 4941 magisque
491 4865 939 4924 linfundebantur
970 4885 982 4921 :
1009 4882 1073 4922 ac
1114 4882 1250 4937 pene
1287 4866 1666 4921 concluserant
1694 4863 1789 4919 Ti-

209 4977 342 5033 tum,
377 4966 478 5020 nisi
509 4965 631 5035 quia
664 4963 911 5036 plerique
952 4963 1184 5018 militum
1224 4961 1470 5017 videntes
1517 4961 1570 5014 in
1611 4959 1791 5013 medio

207 5060 322 5117 belli
347 5058 550 5115 versari
570 5055 862 5124 Cmsarem,
886 5057 1361 5111 conclamaverunt
1384 5053 1597 5109 caeteris
1627 5051 1793 5122 signi-

212 5155 448 5218 ficantes,
481 5151 825 5222 imperatoris
855 5150 1022 5204 lilium
1057 5146 1313 5218 periculis
1342 5161 1448 5201 non
1480 5146 1790 5215 relinquen-

211 5249 345 5306 dum.
383 5248 473 5304 Sic
517 5246 801 5300 universos
850 5241 1127 5299 revocavit
1170 5239 1340 5309 pudor
1372 5249 1534 5308 atque
1561 5238 1792 5292 armavit

214 5350 412 5408 metus,
449 5355 515 5395 ne
551 5337 757 5393 deserti
805 5335 1036 5392 Caesaris
1083 5331 1374 5403 ignominia
1423 5331 1788 5385 inurerentur.

214 5433 563 5502 Couversique
600 5431 653 5484 in
691 5429 906 5484 Judaaos
927 5469 942 5493 ,
975 5427 1092 5482 nisu
1119 5426 1264 5479 oumi
1289 5439 1351 5478 ac
1385 5423 1584 5478 virtute
1607 5423 1792 5477 incon-

217 5529 364 5584 ditam
397 5522 801 5581 multitudinem
835 5521 886 5575 in
908 5519 1104 5574 vallem
1137 5515 1420 5586 urgebant,
1453 5529 1552 5571 nec
1572 5513 1794 5572 difﬁcile

220 5620 303 5677 iuit
321 5617 674 5676 ascendentes
694 5613 884 5671 relabi.
911 5613 1000 5671 Sic
1020 5609 1173 5667 Titus
1192 5607 1485 5681 fugientem
1506 5622 1792 5666 numerum

281 5773 304 5800 ιι
339 5757 486 5814 Nixi.
521 5754 690 5809 BARR.

281 5834 303 5874 δ
339 5826 710 5886 Descendente.
739 5823 815 5880 In.

289 5918 305 5943 ο
342 5901 426 5959 Al.
460 5898 620 5958 deest
639 5911 739 5956 vox
765 5896 888 5954 ista.
920 5894 994 5952 la.

1895 4769 2158 4823 auxilium
2187 4769 2368 4835 laturi,
2399 4776 2460 4822 ut
2487 4767 2741 4838 pr0piore
2771 4764 3013 4820 remedio
3037 4763 3280 4830 pluribus
3310 4780 3496 4821 erum-

1897 4861 2059 4935 pendi
2075 4861 2403 4918 conlidentia
2423 4861 2775 4926 tribueretur,
2795 4861 2876 4914 vel
2895 4858 3275 4914 resistentibus
3297 4869 3496 4927 metus,

1895 4965 1986 5011 aut
2015 4956 2154 5010 inter
2178 4955 2509 5010 reluctantes
2537 4951 2858 5022 erumpendi
2891 4951 2994 5006 sibi
3022 4950 3199 5021 copia.
3234 4950 3440 5019 Quibus
3467 4967 3498 5007 a

1895 5064 1956 5104 se
1997 5057 2151 5118 tergo
2189 5045 2626 5101 circumfundere
2657 5053 2942 5115 coeperunt
2975 5044 3067 5114 qui
3099 5043 3230 5098 foris
3260 5043 3497 5110 stabant,

1897 5155 2094 5212 urgere
2113 5139 2517 5194 circumventos
2541 5154 2555 5190 :
2581 5137 2660 5191 illi
2681 5137 2834 5207 quasi
2851 5136 2917 5190 ad
2945 5151 3156 5192 murum
3179 5136 3496 5208 confugere,

1900 5234 2030 5290 nihil
2057 5244 2433 5304 suspectantes
2462 5235 2530 5288 ab
2561 5231 2678 5298 Itis,
2710 5232 2799 5303 qui
2847 5246 3035 5302 pacem
3071 5232 3493 5303 prmtenderent.

1895 5327 2027 5384 Inde
2055 5342 2272 5398 quoque
2297 5342 2446 5392 saxa,
2479 5335 2535 5380 et
2563 5325 2667 5379 tela
2700 5335 2722 5360 ο
2756 5325 2925 5395 injici,
2953 5334 3005 5379 et
3030 5326 3210 5380 subito
3241 5326 3362 5378 ficta
3395 5338 3496 5392 pax

1898 5423 1951 5478 in
1983 5421 2228 5492 praelium
2257 5436 2416 5476 versa
2443 5429 2546 5474 est.
2589 5417 2743 5474 Unde
2764 5417 2966 5475 conciti
3004 5419 3057 5472 in
3097 5417 3283 5472 hostes
3312 5430 3496 5470 recur-

1897 5527 2059 5584 runt,
2092 5516 2183 5587 qui
2225 5517 2330 5572 etsi
2371 5516 2769 5572 circumvenire
2808 5522 3147 5574 tcntaverant
3179 5524 3497 5581 progressus

1896 5610 2131 5666 militum
2160 5609 2567 5676 Romanorum;
2612 5618 2792 5664 tamen
2823 5605 3136 5664 metuebant
3165 5610 3217 5658 et
3246 5599 3381 5674 ipsi,
3423 5615 3494 5657 ne

1961 5751 1990 5789 ά
2028 5750 2236 5817 Specie.
2271 5749 2346 5807 In.

1968 5833 1990 5859 ε
2029 5820 2218 5894 Dejici.
2253 5823 2422 5882 ΒΑΜ.
