4082 6344
272 324 407 383 Si“

1123 319 1392 377 lllSTOR.
1440 319 1525 375 DE
1566 317 1851 391 EXClDlO
1889 320 2162 381 HIEROS.
2207 315 2410 377 URBlS
2450 314 2577 372 LIB.
2626 314 2687 370 V.

3419 314 3563 371 Slsﬁ

271 442 419 491 esset
470 433 759 505 templum,
811 433 898 507 qui
950 432 1093 495 caelo
1138 441 1193 493 et
1237 433 1375 499 aeri,
1410 440 1573 491 terra:
1613 442 1669 490 et
1713 434 1870 501 mari,
1900 442 1954 501 Α
1981 446 2122 493 trum
2151 434 2239 492 cui
2268 449 2467 503 nomen
2496 432 2748 491 Antonia:
2776 432 2843 488 ad
2880 432 3075 490 summi
3104 432 3288 503 operis
3326 432 3573 504 magniﬁ-

271 528 424 599 quasi
451 536 671 584 creator
700 525 1096 582 elementorum
1124 524 1534 593 dominaretur,
1567 535 1730 598 atque
1756 543 1871 584 om-

272 622 365 677 nia
393 621 544 689 solus
577 630 792 692 regeret
818 629 873 676 et
898 619 1245 691 gubernaret.
1278 616 1456 676 Cocco
1482 619 1628 676 enim
1657 621 1871 693 igneum

270 713 536 770 caelorum
566 712 855 785 ﬁguratur,
879 710 1175 783 hyacintho
1200 728 1316 779 aer,
1340 713 1506 787 bysso
1539 722 1705 783 terra,
1729 715 1873 788 quod

270 809 329 865 in
361 824 425 865 ea
454 810 697 865 nascitur
727 825 743 864 :
777 823 1017 881 purpura
1049 822 1228 877 mare,
1258 824 1378 880 quae
1408 808 1710 882 conchyliis
1755 826 1870 867 ma-

270 902 472 960 ritimis
517 902 775 972 inﬁcitur,
810 912 868 958 ut
899 902 1009 959 duo
1038 918 1105 959 ex
1154 902 1363 970 colore,
1392 901 1499 958 duo
1531 917 1598 959 ex
1640 918 1873 974 genera.

274 998 425 1057 tione
476 997 723 1070 colligas.
776 995 1020 1069 Denique
1068 995 1320 1067 princeps
1369 996 1714 1051 sacerdotum
1762 995 1878 1081 lucc

272 1103 510 1164 quatuor
576 1090 897 1146 indumento
960 1104 1061 1145 suo
1125 1090 1435 1159 exprimere
1480 1098 1877 1156 consueverat,

271 1183 493 1255 quando
542 1187 775 1238 maxima
823 1179 1116 1239 celebritas
1163 1192 1282 1237 erat
1332 1180 1591 1238 festorum
1641 1182 1875 1249 dierum,

271 1274 433 1347 quasi
476 1282 648 1330 totum
681 1270 944 1330 mundum
977 1272 1249 1340 indueret,
1283 1288 1383 1346 pro
1427 1273 1631 1344 populo
1670 1273 1881 1347 suppli-

272 1380 498 1424 caturus
518 1410 534 1439 ,
569 1367 623 1423 in
654 1367 773 1447 ejus
804 1367 1028 1440 ﬁguram
1062 1369 1151 1439 qui
1186 1377 1445 1425 venturus
1475 1378 1595 1425 erat
1623 1370 1881 1442 princeps

271 1460 837 1527 sacerdotum'lesus,
861 1461 950 1532 qui
982 1459 1197 1516 tolleret
1224 1471 1504 1531 peccatum
1536 1461 1744 1527 mundi.
1780 1460 1883 1519 Fo-

273 1571 430 1609 mora
480 1556 736 1631 princeps
784 1554 1133 1611 sacerdotum
1191 1552 1362 1611 linteo
1421 1555 1656 1613 interius
1702 1557 1885 1629 Operi-

274 1655 466 1704 ruento
513 1648 751 1720 tegebat,
781 1665 848 1705 eo
895 1648 1040 1729 quod
1080 1664 1194 1721 prae
1239 1648 1454 1705 caeteris
1502 1651 1555 1705 in
1596 1651 1882 1719 sacerdote

277 1742 420 1798 fides
452 1743 649 1798 mentis
691 1742 979 1819 quzeritur,
1012 1752 1069 1799 et
1111 1743 1363 1815 corporis
1387 1744 1711 1800 castimonia
1761 1761 1883 1816 quae

1976 531 2211 589 centiam
2252 530 2638 595 communivit,
2668 537 2723 584 et
2747 527 3084 600 amplissimo
3109 528 3326 585 ornavit
3355 527 3574 594 decore,

1975 622 2299 679 circumibat
2328 621 2512 678 Caesar
2542 622 2847 691 requirens,
2871 636 2976 693 qua
3006 636 3075 676 ex
3115 628 3271 693 parte
3298 635 3358 677 se
3391 628 3576 690 posset

1976 716 2190 774 facilius
2215 717 2336 773 urbi
2368 716 2674 782 infundere,
2693 716 3049 786 inSpectoque
3072 731 3167 787 per
3187 725 3358 773 totum
3380 716 3580 772 circui-

1981 821 2093 867 tum
2142 810 2285 866 muri
2312 808 2555 873 ambitu,
2585 808 2871 865 aestimavit
2901 809 2951 864 in
2983 807 3215 864 ﬁnitimo
3248 808 3440 864 tumuli
3472 822 3580 877 quo

1979 904 2231 976 sepultus
2270 904 2485 974 jacebat
2522 902 2781 975 princeps
2821 901 3167 957 sacerdotum
3197 900 3456 967 Joannes,
3488 900 3586 959 ad—

1982 997 2268 1055 oriendam
2322 996 2682 1052 obsidionem.
2731 992 2829 1050 Cui
2872 995 3187 1066 diligentius
3230 994 3533 1066 exploranti
3563 1035 3581 1061 ,

1981 1093 2270 1150 adbmrens
2318 1107 2459 1148 unus
2499 1106 2568 1147 ex
2602 1090 2795 1149 amicis
2818 1089 3056 1145 Nicanor
3081 1088 3375 1161 studiosius
3401 1088 3584 1143 inten-

1981 1186 2116 1243 dens
2147 1186 2377 1254 muneri,
2396 1182 2588 1256 sagitta
2613 1195 2901 1254 percussus
2927 1180 3090 1238 cadit.
3121 1180 3352 1251 Propius
3379 1181 3580 1251 quippe

1984 1288 2311 1346 accesserat,
2341 1277 2468 1334 dum
2504 1285 2654 1349 putat
2695 1277 2926 1347 aliquem
2957 1274 3260 1345 profectum
3292 1272 3406 1329 fore
3434 1273 3584 1341 pacis

1982 1372 2200 1440 futurae,
2230 1370 2277 1426 si
2325 1370 2427 1427 sibi
2475 1368 2787 1427 conferendi
2834 1368 3104 1424 sermonis
3147 1367 3372 1423 daretur
3400 1367 3579 1437 copia,

1984 1466 2075 1537 qui
2114 1473 2306 1536 potens
2332 1478 2397 1518 ac
2426 1461 2639 1518 validus
2667 1460 2733 1517 ad
2766 1460 3054 1517 tentandos
3096 1459 3428 1515 audientium
3459 1458 3583 1514 ani-

1985 1574 2105 1616 mos
2149 1557 2540 1616 aestimabatur.
2584 1555 2907 1613 Commotus
2948 1553 3137 1611 Caesar
3162 1595 3178 1621 ,
3218 1553 3361 1623 quod
3408 1554 3456 1609 ei
3493 1552 3585 1623 qui

1985 1654 2243 1713 salutaria
2288 1660 2693 1717 commoneret,
2723 1648 3021 1721 improviso
3079 1648 3307 1704 vulnere
3352 1654 3580 1702 mortem

1987 1747 2396 1820 irrogavissent,
2429 1744 2482 1801 in
2528 1743 2776 1816 praelium
2822 1743 2968 1814 cogit
3006 1742 3245 1813 agmina,
3277 1740 3588 1810 bellumque

276 1837 604 1910 succingere
626 1837 821 1893 debeat
845 1837 1025 1893 carnis
1049 1836 1547 1909 intemperantiam.
1577 1838 1692 1895 Duo
1722 1850 1879 1896 erant
1909 1844 1955 1907 Β
1983 1838 2452 1909 accenditurjaetu
2480 1837 2709 1894 telorum
2725 1836 2962 1901 diverso,
2982 1834 3385 1904 missilibusque
3416 1833 3588 1888 maxi-

278 1930 633 1988 tabernacnla
661 1946 840 2000 sacra,
865 1948 1032 1987 unum
1063 1931 1317 2001 interius,
1348 1932 1578 2001 alterum
1604 1934 1879 1997 exterius:

277 2028 337 2084 in
369 2027 473 2083 boe
502 2042 722 2097 semper
767 2026 1069 2093 introibant
1094 2026 1411 2087 sacerdotes
1440 2045 1452 2081 :
1487 2028 1537 2084 in
1582 2028 1713 2084 illud
1748 2030 1887 2085 inte-

279 2120 400 2176 rius
451 2119 595 2192 quod
643 2118 945 2175 secundum
990 2119 1578 2192 appell.~batur,sen-.el
1627 2121 1890 2177 iutroibat

279 2212 663 2269 tantummodo
720 2212 972 2284 princeps
1022 2210 1392 2278 sacerdotum,
1440 2228 1546 2266 non
1594 2212 1713 2269 sine
1761 2228 1890 2268 san-

277 2306 469 2378 guine,
509 2321 671 2379 quem
719 2304 944 2362 offerret
988 2322 1085 2376 pro
1115 2320 1174 2361 se
1217 2316 1272 2361 et
1302 2321 1400 2378 pro
1432 2306 1616 2378 populi
1662 2306 1886 2363 delicto.

282 2400 402 2456 floc
447 2399 790 2471 signiﬁcante
836 2397 1042 2475 Spiritu
1089 2408 1306 2467 sancto,
1338 2408 1626 2456 venturum
1677 2398 1886 2469 Jesum,

280 2492 377 2565 qui
406 2507 538 2547 vere
565 2490 717 2548 solus
746 2491 983 2547 intraret
1009 2490 1266 2548 interiora
1299 2490 1606 2547 divinorum
1639 2503 1891 2564 penetra-

286 2584 358 2639 lia
405 2593 910 2655 sacramentorum,
938 2591 995 2641 et
1040 2598 1238 2653 arcana
1286 2585 1605 2641 substantia:
1648 2586 1892 2642 caelestis

288 2681 380 2751 qui
413 2688 601 2736 nosset
630 2680 835 2737 omnia.
869 2679 1032 2739 Solus
1058 2698 1280 2754 quoque
1311 2681 1457 2738 Patri
1499 2682 1766 2755 sanguine
1792 2698 1893 2741 suo

291 2782 463 2829 totum
513 2774 774 2829 mundum
818 2774 1242 2843 reconciliaret,
1292 2784 1349 2833 ut
1391 2786 1446 2832 et
1495 2776 1799 2834 cmlestium
1842 2786 1897 2837 et

294 2864 629 2931 terrestrium
653 2866 1026 2923 misereretur.
1057 2866 1298 2939 Denique
1324 2878 1508 2938 postea
1541 2884 1700 2941 quam
1725 2869 1892 2935 venit,

295 2960 584 3030 paci/icavit
615 2961 788 3015 omnia
818 2978 910 3033 per
951 2962 1253 3036 sanguinem
1291 2961 1459 3016 crucia
1507 2978 1635 3032 sum,
1677 2978 1793 3033 qua:
1819 2963 1896 3018 vel

291 3054 347 3108 in
373 3054 496 3109 cazlo
517 3053 596 3108 vel
625 3055 679 3109 in
701 3065 836 3109 terra
860 3064 980 3110 sunt
1005 3053 1229 3123 (Coloss.
1264 3068 1301 3122 ι,
1331 3054 1447 3130 20).
1482 3053 1631 3110 Intus
1665 3054 1896 3126 thymia-

295 3145 605 3214 materium,
641 3147 789 3202 intus
820 3161 1005 3202 mensa
1027 3189 1041 3213 ,
1074 3146 1218 3203 intus
1249 3146 1468 3204 lucerna
1503 3167 1517 3204 :
1551 3146 1896 3219 Thymiama-

295 3238 527 3304 terium,
559 3237 700 3309 quod
750 3238 821 3292 ita
867 3238 935 3293 ad
977 3236 1145 3294 Deum
1194 3237 1434 3309 Patrem,
1459 3239 1590 3295 sicut
1631 3241 1894 3295 incensum

296 3332 554 3403 dirigatur
602 3330 824 3386 maximi
863 3331 1165 3387 sacerdOtis
1214 3331 1382 3387 oratio
1424 3329 1598 3406 (Psal.
1630 3348 1755 3399 exc,
1783 3332 1841 3403 2)
1880 3350 1893 3387 :

298 3440 507 3491 mensa,
535 3424 677 3495 quod
727 3426 778 3479 in
827 3440 889 3480 ea
939 3422 1119 3499 passio
1170 3425 1368 3485 Christi
1415 3426 1505 3496 sit,
1537 3434 1593 3481 et
1635 3427 1896 3500 mysteria

298 3523 808 3584 sacramentorum,
858 3518 1001 3577 unde
1045 3524 1102 3573 et
1148 3518 1313 3575 David
1359 3517 1491 3576 dicit
1534 3538 1548 3573 :
1594 3518 1805 3576 Parain
1844 3522 1899 3577 in

298 3621 573 3683 conspectu
615 3626 727 3666 meo
765 3628 992 3666 mensam
1035 3609 1206 3687 (Psal.
1244 3630 1383 3684 χιιι,
1416 3611 1511 3687 5);
1550 3615 1706 3687 cujus
1752 3617 1898 3675 velut

300 3703 584 3761 duodecim
626 3718 791 3775 panes
817 3747 833 3772 ,
860 3702 1145 3763 duodecim
1176 3707 1407 3779 apostoli
1436 3708 1545 3763 sint
1576 3719 1740 3765 testes
1770 3725 1897 3782 pas-

299 3798 469 3853 sionis
496 3798 616 3867 ejus
655 3811 719 3853 ac
764 3799 1181 3855 resurrectionis
1210 3799 1349 3871 ejus.
1383 3798 1627 3856 Lucerna
1660 3817 1778 3872 quae
1808 3819 1899 3859 su-

300 3906 393 3963 pra
417 3890 799 3946 candelabrum
819 3890 1201 3963 ponitur,ante
1223 3893 1324 3950 sub
1347 3893 1525 3949 modio
1547 3901 1687 3963 erat,
1717 3895 1769 3953 id
1791 3907 1895 3966 est,

300 3984 401 4041 sub
428 3984 566 4056 legis
592 3999 847 4040 mensura
873 4002 888 4051 ;
915 4001 1057 4042 nunc
1085 3996 1168 4041 est
1194 3987 1296 4042 sub
1320 3987 1510 4059 gratia:
1539 3987 1894 4060 plenitudine,

303 4076 666 4151 beptamycho
716 4077 970 4148 frequens
1026 4077 1210 4135 lumen
1266 4076 1591 4150 effundens,
1634 4096 1701 4137 eo
1753 4082 1900 4153 quod

300 4171 536 4243 Spiritus
566 4178 790 4226 sanctus
837 4181 1045 4245 septem
1081 4174 1433 4230 maximarum
1466 4173 1760 4248 gratiarum
1789 4178 1900 4235 vir-

304 4264 508 4320 tutibus
534 4264 630 4320 Dei
679 4263 935 4345 templum
969 4273 995 4303 ι
1024 4264 1379 4322 illuminaret.
1425 4265 1709 4335 Trinitatis
1740 4268 1902 4341 igitur

302 4356 538 4430 cognitio
563 4358 615 4413 in
650 4358 999 4415 interioribus
1035 4366 1155 4414 erat
1194 4359 1401 4435 templi,
1435 4376 1556 4432 quae
1580 4360 1901 4423 dicebantur

303 4449 498 4507 Sancta
521 4461 856 4520 sanctorum,
885 4450 973 4508 ubi
1001 4450 1235 4523 reposita
1261 4454 1529 4526 quondam
1553 4454 1697 4529 virga
1721 4458 1899 4515 Aaron

306 4546 509 4616 floruit,
541 4547 684 4620 quod
735 4545 1089 4603 sacerdotalis
1131 4548 1302 4619 gratia
1336 4548 1388 4604 in
1417 4546 1635 4606 Christo
1670 4552 1901 4625 amplius

1990 1949 2077 1991 me
2105 1953 2118 1987 :
2151 1934 2511 1989 admoventur
2537 1931 2761 1998 arietes,
2789 1929 2944 2002 queis
2976 1928 3245 1985 feriuntur
3269 1927 3449 1983 valida
3469 1942 3588 1982 mu-

1988 2045 2195 2087 rorum.
2240 2026 2358 2097 Quo
2402 2026 2699 2094 perturbati
2740 2039 2932 2081 omnes
2961 2024 3051 2095 qui
3091 2032 3218 2079 ante
3244 2021 3314 2078 de
3340 2021 3589 2077 domina-

1988 2123 2155 2178 tionis
2207 2122 2347 2177 inter
2400 2135 2461 2176 se
2513 2119 2696 2175 studio
2754 2117 3079 2184 certabant,
3132 2118 3187 2171 in
3236 2113 3587 2171 concordiam

1990 2226 2211 2282 coeunt,
2239 2214 2475 2286 dataque
2513 2212 2834 2283 impunitate
2870 2210 3239 2282 superiorum,
3277 2223 3441 2263 unum
3469 2222 3592 2263 cor-

1992 2323 2092 2382 pus
2122 2305 2337 2372 fecere,
2368 2317 2424 2362 et
2471 2306 3041 2377 consltiraticogente
3090 2302 3361 2373 periculo,
3398 2301 3587 2357 urbem

1992 2413 2233 2461 tuentur.
2280 2401 2566 2473 Progressi
2621 2414 2838 2471 quoque
2885 2397 3152 2462 tumulos,
3204 2397 3382 2467 ignem
3427 2409 3592 2465 super

1992 2498 2272 2555 machinas
2331 2496 2749 2567 iaculabantur,
2807 2499 2868 2548 ut
2915 2492 3263 2547 destruerent
3320 2502 3589 2560 aggeres,

1994 2598 2289 2649 exurerent
2310 2590 2516 2656 vineas,
2545 2588 2747 2643 arietes
2776 2583 3134 2642 incenderent
3166 2601 3180 2638 :
3211 2597 3275 2637 ac
3299 2596 3440 2653 pene
3469 2595 3591 2636 om-

1996 2685 2083 2741 nia
2127 2682 2501 2738 macbinarum
2544 2695 2740 2752 genera
2787 2684 3131 2742 exusserant,
3159 2674 3263 2731 nisi
3290 2672 3448 2729 electi
3474 2671 3593 2743 ple-

1996 2779 2151 2851 rique
2203 2776 2434 2833 militum
2482 2783 2538 2831 ct
2583 2774 2892 2837 sociorum,
2944 2770 3179 2826 maxime
3225 2784 3294 2826 ex
3345 2767 3592 2838 partibus

1997 2868 2380 2927 Alexandriam
2410 2866 2583 2934 urbis,
2613 2874 2837 2920 strenue
2883 2862 3352 2933 repugnavissent.
3382 2856 3591 2926 Quibus

1997 2971 2181 3019 tamen
2214 2961 2394 3018 valide
2423 2957 2801 3016 resistentibus
2825 3000 2840 3023 ,
2871 2955 3076 3010 addidit
3100 2952 3281 3010 Caesar
3309 2951 3593 3023 adjumen-

2000 3065 2114 3113 tum
2144 3056 2384 3128 equitnm
2412 3052 2803 3125 potentiorum.
2835 3050 2954 3120 Ipse
2994 3062 3211 3119 quoque
3250 3047 3452 3102 acriter
3488 3059 3591 3115 pu~

1999 3164 2173 3223 gnans
2189 3150 2385 3206 sternit
2416 3147 2701 3204 duodecim
2723 3144 2934 3200 adversi
2966 3141 3197 3213 agminis
3225 3148 3596 3212 propugnato-

1922 3265 1967 3329 ρ
2001 3259 2109 3301 res.
2157 3242 2234 3299 Ita
2284 3244 2363 3296 vis
2409 3239 2772 3297 multitudinis
2804 3238 3026 3307 reliquie
3054 3234 3280 3293 exitium
3311 3232 3593 3329 declinans

2002 3339 2053 3393 in
2088 3337 2279 3393 urbem
2306 3334 2553 3399 revertit,
2579 3343 2635 3388 et
2660 3336 2730 3386 ab
2760 3328 3012 3387 incendio
3029 3329 3271 3384 Romana
3306 3339 3470 3396 opera
3500 3324 3596 3381 de—

1999 3432 2172 3489 fensa.
2198 3429 2410 3486 Cecidit
2427 3444 2493 3485 eo
2519 3427 2707 3499 prmlio
2728 3425 2967 3483 Joannes
2989 3421 3181 3479 ductor
3210 3418 3590 3477 ldurnazorum:

1998 3526 2128 3581 dum
2159 3533 2284 3579 ante
2312 3536 2528 3588 muros,
2556 3523 2775 3591 cognito
2801 3517 2905 3573 sibi
2931 3515 3177 3581 Romano
3205 3511 3359 3568 militi
3388 3525 3596 3566 sermo-

2000 3633 2123 3674 nem
2153 3615 2423 3680 conserit,
2469 3613 2609 3669 ictus
2641 3620 2788 3682 terga
2819 3609 3031 3681 sagitta:
3060 3604 3307 3668 vulnere,
3335 3602 3594 3659 continuo

2000 3711 2218 3766 labitur.
2258 3706 2497 3762 Arabum
2548 3704 2730 3763 ferunt
2757 3700 3145 3773 peritissimum
3184 3696 3255 3752 de
3283 3694 3595 3767 jacnlatori—

2001 3803 2099 3859 bus
2120 3801 2238 3873 ejus
2259 3800 2443 3855 obitus
2470 3805 2754 3852 auctorem
2784 3811 2797 3848 :
2829 3793 3087 3865 gravique
3111 3804 3345 3845 maerore
3369 3785 3595 3842 affectos

2001 3894 2285 3961 ldumzeos,
2312 3890 2454 3963 quod
2479 3888 2652 3945 virum
2679 3896 2734 3943 et
2756 3901 2917 3942 manu
2945 3891 3251 3957 promptum
3273 3881 3593 3947 amiserant,

2000 3998 2056 4045 et
2084 3988 2283 4044 bonum
2306 3984 2554 4041 consilio.

2604 4072 2838 4133 CAPUT
2894 4072 2985 4129 XI.

2074 4174 2333 4250 Sequenti
2362 4184 2526 4237 nocte
2564 4171 2758 4228 accidit
2797 4181 2854 4227 ut
2886 4178 2996 4225 tres
3041 4176 3225 4225 turres
3267 4178 3401 4236 quas
3441 4160 3597 4217 Titus

2003 4268 2176 4329 attolli
2215 4269 2455 4341 iusserat
2495 4281 2661 4338 supra
2707 4278 2962 4337 aggerem
2988 4302 3003 4328 ,
3036 4276 3143 4331 quo
3174 4258 3392 4325 iudices
3418 4254 3503 4311 vel
3530 4268 3596 4307 ex

2002 4378 2161 4433 aequo
2188 4362 2270 4429 vel
2294 4376 2358 4421 ex
2374 4358 2662 4433 superiore
2683 4355 2908 4431 spiculis
2935 4350 3349 4426 ﬁgeretzsubito
3377 4346 3520 4415 nulla
3547 4343 3598 4399 vi

2004 4457 2241 4519 hostium
2274 4463 2516 4511 ruerent.
2550 4452 2669 4522 Quo
2712 4449 2895 4508 sonitu
2923 4448 3293 4503 Romanorum
3324 4439 3599 4497 exercitus

2004 4550 2179 4606 omnis
2206 4548 2473 4615 turbatur,
2507 4560 2568 4603 ea
2601 4543 2856 4615 opinione
2878 4538 3022 4613 quod
3053 4540 3121 4597 ab
3151 4534 3308 4592 hoste
3338 4533 3587 4590 destrue-

306 4650 453 4698 esset
482 4647 768 4713 operatum
794 4648 916 4713 post
943 4649 1195 4707 mortem,
1221 4657 1322 4717 qua
1356 4642 1615 4699 mundum
1648 4645 1898 4703 redemit.
1928 4664 1983 4725 ι)
2010 4654 2092 4701 tos
2140 4656 2398 4713 aggeres,
2455 4639 2696 4696 succisos
2751 4646 2928 4693 turres
2983 4632 3380 4689 arbitrarentur
3408 4668 3423 4695 ,
3477 4640 3600 4697 qua:

308 4746 449 4796 Aule
488 4739 749 4813 templum
781 4749 939 4796 erant
962 4736 1368 4812 quatuordecim
1399 4740 1620 4811 gradus,
1646 4756 1742 4811 per
1768 4754 1905 4811 quos

308 4829 558 4889 Ezechiae
607 4833 747 4906 regis
798 4843 1043 4904 tempore
1096 4832 1283 4899 umbra
1334 4834 1671 4902 ascenderat,
1698 4833 1903 4905 signifio

308 4937 439 4979 cans
468 4922 516 4979 ei
551 4925 671 4980 vita:
701 4923 862 4980 linem
904 4924 1165 4991 futurum.
1216 4924 1324 4983 Sed
1354 4926 1576 4982 oraculo
1623 4927 1862 4983 monitus
1884 4969 1901 4995 ,

309 5019 485 5074 oravit
512 5027 565 5074 et
596 5020 793 5073 meruit
820 5020 1012 5076 mortis
1032 5019 1344 5076 dilationem
1375 5019 1476 5075 hoc
1508 5018 1728 5086 indicio,
1757 5019 1902 5091 quod

312 5112 501 5169 iisdem
559 5112 815 5185 gradibus
860 5115 941 5171 sol
989 5112 1403 5184 refunderetur,
1437 5114 1527 5186 qui
1576 5113 1909 5185 signiﬁcaret

314 5220 387 5266 tot
448 5225 675 5267 numero
736 5225 1003 5268 annorum
1070 5222 1430 5271 commeatum
1481 5210 1528 5267 ei
1584 5209 1706 5265 vitae
1761 5208 1906 5267 relu-

310 5320 453 5361 sum.

945 5396 1176 5457 CAPUT
1215 5397 1285 5456 X.

379 5490 514 5547 Cum
546 5489 713 5564 igitur
740 5491 947 5548 munita
978 5501 1125 5549 esset
1154 5491 1394 5567 undique
1422 5491 1613 5548 civitas
1643 5490 1905 5567 plurimo-

312 5600 431 5641 rum
466 5600 653 5657 regum
696 5583 985 5663 operibus;
1032 5595 1086 5642 et
1129 5584 1365 5642 maxime
1392 5581 1643 5654 Herodis,
1675 5586 1763 5667 qui
1791 5600 1911 5655 cas-

392 5833 419 5869 s
458 5818 487 5879 1
494 5817 748 5879 (Inminet.
781 5813 969 5878 Raan.’

2006 4750 2231 4797 ruentes
2283 4736 2559 4805 ingentem
2610 4733 2717 4789 late
2756 4742 2991 4800 stragem
3023 4725 3323 4782 dedissent.
3356 4723 3434 4777 Ac
3464 4734 3601 4791 pene

2006 4833 2304 4889 admissum
2332 4839 2450 4887 erat
2476 4829 2683 4885 facinus
2712 4824 3021 4881 miserabile
3043 4829 3099 4877 ut
3119 4821 3356 4876 victores
3379 4815 3603 4873 incertis

2007 4941 2105 4998 per
2133 4931 2348 4980 noctem
2396 4920 2639 4981 hostibus
2672 4919 2793 4991 fuga
2829 4916 3111 4980 cederent,
3145 4912 3243 4971 nisi
3276 4910 3419 4982 quod
3453 4919 3604 4964 tene-

2006 5021 2118 5079 brae
2149 5019 2416 5089 ruinaque
2461 5017 2599 5091 ipsa,
2640 5019 2820 5071 excito
2859 5012 3082 5084 pulvere
3112 5016 3456 5080 prospectum
3490 5004 3605 5059 adi-

2010 5123 2241 5180 merent,
2274 5123 2332 5168 ut
2380 5126 2487 5183 qtto
2516 5109 2765 5182 fugerent
2804 5108 3075 5163 incertum
3121 5105 3406 5160 baberent.
3437 5099 3602 5169 Qua:-

2009 5207 2165 5266 rebat
2196 5205 2570 5277 unusquisque
2605 5202 2673 5258 de
2718 5199 2963 5272 proximo
2993 5198 3120 5271 quid
3161 5195 3469 5260 accidisset,
3503 5204 3605 5247 nec

2010 5313 2343 5372 cognoscere
2388 5297 2501 5353 veri
2558 5303 2771 5368 poterat
2817 5291 2976 5349 [idem
3008 5333 3024 5359 ,
3074 5290 3198 5361 quia
3245 5286 3493 5343 similiter
3536 5281 3606 5338 ab

2013 5393 2266 5451 omnibus
2294 5389 2561 5463 ejusmodi
2602 5402 2766 5445 casus
2808 5384 3187 5459 ignorabatur,
3218 5381 3395 5437 donec
3423 5374 3607 5433 Caesar

2011 5488 2174 5545 rebus
2200 5485 2516 5558 compertis,
2552 5483 2830 5541 insinuare
2870 5480 3190 5552 pra-ciperet
3215 5475 3268 5530 id
3294 5470 3437 5544 quod
3467 5469 3610 5524 acci-

2012 5581 2184 5649 derat,
2239 5592 2400 5635 casus
2452 5574 2763 5663 repentini,
2798 5587 2905 5631 non
2962 5571 3127 5639 ullius
3176 5564 3391 5625 hostilis
3444 5559 3611 5631 fuisse
