4082 6344
535 333 682 394 2M5

1858 328 2108 389 SANCTI
2146 327 2476 388 AMBROSII

3689 330 3813 392 2164

537 448 881 522 irruptionis.
931 448 1023 507 Sic
1067 447 1289 506 sedatus
1339 462 1509 521 pavor
1528 488 1545 515 ,
1575 445 1949 519 expugnandae
1993 445 2144 502 urbis
2169 448 2223 510 Α
2248 445 2504 502 virtutem
2538 443 2793 502 addebat.
2816 444 2923 503 Par
2946 454 3125 503 tamen
3154 446 3454 519 imparibus
3479 447 3669 504 animis
3692 464 3817 505 mor-

542 542 850 601 subsidium
894 558 1059 600 omne
1085 544 1138 599 in
1179 541 1386 600 viribus
1434 542 1695 599 locatum.
1736 539 1872 597 Nam
1914 554 2037 595 eum
2070 538 2149 594 al-

545 637 758 694 tissima
787 651 1067 693 murorum
1096 645 1283 693 essent
1302 676 1318 702 ,
1348 642 1405 692 et
1435 635 1693 707 pleraque
1729 634 1876 689 ferro
1906 640 2000 688 aut
2040 645 2150 688 aere

544 737 763 802 operta,
791 739 956 802 atque
995 729 1111 801 ipsa
1139 728 1430 785 altitudine
1469 728 1660 784 hostes
1687 742 1717 782 a
1746 725 1938 798 iaculis
1963 723 2151 781 defen-

544 823 846 892 derentur,
904 823 1136 880 Romani
1198 823 1494 880 admovere
1546 822 1777 879 arietum
1827 819 2148 887 machinas,

548 931 783 989 quorum
838 916 947 972 ictu
998 916 1267 987 frequenti
1317 914 1459 971 muri
1488 923 1514 952 κ
1553 913 1729 970 valida
1776 913 2147 968 laxabantur:

547 1008 705 1065 inniti
750 1007 1052 1065 levioribus
1093 1008 1317 1078 spiculis
1346 1021 1565 1078 erepere
1594 1015 1651 1062 et
1678 1004 1915 1077 sagittis,
1937 1013 1997 1059 ut
2028 1018 2155 1075 pro-

547 1111 861 1175 pugnantes
906 1107 1259 1167 averterent,
1307 1099 1701 1172 impedimenta
1748 1096 2151 1169 prohibentium

547 1195 962 1267 detorquerent.
990 1194 1082 1251 Sic
1110 1193 1371 1265 paulatim
1416 1193 1786 1267 quatientibus
1836 1206 2026 1248 murus
2062 1206 2153 1247 ce-

550 1288 759 1345 debat:
794 1287 938 1345 unde
988 1289 1251 1358 majorem
1310 1289 1487 1360 ipsum
1539 1289 1806 1357 arietem,
1851 1288 2150 1343 excisorem

551 1385 766 1442 urbium
789 1383 962 1441 Judaei
988 1384 1423 1456 appellaverunt.
1446 1384 1633 1441 Soluta
1662 1385 1844 1455 itaque
1870 1397 2152 1440 murorum

548 1487 724 1551 parte,
756 1477 1101 1550 dereliqucre
1147 1477 1321 1534 Judaei
1353 1476 1496 1534 muri
1522 1477 1694 1550 ipsius
1722 1475 2150 1549 propugnacula,

552 1573 757 1640 securi,
787 1572 934 1645 quod
979 1571 1117 1628 duos
1146 1572 1286 1628 alios
1313 1587 1500 1630 muros
1537 1571 1825 1628 interiores
1869 1570 2149 1638 baberent,

552 1676 610 1724 et
651 1680 976 1723 concessere
1019 1666 1090 1723 ad
1134 1681 1348 1722 murum
1387 1664 1709 1722 secundum.
1745 1663 1857 1721 Illis
1905 1662 2157 1736 fugienti-

548 1761 674 1830 bus,
693 1759 926 1816 Romaui
949 1759 1321 1833 ingredientes
1349 1776 1446 1832 per
1465 1774 1597 1816 cava
1621 1758 1783 1824 muri,
1811 1768 1995 1830 portas
2024 1772 2156 1828 ape-

2252 540 2321 595 tis
2364 549 2743 611 contemptus:
2785 539 2987 596 Judanis
3041 541 3292 597 solatium
3342 542 3666 613 putabatur,
3710 557 3817 599 cum

2250 632 2409 688 hoste
2437 631 2721 689 commori.
2766 630 2923 689 Titus
2954 632 3251 689 festinabat
3279 635 3553 691 conficere
3599 634 3784 692 bellum
3804 675 3819 704 ,

2251 725 2347 782 sed
2382 726 2502 782 sine
2546 741 2768 782 suorum
2809 726 3096 798 dispendio
3123 769 3138 794 ,
3170 728 3263 798 qui
3293 730 3457 784 etiam
3488 728 3633 799 ipsos
3660 726 3825 784 hostes

2250 834 2470 876 servare
2497 821 2542 875 si
2575 829 2779 891 posset,
2812 834 2971 892 quam
3019 820 3249 893 perdere
3280 821 3538 878 malebat.
3568 819 3675 876 Nec
3696 820 3826 875 aliud

2253 916 2508 972 monebat
2553 914 2778 971 militem
2805 956 2821 981 ,
2873 914 2976 970 nisi
3020 916 3274 972 consulto
3321 914 3631 971 bellandum
3672 932 3684 968 a
3721 929 3827 969 eam

2250 1010 2423 1073 mlam
2452 1024 2574 1067 esse
2603 1026 2782 1066 veram
2829 1011 3106 1079 virtutem,
3130 1011 3217 1067 cui
3245 1012 3312 1066 sit
3351 1024 3536 1066 comes
3564 1007 3829 1079 providen-

2257 1103 2327 1158 tia
2362 1120 2376 1156 :
2412 1119 2533 1157 natn
2566 1104 2681 1158 sine
2711 1102 2943 1159 consilio
2974 1102 3349 1159 fortitudinem
3387 1102 3739 1159 temeritatem
3765 1100 3833 1155 vi-

2251 1196 2397 1263 deri,
2428 1212 2524 1253 nec
2557 1212 2781 1269 usquam
2808 1196 2977 1267 magis
3007 1196 3305 1253 cavendum
3329 1211 3488 1267 quam
3520 1195 3573 1250 in
3604 1193 3826 1249 victoria.
3880 1215 3896 1230 -

2254 1291 2439 1347 Perire
2467 1292 2612 1347 enim
2649 1306 2770 1347 cum
2813 1290 3071 1347 inferiore
3101 1291 3465 1361 superiorem,
3500 1290 3625 1346 victi
3663 1289 3830 1344 trium-

2254 1387 2395 1459 phus
2441 1395 2542 1443 cst.
2590 1386 2996 1443 Consulendum
3041 1387 3223 1456 itaque
3257 1400 3325 1442 ne
3356 1385 3606 1441 videatur
3628 1390 3833 1439 eventus

2254 1480 2445 1549 fuisse,
2478 1482 2622 1553 quod
2658 1482 2884 1549 vicerit;
2916 1481 3144 1553 ignaviae
3169 1524 3184 1548 ,
3217 1480 3363 1553 quod
3402 1480 3727 1537 consortium
3754 1492 3834 1548 pe-

2254 1576 2409 1633 riculi
2441 1592 2549 1633 non
2589 1578 2847 1634 evaserit.
2881 1576 3043 1634 Jubct
3078 1578 3263 1645 itaque
3308 1576 3537 1632 arietem
3582 1573 3833 1631 admoveri

2255 1672 2321 1727 ad
2348 1670 2585 1727 medium
2615 1671 2756 1727 muri
2783 1670 3245 1743 septentrionalis.

2742 1761 2766 1773 ’
2849 1761 3078 1821 CAPUT
3117 1762 3260 1819 XIII.

546 1868 709 1911 ruere
742 1871 756 1909 :
790 1854 871 1909 sic
920 1852 1269 1909 intromissus
1291 1853 1470 1910 omnis
1498 1852 1789 1917 exercitus,
1819 1866 1963 1923 pene
1985 1850 2152 1907 diruit
2182 1848 2230 1909 B
2328 1857 2463 1914 Erat
2486 1858 2561 1914 ibi
2586 1855 2779 1914 Castor
2805 1856 3032 1913 callidus
3054 1866 3112 1912 et
3132 1856 3199 1911 ad
3227 1854 3475 1912 fraudem
3507 1864 3736 1927 paratus,
3756 1854 3832 1926 qui

549 1963 768 2005 murum
786 1949 1212 2015 exterioretnme
1234 1948 1561 2005 bellantibus
1575 1955 1724 2003 esset
1737 1944 2148 2016 impedimento:

551 2052 646 2100 aut
673 2041 718 2098 si
750 2056 841 2099 res
868 2041 1117 2100 adversa:
1141 2042 1360 2109 forent,
1402 2042 1699 2099 claustrum
1730 2038 2149 2112 refugientibus.

1156 2136 1386 2194 CAPUT
1433 2136 1550 2193 XII.

630 2231 942 2288 Diviserunt
987 2231 1096 2289 sibi
1139 2230 1259 2291 loca
1303 2232 1544 2290 Joannes
1570 2239 1627 2289 et
1653 2231 1842 2289 Simon
1886 2230 2154 2302 coniurati

555 2326 700 2382 circa
732 2341 948 2381 murum
974 2325 1295 2382 secundum.
1327 2325 1567 2384 Joannes
1595 2342 1719 2383 eum
1750 2328 1863 2383 suis
1892 2325 1947 2381 itt
1974 2335 2156 2382 castro

556 2417 644 2473 cui
687 2432 884 2474 nomen
915 2418 1176 2487 Antonia,
1207 2412 1556 2491 praeliabattir
1585 2437 1599 2476 :
1630 2420 1683 2477 ei
1713 2420 2013 2492 propinqua
2042 2429 2158 2476 erat

558 2510 799 2580 porticus
848 2512 1054 2583 templi,
1097 2527 1218 2584 quae
1265 2514 1529 2585 vergebat
1562 2513 1630 2570 ad
1686 2523 1894 2585 partem
1941 2523 2158 2584 septen-

561 2592 775 2658 trionis.
812 2602 947 2658 Nam
975 2615 1031 2661 et
1063 2605 1180 2677 ipse
1220 2607 1372 2663 locus
1402 2607 1482 2680 (in
1533 2622 1641 2678 quo
1686 2616 1924 2663 castrum
1969 2617 2158 2679 postea

559 2697 798 2752 Antonio
825 2698 1091 2755 vocabulo
1113 2699 1416 2774 conditum)
1441 2701 1585 2757 inter
1609 2701 1746 2757 duas
1771 2701 1960 2773 iacens
1988 2702 2161 2773 porti-

558 2803 656 2845 cus
698 2791 1142 2861 septentrionalis
1163 2833 1178 2860 ,
1211 2795 1314 2849 hoc
1343 2804 1463 2859 est,
1496 2794 1654 2849 Brios
1700 2794 2111 2864 nuncupabatur
2138 2811 2154 2861 ;

561 2883 751 2940 Simon
805 2898 937 2941 vero
981 2884 1050 2941 ad
1087 2886 1312 2942 Joannis
1360 2887 1670 2958 sepulcrum
1718 2886 1891 2941 vicem
1945 2885 2160 2941 tuendae

562 2977 713 3032 urbis
740 2988 1094 3050 susceperat:
1120 2979 1205 3035 his
1228 2996 1329 3052 pro
1356 2981 1551 3049 salute,
1581 2979 1842 3037 Romanis
1868 2994 1965 3050 pro
1991 2980 2161 3034 victo-

562 3069 644 3127 ria
674 3079 952 3128 certamen
983 3082 1122 3128 erat.
1169 3074 1378 3141 Quibus
1421 3074 1526 3130 etsi
1573 3074 1747 3130 virtus
1794 3074 2067 3144 potentior
2093 3073 2159 3128 ad

563 3164 1044 3237 congrediendum,
1102 3169 1254 3223 locus
1302 3176 1482 3223 tamen
1536 3166 1764 3223 inferior
1810 3165 1879 3221 ad
1923 3164 2161 3221 obsidio-

2255 1952 2451 2023 fugatis
2478 1952 2691 2008 caeteris
2717 1965 2820 2024 per
2852 1950 3034 2022 iacula
3064 1950 3494 2021 sagittariorum,
3525 1964 3645 2005 cum
3676 1948 3783 2004 aliis
3811 1960 3831 1987 ο

2258 2060 2410 2101 novae
2441 2045 2645 2101 fraudis
2669 2045 2831 2101 sociis
2859 2043 3249 2115 praetendebat.
3279 2042 3328 2098 Is
3350 2042 3443 2099 ubi
3466 2042 3689 2113 appulsu
3715 2040 3835 2097 arie-

2258 2141 2326 2196 tis
2357 2139 2547 2196 turrim
2589 2138 2791 2206 everti,
2827 2142 3040 2193 tn'urutn
3072 2137 3258 2193 labere
3287 2151 3350 2192 ac
3378 2135 3543 2192 facile
3569 2139 3833 2199 ruiturum,

2258 2233 2303 2289 si
2340 2232 2595 2288 tormenti
2639 2232 2776 2288 ictus
2815 2238 3174 2302 repeteretur,
3215 2228 3637 2295 animadvertit,
3669 2241 3834 2282 manus

2260 2326 2490 2383 tendens
2506 2324 3011 2396 rogabatCmsarem
3036 2338 3169 2379 voce
3186 2321 3507 2390 miserabili,
3532 2331 3589 2377 ut
3608 2320 3833 2393 peritura:

2257 2420 2377 2477 urbi
2389 2421 2499 2493 iam
2524 2428 2794 2492 parceret,
2811 2434 2910 2475 nec
2921 2433 3175 2489 supremo
3195 2415 3411 2473 excidio
3434 2412 3833 2471 labefactandam

2258 2524 2492 2588 putaret.
2511 2515 2694 2571 Caesar
2716 2514 3002 2570 aestimavit
3016 2512 3158 2586 quod
3178 2510 3366 2568 sedulo
3382 2510 3591 2567 veniam
3608 2509 3836 2580 depreca-

2261 2619 2437 2667 retur:
2455 2624 2645 2665 manus
2667 2609 2889 2665 daturus
2907 2618 2964 2664 ut
2986 2607 3188 2664 deditio
3206 2604 3562 2677 praecederet,
3582 2603 3727 2675 jubet
3744 2610 3836 2657 tor-

2262 2713 2572 2760 mentorum
2620 2703 2759 2760 ictus
2799 2717 3051 2769 cessare,
3097 2701 3432 2774 iaculatores
3490 2710 3776 2771 temperare
3808 2712 3834 2752 at

2261 2796 2470 2868 prarlio.
2505 2796 2717 2852 Castori
2742 2796 2834 2852 dat
2865 2795 3118 2868 loquendi
3157 2792 3389 2865 copiam.
3425 2793 3521 2849 Ille
3543 2795 3835 2849 descensum

2262 2888 2535 2959 simulare,
2555 2889 2677 2945 dein
2692 2890 2843 2960 quasi
2861 2889 3090 2946 suadere
3106 2889 3218 2945 suis
3240 2905 3254 2944 :
3280 2887 3373 2943 alii
3386 2887 3548 2955 velle,
3565 2886 3654 2942 alii
3677 2882 3833 2948 reniti,

2262 2985 2549 3056 subitoque
2571 2985 3077 3057 velutindignantes
3089 2986 3180 3057 qui
3195 2991 3544 3056 cogerentur,
3560 2996 3712 3052 supra
3730 2978 3838 3034 lori-

2264 3091 2382 3133 Cam
2404 3093 2463 3134 sc
2480 3079 2844 3148 percutientes
2860 3078 3129 3135 cecidere.
3164 3077 3487 3134 Miraculum
3515 3077 3715 3144 ingens,
3732 3087 3836 3127 cum

2266 3168 2413 3227 fraus
2434 3172 2647 3238 lateret,
2675 3173 2755 3228 sic
2782 3182 2994 3244 tempus
3013 3170 3040 3208 ά
3071 3172 3295 3227 duxere.
3327 3170 3478 3226 Inter
3523 3185 3640 3241 quae
3668 3181 3789 3222 unus
3811 3178 3838 3219 e

562 3273 688 3315 nem
716 3276 730 3313 :
762 3274 885 3315 cum
906 3274 1006 3316 eos
1029 3259 1099 3316 de
1128 3275 1287 3317 muro
1308 3272 1557 3333 gravaret
1590 3260 1855 3331 praelium,
1881 3257 2160 3316 temeritas
2188 3249 2236 3313 C
2265 3264 2526 3321 militibus
2550 3265 2805 3322 Romanis
2826 3264 3009 3336 iaculo
3036 3264 3245 3335 sagittae
3266 3278 3454 3319 narem
3488 3261 3716 3318 Castoris
3736 3272 3839 3330 per-

561 3351 768 3409 Judazis
811 3353 1155 3422 insolentior,
1198 3354 1458 3412 fortitudo
1494 3354 1753 3412 Romanis
1791 3354 1971 3409 acrior
1999 3360 2157 3409 erat:

564 3444 923 3501 imminebant
965 3445 1211 3517 partibus
1238 3446 1436 3514 duces;
1468 3461 1642 3518 eoque
1669 3446 1843 3518 maior
1885 3445 2163 3502 oriebatur

564 3537 868 3606 contentio,
897 3537 1025 3593 dum
1049 3538 1281 3610 quisque
1306 3539 1420 3595 suis
1448 3539 1762 3595 ductoribus
1791 3537 2037 3610 pericula
2065 3551 2161 3592 sua

564 3629 730 3700 gestit
756 3630 1009 3702 probare.
1040 3630 1227 3689 Simon
1255 3647 1384 3689 suos
1406 3632 1628 3705 urgebat
1659 3643 1867 3689 terrore
1888 3641 1944 3688 et
1970 3629 2163 3688 formi-

565 3722 693 3779 dine
725 3740 738 3777 :
770 3723 1043 3781 Romanos
1064 3725 1217 3781 Titus
1246 3726 1453 3797 pudore
1472 3726 1557 3783 sui
1586 3741 1747 3799 quam
1772 3727 2008 3783 maxime
2033 3741 2165 3784 con-

566 3817 863 3886 veniebat,
913 3819 1058 3891 quud
1115 3828 1293 3875 morte
1351 3819 1570 3891 gravius
1638 3820 2005 3886 arbitrantur,
2056 3833 2164 3875 non

566 3910 831 3968 exhibere
875 3913 1117 3984 pericula
1167 3928 1264 3971 sua
1305 3913 1541 3984 Caesari,
1574 3931 1697 3971 cum
1730 3917 1848 3987 ipse
1875 3915 2039 3971 toties
2068 3929 2166 3985 pro

564 4006 814 4061 exercitu
843 4007 1099 4077 periculis
1120 4007 1317 4064 oll’erre
1336 4022 1396 4063 se
1420 4024 1526 4064 non
1556 4008 1937 4065 dubitavisset.
1968 4009 2167 4063 Arma-

569 4097 664 4155 bat
693 4114 788 4156 eos
809 4084 1057 4157 vincendi
1081 4101 1441 4170 consuetudo,
1472 4111 1527 4158 et
1551 4101 1783 4158 cedendi
1814 4101 2118 4173 ignorantia
2152 4118 2165 4154 :

570 4195 955 4268 praecipueque
982 4210 1224 4267 praesens
1255 4197 1679 4270 uniuscuiusque
1703 4198 1921 4253 virtutis
1963 4196 2171 4254 arbiter

571 4286 747 4355 Titus,
781 4303 812 4344 a
840 4304 948 4361 quo
976 4304 1085 4345 non
1116 4291 1489 4346 remuneratio
1531 4288 1866 4347 fortitudinis
1890 4300 2171 4361 exspecta-

573 4381 767 4450 batur,
816 4383 912 4440 sed
955 4400 1118 4455 supra
1167 4384 1389 4453 omnia,
1431 4384 1638 4441 fructus
1687 4385 2004 4457 amplissimi
2052 4398 2172 4443 erat

573 4477 806 4547 praemii,
838 4476 934 4533 illo
978 4488 1263 4550 spectante
1306 4478 1601 4550 quidquam
1650 4486 1871 4536 strenue
1908 4480 2167 4551 gessisse,

570 4572 716 4643 quod
766 4572 816 4627 ei
873 4589 981 4628 non
1043 4573 1381 4646 displiceret.
1432 4573 1512 4630 Eo
1558 4574 1834 4631 incentivo
1889 4574 2169 4649 Longinus

2264 3359 2452 3414 cussit.
2486 3358 2585 3414 Ille
2633 3359 2920 3429 deplorare
2968 3366 3024 3414 et
3067 3356 3326 3428 conqueri
3375 3355 3523 3425 apud
3568 3354 3836 3412 Caesarem.

2266 3466 2492 3523 poscere
2531 3460 2588 3507 ttt
2625 3452 2841 3524 iuberet
2883 3451 3118 3523 aliquem
3161 3450 3265 3506 sibi
3314 3449 3565 3506 dextram
3613 3447 3750 3512 dare,
3778 3445 3837 3499 ita

2265 3558 2325 3600 se
2357 3544 2601 3615 perfugio
2650 3559 2892 3600 usurum.
2920 3542 3106 3601 Caesar
3152 3543 3389 3616 Josepho
3434 3543 3655 3599 mandat
3695 3550 3836 3605 nego-

2267 3640 2402 3695 tium
2436 3658 2449 3694 :
2479 3654 2663 3695 verum
2714 3638 2806 3694 ille
2852 3641 2944 3711 qui
2990 3648 3209 3695 caveret
3256 3637 3573 3694 Judteorum
3623 3634 3835 3696 insidias,

2266 3733 2401 3789 nihil
2428 3732 2701 3788 sincerum
2731 3733 2783 3788 in
2814 3747 2880 3788 eo
2911 3732 3217 3804 intelligere
3243 3745 3303 3787 se
3330 3730 3633 3801 respondit.
3663 3725 3840 3782 Encas

2270 3838 2449 3882 tamen
2484 3824 2704 3896 prapius
2735 3840 2947 3880 murum
2987 3825 3288 3892 successit,
3316 3832 3373 3879 et
3402 3833 3461 3878 ιιι
3492 3820 3838 3879 advenientem

2268 3918 2594 3988 susciperet,
2625 3918 2880 3973 occurrit.
2910 3914 3008 3972 Cui
3033 3917 3226 3972 Castor
3251 3914 3580 3982 vociferans,
3610 3925 3664 3968 ut
3686 3914 3840 3967 sinum

2270 4014 2529 4085 aperiret,
2554 4028 2743 4068 aurum
2773 4012 3070 4083 exciperet,
3098 4026 3289 4067 saxum
3318 4010 3546 4066 dimisit.
3581 4009 3671 4064 Ille
3693 4004 3842 4062 oculis

2271 4106 2622 4176 vigilantibus
2672 4105 2907 4177 lapidem
2958 4104 3245 4175 praevidit,
3299 4103 3574 4174 celerique
3622 4095 3842 4170 corporis

2270 4198 2414 4255 saltu
2445 4199 2655 4269 lapsum
2700 4196 2923 4252 evadit:
2954 4197 3119 4251 alium
3158 4204 3341 4251 tamen
3385 4209 3558 4268 prope
3603 4198 3841 4248 astantem

2271 4290 2388 4346 saxi
2437 4289 2668 4346 involvit
2714 4289 2965 4344 humanis
3026 4287 3204 4344 ruina.
3258 4286 3372 4342 iloc
3422 4285 3607 4344 Caesar
3651 4284 3843 4340 intuens

2271 4388 2450 4444 acrius
2500 4386 2746 4441 incubuit
2793 4384 2859 4440 ad
2907 4399 3187 4440 murorum
3231 4383 3629 4454 deiectionem,
3671 4376 3842 4452 pracci-

2271 4483 2429 4554 piens
2473 4480 2679 4551 maiore
2724 4478 2774 4535 vi
2822 4472 3218 4535 tormentorum
3272 4477 3501 4549 impelli.
3560 4476 3747 4533 Contra
3785 4471 3842 4524 ad

2274 4573 2578 4632 exureudas
2618 4572 2898 4628 machinas
2926 4570 3079 4642 ignes
3100 4569 3465 4641 iaciebantur.
3499 4567 3602 4625 Sed
3628 4565 3714 4622 ubi
3736 4577 3842 4619 mu-

571 4666 839 4736 equestris
881 4666 1089 4722 militiae
1140 4668 1220 4723 vir
1270 4668 1510 4732 excitus,
1542 4667 1800 4725 adversas
1849 4686 1946 4741 pro
1995 4670 2169 4726 muris
2194 4652 2248 4713 Ῐ)
2276 4687 2367 4727 rus
2396 4669 2609 4725 solutus
2635 4676 2740 4735 est,
2772 4665 2965 4722 Castor
3006 4681 3129 4721 cum
3156 4665 3266 4720 suis
3293 4664 3446 4735 quasi
3497 4663 3552 4719 itt
3584 4661 3753 4733 ignem
3792 4667 3843 4708 se

572 4756 766 4815 videns
815 4757 1129 4816 Judzeorum
1186 4768 1475 4828 catervas,
1531 4769 1805 4834 tamquam
1860 4753 2168 4835 indignatus

560 4850 719 4923 "quod
770 4852 1045 4911 Romanos
1085 4854 1231 4911 bello
1275 4855 1637 4923 lacesserent,
1669 4864 1725 4911 et
1750 4870 1818 4912 ex
1846 4871 2005 4929 aequo
2046 4871 2171 4927 pro-

576 4946 697 5004 dire
724 4947 1012 5017 auderent,
1037 4947 1256 5005 desiluit
1284 4963 1426 5021 equo
1452 4991 1467 5017 ,
1495 4957 1658 5021 atque
1684 4952 1740 5006 in
1767 4948 1977 5006 medios
2001 4963 2061 5005 se
2088 4949 2171 5005 in-

567 5044 703 5118 iecit
728 5046 934 5103 bostes.
968 5046 1035 5103 Et
1062 5063 1228 5102 unum
1261 5046 1291 5085 b
1319 5061 1472 5102 more
1507 5047 1626 5117 ipso
1670 5057 1951 5118 parantem
1980 5061 2170 5103 occur-

570 5155 719 5204 rere,
743 5140 854 5195 telo
885 5141 1173 5211 percussit,
1197 5140 1465 5212 simulque
1491 5140 1607 5211 eius
1634 5155 1819 5196 vocem
1846 5149 1901 5196 et
1927 5143 2164 5198 animam

571 5233 731 5305 rapit.
774 5232 945 5289 Alteri
991 5243 1237 5305 ereptum
1281 5234 1350 5290 de
1400 5247 1630 5305 corpore
1681 5241 1954 5305 prostrato
1997 5233 2165 5290 telum

570 5329 764 5401 lnligit,
794 5337 853 5385 et
903 5328 971 5385 ad
1017 5343 1146 5386 suos
1187 5330 1362 5386 victor
1389 5344 1510 5384 sese
1551 5329 1777 5401 recepit.
1816 5329 1891 5384 De
1916 5329 2167 5400 praeemi-

570 5425 824 5482 nentibus
852 5425 1125 5497 loquimur
1154 5442 1167 5479 :
1200 5433 1456 5480 caeterum
1492 5423 1648 5480 multi
1693 5424 1993 5482 imitatores
2020 5434 2167 5481 utra-

565 5534 673 5591 que
718 5536 786 5578 ex
829 5528 1005 5593 parte,
1038 5517 1137 5577 sed
1183 5517 1398 5576 diverso
1439 5533 1640 5590 genere
1672 5534 1685 5572 :
1717 5517 1921 5576 Judaeis
1968 5518 2166 5589 despe-

567 5617 708 5674 ratio
749 5615 1038 5675 audaciam
1082 5616 1282 5687 dabat,
1337 5614 1600 5676 Romanis
1655 5615 1846 5690 gloriae
1899 5616 2165 5691 cupiditas

633 5796 661 5825 ι
708 5784 911 5842 Valide.
944 5785 1115 5845 Buta.

629 5856 657 5896 ι»
699 5855 766 5915 In
793 5872 899 5915 ore.
932 5856 1008 5914 In.

2272 4763 2492 4833 deiecit,
2523 4760 2651 4816 dolo
2680 4767 2986 4832 praetexens
3015 4758 3179 4813 animi
3198 4755 3624 4822 magnitudinem
3653 4753 3703 4807 in
3731 4761 3844 4804 cou-

2272 4866 2482 4928 temptu
2511 4853 2724 4922 mortis,
2746 4868 2868 4909 cum
2906 4851 3033 4907 dolo
3062 4850 3206 4921 turpi
3236 4848 3359 4905 vitae
3385 4847 3579 4921 eli‘ttgia
3606 4847 3840 4916 captaret.

2873 4941 3105 5001 CAPUT
3134 4941 3275 4999 XIV.

2345 5045 2633 5118 Unusiam
2660 5056 2870 5107 murus,
2921 5039 3025 5095 hoc
3056 5048 3139 5094 est
3168 5037 3363 5093 tertius
3395 5041 3706 5108 supererat,
3733 5026 3843 5084 sub-

2272 5140 2447 5197 versis
2474 5139 2727 5203 duobus;
2785 5133 2964 5190 adhuc
2992 5140 3171 5187 tamen
3217 5131 3403 5186 Caesar
3433 5126 3735 5186 reservabat
3760 5134 3842 5192 pa-

2274 5233 2554 5301 tientiam,
2582 5230 2673 5302 qui
2714 5226 3028 5283 adverterat
3068 5224 3181 5296 iam
3223 5222 3328 5279 sibi
3355 5224 3538 5293 perire
3560 5261 3577 5288 ,
3606 5207 3841 5289 quidquid

2272 5328 2524 5400 perisset.
2548 5324 2687 5380 Dum
2708 5320 2912 5392 parcit,
2936 5327 2993 5375 et
3017 5324 3281 5389 provocat
3307 5316 3375 5370 ad
3398 5313 3722 5371 deditionem
3747 5317 3838 5359 non

2268 5429 2583 5496 exspectato
2629 5416 2866 5490 agmine,
2917 5430 3040 5471 cum
3072 5412 3259 5484 paucis
3300 5411 3517 5467 irruens
3560 5417 3715 5478 supra
3739 5411 3839 5455 tnu-

2266 5537 2389 5579 rum
2416 5514 2717 5576 secundum
2746 5554 2762 5577 ,
2812 5518 3140 5582 congregata
3172 5522 3335 5562 manu
3366 5503 3537 5562 Judaei
3586 5501 3639 5558 in
3667 5503 3837 5565 angus-

2270 5618 2361 5678 tiis
2392 5613 2661 5691 plurimos
2682 5607 3069 5666 sauciaverunt
3099 5623 3112 5661 :
3143 5605 3393 5678 plerique
3422 5603 3584 5661 etiam
3612 5592 3837 5658 utrin‘luc

2348 5799 2371 5828 ε
2418 5784 2633 5841 Novem.
2664 5779 2932 5855 Iosephus
2961 5778 3155 5836 decem.
3191 5777 3267 5834 Io.

2344 5854 2370 5896 δ
2406 5857 2623 5913 Ducere.
2651 5857 2722 5913 In.
