4082 6344
289 321 428 380 2H5

1146 321 1416 384 HISTOR.
1461 323 1549 382 DE
1595 323 1874 385 EXCIDIO
1916 323 2192 390 HIEROS.
2235 328 2438 393 URBIS
2477 331 2606 393 LIB.
2648 333 2715 394 ν.

3462 347 3606 408 2166

287 463 505 520 morm;-
539 461 690 518 Tunc
738 459 922 520 εἴρεαι.
967 463 1180 521 eminus
1227 467 1439 539 saginis
1471 466 1672 538 ﬁgebat
1713 466 1880 521 msis,
1911 448 1958 506 Λ
1987 447 2164 504 audiri
2190 450 2467 521 profutura
2491 452 2707 510 civibus
2732 460 2862 511 noto
2881 453 2981 512 sibi
3032 455 3274 531 alloquio
3297 473 3598 535 proseque-

287 567 462 613 tentes
491 577 506 613 :
539 557 680 614 inter
710 557 986 614 confertos
1007 557 1186 630 jacula
1219 576 1486 631 nusquam
1512 560 1889 628 eludebantur,

285 651 464 706 nullus
495 651 638 706 ictus
669 653 789 707 sine
827 652 1075 707 vulnere.
1111 653 1202 709 Sic
1247 668 1531 710 removere
1559 668 1681 710 sese
1717 652 1892 709 Jndzni

283 757 506 813 coepere
535 760 549 800 :
580 753 635 800 et
659 742 815 799 Titus
845 758 974 800 suos
1003 744 1234 815 recepit.
1271 743 1341 800 Et
1367 743 1544 801 fames
1567 746 1677 814 jam
1703 745 1891 800 urbem

281 837 521 910 graviter
577 838 899 893 incesserat.
945 836 1123 893 Judaei
1167 846 1346 894 tamen
1402 853 1503 909 pro
1553 838 1888 903 victoribus,

280 931 407 1002 quia
451 945 512 986 se
565 931 705 985 intra
735 929 1033 986 secundum
1064 946 1279 986 murum
1336 941 1699 1003 receperant,
1727 930 1892 1003 fquasi

281 1024 522 1094 expulsis
575 1023 836 1080 Romanis
885 1023 1261 1095 gloriabantur
1312 1043 1324 1078 :
1373 1025 1471 1080 sed
1517 1040 1695 1095 neque
1739 1025 1891 1094 lapsa

281 1132 562 1188 reparare,
591 1133 690 1174 nec
713 1117 928 1188 lapsura
948 1117 1232 1174 defensare
1251 1126 1519 1189 poterant.
1544 1117 1893 1175 Restiterunt

283 1221 463 1268 tamen
497 1211 920 1283 aliquantulum.
977 1212 1278 1283 Pugnatum
1333 1212 1516 1268 triduo
1561 1211 1630 1266 ad
1675 1225 1889 1267 murum

279 1307 610 1362 secundum.
641 1305 846 1372 Quarto
875 1305 966 1360 die
991 1305 1253 1361 virtutem
1287 1304 1586 1360 Romanam
1631 1318 1738 1359 non
1770 1317 1891 1359 sus-

283 1401 520 1455 tinentes
544 1439 560 1466 ,
589 1399 842 1469 refugere
870 1399 1013 1454 intra
1065 1399 1287 1454 tertium
1318 1414 1557 1454 murum.
1607 1399 1792 1454 Caesar
1822 1398 1891 1454 ab

282 1495 592 1566 irruptione
624 1495 848 1550 interim
869 1495 1159 1564 temperari
1189 1493 1346 1564 jubet
1371 1537 1385 1559 ,
1433 1493 1676 1550 subverti
1707 1501 1890 1550 tamen

280 1591 543 1662 prarcepit
565 1589 861 1646 secundum
881 1605 1116 1644 murum.
1135 1589 1203 1644 Et
1218 1589 1340 1660 quia
1354 1595 1640 1658 superaret
1658 1591 1890 1644 maxima

283 1684 410 1740 belli
441 1684 641 1754 portio,
676 1682 866 1738 statuit
888 1691 949 1737 ut
977 1682 1133 1737 miles
1159 1680 1263 1738 sibi
1297 1681 1630 1737 conveheret
1659 1679 1892 1737 alimen-

283 1786 357 1843 ta,
384 1794 452 1832 ne
473 1780 710 1833 victores
752 1777 934 1848 inopia
983 1784 1222 1848 urgeret,
1272 1775 1517 1832 afficeret
1566 1775 1886 1846 indigentia.

2002 539 2182 596 batur.

2602 640 2833 698 CAPUT
2881 643 2991 699 XV.

2070 729 2304 800 Fuerat,
2342 733 2555 789 Hebraei
2583 776 2599 802 ,
2634 735 2855 792 humani
2878 738 3085 809 ingenii
3114 741 3450 799 contendere
3475 759 3602 815 per-

1996 820 2250 879 tinaciter
2279 833 2407 881 ante
2442 841 2605 897 quam
2635 843 2726 884 res
2757 829 2823 886 ad
2849 845 3169 902 supremum
3198 834 3450 906 veniret,
3476 838 3603 894 dum

1996 918 2194 983 putatis
2243 933 2340 972 vos
2371 919 2491 976 loco
2521 929 2577 976 et
2609 929 2755 978 nota:
2782 923 3024 995 regionis
3055 926 3317 983 subsidiis
3360 928 3482 986 fore
3511 945 3604 986 su-

1993 1008 2240 1076 periores
2266 1027 2279 1063 :
2306 1010 2435 1068 licet
2460 1016 2782 1071 convenerit
2814 1016 3111 1085 Romanos,
3143 1020 3291 1078 bello
3312 1022 3604 1095 insupera-

1995 1101 2158 1168 biles,
2216 1103 2385 1159 armis
2431 1123 2537 1163 non
2583 1110 2904 1180 provocari,
2951 1127 2981 1166 a
3032 1112 3234 1183 quibus
3282 1131 3429 1188 saepe
3473 1117 3605 1174 victi

1993 1203 2154 1263 sunt,
2179 1199 2272 1267 qui
2301 1213 2402 1255 vos
2444 1200 2688 1258 vicerant
2722 1221 2735 1257 :
2765 1205 2859 1260 sed
2893 1214 3072 1262 tamen
3103 1206 3267 1263 habet
3303 1209 3450 1267 hunc
3487 1210 3602 1282 lap-

1993 1303 2112 1344 sum
2157 1291 2465 1362 improvida
2497 1312 2650 1352 mens
2684 1298 2964 1355 hominum
2998 1301 3052 1358 in
3099 1303 3262 1360 rebus
3307 1307 3600 1376 secundis,

1994 1385 2153 1442 simul
2178 1390 2304 1459 quia
2348 1391 2672 1465 plerumque
2698 1395 2826 1452 belli
2859 1395 3058 1454 dubius
3088 1410 3319 1457 eventus
3349 1418 3363 1456 :
3399 1411 3455 1458 et
3478 1402 3602 1459 ideo

1993 1495 2053 1537 se
2107 1485 2480 1557 unusquisque
2531 1487 2556 1524 d
2610 1490 2733 1545 forti
2764 1492 3055 1548 committit
3106 1494 3308 1552 virtute
3351 1497 3600 1555 inferior.

1993 1573 2278 1632 Postremo
2309 1578 2376 1634 de
2410 1580 2583 1636 muris
2614 1584 2908 1653 superatis,
2942 1599 3048 1640 non
3080 1588 3287 1657 putatis
3315 1589 3482 1646 etiam
3508 1605 3604 1647 us-

1993 1683 2097 1738 que
2137 1670 2204 1726 ad
2243 1673 2426 1742 templi
2462 1675 2922 1745 progrediendum
2973 1681 3340 1737 eversionem.
3388 1681 3604 1740 Parcite

1996 1762 2136 1827 aris,
2167 1765 2378 1836 parcite
2405 1766 2698 1837 altaribus,
2758 1772 2967 1841 parcite
3008 1772 3285 1830 domicilio
3328 1776 3601 1846 quondam

281 1871 523 1940 Quatuor
544 1871 734 1926 diebus
757 1870 858 1926 sibi
890 1870 1046 1925 miles
1068 1871 1338 1924 frumenta
1368 1869 1626 1924 convexit
1651 1884 1663 1921 ε
1699 1867 1889 1923 simul-

1993 1856 2225 1913 cmlesti.
2278 1857 2395 1914 Jam
2440 1862 2583 1917 enim
2618 1879 2717 1919 vos
2769 1873 2825 1920 et
2855 1865 2997 1921 Deus
3030 1867 3146 1938 ipse
3175 1842 3449 1934 deseruit,
3478 1872 3604 1944 quia

280 1981 387 2036 que
411 1965 663 2020 idoneum
693 1964 870 2019 visum
903 1971 987 2019 est
1029 1973 1244 2034 tempus
1271 1962 1417 2034 quod
1445 1961 1618 2018 Judmi
1641 2003 1655 2030 ,
1704 1962 1751 2017 si
1781 1960 1888 2017 sibi

281 2059 676 2124 consulerent,
743 2067 1216 2114 converterentur.
1272 2058 1338 2112 Et
1383 2056 1621 2127 p0pu|us
1671 2055 1890 2127 quidem

283 2153 558 2220 malebat,
587 2153 681 2208 sed
714 2152 988 2222 principes
1026 2150 1312 2207 seditionis
1342 2160 1660 2221 reputantes
1691 2166 1810 2221 quae
1836 2151 1892 2206 in

284 2247 500 2318 plebem
524 2247 782 2318 gravibus
820 2245 1040 2318 ﬂagitiis
1070 2255 1560 2317 perpetraverunt;
1591 2246 1720 2300 dum
1769 2245 1892 2301 nul-

285 2341 392 2396 ltnn
426 2341 596 2396 venia:
627 2340 802 2395 locum
840 2349 866 2376 τι
896 2350 1216 2410 sperarent,
1273 2339 1452 2408 perire
1482 2337 1890 2393 cumomnibus

286 2435 468 2492 levius
490 2433 924 2500 arbitrabantur,
948 2448 1109 2504 quam
1141 2432 1186 2486 si
1216 2433 1318 2488 soli
1341 2441 1596 2488 auctores
1627 2431 1886 2503 perirent.

285 2531 488 2598 Quinto
518 2530 697 2600 itaque
717 2528 804 2584 die
829 2571 843 2595 ,
873 2528 996 2599 quia
1031 2526 1161 2581 nihil
1185 2543 1216 2581 a
1256 2525 1458 2581 Judaeis
1489 2525 1770 2596 paciﬁcum
1797 2524 1892 2580 de-

286 2624 585 2692 ferebatur,
615 2623 832 2696 gemino
853 2622 1068 2694 agmine
1095 2622 1280 2677 Cznsar
1302 2621 1504 2679 muenia
1529 2621 1844 2693 aggreditur
1873 2637 1885 2675 :

287 2731 341 2776 et
365 2720 502 2775 duos
533 2735 758 2790 aggeres
785 2717 960 2774 attolli
1009 2717 1276 2785 imperat,
1305 2732 1470 2771 untttn
1501 2726 1688 2770 contra
1719 2713 1891 2772 Anto-

290 2812 435 2870 niam
460 2855 474 2880 ,
504 2813 738 2868 alterum
771 2821 958 2866 contra
1006 2825 1216 2864 murum
1250 2810 1340 2878 qui
1372 2817 1492 2864 erat
1515 2816 1703 2864 contra
1729 2807 1894 2863 Joan-

292 2906 375 2961 nis
429 2905 762 2975 sepulcrum.
797 2904 874 2958 lio
931 2901 1076 2959 enim
1108 2900 1431 2972 {superioris
1480 2899 1628 2955 urbis
1677 2899 1891 2956 excidia

293 2996 321 3035 b
356 2997 578 3068 petebat
612 3015 625 3051 :
659 2997 753 3052 illo
779 3005 959 3051 autem
1012 2995 1219 3061 altero,
1254 2995 1300 3050 si
1329 3002 1566 3050 castrum
1615 3009 1893 3063 espugna-

293 3090 496 3158 tisset,
532 3091 696 3146 etiam
747 3089 950 3160 templo
980 3087 1141 3144 facile
1195 3089 1481 3158 pctiretur.
1515 3087 1672 3154 Quod
1703 3087 1804 3141 nisi
1838 3086 1892 3140 in

291 3199 445 3240 suam
503 3190 829 3254 potesmtem
863 3182 1194 3246 deduceret,
1245 3181 1410 3237 etiam
1461 3179 1652 3234 urbem
1704 3187 1891 3234 tenere

1992 1964 2088 2005 vos
2117 1951 2336 2022 pietatis
2361 1955 2942 2022 eultumfdeseruistis.
2976 1959 3035 2016 ln
3067 1961 3248 2018 medio
3273 1965 3459 2037 templi
3491 1965 3606 2022 bel-

1994 2041 2105 2098 lum
2136 2047 2479 2116 pertulimus,
2504 2049 2820 2108 circumfusi
2848 2053 3000 2124 ignes
3022 2057 3284 2127 templum
3308 2057 3600 2115 oberrant:

1992 2135 2090 2192 sed
2125 2152 2229 2192 non
2261 2139 2453 2210 quales
2481 2143 2760 2211 solebant,
2787 2144 3206 2204 circumsistunt
3234 2151 3455 2207 armati.
3485 2151 3600 2208 Ad-

1995 2229 2103 2285 huc
2137 2241 2316 2288 tamen
2348 2250 2517 2306 puras
2547 2252 2578 2292 a
2615 2239 2906 2308 sacrilegio
2938 2257 3130 2298 manus
3159 2244 3457 2314 habentes,
3513 2261 3606 2302 vo-

1995 2322 2115 2377 lunt
2137 2324 2369 2382 Romani
2397 2344 2620 2398 parcere
2636 2373 2651 2396 ,
2677 2347 2777 2388 nec
2795 2348 2979 2390 sacros
2996 2337 3371 2396 contaminare
3393 2347 3602 2410 postes,

1994 2431 2097 2474 nec
2119 2427 2332 2476 veteres
2357 2421 2577 2478 abolere
2596 2423 2754 2491 ritus,
2783 2428 2829 2480 si
2858 2442 2957 2482 vos
2975 2427 3168 2486 sinatis
3195 2447 3207 2485 :
3229 2432 3356 2502 quid
3375 2447 3606 2505 exspec-

1996 2517 2142 2564 tatur
2170 2511 2402 2567 ulterius
2424 2514 2447 2568 ?
2469 2513 2577 2570 duo
2608 2516 2748 2571 muri
2773 2519 2982 2586 eversi,
3017 2523 3212 2580 tertius
3242 2535 3518 2594 superest,
3549 2535 3607 2583 et

1995 2601 2112 2670 ipse
2140 2602 2408 2660 infirmior
2440 2607 2607 2677 lapsis
2630 2607 2867 2665 duobus.
2900 2612 2982 2666 An
3009 2613 3328 2683 praesidium
3353 2626 3609 2690 speratur

1994 2696 2264 2768 divinum,
2305 2707 2470 2772 atque
2502 2702 2766 2758 auxilium
2799 2704 2866 2760 de
2914 2707 3320 2775 penetralibus?
3348 2710 3456 2766 Sed
3507 2713 3602 2783 qui

1996 2803 2096 2845 nos
2127 2789 2484 2860 defendebat,
2511 2794 2577 2849 ad
2607 2795 2818 2852 hostem
2838 2797 3090 2869 migravit
3122 2801 3418 2872 :quoniant
3439 2819 3601 2874 quem

1995 2896 2098 2938 nos
2127 2883 2460 2950 colebamus,
2489 2885 2719 2943 Romani
2753 2899 3101 2955 venerantur,
3129 2908 3228 2948 nos
3252 2892 3598 2952 offendimus.

1994 2975 2128 3044 Quis
2175 2988 2359 3034 autem
2392 2979 2607 3051 ignorat
2646 2995 2770 3038 cum
2812 2983 2922 3040 illis
2965 2999 3088 3042 esse
3136 2987 3330 3056 Deum,
3364 2990 3458 3061 qui
3496 2990 3602 3049 sibi

1995 3073 2177 3128 omnia
2203 3074 2550 3145 subjecerunt
2572 3117 2586 3142 ,
2617 3078 2719 3132 nisi
2751 3093 2871 3148 quae
2902 3080 3071 3137 nimio
3088 3089 3222 3138 testu
3255 3085 3492 3157 autgelu
3515 3086 3601 3142 in-

1997 3166 2086 3220 via
2119 3168 2286 3222 sunt?
2315 3168 2381 3222 Et
2410 3168 2534 3225 ideo
2579 3177 2730 3226 extra
2759 3171 3066 3228 Romanum
3099 3173 3413 3245 imperium,
3450 3187 3474 3216 ο
3506 3179 3599 3250 qui

292 3293 398 3333 non
431 3242 639 3346 poterat
660 3277 778 3330 sine
820 3274 1085 3344 periculo.
1111 3273 1379 3328 Diviserat
1409 3270 1564 3326 Titus
1587 3271 1886 3326 exercitum
1915 3242 1960 3305 C
1994 3258 2184 3315 eadem
2217 3270 2368 3316 cxlra
2399 3277 2555 3317 usum
2589 3262 2881 3320 humanum
2920 3265 3157 3322 diversis
3187 3269 3403 3339 populis
3433 3270 3598 3328 Deum

294 3368 348 3425 in
376 3367 514 3423 duos
536 3366 776 3423 ordines.
806 3366 849 3421 E
878 3367 1097 3422 diverso
1124 3379 1340 3436 quoque
1369 3363 1758 3418 distribuerant
1787 3362 1890 3417 sibi

293 3464 530 3522 Joannes
553 3474 610 3520 et
645 3463 836 3520 Simon
867 3461 1045 3518 officia
1075 3459 1436 3518 defensionis.
1470 3457 1762 3513 Antoniam
1792 3456 1889 3512 de-

294 3560 539 3616 fensabat
561 3557 822 3624 Joannes,
857 3556 1045 3612 Simon
1068 3570 1190 3610 cunt
1222 3553 1447 3607 armatis
1463 3550 1577 3607 suis
1604 3561 1659 3607 et
1689 3549 1890 3620 populo

291 3652 652 3710 ldumaaorum
697 3651 766 3706 ad
819 3649 1130 3721 sepulcrum
1189 3646 1418 3702 Joannis
1465 3643 1888 3714 speculabatur;

291 3754 454 3818 atque
485 3759 676 3800 omnes
693 3742 1056 3799 obsidentium
1087 3746 1318 3796 conatus
1349 3737 1418 3793 de
1444 3736 1716 3807 superiori
1743 3735 1886 3802 loco,

291 3841 487 3912 quibus
506 3847 722 3911 poterat
743 3836 1033 3908 generibus
1053 3832 1330 3890 eludebat.
1366 3831 1435 3884 Et
1477 3829 1590 3900 jam
1620 3826 1890 3884 exercita-

295 3935 460 3990 tiores
500 3942 679 3999 erant,
712 3932 873 3986 malis
902 3928 1079 3986 edocti
1112 3939 1405 3982 occurrere
1434 3923 1701 3978 machinis
1740 3920 1891 3978 obsi-

292 4026 506 4094 dionis;
553 4027 814 4098 pluraque
855 4037 1058 4096 genera
1099 4021 1205 4077 sibi
1255 4027 1651 4075 tormentorum
1700 4025 1755 4071 et
1787 4013 1890 4086 ipsi

290 4121 662 4186 adsciveraut,
690 4118 886 4190 quibus
912 4117 1285 4172 Romanorum
1314 4127 1484 4182 opera
1515 4109 1888 4174 destruerent,

290 4226 471 4286 empta
516 4213 865 4285 impedirent.
899 4212 1139 4279 Quorum
1169 4207 1354 4264 Caesar
1379 4204 1673 4261 advertens
1700 4201 1892 4273 pracci-

292 4310 458 4379 pitem
507 4306 880 4378 pertinaciam,
929 4302 1236 4358 admiscere
1265 4300 1526 4370 operibus
1574 4310 1886 4354 sermonem

290 4401 500 4467 voluit,
529 4415 596 4456 ne
628 4399 766 4454 forte
793 4393 1178 4466 desperatione
1205 4392 1382 4448 venite
1413 4389 1758 4461 pervicacius
1791 4387 1888 4443 ob-

295 4496 620 4561 niterentur,
648 4509 712 4549 ac
758 4507 854 4562 spe
887 4489 1280 4561 promissorum
1335 4492 1554 4557 possent
1598 4483 1884 4539 desistere.

292 4588 536 4645 Suadere
582 4587 766 4658 itaque
812 4583 1016 4654 cmpit,
1069 4595 1140 4636 ne
1168 4595 1228 4636 se
1271 4587 1446 4650 captae
1472 4575 1626 4633 urbis
1653 4574 1885 4632 excidiis

294 4679 654 4746 involverent,
682 4677 1166 4750 permitterentque
1192 4687 1312 4728 eam
1333 4686 1446 4726 suae
1470 4668 1748 4742 potestati,
1767 4683 1888 4740 quae

293 4777 463 4832 armis
516 4774 628 4845 jam
683 4780 986 4837 teneretur,
1043 4776 1101 4824 et
1148 4765 1555 4823 circumvallata
1609 4761 1892 4819 obsidione

295 4877 636 4942 premeretur
683 4864 751 4920 ad
782 4863 1056 4920 excidium
1096 4873 1411 4931 supremum
1433 4898 1447 4924 ,
1479 4854 1804 4912 cedentibus
1832 4868 1896 4910 sc

291 4966 508 5020 veniam
539 4962 794 5017 daturqu
830 4976 844 5014 :
875 4957 922 5014 si
962 4954 1126 5011 modo
1156 4953 1240 5008 vel
1285 4951 1389 5008 sibi
1419 4949 1510 5006 vel
1541 4948 1730 5021 patriae
1759 4963 1895 5004 cou-

295 5058 567 5124 sulet‘ent,
600 5071 669 5111 ne
698 5061 811 5110 tota
837 5051 1031 5107 civitas
1060 5048 1398 5103 dirueretur.
1421 5042 1645 5098 Mandat
1673 5055 1895 5112 quoque

294 5152 564 5224 Joseplto,
597 5159 657 5206 ut
687 5149 807 5220 ipse
838 5145 1014 5217 patrio
1035 5156 1292 5201 sermone
1319 5140 1468 5196 cives
1499 5137 1888 5208 alloqueretur,

302 5258 325 5287 ο
354 5256 412 5302 ιιι
444 5247 579 5301 forte
599 5239 935 5302 contribules
957 5251 1086 5294 suos
1108 5237 1189 5291 vel
1222 5235 1340 5305 ipse
1362 5232 1683 5296 inllecteret,
1714 5237 1776 5283 ut
1804 5227 1893 5282 fu-

295 5339 408 5396 rori
438 5336 657 5409 proprio
679 5333 1082 5391 renuntiarent.
1107 5327 1211 5396 Qui
1229 5326 1358 5382 licet
1383 5323 1550 5380 effusa
1575 5321 1891 5378 Judaaorum

295 5432 356 5488 in
385 5446 444 5487 se
472 5430 598 5485 odia
626 5428 900 5493 novisset,
951 5434 1131 5479 tamen
1159 5429 1421 5491 quantum
1452 5431 1479 5470 a
1499 5416 1649 5486 jactu
1678 5413 1893 5486 sagitta:

297 5525 513 5597 longius
541 5533 783 5596 poterat,
813 5527 1058 5577 remotus
1078 5532 1108 5571 a
1137 5513 1329 5581 muris,
1359 5511 1432 5567 ita
1462 5525 1594 5567 vero
1625 5516 1684 5566 ut
1710 5515 1896 5580 posset

373 5724 399 5751 ⁸
431 5713 468 5770 S
476 5721 677 5784 perant.
708 5709 879 5784 Bima.

370 5785 398 5824 1’
425 5783 698 5841 Petebant.
731 5783 807 5838 lo.

376 5871 398 5898 ε
432 5859 491 5916 Si
516 5859 662 5932 forte.
701 5856 779 5912 In.

1995 3367 2093 3424 per
2118 3353 2267 3410 vices
2294 3354 2507 3413 dedisse
2544 3358 2844 3428 potentiam
2895 3377 2910 3414 :
2944 3360 3119 3430 primo
3149 3360 3444 3436 Egyptiis,
3480 3375 3600 3436 post

1993 3445 2217 3512 Judaeis,
2238 3447 2476 3521 Assyriis
2495 3465 2715 3522 quoque
2739 3462 2795 3507 et
2816 3451 3000 3509 Persis
3020 3455 3396 3513 auxiliatorem
3427 3456 3600 3515 fuisse

1993 3540 2189 3595 nullus
2225 3553 2385 3613 negat
2417 3560 2431 3596 :
2464 3554 2652 3614 postea
2681 3559 3007 3602 conversum
3037 3547 3104 3603 ad
3139 3547 3441 3618 Romanos,
3474 3567 3598 3608 cum

1993 3631 2078 3688 his
2103 3649 2454 3729 perseverare
2476 3654 2488 3692 :
2510 3638 2745 3710 denique
2765 3641 3000 3697 cessisse
3022 3641 3128 3698 illis
3143 3646 3391 3701 universa
3408 3661 3596 3718 regna,

1995 3739 2213 3782 omnem
2245 3737 2442 3784 terram
2471 3731 2524 3784 in
2554 3733 2958 3800 possessionem
3005 3734 3206 3792 datam.
3249 3737 3389 3805 Quid
3437 3741 3592 3797 vobis

1991 3832 2113 3874 cum
2145 3820 2437 3877 victoribus
2460 3823 2724 3881 universa:
2753 3833 2935 3893 terra},
2969 3827 3166 3898 quibus
3196 3840 3410 3886 secreta
3436 3847 3598 3888 ocea-

1993 3912 2077 3978 ni,
2108 3923 2162 3968 et
2178 3924 2422 3970 extrema
2457 3915 2622 3973 Indiae
2671 3921 2906 3989 parent?
2933 3921 3072 3989 Quid
3103 3931 3340 3980 attexam
3389 3925 3597 3984 Britan-

1993 4005 2140 4072 nias,
2165 4006 2432 4063 intcrfuso
2459 4010 2596 4064 mari
2623 4025 2652 4064 a
2677 4018 2794 4067 toto
2834 4012 2969 4071 orbe
2994 4014 3221 4086 divisas,
3251 4027 3307 4075 et
3334 4034 3362 4074 a
3389 4019 3594 4078 Roma-

1993 4099 2079 4154 nis
2104 4099 2159 4155 in
2186 4099 2373 4156 orbem
2397 4111 2666 4158 terrarum
2699 4103 2988 4161 redactas?
3018 4107 3227 4166 Tremit
3249 4110 3350 4167 hos
3371 4112 3555 4170 Scotia
3577 4156 3592 4182 ,

1991 4207 2114 4263 qua:
2149 4195 2307 4248 tetris
2338 4191 2690 4251 nihildebct:
2724 4198 2906 4253 tretnit
2936 4199 3171 4258 Saxonia
3195 4201 3471 4264 inaccessa
3500 4223 3594 4278 pa-

1991 4283 2231 4351 ludibus,
2264 4294 2320 4341 et
2367 4286 2527 4344 inviis
2556 4297 2708 4360 septa
2756 4292 3083 4362 regionibus.
3133 4296 3264 4365 Quae
3298 4299 3425 4358 licet
3465 4302 3592 4361 belli
3683 4289 3688 4292 I

1991 4393 2181 4435 curam
2210 4379 2460 4437 videatur
2507 4397 2743 4454 augere,
2791 4393 2848 4441 et
2885 4386 2998 4458 ipsa
3028 4387 3348 4463 frequenter
3376 4397 3593 4468 captiva

1991 4470 2250 4528 Romanis
2302 4476 2536 4531 accessit
2578 4477 2873 4548 triumphis
2920 4498 2936 4534 :
2981 4482 3372 4542 validissimum
3422 4505 3594 4560 genus

1990 4562 2270 4621 hominum
2305 4566 2644 4638 perhibetur,
2669 4579 2936 4641 przestans
2963 4576 3178 4633 caeteris
3208 4595 3222 4633 :
3246 4579 3492 4649 piraticis
3517 4595 3598 4640 ta-

1914 4635 1967 4696 D
1996 4671 2120 4711 men
2169 4635 2594 4729 myoparonibus
2623 4635 2730 4716 non
2772 4662 2978 4720 viribus
3007 4667 3216 4735 nititur,
3246 4635 3595 4744 lugtepotius

1993 4763 2153 4820 quam
2207 4750 2350 4806 bello
2397 4760 2605 4821 parata.
2649 4753 2755 4810 Sed
2801 4754 3052 4826 refertis,
3100 4761 3241 4817 mori
3293 4773 3595 4834 praestare,

1994 4857 2153 4914 quam
2187 4843 2494 4900 libertatem
2539 4844 2811 4902 amittere.
2845 4847 3072 4916 Quando
3112 4853 3267 4911 vobis
3291 4857 3393 4913 ista
3418 4857 3598 4917 Judaei

1993 4937 2256 4992 successit
2291 4937 2599 4994 sententia?
2624 4947 2720 4995 aut
2747 4941 2966 5012 quando
2995 4944 3138 5015 apud
3165 4945 3426 5007 Hebraeos
3447 4954 3598 5012 utilis

1994 5031 2096 5089 fuit
2139 5034 2402 5101 servitus,
2458 5032 2699 5091 libertati
2742 5035 2916 5092 inutili
2969 5053 3079 5096 non
3121 5043 3388 5113 praelata?
3425 5047 3594 5107 Jacob

1993 5127 2110 5198 ipse
2157 5127 2464 5198 patriarcha
2507 5127 2560 5182 in
2599 5126 2895 5200 Egyptnm
2946 5131 3171 5191 deduxit
3211 5137 3472 5197 Hebraeos
3526 5157 3596 5199 ne

1995 5221 2239 5292 perirent
2264 5219 2431 5278 fame.
2465 5221 2874 5279 Descenderunt
2892 5226 3239 5300 patriarchae,
3271 5233 3432 5290 simul
3461 5235 3598 5293 duo-

1995 5314 2170 5370 decim
2199 5315 2291 5370 ftlii
2318 5314 2469 5386 ejus,
2495 5315 2758 5386 praeclara
2787 5315 2878 5374 illa
2897 5321 3118 5390 generis
3143 5327 3321 5383 nostri
3346 5329 3590 5387 exordia.

1995 5405 2073 5463 lbi
2097 5405 2266 5462 Judas
2311 5405 2404 5462 ille
2441 5406 2644 5463 nobilis
2690 5407 3002 5468 Judaaorum
3051 5418 3326 5488 prosapia,
3375 5421 3466 5491 qtti
3495 5438 3596 5480 no-

1995 5517 2119 5559 men
2173 5500 2372 5574 populo
2432 5500 2604 5558 dedit.
2653 5501 2733 5559 lbi
2778 5504 2982 5579 Joseph
3027 5523 3191 5567 curru
3244 5512 3497 5574 sublimis
3537 5527 3595 5578 et

2078 5684 2104 5726 ιι
2136 5687 2299 5747 Sorti.
2327 5686 2407 5747 in.

2003 5761 2275 5889 αεᾶεέῗέζῗ
2318 5761 2548 5819 θάπνώ
2582 5764 2792 5836 parum
2832 5763 2973 5824 Dm
2998 5783 3093 5841 Per
3128 5769 3260 5830 vim
3312 5778 3592 5846 potentiam
