  <div class='ocr_page' id='page_1' title='image "/cluster/home/n/w/nwhite01/storage/ocr_20150623/15/hvd.32044015471311/483.png"; bbox 0 0 4082 6344; ppageno 0'>
   <div class='ocr_carea' id='block_1_1' title="bbox 517 314 659 376">
    <p class='ocr_par' dir='ltr' id='par_1_1' title="bbox 517 314 659 376">
     <span class='ocr_line' id='line_1_1' title="bbox 517 314 659 376; baseline 0 -2"><span class='ocrx_word' id='word_1_1' title='bbox 517 314 659 376; x_wconf 68' lang='grc'><strong>2147</strong></span> 
     </span>
    </p>
   </div>
   <div class='ocr_carea' id='block_1_2' title="bbox 1850 313 2470 378">
    <p class='ocr_par' dir='ltr' id='par_1_2' title="bbox 1850 313 2470 378">
     <span class='ocr_line' id='line_1_2' title="bbox 1850 313 2470 378; baseline -0.002 -1"><span class='ocrx_word' id='word_1_2' title='bbox 1850 313 2101 377; x_wconf 76' lang='lat' dir='ltr'><strong>SANCTI</strong></span> <span class='ocrx_word' id='word_1_3' title='bbox 2140 314 2470 378; x_wconf 72' lang='lat' dir='ltr'><strong>AMBROSII</strong></span> 
     </span>
    </p>
   </div>
   <div class='ocr_carea' id='block_1_3' title="bbox 3677 325 3798 389">
    <p class='ocr_par' dir='ltr' id='par_1_3' title="bbox 3677 325 3798 389">
     <span class='ocr_line' id='line_1_3' title="bbox 3677 325 3798 389; baseline 0.033 -3"><span class='ocrx_word' id='word_1_4' title='bbox 3677 325 3798 389; x_wconf 71' lang='lat' dir='ltr'><strong>2M</strong></span> 
     </span>
    </p>
   </div>
   <div class='ocr_carea' id='block_1_4' title="bbox 516 433 3801 517">
    <p class='ocr_par' dir='ltr' id='par_1_4' title="bbox 516 433 3801 517">
     <span class='ocr_line' id='line_1_4' title="bbox 516 433 3801 517; baseline 0.002 -23"><span class='ocrx_word' id='word_1_5' title='bbox 516 439 672 510; x_wconf 86' lang='lat' dir='ltr'><strong>cquis</strong></span> <span class='ocrx_word' id='word_1_6' title='bbox 695 477 710 505; x_wconf 93' lang='lat'><strong>,</strong></span> <span class='ocrx_word' id='word_1_7' title='bbox 749 434 1025 507; x_wconf 76' lang='lat' dir='ltr'><strong>subjicere</strong></span> <span class='ocrx_word' id='word_1_8' title='bbox 1056 449 1117 492; x_wconf 92' lang='lat' dir='ltr'><strong>se</strong></span> <span class='ocrx_word' id='word_1_9' title='bbox 1154 434 1207 490; x_wconf 92' lang='lat' dir='ltr'><strong>in</strong></span> <span class='ocrx_word' id='word_1_10' title='bbox 1246 440 1571 506; x_wconf 86' lang='lat' dir='ltr'><strong>potestatem</strong></span> <span class='ocrx_word' id='word_1_11' title='bbox 1615 433 1834 503; x_wconf 89' lang='lat' dir='ltr'><strong>maluit,</strong></span> <span class='ocrx_word' id='word_1_12' title='bbox 1876 444 1937 492; x_wconf 92' lang='lat' dir='ltr'><strong>ut</strong></span> <span class='ocrx_word' id='word_1_13' title='bbox 1964 436 2135 493; x_wconf 88' lang='lat' dir='ltr'><strong>aleret</strong></span> <span class='ocrx_word' id='word_1_14' title='bbox 2162 438 2211 500; x_wconf 84' lang='grc' dir='ltr'><strong>Α</strong></span> <span class='ocrx_word' id='word_1_15' title='bbox 2238 444 2401 500; x_wconf 85' lang='lat' dir='ltr'><strong>amici</strong></span> <span class='ocrx_word' id='word_1_16' title='bbox 2426 485 2440 509; x_wconf 89' lang='lat'><strong>,</strong></span> <span class='ocrx_word' id='word_1_17' title='bbox 2465 443 2561 517; x_wconf 92' lang='lat' dir='ltr'><strong>qui</strong></span> <span class='ocrx_word' id='word_1_18' title='bbox 2587 443 2879 501; x_wconf 86' lang='lat' dir='ltr'><strong>Persarum</strong></span> <span class='ocrx_word' id='word_1_19' title='bbox 2908 445 3053 503; x_wconf 87' lang='lat' dir='ltr'><strong>servi</strong></span> <span class='ocrx_word' id='word_1_20' title='bbox 3101 445 3307 504; x_wconf 74' lang='lat' dir='ltr'><strong>fuistis.</strong></span> <span class='ocrx_word' id='word_1_21' title='bbox 3335 447 3442 506; x_wconf 86' lang='lat' dir='ltr'><strong>Sed</strong></span> <span class='ocrx_word' id='word_1_22' title='bbox 3482 454 3665 505; x_wconf 84' lang='lat' dir='ltr'><strong>rursus</strong></span> <span class='ocrx_word' id='word_1_23' title='bbox 3702 465 3801 504; x_wconf 82' lang='lat' dir='ltr'><strong>lna-</strong></span> 
     </span>
    </p>
   </div>
   <div class='ocr_carea' id='block_1_5' title="bbox 508 526 2122 604">
    <p class='ocr_par' dir='ltr' id='par_1_5' title="bbox 508 526 2122 604">
     <span class='ocr_line' id='line_1_5' title="bbox 508 526 2122 604; baseline -0.001 -18"><span class='ocrx_word' id='word_1_24' title='bbox 508 547 668 599; x_wconf 89' lang='lat' dir='ltr'><strong>suos,</strong></span> <span class='ocrx_word' id='word_1_25' title='bbox 697 547 860 604; x_wconf 90' lang='lat' dir='ltr'><strong>quam</strong></span> <span class='ocrx_word' id='word_1_26' title='bbox 893 530 961 586; x_wconf 89' lang='lat' dir='ltr'><strong>ad</strong></span> <span class='ocrx_word' id='word_1_27' title='bbox 1004 528 1234 601; x_wconf 81' lang='lat' dir='ltr'><strong>originis</strong></span> <span class='ocrx_word' id='word_1_28' title='bbox 1274 528 1511 600; x_wconf 86' lang='lat' dir='ltr'><strong>propriae</strong></span> <span class='ocrx_word' id='word_1_29' title='bbox 1554 526 1868 585; x_wconf 83' lang='lat' dir='ltr'><strong>libertatem</strong></span> <span class='ocrx_word' id='word_1_30' title='bbox 1918 529 2122 585; x_wconf 89' lang='lat' dir='ltr'><strong>redire.</strong></span> 
     </span>
    </p>
   </div>
   <div class='ocr_carea' id='block_1_6' title="bbox 515 622 2129 698">
    <p class='ocr_par' dir='ltr' id='par_1_6' title="bbox 515 622 2129 698">
     <span class='ocr_line' id='line_1_6' title="bbox 515 622 2129 698; baseline -0.002 -17"><span class='ocrx_word' id='word_1_31' title='bbox 515 625 595 682; x_wconf 90' lang='lat' dir='ltr'><strong>lbi</strong></span> <span class='ocrx_word' id='word_1_32' title='bbox 630 626 908 698; x_wconf 87' lang='lat' dir='ltr'><strong>Beniamin</strong></span> <span class='ocrx_word' id='word_1_33' title='bbox 946 624 1036 695; x_wconf 92' lang='lat' dir='ltr'><strong>pia</strong></span> <span class='ocrx_word' id='word_1_34' title='bbox 1066 622 1254 679; x_wconf 83' lang='lat' dir='ltr'><strong>fraude</strong></span> <span class='ocrx_word' id='word_1_35' title='bbox 1282 623 1525 694; x_wconf 76' lang='lat' dir='ltr'><strong>germani</strong></span> <span class='ocrx_word' id='word_1_36' title='bbox 1560 632 1807 679; x_wconf 90' lang='lat' dir='ltr'><strong>retentus</strong></span> <span class='ocrx_word' id='word_1_37' title='bbox 1829 665 1843 688; x_wconf 88' lang='lat'><strong>,</strong></span> <span class='ocrx_word' id='word_1_38' title='bbox 1895 637 2129 679; x_wconf 87' lang='lat' dir='ltr'><strong>consen-</strong></span> 
     </span>
    </p>
   </div>
   <div class='ocr_carea' id='block_1_7' title="bbox 516 713 2128 791">
    <p class='ocr_par' dir='ltr' id='par_1_7' title="bbox 516 713 2128 791">
     <span class='ocr_line' id='line_1_7' title="bbox 516 713 2128 791; baseline -0.004 -15"><span class='ocrx_word' id='word_1_39' title='bbox 516 721 591 776; x_wconf 88' lang='lat' dir='ltr'><strong>sit</strong></span> <span class='ocrx_word' id='word_1_40' title='bbox 633 721 761 776; x_wconf 85' lang='lat' dir='ltr'><strong>dolo</strong></span> <span class='ocrx_word' id='word_1_41' title='bbox 794 738 809 774; x_wconf 88' lang='lat'><strong>:</strong></span> <span class='ocrx_word' id='word_1_42' title='bbox 843 720 970 791; x_wconf 84' lang='lat' dir='ltr'><strong>quia</strong></span> <span class='ocrx_word' id='word_1_43' title='bbox 1018 734 1126 773; x_wconf 91' lang='lat' dir='ltr'><strong>non</strong></span> <span class='ocrx_word' id='word_1_44' title='bbox 1159 724 1281 774; x_wconf 90' lang='lat' dir='ltr'><strong>erat</strong></span> <span class='ocrx_word' id='word_1_45' title='bbox 1311 717 1523 773; x_wconf 86' lang='lat' dir='ltr'><strong>crimen</strong></span> <span class='ocrx_word' id='word_1_46' title='bbox 1554 716 1773 773; x_wconf 81' lang='lat' dir='ltr'><strong>servire</strong></span> <span class='ocrx_word' id='word_1_47' title='bbox 1803 713 2128 786; x_wconf 83' lang='lat' dir='ltr'><strong>potentiori-</strong></span> 
     </span>
    </p>
   </div>
   <div class='ocr_carea' id='block_1_8' title="bbox 523 806 2126 879">
    <p class='ocr_par' dir='ltr' id='par_1_8' title="bbox 523 806 2126 879">
     <span class='ocr_line' id='line_1_8' title="bbox 523 806 2126 879; baseline -0.005 -10"><span class='ocrx_word' id='word_1_48' title='bbox 523 814 647 869; x_wconf 87' lang='lat' dir='ltr'><strong>bus.</strong></span> <span class='ocrx_word' id='word_1_49' title='bbox 697 812 778 869; x_wconf 86' lang='lat' dir='ltr'><strong>ibi</strong></span> <span class='ocrx_word' id='word_1_50' title='bbox 810 812 1102 869; x_wconf 65' lang='lat' dir='ltr'><strong>baereditas</strong></span> <span class='ocrx_word' id='word_1_51' title='bbox 1131 827 1360 879; x_wconf 87' lang='lat' dir='ltr'><strong>eorum,</strong></span> <span class='ocrx_word' id='word_1_52' title='bbox 1393 826 1518 867; x_wconf 88' lang='lat' dir='ltr'><strong>curn</strong></span> <span class='ocrx_word' id='word_1_53' title='bbox 1562 818 1857 866; x_wconf 87' lang='lat' dir='ltr'><strong>vocaretur</strong></span> <span class='ocrx_word' id='word_1_54' title='bbox 1883 824 1913 862; x_wconf 91' lang='lat' dir='ltr'><strong>a</strong></span> <span class='ocrx_word' id='word_1_55' title='bbox 1943 806 2126 873; x_wconf 66' lang='lat' dir='ltr'><strong>lose,</strong></span> 
     </span>
    </p>
   </div>
   <div class='ocr_carea' id='block_1_9' title="bbox 522 903 2128 977">
    <p class='ocr_par' dir='ltr' id='par_1_9' title="bbox 522 903 2128 977">
     <span class='ocr_line' id='line_1_9' title="bbox 522 903 2128 977; baseline -0.007 -11"><span class='ocrx_word' id='word_1_56' title='bbox 522 918 702 966; x_wconf 87' lang='lat' dir='ltr'><strong>tamen</strong></span> <span class='ocrx_word' id='word_1_57' title='bbox 727 908 938 965; x_wconf 76' lang='lat' dir='ltr'><strong>haerere</strong></span> <span class='ocrx_word' id='word_1_58' title='bbox 957 907 1331 964; x_wconf 82' lang='lat' dir='ltr'><strong>desiderabat.</strong></span> <span class='ocrx_word' id='word_1_59' title='bbox 1358 905 1450 962; x_wconf 88' lang='lat' dir='ltr'><strong>Sic</strong></span> <span class='ocrx_word' id='word_1_60' title='bbox 1476 905 1724 977; x_wconf 72' lang='lat' dir='ltr'><strong>patribus</strong></span> <span class='ocrx_word' id='word_1_61' title='bbox 1746 903 1945 959; x_wconf 82' lang='lat' dir='ltr'><strong>vestris</strong></span> <span class='ocrx_word' id='word_1_62' title='bbox 1963 903 2128 958; x_wconf 88' lang='lat' dir='ltr'><strong>etiam</strong></span> 
     </span>
    </p>
   </div>
   <div class='ocr_carea' id='block_1_10' title="bbox 519 996 2127 1075">
    <p class='ocr_par' dir='ltr' id='par_1_10' title="bbox 519 996 2127 1075">
     <span class='ocr_line' id='line_1_10' title="bbox 519 996 2127 1075; baseline -0.005 -15"><span class='ocrx_word' id='word_1_63' title='bbox 519 1004 654 1060; x_wconf 88' lang='lat' dir='ltr'><strong>dura</strong></span> <span class='ocrx_word' id='word_1_64' title='bbox 684 1003 926 1061; x_wconf 81' lang='lat' dir='ltr'><strong>scrvitus</strong></span> <span class='ocrx_word' id='word_1_65' title='bbox 952 1018 1059 1058; x_wconf 92' lang='lat' dir='ltr'><strong>non</strong></span> <span class='ocrx_word' id='word_1_66' title='bbox 1088 1001 1449 1075; x_wconf 89' lang='lat' dir='ltr'><strong>displicebat,</strong></span> <span class='ocrx_word' id='word_1_67' title='bbox 1497 1010 1553 1057; x_wconf 92' lang='lat' dir='ltr'><strong>ut</strong></span> <span class='ocrx_word' id='word_1_68' title='bbox 1583 998 1850 1065; x_wconf 78' lang='lat' dir='ltr'><strong>periculis</strong></span> <span class='ocrx_word' id='word_1_69' title='bbox 1877 996 2127 1054; x_wconf 79' lang='lat' dir='ltr'><strong>antefer-</strong></span> 
     </span>
    </p>
   </div>
   <div class='ocr_carea' id='block_1_11' title="bbox 520 1089 2127 1169">
    <p class='ocr_par' dir='ltr' id='par_1_11' title="bbox 520 1089 2127 1169">
     <span class='ocr_line' id='line_1_11' title="bbox 520 1089 2127 1169; baseline -0.004 -17"><span class='ocrx_word' id='word_1_70' title='bbox 520 1107 695 1152; x_wconf 80' lang='lat' dir='ltr'><strong>retur.</strong></span> <span class='ocrx_word' id='word_1_71' title='bbox 731 1095 990 1153; x_wconf 88' lang='lat' dir='ltr'><strong>Servistis</strong></span> <span class='ocrx_word' id='word_1_72' title='bbox 1006 1110 1138 1167; x_wconf 90' lang='lat' dir='ltr'><strong>ergo</strong></span> <span class='ocrx_word' id='word_1_73' title='bbox 1157 1094 1430 1169; x_wconf 62' lang='lat' dir='ltr'><strong>IEgyptiis</strong></span> <span class='ocrx_word' id='word_1_74' title='bbox 1449 1137 1463 1162; x_wconf 94' lang='lat'><strong>,</strong></span> <span class='ocrx_word' id='word_1_75' title='bbox 1482 1108 1647 1166; x_wconf 84' lang='lat' dir='ltr'><strong>atque</strong></span> <span class='ocrx_word' id='word_1_76' title='bbox 1680 1094 1890 1149; x_wconf 81' lang='lat' dir='ltr'><strong>utinam</strong></span> <span class='ocrx_word' id='word_1_77' title='bbox 1919 1089 2127 1149; x_wconf 84' lang='lat' dir='ltr'><strong>semel!</strong></span> 
     </span>
    </p>
   </div>
   <div class='ocr_carea' id='block_1_12' title="bbox 522 1185 2132 1258">
    <p class='ocr_par' dir='ltr' id='par_1_12' title="bbox 522 1185 2132 1258">
     <span class='ocr_line' id='line_1_12' title="bbox 522 1185 2132 1258; baseline -0.003 -14"><span class='ocrx_word' id='word_1_78' title='bbox 522 1188 632 1246; x_wconf 88' lang='lat' dir='ltr'><strong>Sed</strong></span> <span class='ocrx_word' id='word_1_79' title='bbox 664 1204 772 1245; x_wconf 89' lang='lat' dir='ltr'><strong>non</strong></span> <span class='ocrx_word' id='word_1_80' title='bbox 799 1188 979 1244; x_wconf 85' lang='lat' dir='ltr'><strong>solum</strong></span> <span class='ocrx_word' id='word_1_81' title='bbox 1012 1197 1142 1244; x_wconf 83' lang='lat' dir='ltr'><strong>tunc</strong></span> <span class='ocrx_word' id='word_1_82' title='bbox 1162 1187 1420 1245; x_wconf 73' lang='lat' dir='ltr'><strong>servistis</strong></span> <span class='ocrx_word' id='word_1_83' title='bbox 1436 1230 1452 1257; x_wconf 85' lang='grc'><em>,</em></span> <span class='ocrx_word' id='word_1_84' title='bbox 1480 1186 1700 1258; x_wconf 80' lang='lat' dir='ltr'><strong>quando</strong></span> <span class='ocrx_word' id='word_1_85' title='bbox 1725 1185 1973 1245; x_wconf 78' lang='lat' dir='ltr'><strong>ctelestis</strong></span> <span class='ocrx_word' id='word_1_86' title='bbox 1990 1197 2132 1240; x_wconf 69' lang='lat' dir='ltr'><strong>escre</strong></span> 
     </span>
    </p>
   </div>
   <div class='ocr_carea' id='block_1_13' title="bbox 530 1277 2130 1357">
    <p class='ocr_par' dir='ltr' id='par_1_13' title="bbox 530 1277 2130 1357">
     <span class='ocr_line' id='line_1_13' title="bbox 530 1277 2130 1357; baseline -0.003 -21"><span class='ocrx_word' id='word_1_87' title='bbox 530 1284 730 1357; x_wconf 82' lang='lat' dir='ltr'><strong>pluviis</strong></span> <span class='ocrx_word' id='word_1_88' title='bbox 758 1284 1079 1339; x_wconf 83' lang='lat' dir='ltr'><strong>alimoniam</strong></span> <span class='ocrx_word' id='word_1_89' title='bbox 1110 1283 1391 1339; x_wconf 81' lang='lat' dir='ltr'><strong>servitutis</strong></span> <span class='ocrx_word' id='word_1_90' title='bbox 1414 1289 1680 1339; x_wconf 66' lang='lat' dir='ltr'><strong>extremae</strong></span> <span class='ocrx_word' id='word_1_91' title='bbox 1708 1277 2086 1353; x_wconf 70' lang='lat' dir='ltr'><strong>pmferebatis</strong></span> <span class='ocrx_word' id='word_1_92' title='bbox 2115 1294 2130 1331; x_wconf 88' lang='lat'><strong>:</strong></span> 
     </span>
    </p>
   </div>
   <div class='ocr_carea' id='block_1_14' title="bbox 529 1370 2131 1447">
    <p class='ocr_par' dir='ltr' id='par_1_14' title="bbox 529 1370 2131 1447">
     <span class='ocr_line' id='line_1_14' title="bbox 529 1370 2131 1447; baseline -0.004 -15"><span class='ocrx_word' id='word_1_93' title='bbox 529 1378 627 1434; x_wconf 89' lang='lat' dir='ltr'><strong>sed</strong></span> <span class='ocrx_word' id='word_1_94' title='bbox 660 1377 827 1433; x_wconf 88' lang='lat' dir='ltr'><strong>etiam</strong></span> <span class='ocrx_word' id='word_1_95' title='bbox 855 1386 1048 1447; x_wconf 87' lang='lat' dir='ltr'><strong>postea</strong></span> <span class='ocrx_word' id='word_1_96' title='bbox 1096 1377 1223 1431; x_wconf 85' lang='lat' dir='ltr'><strong>victi</strong></span> <span class='ocrx_word' id='word_1_97' title='bbox 1255 1382 1421 1446; x_wconf 84' lang='lat' dir='ltr'><strong>atque</strong></span> <span class='ocrx_word' id='word_1_98' title='bbox 1450 1375 1650 1446; x_wconf 79' lang='lat' dir='ltr'><strong>captivi</strong></span> <span class='ocrx_word' id='word_1_99' title='bbox 1681 1372 2049 1431; x_wconf 87' lang='lat' dir='ltr'><strong>descendistis</strong></span> <span class='ocrx_word' id='word_1_100' title='bbox 2078 1370 2131 1426; x_wconf 90' lang='lat' dir='ltr'><strong>in</strong></span> 
     </span>
    </p>
   </div>
   <div class='ocr_carea' id='block_1_15' title="bbox 519 1465 2133 1543">
    <p class='ocr_par' dir='ltr' id='par_1_15' title="bbox 519 1465 2133 1543">
     <span class='ocr_line' id='line_1_15' title="bbox 519 1465 2133 1543; baseline -0.005 -16"><span class='ocrx_word' id='word_1_101' title='bbox 519 1470 837 1543; x_wconf 64' lang='lat' dir='ltr'><strong>Aigyptum,</strong></span> <span class='ocrx_word' id='word_1_102' title='bbox 870 1485 997 1527; x_wconf 92' lang='lat' dir='ltr'><strong>cum</strong></span> <span class='ocrx_word' id='word_1_103' title='bbox 1020 1470 1280 1542; x_wconf 80' lang='lat' dir='ltr'><strong>Assyrios</strong></span> <span class='ocrx_word' id='word_1_104' title='bbox 1302 1468 1648 1540; x_wconf 80' lang='lat' dir='ltr'><strong>refugeretis.</strong></span> <span class='ocrx_word' id='word_1_105' title='bbox 1681 1468 1943 1525; x_wconf 87' lang='lat' dir='ltr'><strong>Servistis</strong></span> <span class='ocrx_word' id='word_1_106' title='bbox 1969 1465 2133 1523; x_wconf 90' lang='lat' dir='ltr'><strong>etiam</strong></span> 
     </span>
    </p>
   </div>
   <div class='ocr_carea' id='block_1_16' title="bbox 520 1557 2137 1635">
    <p class='ocr_par' dir='ltr' id='par_1_16' title="bbox 520 1557 2137 1635">
     <span class='ocr_line' id='line_1_16' title="bbox 520 1557 2137 1635; baseline -0.003 -17"><span class='ocrx_word' id='word_1_107' title='bbox 520 1564 762 1635; x_wconf 73' lang='lat' dir='ltr'><strong>Assyriis</strong></span> <span class='ocrx_word' id='word_1_108' title='bbox 794 1578 893 1633; x_wconf 91' lang='lat' dir='ltr'><strong>per</strong></span> <span class='ocrx_word' id='word_1_109' title='bbox 928 1562 1101 1619; x_wconf 81' lang='lat' dir='ltr'><strong>multa</strong></span> <span class='ocrx_word' id='word_1_110' title='bbox 1129 1576 1400 1617; x_wconf 90' lang='lat' dir='ltr'><strong>annorum</strong></span> <span class='ocrx_word' id='word_1_111' title='bbox 1446 1560 1748 1627; x_wconf 89' lang='lat' dir='ltr'><strong>curricula,</strong></span> <span class='ocrx_word' id='word_1_112' title='bbox 1783 1568 1841 1615; x_wconf 87' lang='lat' dir='ltr'><strong>et.</strong></span> <span class='ocrx_word' id='word_1_113' title='bbox 1862 1559 2039 1615; x_wconf 85' lang='lat' dir='ltr'><strong>dulcis</strong></span> <span class='ocrx_word' id='word_1_114' title='bbox 2066 1557 2137 1613; x_wconf 82' lang='lat' dir='ltr'><strong>il-</strong></span> 
     </span>
    </p>
   </div>
   <div class='ocr_carea' id='block_1_17' title="bbox 520 1653 2135 1722">
    <p class='ocr_par' dir='ltr' id='par_1_17' title="bbox 520 1653 2135 1722">
     <span class='ocr_line' id='line_1_17' title="bbox 520 1653 2135 1722; baseline -0.001 -12"><span class='ocrx_word' id='word_1_115' title='bbox 520 1656 571 1711; x_wconf 87' lang='lat' dir='ltr'><strong>la</strong></span> <span class='ocrx_word' id='word_1_116' title='bbox 622 1657 866 1713; x_wconf 87' lang='lat' dir='ltr'><strong>servitus</strong></span> <span class='ocrx_word' id='word_1_117' title='bbox 914 1664 1055 1713; x_wconf 85' lang='lat' dir='ltr'><strong>erat.</strong></span> <span class='ocrx_word' id='word_1_118' title='bbox 1090 1656 1351 1713; x_wconf 87' lang='lat' dir='ltr'><strong>Servistis</strong></span> <span class='ocrx_word' id='word_1_119' title='bbox 1393 1655 1808 1722; x_wconf 79' lang='lat' dir='ltr'><strong>Macedonibus,</strong></span> <span class='ocrx_word' id='word_1_120' title='bbox 1844 1653 2062 1720; x_wconf 84' lang='lat' dir='ltr'><strong>Persis,</strong></span> <span class='ocrx_word' id='word_1_121' title='bbox 2107 1661 2135 1689; x_wconf 73' lang='grc'><strong>⁸</strong></span> 
     </span>
    </p>
   </div>
   <div class='ocr_carea' id='block_1_18' title="bbox 522 1747 2137 1819">
    <p class='ocr_par' dir='ltr' id='par_1_18' title="bbox 522 1747 2137 1819">
     <span class='ocr_line' id='line_1_18' title="bbox 522 1747 2137 1819; baseline -0.004 -10"><span class='ocrx_word' id='word_1_122' title='bbox 522 1751 951 1810; x_wconf 88' lang='lat' dir='ltr'><strong>Seleucensibus</strong></span> <span class='ocrx_word' id='word_1_123' title='bbox 977 1790 994 1819; x_wconf 95' lang='lat'><strong>,</strong></span> <span class='ocrx_word' id='word_1_124' title='bbox 1044 1750 1350 1807; x_wconf 68' lang='lat' dir='ltr'><strong>Palaestinis</strong></span> <span class='ocrx_word' id='word_1_125' title='bbox 1391 1769 1406 1809; x_wconf 89' lang='lat'><strong>:</strong></span> <span class='ocrx_word' id='word_1_126' title='bbox 1460 1750 1612 1808; x_wconf 83' lang='lat' dir='ltr'><strong>solos</strong></span> <span class='ocrx_word' id='word_1_127' title='bbox 1656 1750 1935 1806; x_wconf 83' lang='lat' dir='ltr'><strong>Romanos</strong></span> <span class='ocrx_word' id='word_1_128' title='bbox 1977 1747 2137 1804; x_wconf 82' lang='lat' dir='ltr'><strong>vobis</strong></span> 
     </span>
    </p>
   </div>
   <div class='ocr_carea' id='block_1_19' title="bbox 2229 537 3797 614">
    <p class='ocr_par' dir='ltr' id='par_1_19' title="bbox 2229 537 3797 614">
     <span class='ocr_line' id='line_1_19' title="bbox 2229 537 3797 614; baseline 0.003 -21"><span class='ocrx_word' id='word_1_129' title='bbox 2229 537 2409 594; x_wconf 86' lang='lat' dir='ltr'><strong>luistis</strong></span> <span class='ocrx_word' id='word_1_130' title='bbox 2430 553 2613 611; x_wconf 86' lang='lat' dir='ltr'><strong>regem</strong></span> <span class='ocrx_word' id='word_1_131' title='bbox 2632 537 2838 595; x_wconf 82' lang='lat' dir='ltr'><strong>habere</strong></span> <span class='ocrx_word' id='word_1_132' title='bbox 2855 580 2870 607; x_wconf 92' lang='lat'><strong>,</strong></span> <span class='ocrx_word' id='word_1_133' title='bbox 2895 554 3056 611; x_wconf 88' lang='lat' dir='ltr'><strong>quam</strong></span> <span class='ocrx_word' id='word_1_134' title='bbox 3079 538 3107 580; x_wconf 75' lang='grc' dir='ltr'><em>ά</em></span> <span class='ocrx_word' id='word_1_135' title='bbox 3130 541 3475 598; x_wconf 82' lang='lat' dir='ltr'><strong>sacerdotum</strong></span> <span class='ocrx_word' id='word_1_136' title='bbox 3500 543 3797 614; x_wconf 85' lang='lat' dir='ltr'><strong>principem,</strong></span> 
     </span>
    </p>
   </div>
   <div class='ocr_carea' id='block_1_20' title="bbox 2225 632 3801 704">
    <p class='ocr_par' dir='ltr' id='par_1_20' title="bbox 2225 632 3801 704">
     <span class='ocr_line' id='line_1_20' title="bbox 2225 632 3801 704; baseline 0.006 -17"><span class='ocrx_word' id='word_1_137' title='bbox 2225 632 2314 688; x_wconf 91' lang='lat' dir='ltr'><strong>cui</strong></span> <span class='ocrx_word' id='word_1_138' title='bbox 2367 633 2598 704; x_wconf 80' lang='lat' dir='ltr'><strong>populus</strong></span> <span class='ocrx_word' id='word_1_139' title='bbox 2628 634 3070 703; x_wconf 84' lang='lat' dir='ltr'><strong>obtemperaret,</strong></span> <span class='ocrx_word' id='word_1_140' title='bbox 3115 650 3238 693; x_wconf 89' lang='lat' dir='ltr'><strong>cum</strong></span> <span class='ocrx_word' id='word_1_141' title='bbox 3268 638 3481 693; x_wconf 66' lang='lat' dir='ltr'><strong>saevitia</strong></span> <span class='ocrx_word' id='word_1_142' title='bbox 3519 648 3801 696; x_wconf 84' lang='lat' dir='ltr'><strong>vestrorum</strong></span> 
     </span>
    </p>
   </div>
   <div class='ocr_carea' id='block_1_21' title="bbox 2229 726 3804 802">
    <p class='ocr_par' dir='ltr' id='par_1_21' title="bbox 2229 726 3804 802">
     <span class='ocr_line' id='line_1_21' title="bbox 2229 726 3804 802; baseline 0.004 -22"><span class='ocrx_word' id='word_1_143' title='bbox 2229 740 2418 797; x_wconf 82' lang='lat' dir='ltr'><strong>regum</strong></span> <span class='ocrx_word' id='word_1_144' title='bbox 2447 735 2596 782; x_wconf 88' lang='lat' dir='ltr'><strong>esset</strong></span> <span class='ocrx_word' id='word_1_145' title='bbox 2624 726 2990 785; x_wconf 87' lang='lat' dir='ltr'><strong>intolerabilis</strong></span> <span class='ocrx_word' id='word_1_146' title='bbox 3030 747 3044 783; x_wconf 90' lang='lat'><strong>:</strong></span> <span class='ocrx_word' id='word_1_147' title='bbox 3087 727 3348 785; x_wconf 75' lang='lat' dir='ltr'><strong>defuncto</strong></span> <span class='ocrx_word' id='word_1_148' title='bbox 3386 726 3619 798; x_wconf 81' lang='lat' dir='ltr'><strong>Herode,</strong></span> <span class='ocrx_word' id='word_1_149' title='bbox 3664 731 3804 802; x_wconf 87' lang='lat' dir='ltr'><strong>pulso</strong></span> 
     </span>
    </p>
   </div>
   <div class='ocr_carea' id='block_1_22' title="bbox 2230 817 3804 894">
    <p class='ocr_par' dir='ltr' id='par_1_22' title="bbox 2230 817 3804 894">
     <span class='ocr_line' id='line_1_22' title="bbox 2230 817 3804 894; baseline 0.004 -21"><span class='ocrx_word' id='word_1_150' title='bbox 2230 817 2539 882; x_wconf 81' lang='lat' dir='ltr'><strong>Archelao,</strong></span> <span class='ocrx_word' id='word_1_151' title='bbox 2568 818 2672 875; x_wconf 91' lang='lat' dir='ltr'><strong>sub</strong></span> <span class='ocrx_word' id='word_1_152' title='bbox 2712 819 2927 876; x_wconf 66' lang='lat' dir='ltr'><strong>Cresare</strong></span> <span class='ocrx_word' id='word_1_153' title='bbox 2954 834 3079 877; x_wconf 89' lang='lat' dir='ltr'><strong>esse</strong></span> <span class='ocrx_word' id='word_1_154' title='bbox 3130 820 3377 878; x_wconf 74' lang='lat' dir='ltr'><strong>Romano</strong></span> <span class='ocrx_word' id='word_1_155' title='bbox 3424 822 3804 894; x_wconf 87' lang='lat' dir='ltr'><strong>postulavistis.</strong></span> 
     </span>
    </p>
   </div>
   <div class='ocr_carea' id='block_1_23' title="bbox 2231 910 3806 973">
    <p class='ocr_par' dir='ltr' id='par_1_23' title="bbox 2231 910 3806 973">
     <span class='ocr_line' id='line_1_23' title="bbox 2231 910 3806 973; baseline 0.005 -8"><span class='ocrx_word' id='word_1_156' title='bbox 2231 910 2556 967; x_wconf 82' lang='lat' dir='ltr'><strong>Tradidistis</strong></span> <span class='ocrx_word' id='word_1_157' title='bbox 2585 927 2683 965; x_wconf 88' lang='lat' dir='ltr'><strong>vos</strong></span> <span class='ocrx_word' id='word_1_158' title='bbox 2711 910 2916 969; x_wconf 60' lang='lat' dir='ltr'><strong>Caesari</strong></span> <span class='ocrx_word' id='word_1_159' title='bbox 2955 913 3040 969; x_wconf 92' lang='lat' dir='ltr'><strong>cui</strong></span> <span class='ocrx_word' id='word_1_160' title='bbox 3090 915 3340 971; x_wconf 85' lang='lat' dir='ltr'><strong>servistis</strong></span> <span class='ocrx_word' id='word_1_161' title='bbox 3367 929 3559 973; x_wconf 88' lang='lat' dir='ltr'><strong>omnes</strong></span> <span class='ocrx_word' id='word_1_162' title='bbox 3585 916 3649 972; x_wconf 89' lang='lat' dir='ltr'><strong>ad</strong></span> <span class='ocrx_word' id='word_1_163' title='bbox 3699 932 3806 973; x_wconf 85' lang='lat' dir='ltr'><strong>mu-</strong></span> 
     </span>
    </p>
   </div>
   <div class='ocr_carea' id='block_1_24' title="bbox 2235 1003 3809 1067">
    <p class='ocr_par' dir='ltr' id='par_1_24' title="bbox 2235 1003 3809 1067">
     <span class='ocr_line' id='line_1_24' title="bbox 2235 1003 3809 1067; baseline 0.006 -9"><span class='ocrx_word' id='word_1_164' title='bbox 2235 1003 2458 1059; x_wconf 85' lang='lat' dir='ltr'><strong>tandum</strong></span> <span class='ocrx_word' id='word_1_165' title='bbox 2488 1005 2540 1059; x_wconf 90' lang='lat' dir='ltr'><strong>in</strong></span> <span class='ocrx_word' id='word_1_166' title='bbox 2573 1004 2766 1061; x_wconf 88' lang='lat' dir='ltr'><strong>melius</strong></span> <span class='ocrx_word' id='word_1_167' title='bbox 2796 1006 3104 1063; x_wconf 83' lang='lat' dir='ltr'><strong>servitium.</strong></span> <span class='ocrx_word' id='word_1_168' title='bbox 3130 1008 3188 1064; x_wconf 85' lang='lat' dir='ltr'><strong>in</strong></span> <span class='ocrx_word' id='word_1_169' title='bbox 3220 1009 3499 1067; x_wconf 84' lang='lat' dir='ltr'><strong>communi</strong></span> <span class='ocrx_word' id='word_1_170' title='bbox 3527 1011 3667 1067; x_wconf 80' lang='lat' dir='ltr'><strong>enim</strong></span> <span class='ocrx_word' id='word_1_171' title='bbox 3692 1024 3809 1067; x_wconf 83' lang='lat' dir='ltr'><strong>cort-</strong></span> 
     </span>
    </p>
   </div>
   <div class='ocr_carea' id='block_1_25' title="bbox 2231 1096 3808 1173">
    <p class='ocr_par' dir='ltr' id='par_1_25' title="bbox 2231 1096 3808 1173">
     <span class='ocr_line' id='line_1_25' title="bbox 2231 1096 3808 1173; baseline 0.003 -20"><span class='ocrx_word' id='word_1_172' title='bbox 2231 1096 2441 1154; x_wconf 79' lang='lat' dir='ltr'><strong>ditioae</strong></span> <span class='ocrx_word' id='word_1_173' title='bbox 2470 1098 2851 1156; x_wconf 79' lang='lat' dir='ltr'><strong>universorum</strong></span> <span class='ocrx_word' id='word_1_174' title='bbox 2895 1103 3121 1170; x_wconf 82' lang='lat' dir='ltr'><strong>servire,</strong></span> <span class='ocrx_word' id='word_1_175' title='bbox 3148 1103 3396 1173; x_wconf 68' lang='lat' dir='ltr'><strong>quaedam</strong></span> <span class='ocrx_word' id='word_1_176' title='bbox 3427 1103 3651 1159; x_wconf 82' lang='lat' dir='ltr'><strong>libertas</strong></span> <span class='ocrx_word' id='word_1_177' title='bbox 3679 1112 3756 1160; x_wconf 85' lang='lat' dir='ltr'><strong>cst</strong></span> <span class='ocrx_word' id='word_1_178' title='bbox 3794 1119 3808 1157; x_wconf 89' lang='lat'><strong>:</strong></span> 
     </span>
    </p>
   </div>
   <div class='ocr_carea' id='block_1_26' title="bbox 2235 1189 3812 1263">
    <p class='ocr_par' dir='ltr' id='par_1_26' title="bbox 2235 1189 3812 1263">
     <span class='ocr_line' id='line_1_26' title="bbox 2235 1189 3812 1263; baseline 0.005 -20"><span class='ocrx_word' id='word_1_179' title='bbox 2235 1189 2493 1259; x_wconf 83' lang='lat' dir='ltr'><strong>quoniam</strong></span> <span class='ocrx_word' id='word_1_180' title='bbox 2524 1189 2785 1263; x_wconf 76' lang='lat' dir='ltr'><strong>dignitate</strong></span> <span class='ocrx_word' id='word_1_181' title='bbox 2826 1191 3225 1249; x_wconf 88' lang='lat' dir='ltr'><strong>dominantium</strong></span> <span class='ocrx_word' id='word_1_182' title='bbox 3273 1195 3629 1251; x_wconf 80' lang='lat' dir='ltr'><strong>bonestantur</strong></span> <span class='ocrx_word' id='word_1_183' title='bbox 3672 1196 3812 1251; x_wconf 65' lang='lat' dir='ltr'><strong>obsc«</strong></span> 
     </span>
    </p>
   </div>
   <div class='ocr_carea' id='block_1_27' title="bbox 2235 1280 3811 1357">
    <p class='ocr_par' dir='ltr' id='par_1_27' title="bbox 2235 1280 3811 1357">
     <span class='ocr_line' id='line_1_27' title="bbox 2235 1280 3811 1357; baseline 0.006 -24"><span class='ocrx_word' id='word_1_184' title='bbox 2235 1280 2363 1351; x_wconf 86' lang='lat' dir='ltr'><strong>quia</strong></span> <span class='ocrx_word' id='word_1_185' title='bbox 2395 1296 2678 1338; x_wconf 79' lang='lat' dir='ltr'><strong>servorum</strong></span> <span class='ocrx_word' id='word_1_186' title='bbox 2708 1302 2722 1339; x_wconf 91' lang='lat'><strong>:</strong></span> <span class='ocrx_word' id='word_1_187' title='bbox 2754 1299 3078 1357; x_wconf 85' lang='lat' dir='ltr'><strong>quamquam</strong></span> <span class='ocrx_word' id='word_1_188' title='bbox 3125 1286 3357 1342; x_wconf 79' lang='lat' dir='ltr'><strong>Romani</strong></span> <span class='ocrx_word' id='word_1_189' title='bbox 3383 1288 3695 1343; x_wconf 80' lang='lat' dir='ltr'><strong>servitutem</strong></span> <span class='ocrx_word' id='word_1_190' title='bbox 3718 1302 3811 1342; x_wconf 90' lang='lat' dir='ltr'><strong>non</strong></span> 
     </span>
    </p>
   </div>
   <div class='ocr_carea' id='block_1_28' title="bbox 2237 1375 3810 1449">
    <p class='ocr_par' dir='ltr' id='par_1_28' title="bbox 2237 1375 3810 1449">
     <span class='ocr_line' id='line_1_28' title="bbox 2237 1375 3810 1449; baseline 0.005 -21"><span class='ocrx_word' id='word_1_191' title='bbox 2237 1375 2458 1446; x_wconf 78' lang='lat' dir='ltr'><strong>exigant</strong></span> <span class='ocrx_word' id='word_1_192' title='bbox 2476 1384 2730 1432; x_wconf 84' lang='lat' dir='ltr'><strong>auctores</strong></span> <span class='ocrx_word' id='word_1_193' title='bbox 2760 1376 3049 1443; x_wconf 84' lang='lat' dir='ltr'><strong>libertatis,</strong></span> <span class='ocrx_word' id='word_1_194' title='bbox 3082 1380 3206 1449; x_wconf 80' lang='lat' dir='ltr'><strong>quia</strong></span> <span class='ocrx_word' id='word_1_195' title='bbox 3238 1394 3346 1435; x_wconf 90' lang='lat' dir='ltr'><strong>non</strong></span> <span class='ocrx_word' id='word_1_196' title='bbox 3371 1379 3547 1435; x_wconf 84' lang='lat' dir='ltr'><strong>solum</strong></span> <span class='ocrx_word' id='word_1_197' title='bbox 3572 1380 3810 1436; x_wconf 84' lang='lat' dir='ltr'><strong>immitem</strong></span> 
     </span>
    </p>
   </div>
   <div class='ocr_carea' id='block_1_29' title="bbox 2238 1472 3815 1546">
    <p class='ocr_par' dir='ltr' id='par_1_29' title="bbox 2238 1472 3815 1546">
     <span class='ocr_line' id='line_1_29' title="bbox 2238 1472 3815 1546; baseline 0.004 -24"><span class='ocrx_word' id='word_1_198' title='bbox 2238 1482 2422 1536; x_wconf 81' lang='lat' dir='ltr'><strong>regem</strong></span> <span class='ocrx_word' id='word_1_199' title='bbox 2475 1480 2770 1536; x_wconf 84' lang='lat' dir='ltr'><strong>necarunt,</strong></span> <span class='ocrx_word' id='word_1_200' title='bbox 2825 1472 2921 1527; x_wconf 90' lang='lat' dir='ltr'><strong>sed</strong></span> <span class='ocrx_word' id='word_1_201' title='bbox 2981 1472 3145 1528; x_wconf 87' lang='lat' dir='ltr'><strong>etiam</strong></span> <span class='ocrx_word' id='word_1_202' title='bbox 3200 1473 3497 1544; x_wconf 87' lang='lat' dir='ltr'><strong>superbum</strong></span> <span class='ocrx_word' id='word_1_203' title='bbox 3545 1489 3649 1529; x_wconf 83' lang='lat' dir='ltr'><strong>non</strong></span> <span class='ocrx_word' id='word_1_204' title='bbox 3688 1473 3815 1546; x_wconf 80' lang='lat' dir='ltr'><strong>passi</strong></span> 
     </span>
    </p>
   </div>
   <div class='ocr_carea' id='block_1_30' title="bbox 2238 1562 3811 1641">
    <p class='ocr_par' dir='ltr' id='par_1_30' title="bbox 2238 1562 3811 1641">
     <span class='ocr_line' id='line_1_30' title="bbox 2238 1562 3811 1641; baseline 0.004 -26"><span class='ocrx_word' id='word_1_205' title='bbox 2238 1569 2368 1617; x_wconf 85' lang='lat' dir='ltr'><strong>sunt</strong></span> <span class='ocrx_word' id='word_1_206' title='bbox 2392 1576 2409 1627; x_wconf 70' lang='grc' dir='ltr'>ς</span> <span class='ocrx_word' id='word_1_207' title='bbox 2431 1572 2486 1617; x_wconf 91' lang='lat' dir='ltr'><strong>et</strong></span> <span class='ocrx_word' id='word_1_208' title='bbox 2517 1562 2637 1618; x_wconf 77' lang='lat' dir='ltr'><strong>ideo</strong></span> <span class='ocrx_word' id='word_1_209' title='bbox 2665 1572 2953 1636; x_wconf 85' lang='lat' dir='ltr'><strong>augustum</strong></span> <span class='ocrx_word' id='word_1_210' title='bbox 2978 1566 3119 1635; x_wconf 88' lang='lat' dir='ltr'><strong>apud</strong></span> <span class='ocrx_word' id='word_1_211' title='bbox 3145 1581 3242 1623; x_wconf 91' lang='lat' dir='ltr'><strong>eos</strong></span> <span class='ocrx_word' id='word_1_212' title='bbox 3264 1583 3463 1625; x_wconf 88' lang='lat' dir='ltr'><strong>nomen</strong></span> <span class='ocrx_word' id='word_1_213' title='bbox 3488 1577 3571 1624; x_wconf 91' lang='lat' dir='ltr'><strong>est</strong></span> <span class='ocrx_word' id='word_1_214' title='bbox 3598 1569 3811 1641; x_wconf 75' lang='lat' dir='ltr'><strong>imperii,</strong></span> 
     </span>
    </p>
   </div>
   <div class='ocr_carea' id='block_1_31' title="bbox 2240 1654 3814 1733">
    <p class='ocr_par' dir='ltr' id='par_1_31' title="bbox 2240 1654 3814 1733">
     <span class='ocr_line' id='line_1_31' title="bbox 2240 1654 3814 1733; baseline 0.005 -24"><span class='ocrx_word' id='word_1_215' title='bbox 2240 1654 2385 1724; x_wconf 87' lang='lat' dir='ltr'><strong>quod</strong></span> <span class='ocrx_word' id='word_1_216' title='bbox 2413 1665 2607 1726; x_wconf 81' lang='lat' dir='ltr'><strong>augeat</strong></span> <span class='ocrx_word' id='word_1_217' title='bbox 2633 1666 2763 1712; x_wconf 87' lang='lat' dir='ltr'><strong>suos</strong></span> <span class='ocrx_word' id='word_1_218' title='bbox 2787 1698 2803 1724; x_wconf 96' lang='lat'><strong>,</strong></span> <span class='ocrx_word' id='word_1_219' title='bbox 2850 1672 2959 1713; x_wconf 89' lang='lat' dir='ltr'><strong>non</strong></span> <span class='ocrx_word' id='word_1_220' title='bbox 2988 1659 3131 1731; x_wconf 87' lang='lat' dir='ltr'><strong>quod</strong></span> <span class='ocrx_word' id='word_1_221' title='bbox 3157 1660 3366 1717; x_wconf 74' lang='lat' dir='ltr'><strong>alienos</strong></span> <span class='ocrx_word' id='word_1_222' title='bbox 3399 1663 3692 1733; x_wconf 83' lang='lat' dir='ltr'><strong>opprimat.</strong></span> <span class='ocrx_word' id='word_1_223' title='bbox 3722 1661 3814 1719; x_wconf 86' lang='lat' dir='ltr'><strong>Sed</strong></span> 
     </span>
    </p>
   </div>
   <div class='ocr_carea' id='block_1_32' title="bbox 2239 1748 3814 1823">
    <p class='ocr_par' dir='ltr' id='par_1_32' title="bbox 2239 1748 3814 1823">
     <span class='ocr_line' id='line_1_32' title="bbox 2239 1748 3814 1823; baseline 0.006 -22"><span class='ocrx_word' id='word_1_224' title='bbox 2239 1758 2360 1801; x_wconf 86' lang='lat' dir='ltr'><strong>esto</strong></span> <span class='ocrx_word' id='word_1_225' title='bbox 2383 1787 2398 1813; x_wconf 94' lang='lat'><strong>,</strong></span> <span class='ocrx_word' id='word_1_226' title='bbox 2423 1748 2498 1802; x_wconf 89' lang='lat' dir='ltr'><strong>sit</strong></span> <span class='ocrx_word' id='word_1_227' title='bbox 2520 1748 2654 1804; x_wconf 87' lang='lat' dir='ltr'><strong>utile</strong></span> <span class='ocrx_word' id='word_1_228' title='bbox 2685 1750 2839 1805; x_wconf 85' lang='lat' dir='ltr'><strong>vobis</strong></span> <span class='ocrx_word' id='word_1_229' title='bbox 2857 1793 2872 1819; x_wconf 95' lang='lat'><strong>,</strong></span> <span class='ocrx_word' id='word_1_230' title='bbox 2908 1766 3018 1807; x_wconf 89' lang='lat' dir='ltr'><strong>non</strong></span> <span class='ocrx_word' id='word_1_231' title='bbox 3041 1753 3263 1809; x_wconf 84' lang='lat' dir='ltr'><strong>obedire</strong></span> <span class='ocrx_word' id='word_1_232' title='bbox 3289 1754 3522 1823; x_wconf 86' lang='lat' dir='ltr'><strong>imperio</strong></span> <span class='ocrx_word' id='word_1_233' title='bbox 3554 1755 3814 1811; x_wconf 73' lang='lat' dir='ltr'><strong>Romano:</strong></span> 
     </span>
    </p>
   </div>
   <div class='ocr_carea' id='block_1_33' title="bbox 522 1830 3818 1918">
    <p class='ocr_par' dir='ltr' id='par_1_33' title="bbox 522 1830 3818 1918">
     <span class='ocr_line' id='line_1_33' title="bbox 522 1830 3818 1918; baseline 0.001 -17"><span class='ocrx_word' id='word_1_234' title='bbox 522 1861 720 1917; x_wconf 83' lang='lat' dir='ltr'><strong>graves</strong></span> <span class='ocrx_word' id='word_1_235' title='bbox 769 1846 973 1917; x_wconf 87' lang='lat' dir='ltr'><strong>putatis</strong></span> <span class='ocrx_word' id='word_1_236' title='bbox 996 1887 1011 1912; x_wconf 95' lang='lat'><strong>,</strong></span> <span class='ocrx_word' id='word_1_237' title='bbox 1044 1846 1242 1917; x_wconf 86' lang='lat' dir='ltr'><strong>quibus</strong></span> <span class='ocrx_word' id='word_1_238' title='bbox 1270 1853 1327 1900; x_wconf 90' lang='lat' dir='ltr'><strong>et</strong></span> <span class='ocrx_word' id='word_1_239' title='bbox 1372 1844 1450 1900; x_wconf 89' lang='lat' dir='ltr'><strong>illi</strong></span> <span class='ocrx_word' id='word_1_240' title='bbox 1494 1844 1743 1901; x_wconf 86' lang='lat' dir='ltr'><strong>serviunt</strong></span> <span class='ocrx_word' id='word_1_241' title='bbox 1762 1885 1777 1907; x_wconf 94' lang='lat'><strong>,</strong></span> <span class='ocrx_word' id='word_1_242' title='bbox 1807 1842 2007 1913; x_wconf 82' lang='lat' dir='ltr'><strong>quibus</strong></span> <span class='ocrx_word' id='word_1_243' title='bbox 2036 1855 2136 1898; x_wconf 87' lang='lat' dir='ltr'><strong>vos</strong></span> <span class='ocrx_word' id='word_1_244' title='bbox 2166 1830 2216 1891; x_wconf 74' lang='grc' dir='ltr'><strong>Β</strong></span> <span class='ocrx_word' id='word_1_245' title='bbox 2242 1837 2524 1896; x_wconf 86' lang='lat' dir='ltr'><strong>videamus</strong></span> <span class='ocrx_word' id='word_1_246' title='bbox 2541 1841 2587 1896; x_wconf 90' lang='lat' dir='ltr'><strong>si</strong></span> <span class='ocrx_word' id='word_1_247' title='bbox 2619 1841 2872 1909; x_wconf 86' lang='lat' dir='ltr'><strong>liberum,</strong></span> <span class='ocrx_word' id='word_1_248' title='bbox 2896 1845 2941 1900; x_wconf 89' lang='lat' dir='ltr'><strong>si</strong></span> <span class='ocrx_word' id='word_1_249' title='bbox 2974 1860 3080 1902; x_wconf 90' lang='lat' dir='ltr'><strong>non</strong></span> <span class='ocrx_word' id='word_1_250' title='bbox 3107 1846 3349 1904; x_wconf 81' lang='lat' dir='ltr'><strong>exitiale.</strong></span> <span class='ocrx_word' id='word_1_251' title='bbox 3379 1845 3590 1918; x_wconf 90' lang='lat' dir='ltr'><strong>Urgent</strong></span> <span class='ocrx_word' id='word_1_252' title='bbox 3615 1862 3706 1904; x_wconf 84' lang='lat' dir='ltr'><strong>vos</strong></span> <span class='ocrx_word' id='word_1_253' title='bbox 3727 1849 3818 1904; x_wconf 82' lang='lat' dir='ltr'><strong>llo-</strong></span> 
     </span>
    </p>
   </div>
   <div class='ocr_carea' id='block_1_34' title="bbox 527 1938 2140 2010">
    <p class='ocr_par' dir='ltr' id='par_1_34' title="bbox 527 1938 2140 2010">
     <span class='ocr_line' id='line_1_34' title="bbox 527 1938 2140 2010; baseline -0.002 -15"><span class='ocrx_word' id='word_1_254' title='bbox 527 1938 901 1996; x_wconf 82' lang='lat' dir='ltr'><strong>serviebatis?</strong></span> <span class='ocrx_word' id='word_1_255' title='bbox 931 1939 1126 1996; x_wconf 87' lang='lat' dir='ltr'><strong>Utrum</strong></span> <span class='ocrx_word' id='word_1_256' title='bbox 1152 1940 1316 2010; x_wconf 79' lang='lat' dir='ltr'><strong>igitur</strong></span> <span class='ocrx_word' id='word_1_257' title='bbox 1336 1938 1528 1995; x_wconf 88' lang='lat' dir='ltr'><strong>odium</strong></span> <span class='ocrx_word' id='word_1_258' title='bbox 1552 1938 1639 1995; x_wconf 84' lang='lat' dir='ltr'><strong>his</strong></span> <span class='ocrx_word' id='word_1_259' title='bbox 1680 1938 1896 1995; x_wconf 86' lang='lat' dir='ltr'><strong>debetis</strong></span> <span class='ocrx_word' id='word_1_260' title='bbox 1920 1953 1988 1993; x_wconf 87' lang='lat' dir='ltr'><strong>an</strong></span> <span class='ocrx_word' id='word_1_261' title='bbox 2017 1952 2140 2007; x_wconf 87' lang='lat' dir='ltr'><strong>gra-</strong></span> 
     </span>
    </p>
   </div>
   <div class='ocr_carea' id='block_1_35' title="bbox 529 2031 2141 2104">
    <p class='ocr_par' dir='ltr' id='par_1_35' title="bbox 529 2031 2141 2104">
     <span class='ocr_line' id='line_1_35' title="bbox 529 2031 2141 2104; baseline -0.003 -15"><span class='ocrx_word' id='word_1_262' title='bbox 529 2033 683 2098; x_wconf 86' lang='lat' dir='ltr'><strong>tiam,</strong></span> <span class='ocrx_word' id='word_1_263' title='bbox 714 2031 808 2103; x_wconf 88' lang='lat' dir='ltr'><strong>qui</strong></span> <span class='ocrx_word' id='word_1_264' title='bbox 837 2047 932 2089; x_wconf 88' lang='lat' dir='ltr'><strong>vos</strong></span> <span class='ocrx_word' id='word_1_265' title='bbox 960 2031 1202 2090; x_wconf 89' lang='lat' dir='ltr'><strong>dominis</strong></span> <span class='ocrx_word' id='word_1_266' title='bbox 1232 2033 1429 2089; x_wconf 81' lang='lat' dir='ltr'><strong>vestris</strong></span> <span class='ocrx_word' id='word_1_267' title='bbox 1459 2047 1623 2104; x_wconf 89' lang='lat' dir='ltr'><strong>pares</strong></span> <span class='ocrx_word' id='word_1_268' title='bbox 1652 2032 1945 2088; x_wconf 79' lang='lat' dir='ltr'><strong>fecerunt?</strong></span> <span class='ocrx_word' id='word_1_269' title='bbox 1970 2031 2141 2088; x_wconf 86' lang='lat' dir='ltr'><strong>Ultio-</strong></span> 
     </span>
    </p>
   </div>
   <div class='ocr_carea' id='block_1_36' title="bbox 526 2124 2139 2197">
    <p class='ocr_par' dir='ltr' id='par_1_36' title="bbox 526 2124 2139 2197">
     <span class='ocr_line' id='line_1_36' title="bbox 526 2124 2139 2197; baseline -0.002 -14"><span class='ocrx_word' id='word_1_270' title='bbox 526 2143 651 2184; x_wconf 84' lang='lat' dir='ltr'><strong>nem</strong></span> <span class='ocrx_word' id='word_1_271' title='bbox 684 2129 851 2184; x_wconf 85' lang='lat' dir='ltr'><strong>vestri</strong></span> <span class='ocrx_word' id='word_1_272' title='bbox 873 2128 1042 2195; x_wconf 87' lang='lat' dir='ltr'><strong>hanc,</strong></span> <span class='ocrx_word' id='word_1_273' title='bbox 1072 2142 1181 2183; x_wconf 87' lang='lat' dir='ltr'><strong>non</strong></span> <span class='ocrx_word' id='word_1_274' title='bbox 1211 2126 1605 2184; x_wconf 83' lang='lat' dir='ltr'><strong>contumeliam</strong></span> <span class='ocrx_word' id='word_1_275' title='bbox 1650 2135 1825 2197; x_wconf 85' lang='lat' dir='ltr'><strong>puto;</strong></span> <span class='ocrx_word' id='word_1_276' title='bbox 1876 2124 2000 2195; x_wconf 85' lang='lat' dir='ltr'><strong>quia</strong></span> <span class='ocrx_word' id='word_1_277' title='bbox 2041 2136 2139 2180; x_wconf 88' lang='lat' dir='ltr'><strong>vos</strong></span> 
     </span>
    </p>
   </div>
   <div class='ocr_carea' id='block_1_37' title="bbox 526 2218 2140 2293">
    <p class='ocr_par' dir='ltr' id='par_1_37' title="bbox 526 2218 2140 2293">
     <span class='ocr_line' id='line_1_37' title="bbox 526 2218 2140 2293; baseline -0.002 -17"><span class='ocrx_word' id='word_1_278' title='bbox 526 2220 599 2276; x_wconf 90' lang='lat' dir='ltr'><strong>de</strong></span> <span class='ocrx_word' id='word_1_279' title='bbox 617 2222 699 2277; x_wconf 88' lang='lat' dir='ltr'><strong>bis</strong></span> <span class='ocrx_word' id='word_1_280' title='bbox 731 2221 1180 2289; x_wconf 83' lang='lat' dir='ltr'><strong>vindicaverunt,</strong></span> <span class='ocrx_word' id='word_1_281' title='bbox 1203 2220 1398 2293; x_wconf 88' lang='lat' dir='ltr'><strong>quibus</strong></span> <span class='ocrx_word' id='word_1_282' title='bbox 1427 2220 1664 2291; x_wconf 85' lang='lat' dir='ltr'><strong>subjecti</strong></span> <span class='ocrx_word' id='word_1_283' title='bbox 1688 2219 1881 2275; x_wconf 89' lang='lat' dir='ltr'><strong>eratis.</strong></span> <span class='ocrx_word' id='word_1_284' title='bbox 1903 2218 2140 2274; x_wconf 81' lang='lat' dir='ltr'><strong>Servilio</strong></span> 
     </span>
    </p>
   </div>
   <div class='ocr_carea' id='block_1_38' title="bbox 530 2311 2144 2387">
    <p class='ocr_par' dir='ltr' id='par_1_38' title="bbox 530 2311 2144 2387">
     <span class='ocr_line' id='line_1_38' title="bbox 530 2311 2144 2387; baseline -0.001 -18"><span class='ocrx_word' id='word_1_285' title='bbox 530 2316 797 2387; x_wconf 82' lang='lat' dir='ltr'><strong>premitur</strong></span> <span class='ocrx_word' id='word_1_286' title='bbox 824 2314 1081 2387; x_wconf 85' lang='lat' dir='ltr'><strong>Assyrius</strong></span> <span class='ocrx_word' id='word_1_287' title='bbox 1103 2357 1119 2383; x_wconf 96' lang='lat'><strong>,</strong></span> <span class='ocrx_word' id='word_1_288' title='bbox 1152 2314 1243 2386; x_wconf 90' lang='lat' dir='ltr'><strong>qni</strong></span> <span class='ocrx_word' id='word_1_289' title='bbox 1292 2313 1440 2370; x_wconf 66' lang='lat' dir='ltr'><strong>Asia:</strong></span> <span class='ocrx_word' id='word_1_290' title='bbox 1469 2313 1565 2369; x_wconf 92' lang='lat' dir='ltr'><strong>toti</strong></span> <span class='ocrx_word' id='word_1_291' title='bbox 1602 2312 1969 2382; x_wconf 84' lang='lat' dir='ltr'><strong>imperitabat.</strong></span> <span class='ocrx_word' id='word_1_292' title='bbox 2004 2311 2144 2367; x_wconf 81' lang='lat' dir='ltr'><strong>Arat</strong></span> 
     </span>
    </p>
   </div>
   <div class='ocr_carea' id='block_1_39' title="bbox 530 2403 2136 2482">
    <p class='ocr_par' dir='ltr' id='par_1_39' title="bbox 530 2403 2136 2482">
     <span class='ocr_line' id='line_1_39' title="bbox 530 2403 2136 2482; baseline -0.005 -16"><span class='ocrx_word' id='word_1_293' title='bbox 530 2409 827 2482; x_wconf 64' lang='lat' dir='ltr'><strong>Egyptius</strong></span> <span class='ocrx_word' id='word_1_294' title='bbox 874 2408 1161 2476; x_wconf 83' lang='lat' dir='ltr'><strong>Romanis,</strong></span> <span class='ocrx_word' id='word_1_295' title='bbox 1193 2406 1322 2463; x_wconf 81' lang='lat' dir='ltr'><strong>ferit</strong></span> <span class='ocrx_word' id='word_1_296' title='bbox 1351 2406 1421 2462; x_wconf 90' lang='lat' dir='ltr'><strong>de</strong></span> <span class='ocrx_word' id='word_1_297' title='bbox 1447 2421 1546 2462; x_wconf 78' lang='lat' dir='ltr'><strong>suo</strong></span> <span class='ocrx_word' id='word_1_298' title='bbox 1592 2403 1737 2476; x_wconf 91' lang='lat' dir='ltr'><strong>quod</strong></span> <span class='ocrx_word' id='word_1_299' title='bbox 1768 2403 1797 2444; x_wconf 72' lang='grc' dir='ltr'><strong>ιι</strong></span> <span class='ocrx_word' id='word_1_300' title='bbox 1822 2404 1917 2460; x_wconf 90' lang='lat' dir='ltr'><strong>ille</strong></span> <span class='ocrx_word' id='word_1_301' title='bbox 1948 2411 2136 2460; x_wconf 90' lang='lat' dir='ltr'><strong>mctat.</strong></span> 
     </span>
    </p>
   </div>
   <div class='ocr_carea' id='block_1_40' title="bbox 529 2498 2134 2573">
    <p class='ocr_par' dir='ltr' id='par_1_40' title="bbox 529 2498 2134 2573">
     <span class='ocr_line' id='line_1_40' title="bbox 529 2498 2134 2573; baseline -0.005 -13"><span class='ocrx_word' id='word_1_302' title='bbox 529 2502 845 2560; x_wconf 82' lang='lat' dir='ltr'><strong>Macedonia</strong></span> <span class='ocrx_word' id='word_1_303' title='bbox 873 2517 997 2573; x_wconf 87' lang='lat' dir='ltr'><strong>quae</strong></span> <span class='ocrx_word' id='word_1_304' title='bbox 1024 2516 1198 2573; x_wconf 87' lang='lat' dir='ltr'><strong>usque</strong></span> <span class='ocrx_word' id='word_1_305' title='bbox 1223 2500 1289 2556; x_wconf 89' lang='lat' dir='ltr'><strong>ad</strong></span> <span class='ocrx_word' id='word_1_306' title='bbox 1322 2500 1487 2556; x_wconf 86' lang='lat' dir='ltr'><strong>Indos</strong></span> <span class='ocrx_word' id='word_1_307' title='bbox 1516 2499 1733 2556; x_wconf 86' lang='lat' dir='ltr'><strong>devicta</strong></span> <span class='ocrx_word' id='word_1_308' title='bbox 1778 2498 2004 2555; x_wconf 85' lang='lat' dir='ltr'><strong>Perside</strong></span> <span class='ocrx_word' id='word_1_309' title='bbox 2030 2498 2134 2553; x_wconf 86' lang='lat' dir='ltr'><strong>im-</strong></span> 
     </span>
    </p>
   </div>
   <div class='ocr_carea' id='block_1_41' title="bbox 528 2592 2135 2667">
    <p class='ocr_par' dir='ltr' id='par_1_41' title="bbox 528 2592 2135 2667">
     <span class='ocr_line' id='line_1_41' title="bbox 528 2592 2135 2667; baseline -0.004 -14"><span class='ocrx_word' id='word_1_310' title='bbox 528 2598 741 2667; x_wconf 89' lang='lat' dir='ltr'><strong>perium</strong></span> <span class='ocrx_word' id='word_1_311' title='bbox 763 2594 1058 2651; x_wconf 77' lang='lat' dir='ltr'><strong>diii‘uderat</strong></span> <span class='ocrx_word' id='word_1_312' title='bbox 1074 2637 1089 2661; x_wconf 96' lang='lat'><strong>,</strong></span> <span class='ocrx_word' id='word_1_313' title='bbox 1108 2595 1355 2666; x_wconf 84' lang='lat' dir='ltr'><strong>agnoscit</strong></span> <span class='ocrx_word' id='word_1_314' title='bbox 1377 2593 1630 2650; x_wconf 89' lang='lat' dir='ltr'><strong>dominos</strong></span> <span class='ocrx_word' id='word_1_315' title='bbox 1657 2607 1796 2665; x_wconf 91' lang='lat' dir='ltr'><strong>quos</strong></span> <span class='ocrx_word' id='word_1_316' title='bbox 1824 2592 2135 2663; x_wconf 87' lang='lat' dir='ltr'><strong>ignorabat,</strong></span> 
     </span>
    </p>
   </div>
   <div class='ocr_carea' id='block_1_42' title="bbox 529 2687 2140 2760">
    <p class='ocr_par' dir='ltr' id='par_1_42' title="bbox 529 2687 2140 2760">
     <span class='ocr_line' id='line_1_42' title="bbox 529 2687 2140 2760; baseline -0.003 -14"><span class='ocrx_word' id='word_1_317' title='bbox 529 2704 581 2746; x_wconf 89' lang='lat' dir='ltr'><strong>et</strong></span> <span class='ocrx_word' id='word_1_318' title='bbox 616 2690 817 2746; x_wconf 79' lang='lat' dir='ltr'><strong>frustra</strong></span> <span class='ocrx_word' id='word_1_319' title='bbox 841 2704 901 2745; x_wconf 89' lang='lat' dir='ltr'><strong>se</strong></span> <span class='ocrx_word' id='word_1_320' title='bbox 926 2688 1147 2760; x_wconf 87' lang='lat' dir='ltr'><strong>regibus</strong></span> <span class='ocrx_word' id='word_1_321' title='bbox 1179 2689 1294 2745; x_wconf 86' lang='lat' dir='ltr'><strong>suis</strong></span> <span class='ocrx_word' id='word_1_322' title='bbox 1318 2687 1672 2745; x_wconf 69' lang='lat' dir='ltr'><strong>Eacidarum</strong></span> <span class='ocrx_word' id='word_1_323' title='bbox 1714 2704 1915 2744; x_wconf 87' lang='lat' dir='ltr'><strong>nomen</strong></span> <span class='ocrx_word' id='word_1_324' title='bbox 1963 2688 2140 2758; x_wconf 83' lang='lat' dir='ltr'><strong>impo-</strong></span> 
     </span>
    </p>
   </div>
   <div class='ocr_carea' id='block_1_43' title="bbox 528 2779 2140 2847">
    <p class='ocr_par' dir='ltr' id='par_1_43' title="bbox 528 2779 2140 2847">
     <span class='ocr_line' id='line_1_43' title="bbox 528 2779 2140 2847; baseline -0.002 -8"><span class='ocrx_word' id='word_1_325' title='bbox 528 2785 702 2839; x_wconf 83' lang='lat' dir='ltr'><strong>suisse</strong></span> <span class='ocrx_word' id='word_1_326' title='bbox 733 2783 1128 2839; x_wconf 82' lang='lat' dir='ltr'><strong>reminiscitur.</strong></span> <span class='ocrx_word' id='word_1_327' title='bbox 1157 2781 1322 2837; x_wconf 86' lang='lat' dir='ltr'><strong>Certe</strong></span> <span class='ocrx_word' id='word_1_328' title='bbox 1348 2797 1458 2837; x_wconf 89' lang='lat' dir='ltr'><strong>non</strong></span> <span class='ocrx_word' id='word_1_329' title='bbox 1481 2781 1616 2837; x_wconf 87' lang='lat' dir='ltr'><strong>alias</strong></span> <span class='ocrx_word' id='word_1_330' title='bbox 1639 2782 1901 2847; x_wconf 88' lang='lat' dir='ltr'><strong>cessisse,</strong></span> <span class='ocrx_word' id='word_1_331' title='bbox 1934 2780 2036 2836; x_wconf 87' lang='lat' dir='ltr'><strong>nisi</strong></span> <span class='ocrx_word' id='word_1_332' title='bbox 2070 2779 2140 2835; x_wconf 87' lang='lat' dir='ltr'><strong>ad</strong></span> 
     </span>
    </p>
   </div>
   <div class='ocr_carea' id='block_1_44' title="bbox 532 2871 2142 2946">
    <p class='ocr_par' dir='ltr' id='par_1_44' title="bbox 532 2871 2142 2946">
     <span class='ocr_line' id='line_1_44' title="bbox 532 2871 2142 2946; baseline -0.002 -15"><span class='ocrx_word' id='word_1_333' title='bbox 532 2876 908 2933; x_wconf 80' lang='lat' dir='ltr'><strong>Romanorum</strong></span> <span class='ocrx_word' id='word_1_334' title='bbox 964 2874 1338 2946; x_wconf 86' lang='lat' dir='ltr'><strong>triumphum,</strong></span> <span class='ocrx_word' id='word_1_335' title='bbox 1390 2873 1590 2945; x_wconf 87' lang='lat' dir='ltr'><strong>quibus</strong></span> <span class='ocrx_word' id='word_1_336' title='bbox 1634 2883 1689 2929; x_wconf 86' lang='lat' dir='ltr'><strong>et</strong></span> <span class='ocrx_word' id='word_1_337' title='bbox 1732 2874 1849 2944; x_wconf 88' lang='lat' dir='ltr'><strong>ipse</strong></span> <span class='ocrx_word' id='word_1_338' title='bbox 1899 2871 2142 2945; x_wconf 80' lang='lat' dir='ltr'><strong>Pyrrhus</strong></span> 
     </span>
    </p>
   </div>
   <div class='ocr_carea' id='block_1_45' title="bbox 534 2966 2142 3040">
    <p class='ocr_par' dir='ltr' id='par_1_45' title="bbox 534 2966 2142 3040">
     <span class='ocr_line' id='line_1_45' title="bbox 534 2966 2142 3040; baseline -0.005 -12"><span class='ocrx_word' id='word_1_339' title='bbox 534 2971 795 3028; x_wconf 78' lang='lat' dir='ltr'><strong>Achilleae</strong></span> <span class='ocrx_word' id='word_1_340' title='bbox 837 2969 1079 3035; x_wconf 86' lang='lat' dir='ltr'><strong>sobolis,</strong></span> <span class='ocrx_word' id='word_1_341' title='bbox 1113 2979 1169 3025; x_wconf 93' lang='lat' dir='ltr'><strong>et</strong></span> <span class='ocrx_word' id='word_1_342' title='bbox 1203 2968 1511 3040; x_wconf 84' lang='lat' dir='ltr'><strong>prosapiam</strong></span> <span class='ocrx_word' id='word_1_343' title='bbox 1561 2976 1618 3024; x_wconf 90' lang='lat' dir='ltr'><strong>et</strong></span> <span class='ocrx_word' id='word_1_344' title='bbox 1645 2966 1967 3027; x_wconf 80' lang='lat' dir='ltr'><strong>vocabulum</strong></span> <span class='ocrx_word' id='word_1_345' title='bbox 2004 2980 2142 3036; x_wconf 75' lang='lat' dir='ltr'><strong>pra:-</strong></span> 
     </span>
    </p>
   </div>
   <div class='ocr_carea' id='block_1_46' title="bbox 532 3059 2143 3133">
    <p class='ocr_par' dir='ltr' id='par_1_46' title="bbox 532 3059 2143 3133">
     <span class='ocr_line' id='line_1_46' title="bbox 532 3059 2143 3133; baseline -0.002 -15"><span class='ocrx_word' id='word_1_346' title='bbox 532 3064 778 3130; x_wconf 80' lang='lat' dir='ltr'><strong>ferrens,</strong></span> <span class='ocrx_word' id='word_1_347' title='bbox 811 3067 990 3120; x_wconf 89' lang='lat' dir='ltr'><strong>victus</strong></span> <span class='ocrx_word' id='word_1_348' title='bbox 1008 3063 1209 3125; x_wconf 87' lang='lat' dir='ltr'><strong>armis.</strong></span> <span class='ocrx_word' id='word_1_349' title='bbox 1241 3063 1317 3118; x_wconf 88' lang='lat' dir='ltr'><strong>ita</strong></span> <span class='ocrx_word' id='word_1_350' title='bbox 1347 3078 1408 3118; x_wconf 90' lang='lat' dir='ltr'><strong>se</strong></span> <span class='ocrx_word' id='word_1_351' title='bbox 1432 3059 1812 3133; x_wconf 65' lang='lat' dir='ltr'><strong>promerendae</strong></span> <span class='ocrx_word' id='word_1_352' title='bbox 1845 3060 1995 3130; x_wconf 83' lang='lat' dir='ltr'><strong>pacis</strong></span> <span class='ocrx_word' id='word_1_353' title='bbox 2028 3069 2143 3115; x_wconf 90' lang='lat' dir='ltr'><strong>stu-</strong></span> 
     </span>
    </p>
   </div>
   <div class='ocr_carea' id='block_1_47' title="bbox 2241 1934 3818 2011">
    <p class='ocr_par' dir='ltr' id='par_1_47' title="bbox 2241 1934 3818 2011">
     <span class='ocr_line' id='line_1_47' title="bbox 2241 1934 3818 2011; baseline 0.006 -23"><span class='ocrx_word' id='word_1_354' title='bbox 2241 1944 2419 1995; x_wconf 65' lang='lat' dir='ltr'><strong>manm</strong></span> <span class='ocrx_word' id='word_1_355' title='bbox 2447 1934 2618 2002; x_wconf 90' lang='lat' dir='ltr'><strong>acies,</strong></span> <span class='ocrx_word' id='word_1_356' title='bbox 2641 1944 2836 2007; x_wconf 87' lang='lat' dir='ltr'><strong>urgent</strong></span> <span class='ocrx_word' id='word_1_357' title='bbox 2863 1938 3052 2008; x_wconf 63' lang='lat' dir='ltr'><strong>patric</strong></span> <span class='ocrx_word' id='word_1_358' title='bbox 3078 1938 3272 2008; x_wconf 60' lang='lat' dir='ltr'><strong>ruinae,</strong></span> <span class='ocrx_word' id='word_1_359' title='bbox 3318 1950 3478 2011; x_wconf 82' lang='lat' dir='ltr'><strong>urget</strong></span> <span class='ocrx_word' id='word_1_360' title='bbox 3518 1941 3699 2011; x_wconf 87' lang='lat' dir='ltr'><strong>templi</strong></span> <span class='ocrx_word' id='word_1_361' title='bbox 3736 1957 3818 1998; x_wconf 76' lang='lat' dir='ltr'><strong>ex-</strong></span> 
     </span>
    </p>
   </div>
   <div class='ocr_carea' id='block_1_48' title="bbox 2240 2026 3816 2105">
    <p class='ocr_par' dir='ltr' id='par_1_48' title="bbox 2240 2026 3816 2105">
     <span class='ocr_line' id='line_1_48' title="bbox 2240 2026 3816 2105; baseline 0.005 -23"><span class='ocrx_word' id='word_1_362' title='bbox 2240 2026 2442 2083; x_wconf 81' lang='lat' dir='ltr'><strong>cidium</strong></span> <span class='ocrx_word' id='word_1_363' title='bbox 2467 2044 2483 2094; x_wconf 91' lang='lat'><strong>;</strong></span> <span class='ocrx_word' id='word_1_364' title='bbox 2511 2042 2619 2084; x_wconf 85' lang='lat' dir='ltr'><strong>non</strong></span> <span class='ocrx_word' id='word_1_365' title='bbox 2650 2029 2793 2100; x_wconf 84' lang='lat' dir='ltr'><strong>quod</strong></span> <span class='ocrx_word' id='word_1_366' title='bbox 2825 2030 2958 2086; x_wconf 85' lang='lat' dir='ltr'><strong>utile</strong></span> <span class='ocrx_word' id='word_1_367' title='bbox 2977 2031 3081 2097; x_wconf 89' lang='lat' dir='ltr'><strong>sit,</strong></span> <span class='ocrx_word' id='word_1_368' title='bbox 3110 2032 3205 2088; x_wconf 81' lang='lat' dir='ltr'><strong>sed</strong></span> <span class='ocrx_word' id='word_1_369' title='bbox 3226 2032 3371 2103; x_wconf 89' lang='lat' dir='ltr'><strong>quod</strong></span> <span class='ocrx_word' id='word_1_370' title='bbox 3400 2033 3685 2105; x_wconf 85' lang='lat' dir='ltr'><strong>possibile,</strong></span> <span class='ocrx_word' id='word_1_371' title='bbox 3713 2048 3816 2104; x_wconf 80' lang='lat' dir='ltr'><strong>per-</strong></span> 
     </span>
    </p>
   </div>
   <div class='ocr_carea' id='block_1_49' title="bbox 2241 2119 3818 2199">
    <p class='ocr_par' dir='ltr' id='par_1_49' title="bbox 2241 2119 3818 2199">
     <span class='ocr_line' id='line_1_49' title="bbox 2241 2119 3818 2199; baseline 0.006 -25"><span class='ocrx_word' id='word_1_372' title='bbox 2241 2119 2483 2190; x_wconf 88' lang='lat' dir='ltr'><strong>pendite.</strong></span> <span class='ocrx_word' id='word_1_373' title='bbox 2516 2120 2633 2177; x_wconf 85' lang='lat' dir='ltr'><strong>Non</strong></span> <span class='ocrx_word' id='word_1_374' title='bbox 2679 2123 2831 2179; x_wconf 77' lang='lat' dir='ltr'><strong>enim</strong></span> <span class='ocrx_word' id='word_1_375' title='bbox 2871 2132 3127 2181; x_wconf 87' lang='lat' dir='ltr'><strong>votorum</strong></span> <span class='ocrx_word' id='word_1_376' title='bbox 3157 2127 3391 2198; x_wconf 85' lang='lat' dir='ltr'><strong>species,</strong></span> <span class='ocrx_word' id='word_1_377' title='bbox 3421 2125 3523 2182; x_wconf 89' lang='lat' dir='ltr'><strong>sed</strong></span> <span class='ocrx_word' id='word_1_378' title='bbox 3570 2127 3818 2199; x_wconf 83' lang='lat' dir='ltr'><strong>possibili-</strong></span> 
     </span>
    </p>
   </div>
   <div class='ocr_carea' id='block_1_50' title="bbox 2239 2216 3818 2290">
    <p class='ocr_par' dir='ltr' id='par_1_50' title="bbox 2239 2216 3818 2290">
     <span class='ocr_line' id='line_1_50' title="bbox 2239 2216 3818 2290; baseline 0.001 -17"><span class='ocrx_word' id='word_1_379' title='bbox 2239 2217 2369 2273; x_wconf 73' lang='lat' dir='ltr'><strong>tatis</strong></span> <span class='ocrx_word' id='word_1_380' title='bbox 2397 2217 2536 2272; x_wconf 85' lang='lat' dir='ltr'><strong>ratio</strong></span> <span class='ocrx_word' id='word_1_381' title='bbox 2560 2216 2858 2288; x_wconf 87' lang='lat' dir='ltr'><strong>pensanda.</strong></span> <span class='ocrx_word' id='word_1_382' title='bbox 2887 2217 3001 2284; x_wconf 71' lang='lat' dir='ltr'><strong>Lex</strong></span> <span class='ocrx_word' id='word_1_383' title='bbox 3047 2235 3245 2290; x_wconf 89' lang='lat' dir='ltr'><strong>nempe</strong></span> <span class='ocrx_word' id='word_1_384' title='bbox 3271 2228 3487 2276; x_wconf 65' lang='lat' dir='ltr'><strong>naturas</strong></span> <span class='ocrx_word' id='word_1_385' title='bbox 3513 2220 3695 2277; x_wconf 88' lang='lat' dir='ltr'><strong>eadem</strong></span> <span class='ocrx_word' id='word_1_386' title='bbox 3716 2235 3818 2276; x_wconf 82' lang='lat' dir='ltr'><strong>orn-</strong></span> 
     </span>
    </p>
   </div>
   <div class='ocr_carea' id='block_1_51' title="bbox 2240 2310 3818 2382">
    <p class='ocr_par' dir='ltr' id='par_1_51' title="bbox 2240 2310 3818 2382">
     <span class='ocr_line' id='line_1_51' title="bbox 2240 2310 3818 2382; baseline 0.004 -18"><span class='ocrx_word' id='word_1_387' title='bbox 2240 2310 2403 2366; x_wconf 87' lang='lat' dir='ltr'><strong>nibus</strong></span> <span class='ocrx_word' id='word_1_388' title='bbox 2426 2310 2761 2378; x_wconf 89' lang='lat' dir='ltr'><strong>bominibus,</strong></span> <span class='ocrx_word' id='word_1_389' title='bbox 2783 2311 3120 2381; x_wconf 85' lang='lat' dir='ltr'><strong>volatilibus,</strong></span> <span class='ocrx_word' id='word_1_390' title='bbox 3152 2311 3306 2381; x_wconf 80' lang='lat' dir='ltr'><strong>feris,</strong></span> <span class='ocrx_word' id='word_1_391' title='bbox 3336 2313 3532 2370; x_wconf 81' lang='lat' dir='ltr'><strong>bestiis</strong></span> <span class='ocrx_word' id='word_1_392' title='bbox 3556 2314 3742 2382; x_wconf 80' lang='lat' dir='ltr'><strong>infusa,</strong></span> <span class='ocrx_word' id='word_1_393' title='bbox 3767 2321 3818 2370; x_wconf 88' lang='lat' dir='ltr'><strong>ut</strong></span> 
     </span>
    </p>
   </div>
   <div class='ocr_carea' id='block_1_52' title="bbox 2240 2392 3815 2475">
    <p class='ocr_par' dir='ltr' id='par_1_52' title="bbox 2240 2392 3815 2475">
     <span class='ocr_line' id='line_1_52' title="bbox 2240 2392 3815 2475; baseline 0.003 -18"><span class='ocrx_word' id='word_1_394' title='bbox 2240 2402 2620 2474; x_wconf 87' lang='lat' dir='ltr'><strong>unusquisque</strong></span> <span class='ocrx_word' id='word_1_395' title='bbox 2645 2403 2805 2460; x_wconf 87' lang='lat' dir='ltr'><strong>cedat</strong></span> <span class='ocrx_word' id='word_1_396' title='bbox 2828 2405 3121 2475; x_wconf 89' lang='lat' dir='ltr'><strong>potentiori</strong></span> <span class='ocrx_word' id='word_1_397' title='bbox 3146 2392 3387 2473; x_wconf 74' lang='lat' dir='ltr'><strong>:taurus,</strong></span> <span class='ocrx_word' id='word_1_398' title='bbox 3420 2406 3567 2463; x_wconf 81' lang='lat' dir='ltr'><strong>leoni</strong></span> <span class='ocrx_word' id='word_1_399' title='bbox 3588 2425 3601 2460; x_wconf 91' lang='lat'><strong>:</strong></span> <span class='ocrx_word' id='word_1_400' title='bbox 3622 2422 3815 2474; x_wconf 84' lang='lat' dir='ltr'><strong>cervus,</strong></span> 
     </span>
    </p>
   </div>
   <div class='ocr_carea' id='block_1_53' title="bbox 2241 2496 3819 2570">
    <p class='ocr_par' dir='ltr' id='par_1_53' title="bbox 2241 2496 3819 2570">
     <span class='ocr_line' id='line_1_53' title="bbox 2241 2496 3819 2570; baseline 0 -17"><span class='ocrx_word' id='word_1_401' title='bbox 2241 2514 2408 2554; x_wconf 85' lang='lat' dir='ltr'><strong>urso:</strong></span> <span class='ocrx_word' id='word_1_402' title='bbox 2441 2498 2719 2570; x_wconf 77' lang='lat' dir='ltr'><strong>leopardo,</strong></span> <span class='ocrx_word' id='word_1_403' title='bbox 2749 2513 2943 2569; x_wconf 78' lang='lat' dir='ltr'><strong>caprea</strong></span> <span class='ocrx_word' id='word_1_404' title='bbox 2981 2516 2996 2554; x_wconf 90' lang='lat'><strong>:</strong></span> <span class='ocrx_word' id='word_1_405' title='bbox 3041 2496 3261 2569; x_wconf 62' lang='lat' dir='ltr'><strong>aquilae,</strong></span> <span class='ocrx_word' id='word_1_406' title='bbox 3294 2499 3561 2570; x_wconf 86' lang='lat' dir='ltr'><strong>accipiter</strong></span> <span class='ocrx_word' id='word_1_407' title='bbox 3594 2518 3607 2554; x_wconf 90' lang='lat'><strong>:</strong></span> <span class='ocrx_word' id='word_1_408' title='bbox 3638 2499 3819 2570; x_wconf 88' lang='lat' dir='ltr'><strong>accipi-</strong></span> 
     </span>
    </p>
   </div>
   <div class='ocr_carea' id='block_1_54' title="bbox 2242 2592 3817 2664">
    <p class='ocr_par' dir='ltr' id='par_1_54' title="bbox 2242 2592 3817 2664">
     <span class='ocr_line' id='line_1_54' title="bbox 2242 2592 3817 2664; baseline 0.001 -16"><span class='ocrx_word' id='word_1_409' title='bbox 2242 2592 2309 2648; x_wconf 90' lang='lat' dir='ltr'><strong>tri</strong></span> <span class='ocrx_word' id='word_1_410' title='bbox 2335 2635 2351 2659; x_wconf 93' lang='lat'><strong>,</strong></span> <span class='ocrx_word' id='word_1_411' title='bbox 2381 2592 2635 2649; x_wconf 83' lang='lat' dir='ltr'><strong>columba</strong></span> <span class='ocrx_word' id='word_1_412' title='bbox 2670 2612 2684 2646; x_wconf 89' lang='lat'><strong>:</strong></span> <span class='ocrx_word' id='word_1_413' title='bbox 2713 2592 2815 2663; x_wconf 84' lang='lat' dir='ltr'><strong>ipsi</strong></span> <span class='ocrx_word' id='word_1_414' title='bbox 2846 2604 3023 2658; x_wconf 88' lang='lat' dir='ltr'><strong>tauro,</strong></span> <span class='ocrx_word' id='word_1_415' title='bbox 3050 2592 3273 2664; x_wconf 88' lang='lat' dir='ltr'><strong>iuvenci</strong></span> <span class='ocrx_word' id='word_1_416' title='bbox 3299 2593 3591 2650; x_wconf 75' lang='lat' dir='ltr'><strong>inferiores</strong></span> <span class='ocrx_word' id='word_1_417' title='bbox 3621 2612 3635 2649; x_wconf 89' lang='lat'><strong>:</strong></span> <span class='ocrx_word' id='word_1_418' title='bbox 3660 2594 3817 2656; x_wconf 71' lang='lat' dir='ltr'><strong>arieti,</strong></span> 
     </span>
    </p>
   </div>
   <div class='ocr_carea' id='block_1_55' title="bbox 2241 2686 3817 2759">
    <p class='ocr_par' dir='ltr' id='par_1_55' title="bbox 2241 2686 3817 2759">
     <span class='ocr_line' id='line_1_55' title="bbox 2241 2686 3817 2759; baseline 0.002 -20"><span class='ocrx_word' id='word_1_419' title='bbox 2241 2686 2422 2745; x_wconf 86' lang='lat' dir='ltr'><strong>ovium</strong></span> <span class='ocrx_word' id='word_1_420' title='bbox 2472 2701 2715 2758; x_wconf 78' lang='lat' dir='ltr'><strong>greges:</strong></span> <span class='ocrx_word' id='word_1_421' title='bbox 2767 2686 2949 2754; x_wconf 84' lang='lat' dir='ltr'><strong>hirco,</strong></span> <span class='ocrx_word' id='word_1_422' title='bbox 2981 2701 3145 2757; x_wconf 83' lang='lat' dir='ltr'><strong>caper</strong></span> <span class='ocrx_word' id='word_1_423' title='bbox 3196 2706 3209 2741; x_wconf 90' lang='lat'><strong>:</strong></span> <span class='ocrx_word' id='word_1_424' title='bbox 3258 2702 3330 2743; x_wconf 88' lang='lat' dir='ltr'><strong>ne</strong></span> <span class='ocrx_word' id='word_1_425' title='bbox 3378 2687 3582 2745; x_wconf 83' lang='lat' dir='ltr'><strong>diversi</strong></span> <span class='ocrx_word' id='word_1_426' title='bbox 3625 2687 3817 2759; x_wconf 82' lang='lat' dir='ltr'><strong>generis</strong></span> 
     </span>
    </p>
   </div>
   <div class='ocr_carea' id='block_1_56' title="bbox 2241 2779 3813 2853">
    <p class='ocr_par' dir='ltr' id='par_1_56' title="bbox 2241 2779 3813 2853">
     <span class='ocr_line' id='line_1_56' title="bbox 2241 2779 3813 2853; baseline -0.004 -14"><span class='ocrx_word' id='word_1_427' title='bbox 2241 2797 2366 2839; x_wconf 71' lang='lat' dir='ltr'><strong>esse</strong></span> <span class='ocrx_word' id='word_1_428' title='bbox 2410 2781 2661 2838; x_wconf 85' lang='lat' dir='ltr'><strong>videatur</strong></span> <span class='ocrx_word' id='word_1_429' title='bbox 2696 2780 2874 2852; x_wconf 89' lang='lat' dir='ltr'><strong>aliqua</strong></span> <span class='ocrx_word' id='word_1_430' title='bbox 2924 2779 3210 2842; x_wconf 83' lang='lat' dir='ltr'><strong>distantia.</strong></span> <span class='ocrx_word' id='word_1_431' title='bbox 3266 2794 3364 2836; x_wconf 87' lang='lat' dir='ltr'><strong>vos</strong></span> <span class='ocrx_word' id='word_1_432' title='bbox 3420 2780 3813 2853; x_wconf 79' lang='lat' dir='ltr'><strong>potentioribus.</strong></span> 
     </span>
    </p>
   </div>
   <div class='ocr_carea' id='block_1_57' title="bbox 2242 2874 3814 2945">
    <p class='ocr_par' dir='ltr' id='par_1_57' title="bbox 2242 2874 3814 2945">
     <span class='ocr_line' id='line_1_57' title="bbox 2242 2874 3814 2945; baseline -0.003 -13"><span class='ocrx_word' id='word_1_433' title='bbox 2242 2876 2473 2933; x_wconf 77' lang='lat' dir='ltr'><strong>Romani</strong></span> <span class='ocrx_word' id='word_1_434' title='bbox 2503 2886 2684 2933; x_wconf 85' lang='lat' dir='ltr'><strong>tamen</strong></span> <span class='ocrx_word' id='word_1_435' title='bbox 2739 2875 3014 2932; x_wconf 90' lang='lat' dir='ltr'><strong>neminem</strong></span> <span class='ocrx_word' id='word_1_436' title='bbox 3043 2874 3349 2945; x_wconf 82' lang='lat' dir='ltr'><strong>expellunt,</strong></span> <span class='ocrx_word' id='word_1_437' title='bbox 3382 2890 3484 2931; x_wconf 88' lang='lat' dir='ltr'><strong>vos</strong></span> <span class='ocrx_word' id='word_1_438' title='bbox 3513 2874 3777 2944; x_wconf 76' lang='lat' dir='ltr'><strong>expulistis</strong></span> <span class='ocrx_word' id='word_1_439' title='bbox 3801 2890 3814 2928; x_wconf 89' lang='lat'><strong>:</strong></span> 
     </span>
    </p>
   </div>
   <div class='ocr_carea' id='block_1_58' title="bbox 2243 2964 3819 3040">
    <p class='ocr_par' dir='ltr' id='par_1_58' title="bbox 2243 2964 3819 3040">
     <span class='ocr_line' id='line_1_58' title="bbox 2243 2964 3819 3040; baseline -0.004 -16"><span class='ocrx_word' id='word_1_440' title='bbox 2243 2968 2415 3024; x_wconf 88' lang='lat' dir='ltr'><strong>immo</strong></span> <span class='ocrx_word' id='word_1_441' title='bbox 2441 2966 2517 3022; x_wconf 88' lang='lat' dir='ltr'><strong>illi</strong></span> <span class='ocrx_word' id='word_1_442' title='bbox 2541 2976 2710 3040; x_wconf 81' lang='lat' dir='ltr'><strong>agunt</strong></span> <span class='ocrx_word' id='word_1_443' title='bbox 2731 3009 2746 3033; x_wconf 96' lang='lat'><strong>,</strong></span> <span class='ocrx_word' id='word_1_444' title='bbox 2776 2982 2846 3021; x_wconf 89' lang='lat' dir='ltr'><strong>ne</strong></span> <span class='ocrx_word' id='word_1_445' title='bbox 2875 2966 2999 3037; x_wconf 83' lang='lat' dir='ltr'><strong>quis</strong></span> <span class='ocrx_word' id='word_1_446' title='bbox 3019 2964 3186 3021; x_wconf 89' lang='lat' dir='ltr'><strong>etiam</strong></span> <span class='ocrx_word' id='word_1_447' title='bbox 3216 2966 3392 3022; x_wconf 84' lang='lat' dir='ltr'><strong>vietus</strong></span> <span class='ocrx_word' id='word_1_448' title='bbox 3420 2968 3491 3022; x_wconf 91' lang='lat' dir='ltr'><strong>de</strong></span> <span class='ocrx_word' id='word_1_449' title='bbox 3532 2967 3686 3024; x_wconf 90' lang='lat' dir='ltr'><strong>terris</strong></span> <span class='ocrx_word' id='word_1_450' title='bbox 3721 2965 3819 3021; x_wconf 85' lang='lat' dir='ltr'><strong>suis</strong></span> 
     </span>
    </p>
   </div>
   <div class='ocr_carea' id='block_1_59' title="bbox 2242 3060 3817 3131">
    <p class='ocr_par' dir='ltr' id='par_1_59' title="bbox 2242 3060 3817 3131">
     <span class='ocr_line' id='line_1_59' title="bbox 2242 3060 3817 3131; baseline -0.002 -14"><span class='ocrx_word' id='word_1_451' title='bbox 2242 3071 2441 3118; x_wconf 76' lang='lat' dir='ltr'><strong>exeat:</strong></span> <span class='ocrx_word' id='word_1_452' title='bbox 2472 3060 2741 3118; x_wconf 78' lang='lat' dir='ltr'><strong>Antiocho</strong></span> <span class='ocrx_word' id='word_1_453' title='bbox 2774 3069 2983 3131; x_wconf 86' lang='lat' dir='ltr'><strong>partem</strong></span> <span class='ocrx_word' id='word_1_454' title='bbox 3015 3060 3166 3130; x_wconf 82' lang='lat' dir='ltr'><strong>regni</strong></span> <span class='ocrx_word' id='word_1_455' title='bbox 3195 3070 3575 3117; x_wconf 84' lang='lat' dir='ltr'><strong>servaverunt.</strong></span> <span class='ocrx_word' id='word_1_456' title='bbox 3606 3060 3670 3117; x_wconf 89' lang='lat' dir='ltr'><strong>Et</strong></span> <span class='ocrx_word' id='word_1_457' title='bbox 3693 3073 3817 3115; x_wconf 87' lang='lat' dir='ltr'><strong>nunc</strong></span> 
     </span>
    </p>
   </div>
   <div class='ocr_carea' id='block_1_60' title="bbox 531 3153 3832 3229">
    <p class='ocr_par' dir='ltr' id='par_1_60' title="bbox 531 3153 3832 3229">
     <span class='ocr_line' id='line_1_60' title="bbox 531 3153 3832 3229; baseline -0 -16"><span class='ocrx_word' id='word_1_458' title='bbox 531 3158 623 3215; x_wconf 89' lang='lat' dir='ltr'><strong>dio</strong></span> <span class='ocrx_word' id='word_1_459' title='bbox 674 3159 949 3229; x_wconf 88' lang='lat' dir='ltr'><strong>subiecit,</strong></span> <span class='ocrx_word' id='word_1_460' title='bbox 986 3167 1044 3213; x_wconf 93' lang='lat' dir='ltr'><strong>ut</strong></span> <span class='ocrx_word' id='word_1_461' title='bbox 1074 3158 1291 3214; x_wconf 89' lang='lat' dir='ltr'><strong>veniam</strong></span> <span class='ocrx_word' id='word_1_462' title='bbox 1346 3166 1585 3227; x_wconf 84' lang='lat' dir='ltr'><strong>rogaret.</strong></span> <span class='ocrx_word' id='word_1_463' title='bbox 1639 3153 1772 3210; x_wconf 84' lang='lat' dir='ltr'><strong>Nam</strong></span> <span class='ocrx_word' id='word_1_464' title='bbox 1819 3154 1889 3210; x_wconf 93' lang='lat' dir='ltr'><strong>de</strong></span> <span class='ocrx_word' id='word_1_465' title='bbox 1938 3153 2141 3209; x_wconf 67' lang='lat' dir='ltr'><strong>Palaes-</strong></span> <span class='ocrx_word' id='word_1_466' title='bbox 2169 3209 2211 3229; x_wconf 59' lang='grc' dir='ltr'>η</span> <span class='ocrx_word' id='word_1_467' title='bbox 2245 3156 2429 3212; x_wconf 65' lang='lat' dir='ltr'><strong>Caesar</strong></span> <span class='ocrx_word' id='word_1_468' title='bbox 2457 3155 2588 3228; x_wconf 89' lang='lat' dir='ltr'><strong>quid</strong></span> <span class='ocrx_word' id='word_1_469' title='bbox 2641 3154 2787 3210; x_wconf 88' lang='lat' dir='ltr'><strong>aliud</strong></span> <span class='ocrx_word' id='word_1_470' title='bbox 2834 3154 3051 3211; x_wconf 84' lang='lat' dir='ltr'><strong>laborat</strong></span> <span class='ocrx_word' id='word_1_471' title='bbox 3093 3154 3198 3210; x_wconf 77' lang='lat' dir='ltr'><strong>nisi</strong></span> <span class='ocrx_word' id='word_1_472' title='bbox 3233 3163 3294 3209; x_wconf 90' lang='lat' dir='ltr'><strong>ut</strong></span> <span class='ocrx_word' id='word_1_473' title='bbox 3340 3163 3489 3211; x_wconf 88' lang='lat' dir='ltr'><strong>terra</strong></span> <span class='ocrx_word' id='word_1_474' title='bbox 3518 3165 3695 3211; x_wconf 83' lang='lat' dir='ltr'><strong>vestra</strong></span> <span class='ocrx_word' id='word_1_475' title='bbox 3724 3169 3832 3212; x_wconf 75' lang='lat' dir='ltr'><strong>non.</strong></span> 
     </span>
    </p>
   </div>
   <div class='ocr_carea' id='block_1_61' title="bbox 532 3248 3818 3325">
    <p class='ocr_par' dir='ltr' id='par_1_61' title="bbox 532 3248 3818 3325">
     <span class='ocr_line' id='line_1_61' title="bbox 532 3248 3818 3325; baseline -0.001 -16"><span class='ocrx_word' id='word_1_476' title='bbox 532 3254 663 3309; x_wconf 84' lang='lat' dir='ltr'><strong>linis</strong></span> <span class='ocrx_word' id='word_1_477' title='bbox 686 3252 817 3325; x_wconf 90' lang='lat' dir='ltr'><strong>quid</strong></span> <span class='ocrx_word' id='word_1_478' title='bbox 841 3255 1057 3325; x_wconf 89' lang='lat' dir='ltr'><strong>loquar,</strong></span> <span class='ocrx_word' id='word_1_479' title='bbox 1087 3267 1225 3325; x_wconf 89' lang='lat' dir='ltr'><strong>quos</strong></span> <span class='ocrx_word' id='word_1_480' title='bbox 1250 3253 1411 3307; x_wconf 91' lang='lat' dir='ltr'><strong>unius</strong></span> <span class='ocrx_word' id='word_1_481' title='bbox 1434 3248 1685 3322; x_wconf 72' lang='lat' dir='ltr'><strong>prresidis</strong></span> <span class='ocrx_word' id='word_1_482' title='bbox 1718 3257 1960 3321; x_wconf 87' lang='lat' dir='ltr'><strong>potestas</strong></span> <span class='ocrx_word' id='word_1_483' title='bbox 1982 3263 2136 3305; x_wconf 89' lang='lat' dir='ltr'><strong>coer-</strong></span> <span class='ocrx_word' id='word_1_484' title='bbox 2164 3248 2214 3278; x_wconf 84' lang='lat'><strong><em>“</em></strong></span> <span class='ocrx_word' id='word_1_485' title='bbox 2243 3251 2550 3318; x_wconf 86' lang='lat' dir='ltr'><strong>deseratur,</strong></span> <span class='ocrx_word' id='word_1_486' title='bbox 2593 3251 2744 3322; x_wconf 87' lang='lat' dir='ltr'><strong>regio</strong></span> <span class='ocrx_word' id='word_1_487' title='bbox 2770 3259 2952 3307; x_wconf 89' lang='lat' dir='ltr'><strong>vestra</strong></span> <span class='ocrx_word' id='word_1_488' title='bbox 2994 3265 3102 3305; x_wconf 88' lang='lat' dir='ltr'><strong>non</strong></span> <span class='ocrx_word' id='word_1_489' title='bbox 3148 3261 3481 3320; x_wconf 76' lang='lat' dir='ltr'><strong>evacuetur,</strong></span> <span class='ocrx_word' id='word_1_490' title='bbox 3509 3251 3693 3308; x_wconf 85' lang='lat' dir='ltr'><strong>civitas</strong></span> <span class='ocrx_word' id='word_1_491' title='bbox 3724 3265 3818 3305; x_wconf 84' lang='lat' dir='ltr'><strong>non</strong></span> 
     </span>
    </p>
   </div>
   <div class='ocr_carea' id='block_1_62' title="bbox 532 3342 3820 3417">
    <p class='ocr_par' dir='ltr' id='par_1_62' title="bbox 532 3342 3820 3417">
     <span class='ocr_line' id='line_1_62' title="bbox 532 3342 3820 3417; baseline 0 -16"><span class='ocrx_word' id='word_1_492' title='bbox 532 3347 653 3401; x_wconf 82' lang='lat' dir='ltr'><strong>cet?</strong></span> <span class='ocrx_word' id='word_1_493' title='bbox 675 3345 879 3416; x_wconf 85' lang='lat' dir='ltr'><strong>Ingrati</strong></span> <span class='ocrx_word' id='word_1_494' title='bbox 905 3387 920 3411; x_wconf 95' lang='lat'><strong>,</strong></span> <span class='ocrx_word' id='word_1_495' title='bbox 954 3345 1215 3417; x_wconf 88' lang='lat' dir='ltr'><strong>numquid</strong></span> <span class='ocrx_word' id='word_1_496' title='bbox 1246 3361 1354 3401; x_wconf 91' lang='lat' dir='ltr'><strong>non</strong></span> <span class='ocrx_word' id='word_1_497' title='bbox 1386 3355 1569 3400; x_wconf 88' lang='lat' dir='ltr'><strong>vestra</strong></span> <span class='ocrx_word' id='word_1_498' title='bbox 1600 3342 1858 3398; x_wconf 91' lang='lat' dir='ltr'><strong>nobilitas</strong></span> <span class='ocrx_word' id='word_1_499' title='bbox 1904 3353 1988 3398; x_wconf 86' lang='lat' dir='ltr'><strong>est</strong></span> <span class='ocrx_word' id='word_1_500' title='bbox 2014 3357 2137 3397; x_wconf 90' lang='lat' dir='ltr'><strong>cum</strong></span> <span class='ocrx_word' id='word_1_501' title='bbox 2241 3355 2541 3412; x_wconf 82' lang='lat' dir='ltr'><strong>evertatur,</strong></span> <span class='ocrx_word' id='word_1_502' title='bbox 2571 3345 2831 3416; x_wconf 80' lang='lat' dir='ltr'><strong>templum</strong></span> <span class='ocrx_word' id='word_1_503' title='bbox 2861 3359 2968 3399; x_wconf 89' lang='lat' dir='ltr'><strong>non</strong></span> <span class='ocrx_word' id='word_1_504' title='bbox 2994 3354 3375 3401; x_wconf 78' lang='lat' dir='ltr'><strong>concremetur</strong></span> <span class='ocrx_word' id='word_1_505' title='bbox 3398 3345 3424 3399; x_wconf 67' lang='grc' dir='ltr'><strong>’ἶ</strong></span> <span class='ocrx_word' id='word_1_506' title='bbox 3445 3345 3562 3400; x_wconf 83' lang='lat' dir='ltr'><strong>Non</strong></span> <span class='ocrx_word' id='word_1_507' title='bbox 3592 3343 3820 3400; x_wconf 74' lang='lat' dir='ltr'><strong>omnibus</strong></span> 
     </span>
    </p>
   </div>
   <div class='ocr_carea' id='block_1_63' title="bbox 531 3434 3818 3509">
    <p class='ocr_par' dir='ltr' id='par_1_63' title="bbox 531 3434 3818 3509">
     <span class='ocr_line' id='line_1_63' title="bbox 531 3434 3818 3509; baseline -0.002 -15"><span class='ocrx_word' id='word_1_508' title='bbox 531 3439 713 3494; x_wconf 86' lang='lat' dir='ltr'><strong>Persis</strong></span> <span class='ocrx_word' id='word_1_509' title='bbox 733 3438 977 3494; x_wconf 84' lang='lat' dir='ltr'><strong>servire?</strong></span> <span class='ocrx_word' id='word_1_510' title='bbox 1003 3437 1109 3493; x_wconf 83' lang='lat' dir='ltr'><strong>hoc</strong></span> <span class='ocrx_word' id='word_1_511' title='bbox 1131 3446 1217 3493; x_wconf 89' lang='lat' dir='ltr'><strong>est</strong></span> <span class='ocrx_word' id='word_1_512' title='bbox 1242 3437 1388 3493; x_wconf 90' lang='lat' dir='ltr'><strong>enim</strong></span> <span class='ocrx_word' id='word_1_513' title='bbox 1413 3437 1623 3492; x_wconf 88' lang='lat' dir='ltr'><strong>servire</strong></span> <span class='ocrx_word' id='word_1_514' title='bbox 1647 3435 1933 3491; x_wconf 89' lang='lat' dir='ltr'><strong>vobiscum</strong></span> <span class='ocrx_word' id='word_1_515' title='bbox 1956 3447 2136 3505; x_wconf 90' lang='lat' dir='ltr'><strong>reges,</strong></span> <span class='ocrx_word' id='word_1_516' title='bbox 2242 3441 2469 3497; x_wconf 89' lang='lat' dir='ltr'><strong>victoria</strong></span> <span class='ocrx_word' id='word_1_517' title='bbox 2498 3440 2677 3495; x_wconf 86' lang='lat' dir='ltr'><strong>datur.</strong></span> <span class='ocrx_word' id='word_1_518' title='bbox 2704 3439 2897 3494; x_wconf 87' lang='lat' dir='ltr'><strong>Paucis</strong></span> <span class='ocrx_word' id='word_1_519' title='bbox 2934 3453 3174 3509; x_wconf 60' lang='lat' dir='ltr'><strong>praesse</strong></span> <span class='ocrx_word' id='word_1_520' title='bbox 3222 3448 3419 3493; x_wconf 80' lang='lat' dir='ltr'><strong>natura</strong></span> <span class='ocrx_word' id='word_1_521' title='bbox 3451 3438 3639 3505; x_wconf 84' lang='lat' dir='ltr'><strong>dedit,</strong></span> <span class='ocrx_word' id='word_1_522' title='bbox 3670 3434 3818 3508; x_wconf 83' lang='lat' dir='ltr'><strong>pluri-</strong></span> 
     </span>
    </p>
   </div>
   <div class='ocr_carea' id='block_1_64' title="bbox 537 3528 3816 3606">
    <p class='ocr_par' dir='ltr' id='par_1_64' title="bbox 537 3528 3816 3606">
     <span class='ocr_line' id='line_1_64' title="bbox 537 3528 3816 3606; baseline -0.003 -16"><span class='ocrx_word' id='word_1_523' title='bbox 537 3550 875 3606; x_wconf 84' lang='lat' dir='ltr'><strong>regnumque</strong></span> <span class='ocrx_word' id='word_1_524' title='bbox 921 3535 1217 3589; x_wconf 78' lang='lat' dir='ltr'><strong>maximum</strong></span> <span class='ocrx_word' id='word_1_525' title='bbox 1269 3532 1475 3588; x_wconf 87' lang='lat' dir='ltr'><strong>habere</strong></span> <span class='ocrx_word' id='word_1_526' title='bbox 1504 3532 1712 3587; x_wconf 85' lang='lat' dir='ltr'><strong>socium</strong></span> <span class='ocrx_word' id='word_1_527' title='bbox 1759 3530 2135 3602; x_wconf 77' lang='lat' dir='ltr'><strong>subiectionis.</strong></span> <span class='ocrx_word' id='word_1_528' title='bbox 2240 3532 2344 3587; x_wconf 91' lang='lat' dir='ltr'><strong>bus</strong></span> <span class='ocrx_word' id='word_1_529' title='bbox 2370 3531 2777 3602; x_wconf 84' lang='lat' dir='ltr'><strong>obtemperare.</strong></span> <span class='ocrx_word' id='word_1_530' title='bbox 2808 3529 2975 3584; x_wconf 85' lang='lat' dir='ltr'><strong>Tauri</strong></span> <span class='ocrx_word' id='word_1_531' title='bbox 3015 3528 3278 3585; x_wconf 81' lang='lat' dir='ltr'><strong>armentis</strong></span> <span class='ocrx_word' id='word_1_532' title='bbox 3319 3530 3599 3599; x_wconf 85' lang='lat' dir='ltr'><strong>eminent,</strong></span> <span class='ocrx_word' id='word_1_533' title='bbox 3640 3529 3816 3583; x_wconf 83' lang='lat' dir='ltr'><strong>arietes</strong></span> 
     </span>
    </p>
   </div>
   <div class='ocr_carea' id='block_1_65' title="bbox 534 3622 3815 3701">
    <p class='ocr_par' dir='ltr' id='par_1_65' title="bbox 534 3622 3815 3701">
     <span class='ocr_line' id='line_1_65' title="bbox 534 3622 3815 3701; baseline -0.002 -16"><span class='ocrx_word' id='word_1_534' title='bbox 534 3628 643 3686; x_wconf 85' lang='lat' dir='ltr'><strong>Sed</strong></span> <span class='ocrx_word' id='word_1_535' title='bbox 668 3644 872 3701; x_wconf 72' lang='lat' dir='ltr'><strong>quaero,</strong></span> <span class='ocrx_word' id='word_1_536' title='bbox 903 3627 1121 3699; x_wconf 88' lang='lat' dir='ltr'><strong>quando</strong></span> <span class='ocrx_word' id='word_1_537' title='bbox 1153 3625 1371 3682; x_wconf 81' lang='lat' dir='ltr'><strong>fueritis</strong></span> <span class='ocrx_word' id='word_1_538' title='bbox 1398 3626 1597 3691; x_wconf 87' lang='lat' dir='ltr'><strong>liberi,</strong></span> <span class='ocrx_word' id='word_1_539' title='bbox 1620 3624 1713 3696; x_wconf 88' lang='lat' dir='ltr'><strong>qui</strong></span> <span class='ocrx_word' id='word_1_540' title='bbox 1742 3639 1887 3681; x_wconf 90' lang='lat' dir='ltr'><strong>nunc</strong></span> <span class='ocrx_word' id='word_1_541' title='bbox 1909 3625 2140 3680; x_wconf 87' lang='lat' dir='ltr'><strong>servitu—</strong></span> <span class='ocrx_word' id='word_1_542' title='bbox 2241 3625 2517 3697; x_wconf 83' lang='lat' dir='ltr'><strong>gregibus.</strong></span> <span class='ocrx_word' id='word_1_543' title='bbox 2551 3624 2725 3681; x_wconf 89' lang='lat' dir='ltr'><strong>Penes</strong></span> <span class='ocrx_word' id='word_1_544' title='bbox 2756 3638 2960 3693; x_wconf 89' lang='lat' dir='ltr'><strong>paucos</strong></span> <span class='ocrx_word' id='word_1_545' title='bbox 3007 3623 3303 3680; x_wconf 83' lang='lat' dir='ltr'><strong>eminentia</strong></span> <span class='ocrx_word' id='word_1_546' title='bbox 3326 3665 3342 3692; x_wconf 92' lang='lat'><strong>,</strong></span> <span class='ocrx_word' id='word_1_547' title='bbox 3388 3639 3560 3693; x_wconf 85' lang='lat' dir='ltr'><strong>penes</strong></span> <span class='ocrx_word' id='word_1_548' title='bbox 3582 3622 3815 3694; x_wconf 76' lang='lat' dir='ltr'><strong>plurimos</strong></span> 
     </span>
    </p>
   </div>
   <div class='ocr_carea' id='block_1_66' title="bbox 536 3715 3816 3790">
    <p class='ocr_par' dir='ltr' id='par_1_66' title="bbox 536 3715 3816 3790">
     <span class='ocr_line' id='line_1_66' title="bbox 536 3715 3816 3790; baseline -0.003 -13"><span class='ocrx_word' id='word_1_549' title='bbox 536 3731 643 3777; x_wconf 90' lang='lat' dir='ltr'><strong>tem</strong></span> <span class='ocrx_word' id='word_1_550' title='bbox 696 3720 998 3777; x_wconf 75' lang='lat' dir='ltr'><strong>recusatis?</strong></span> <span class='ocrx_word' id='word_1_551' title='bbox 1028 3718 1260 3789; x_wconf 81' lang='lat' dir='ltr'><strong>Quando</strong></span> <span class='ocrx_word' id='word_1_552' title='bbox 1291 3732 1422 3790; x_wconf 88' lang='lat' dir='ltr'><strong>ergo</strong></span> <span class='ocrx_word' id='word_1_553' title='bbox 1465 3717 1627 3774; x_wconf 89' lang='lat' dir='ltr'><strong>liberi</strong></span> <span class='ocrx_word' id='word_1_554' title='bbox 1653 3716 1868 3773; x_wconf 75' lang='lat' dir='ltr'><strong>fuistis?</strong></span> <span class='ocrx_word' id='word_1_555' title='bbox 1895 3716 1980 3772; x_wconf 88' lang='lat' dir='ltr'><strong>vel</strong></span> <span class='ocrx_word' id='word_1_556' title='bbox 2011 3731 2138 3771; x_wconf 90' lang='lat' dir='ltr'><strong>cum</strong></span> <span class='ocrx_word' id='word_1_557' title='bbox 2243 3720 2617 3778; x_wconf 76' lang='lat' dir='ltr'><strong>mansuetudo.</strong></span> <span class='ocrx_word' id='word_1_558' title='bbox 2653 3720 2719 3776; x_wconf 68' lang='lat' dir='ltr'><strong>Et</strong></span> <span class='ocrx_word' id='word_1_559' title='bbox 2745 3735 2841 3776; x_wconf 73' lang='lat' dir='ltr'><strong>vos</strong></span> <span class='ocrx_word' id='word_1_560' title='bbox 2870 3718 3080 3775; x_wconf 72' lang='lat' dir='ltr'><strong>induite</strong></span> <span class='ocrx_word' id='word_1_561' title='bbox 3119 3719 3596 3775; x_wconf 71' lang='lat' dir='ltr'><strong>mansuetudinem</strong></span> <span class='ocrx_word' id='word_1_562' title='bbox 3621 3759 3637 3786; x_wconf 77' lang='lat'><strong>,</strong></span> <span class='ocrx_word' id='word_1_563' title='bbox 3664 3715 3816 3773; x_wconf 77' lang='lat' dir='ltr'><strong>susci-</strong></span> 
     </span>
    </p>
   </div>
   <div class='ocr_carea' id='block_1_67' title="bbox 534 3808 3814 3888">
    <p class='ocr_par' dir='ltr' id='par_1_67' title="bbox 534 3808 3814 3888">
     <span class='ocr_line' id='line_1_67' title="bbox 534 3808 3814 3888; baseline 0.001 -19"><span class='ocrx_word' id='word_1_564' title='bbox 534 3814 656 3872; x_wconf 88' lang='lat' dir='ltr'><strong>aliis</strong></span> <span class='ocrx_word' id='word_1_565' title='bbox 683 3813 1138 3879; x_wconf 89' lang='lat' dir='ltr'><strong>dominaremini,</strong></span> <span class='ocrx_word' id='word_1_566' title='bbox 1184 3813 1277 3884; x_wconf 89' lang='lat' dir='ltr'><strong>qui</strong></span> <span class='ocrx_word' id='word_1_567' title='bbox 1318 3810 1421 3868; x_wconf 87' lang='lat' dir='ltr'><strong>sub</strong></span> <span class='ocrx_word' id='word_1_568' title='bbox 1446 3825 1577 3882; x_wconf 87' lang='lat' dir='ltr'><strong>rege</strong></span> <span class='ocrx_word' id='word_1_569' title='bbox 1606 3809 1816 3866; x_wconf 84' lang='lat' dir='ltr'><strong>eratis?</strong></span> <span class='ocrx_word' id='word_1_570' title='bbox 1843 3808 2139 3865; x_wconf 84' lang='lat' dir='ltr'><strong>Habebatis</strong></span> <span class='ocrx_word' id='word_1_571' title='bbox 2243 3816 2354 3886; x_wconf 80' lang='lat' dir='ltr'><strong>pite</strong></span> <span class='ocrx_word' id='word_1_572' title='bbox 2394 3815 2791 3887; x_wconf 85' lang='lat' dir='ltr'><strong>subiectionem</strong></span> <span class='ocrx_word' id='word_1_573' title='bbox 2814 3859 2828 3883; x_wconf 93' lang='lat'><strong>,</strong></span> <span class='ocrx_word' id='word_1_574' title='bbox 2869 3831 3030 3888; x_wconf 87' lang='lat' dir='ltr'><strong>quam</strong></span> <span class='ocrx_word' id='word_1_575' title='bbox 3065 3817 3229 3873; x_wconf 88' lang='lat' dir='ltr'><strong>etiam</strong></span> <span class='ocrx_word' id='word_1_576' title='bbox 3262 3815 3394 3872; x_wconf 66' lang='lat' dir='ltr'><strong>ferae</strong></span> <span class='ocrx_word' id='word_1_577' title='bbox 3422 3817 3667 3872; x_wconf 88' lang='lat' dir='ltr'><strong>induunt.</strong></span> <span class='ocrx_word' id='word_1_578' title='bbox 3706 3813 3814 3868; x_wconf 69' lang='lat' dir='ltr'><strong>&quot;me</strong></span> 
     </span>
    </p>
   </div>
   <div class='ocr_carea' id='block_1_68' title="bbox 534 3902 3811 3982">
    <p class='ocr_par' dir='ltr' id='par_1_68' title="bbox 534 3902 3811 3982">
     <span class='ocr_line' id='line_1_68' title="bbox 534 3902 3811 3982; baseline -0 -20"><span class='ocrx_word' id='word_1_579' title='bbox 534 3918 718 3979; x_wconf 85' lang='lat' dir='ltr'><strong>regem</strong></span> <span class='ocrx_word' id='word_1_580' title='bbox 770 3907 960 3973; x_wconf 89' lang='lat' dir='ltr'><strong>Deum,</strong></span> <span class='ocrx_word' id='word_1_581' title='bbox 1005 3905 1339 3977; x_wconf 88' lang='lat' dir='ltr'><strong>repudiastis</strong></span> <span class='ocrx_word' id='word_1_582' title='bbox 1377 3918 1606 3976; x_wconf 87' lang='lat' dir='ltr'><strong>regnum</strong></span> <span class='ocrx_word' id='word_1_583' title='bbox 1635 3902 1843 3973; x_wconf 90' lang='lat' dir='ltr'><strong>ipsius,</strong></span> <span class='ocrx_word' id='word_1_584' title='bbox 1899 3902 2002 3957; x_wconf 90' lang='lat' dir='ltr'><strong>sub</strong></span> <span class='ocrx_word' id='word_1_585' title='bbox 2028 3917 2139 3973; x_wconf 88' lang='lat' dir='ltr'><strong>quo</strong></span> <span class='ocrx_word' id='word_1_586' title='bbox 2240 3925 2361 3966; x_wconf 81' lang='lat' dir='ltr'><strong>cum</strong></span> <span class='ocrx_word' id='word_1_587' title='bbox 2412 3911 2619 3969; x_wconf 80' lang='lat' dir='ltr'><strong>diceret</strong></span> <span class='ocrx_word' id='word_1_588' title='bbox 2668 3911 2965 3982; x_wconf 78' lang='lat' dir='ltr'><strong>Josepbus,</strong></span> <span class='ocrx_word' id='word_1_589' title='bbox 3023 3911 3479 3969; x_wconf 88' lang='lat' dir='ltr'><strong>conviciabantur</strong></span> <span class='ocrx_word' id='word_1_590' title='bbox 3543 3911 3609 3967; x_wconf 87' lang='lat' dir='ltr'><strong>de</strong></span> <span class='ocrx_word' id='word_1_591' title='bbox 3654 3921 3811 3964; x_wconf 90' lang='lat' dir='ltr'><strong>muro.</strong></span> 
     </span>
    </p>
   </div>
   <div class='ocr_carea' id='block_1_69' title="bbox 534 3996 3814 4077">
    <p class='ocr_par' dir='ltr' id='par_1_69' title="bbox 534 3996 3814 4077">
     <span class='ocr_line' id='line_1_69' title="bbox 534 3996 3814 4077; baseline -0.004 -19"><span class='ocrx_word' id='word_1_592' title='bbox 534 4002 656 4058; x_wconf 87' lang='lat' dir='ltr'><strong>solo</strong></span> <span class='ocrx_word' id='word_1_593' title='bbox 682 4002 849 4057; x_wconf 88' lang='lat' dir='ltr'><strong>eratis</strong></span> <span class='ocrx_word' id='word_1_594' title='bbox 879 4000 1074 4067; x_wconf 86' lang='lat' dir='ltr'><strong>liberi,</strong></span> <span class='ocrx_word' id='word_1_595' title='bbox 1108 4000 1361 4054; x_wconf 80' lang='lat' dir='ltr'><strong>voluistis</strong></span> <span class='ocrx_word' id='word_1_596' title='bbox 1403 3998 1613 4054; x_wconf 81' lang='lat' dir='ltr'><strong>servire</strong></span> <span class='ocrx_word' id='word_1_597' title='bbox 1657 3996 1994 4052; x_wconf 82' lang='lat' dir='ltr'><strong>hominibus.</strong></span> <span class='ocrx_word' id='word_1_598' title='bbox 2027 3997 2139 4052; x_wconf 75' lang='lat' dir='ltr'><strong>Cur</strong></span> <span class='ocrx_word' id='word_1_599' title='bbox 2240 4005 2629 4062; x_wconf 66' lang='lat' dir='ltr'><strong>Matedicebam</strong></span> <span class='ocrx_word' id='word_1_600' title='bbox 2661 4006 2813 4062; x_wconf 72' lang='lat' dir='ltr'><strong>milia</strong></span> <span class='ocrx_word' id='word_1_601' title='bbox 2853 4005 3127 4062; x_wconf 47' lang='lat' dir='ltr'><strong>suadenti,</strong></span> <span class='ocrx_word' id='word_1_602' title='bbox 3156 4005 3410 4077; x_wconf 68' lang='grc' dir='ltr'><strong>Ριει-ίφιθ</strong></span> <span class='ocrx_word' id='word_1_603' title='bbox 3446 4005 3606 4062; x_wconf 62' lang='grc' dir='ltr'><strong>θείη,</strong></span> <span class='ocrx_word' id='word_1_604' title='bbox 3630 4000 3814 4074; x_wconf 57' lang='lat' dir='ltr'><strong>imm.</strong></span> 
     </span>
    </p>
   </div>
   <div class='ocr_carea' id='block_1_70' title="bbox 530 4088 3815 4173">
    <p class='ocr_par' dir='ltr' id='par_1_70' title="bbox 530 4088 3815 4173">
     <span class='ocr_line' id='line_1_70' title="bbox 530 4088 3815 4173; baseline -0.001 -22"><span class='ocrx_word' id='word_1_605' title='bbox 530 4108 747 4165; x_wconf 89' lang='lat' dir='ltr'><strong>patrum</strong></span> <span class='ocrx_word' id='word_1_606' title='bbox 770 4095 1032 4151; x_wconf 90' lang='lat' dir='ltr'><strong>revellitis</strong></span> <span class='ocrx_word' id='word_1_607' title='bbox 1059 4094 1429 4150; x_wconf 75' lang='lat' dir='ltr'><strong>testamenta?</strong></span> <span class='ocrx_word' id='word_1_608' title='bbox 1449 4091 1747 4147; x_wconf 70' lang='lat' dir='ltr'><strong>bmreditas</strong></span> <span class='ocrx_word' id='word_1_609' title='bbox 1776 4098 1834 4146; x_wconf 90' lang='lat' dir='ltr'><strong>et</strong></span> <span class='ocrx_word' id='word_1_610' title='bbox 1863 4088 1920 4145; x_wconf 89' lang='lat' dir='ltr'><strong>in</strong></span> <span class='ocrx_word' id='word_1_611' title='bbox 1952 4099 2139 4160; x_wconf 83' lang='lat' dir='ltr'><strong>patres</strong></span> <span class='ocrx_word' id='word_1_612' title='bbox 2242 4100 2438 4156; x_wconf 59' lang='lat' dir='ltr'><strong>bantur</strong></span> <span class='ocrx_word' id='word_1_613' title='bbox 2462 4101 2722 4173; x_wconf 65' lang='lat' dir='ltr'><strong>saginas,</strong></span> <span class='ocrx_word' id='word_1_614' title='bbox 2763 4100 2809 4155; x_wconf 74' lang='lat' dir='ltr'><strong>si</strong></span> <span class='ocrx_word' id='word_1_615' title='bbox 2844 4107 3066 4171; x_wconf 72' lang='lat' dir='ltr'><strong>possem</strong></span> <span class='ocrx_word' id='word_1_616' title='bbox 3105 4113 3229 4155; x_wconf 77' lang='lat' dir='ltr'><strong>eum</strong></span> <span class='ocrx_word' id='word_1_617' title='bbox 3269 4106 3447 4156; x_wconf 56' lang='lat' dir='ltr'><strong>tuane</strong></span> <span class='ocrx_word' id='word_1_618' title='bbox 3473 4097 3726 4169; x_wconf 70' lang='lat' dir='ltr'><strong>afﬂigere.</strong></span> <span class='ocrx_word' id='word_1_619' title='bbox 3751 4092 3815 4149; x_wconf 74' lang='lat' dir='ltr'><strong>At</strong></span> 
     </span>
    </p>
   </div>
   <div class='ocr_carea' id='block_1_71' title="bbox 527 4183 3813 4265">
    <p class='ocr_par' dir='ltr' id='par_1_71' title="bbox 527 4183 3813 4265">
     <span class='ocr_line' id='line_1_71' title="bbox 527 4183 3813 4265; baseline 0 -20"><span class='ocrx_word' id='word_1_620' title='bbox 527 4200 843 4245; x_wconf 79' lang='lat' dir='ltr'><strong>contumax.</strong></span> <span class='ocrx_word' id='word_1_621' title='bbox 895 4188 1147 4259; x_wconf 87' lang='lat' dir='ltr'><strong>Elegistis</strong></span> <span class='ocrx_word' id='word_1_622' title='bbox 1177 4202 1359 4260; x_wconf 85' lang='lat' dir='ltr'><strong>regem</strong></span> <span class='ocrx_word' id='word_1_623' title='bbox 1392 4186 1483 4241; x_wconf 90' lang='lat' dir='ltr'><strong>cui</strong></span> <span class='ocrx_word' id='word_1_624' title='bbox 1526 4200 1724 4242; x_wconf 84' lang='lat' dir='ltr'><strong>nomen</strong></span> <span class='ocrx_word' id='word_1_625' title='bbox 1755 4184 1908 4240; x_wconf 90' lang='lat' dir='ltr'><strong>Saul.</strong></span> <span class='ocrx_word' id='word_1_626' title='bbox 1941 4183 2139 4240; x_wconf 80' lang='lat' dir='ltr'><strong>Occiso</strong></span> <span class='ocrx_word' id='word_1_627' title='bbox 2242 4195 2366 4263; x_wconf 90' lang='lat' dir='ltr'><strong>ille,</strong></span> <span class='ocrx_word' id='word_1_628' title='bbox 2406 4196 2496 4265; x_wconf 85' lang='lat' dir='ltr'><strong>qui</strong></span> <span class='ocrx_word' id='word_1_629' title='bbox 2523 4198 2772 4252; x_wconf 86' lang='lat' dir='ltr'><strong>oratione</strong></span> <span class='ocrx_word' id='word_1_630' title='bbox 2798 4208 2906 4250; x_wconf 87' lang='lat' dir='ltr'><strong>non</strong></span> <span class='ocrx_word' id='word_1_631' title='bbox 2936 4192 3189 4250; x_wconf 72' lang='lat' dir='ltr'><strong>ﬂectebat</strong></span> <span class='ocrx_word' id='word_1_632' title='bbox 3227 4192 3561 4259; x_wconf 82' lang='lat' dir='ltr'><strong>indomitos,</strong></span> <span class='ocrx_word' id='word_1_633' title='bbox 3601 4190 3813 4259; x_wconf 86' lang='lat' dir='ltr'><strong>scriptu-</strong></span> 
     </span>
    </p>
   </div>
   <div class='ocr_carea' id='block_1_72' title="bbox 531 4278 3809 4357">
    <p class='ocr_par' dir='ltr' id='par_1_72' title="bbox 531 4278 3809 4357">
     <span class='ocr_line' id='line_1_72' title="bbox 531 4278 3809 4357; baseline 0 -24"><span class='ocrx_word' id='word_1_634' title='bbox 531 4283 653 4350; x_wconf 80' lang='lat' dir='ltr'><strong>illo,</strong></span> <span class='ocrx_word' id='word_1_635' title='bbox 672 4282 996 4338; x_wconf 69' lang='lat' dir='ltr'><strong>Palaestinas</strong></span> <span class='ocrx_word' id='word_1_636' title='bbox 1022 4282 1180 4337; x_wconf 90' lang='lat' dir='ltr'><strong>vobis</strong></span> <span class='ocrx_word' id='word_1_637' title='bbox 1210 4279 1799 4352; x_wconf 82' lang='lat' dir='ltr'><strong>pepulusimperitavil</strong></span> <span class='ocrx_word' id='word_1_638' title='bbox 1827 4296 1840 4332; x_wconf 90' lang='lat'><strong>:</strong></span> <span class='ocrx_word' id='word_1_639' title='bbox 1869 4278 2139 4333; x_wconf 63' lang='lat' dir='ltr'><strong>success“</strong></span> <span class='ocrx_word' id='word_1_640' title='bbox 2241 4302 2422 4341; x_wconf 87' lang='lat' dir='ltr'><strong>rarum</strong></span> <span class='ocrx_word' id='word_1_641' title='bbox 2437 4301 2651 4357; x_wconf 90' lang='lat' dir='ltr'><strong>quoque</strong></span> <span class='ocrx_word' id='word_1_642' title='bbox 2677 4285 3008 4342; x_wconf 86' lang='lat' dir='ltr'><strong>testimoniis</strong></span> <span class='ocrx_word' id='word_1_643' title='bbox 3022 4284 3429 4341; x_wconf 85' lang='lat' dir='ltr'><strong>conveniendus</strong></span> <span class='ocrx_word' id='word_1_644' title='bbox 3444 4283 3809 4344; x_wconf 83' lang='lat' dir='ltr'><strong>arbitrabatur,</strong></span> 
     </span>
    </p>
   </div>
   <div class='ocr_carea' id='block_1_73' title="bbox 533 4371 3810 4451">
    <p class='ocr_par' dir='ltr' id='par_1_73' title="bbox 533 4371 3810 4451">
     <span class='ocr_line' id='line_1_73' title="bbox 533 4371 3810 4451; baseline -0.001 -21"><span class='ocrx_word' id='word_1_645' title='bbox 533 4386 657 4448; x_wconf 89' lang='lat' dir='ltr'><strong>post</strong></span> <span class='ocrx_word' id='word_1_646' title='bbox 682 4385 931 4447; x_wconf 86' lang='lat' dir='ltr'><strong>tempora</strong></span> <span class='ocrx_word' id='word_1_647' title='bbox 966 4375 1136 4431; x_wconf 86' lang='lat' dir='ltr'><strong>David</strong></span> <span class='ocrx_word' id='word_1_648' title='bbox 1168 4376 1222 4430; x_wconf 92' lang='lat' dir='ltr'><strong>in</strong></span> <span class='ocrx_word' id='word_1_649' title='bbox 1250 4375 1417 4431; x_wconf 89' lang='lat' dir='ltr'><strong>totius</strong></span> <span class='ocrx_word' id='word_1_650' title='bbox 1450 4374 1632 4445; x_wconf 87' lang='lat' dir='ltr'><strong>populi</strong></span> <span class='ocrx_word' id='word_1_651' title='bbox 1661 4386 1931 4443; x_wconf 88' lang='lat' dir='ltr'><strong>regnum,</strong></span> <span class='ocrx_word' id='word_1_652' title='bbox 1954 4372 2138 4427; x_wconf 91' lang='lat' dir='ltr'><strong>mitior</strong></span> <span class='ocrx_word' id='word_1_653' title='bbox 2241 4382 2479 4437; x_wconf 72' lang='lat' dir='ltr'><strong>maxime</strong></span> <span class='ocrx_word' id='word_1_654' title='bbox 2521 4381 2648 4451; x_wconf 72' lang='lat' dir='ltr'><strong>quia</strong></span> <span class='ocrx_word' id='word_1_655' title='bbox 2675 4379 2936 4437; x_wconf 72' lang='lat' dir='ltr'><strong>dicebant</strong></span> <span class='ocrx_word' id='word_1_656' title='bbox 2980 4380 3151 4436; x_wconf 75' lang='lat' dir='ltr'><strong>Deum</strong></span> <span class='ocrx_word' id='word_1_657' title='bbox 3197 4378 3381 4450; x_wconf 65' lang='lat' dir='ltr'><strong>templi</strong></span> <span class='ocrx_word' id='word_1_658' title='bbox 3436 4378 3522 4433; x_wconf 79' lang='lat' dir='ltr'><strong>sui</strong></span> <span class='ocrx_word' id='word_1_659' title='bbox 3576 4371 3810 4448; x_wconf 64' lang='lat' dir='ltr'><strong>praesidio</strong></span> 
     </span>
    </p>
   </div>
   <div class='ocr_carea' id='block_1_74' title="bbox 530 4469 2699 4543">
    <p class='ocr_par' dir='ltr' id='par_1_74' title="bbox 530 4469 2699 4543">
     <span class='ocr_line' id='line_1_74' title="bbox 530 4469 2699 4543; baseline -0.003 -16"><span class='ocrx_word' id='word_1_660' title='bbox 530 4470 749 4543; x_wconf 88' lang='lat' dir='ltr'><strong>quidem</strong></span> <span class='ocrx_word' id='word_1_661' title='bbox 780 4469 1026 4536; x_wconf 88' lang='lat' dir='ltr'><strong>domino,</strong></span> <span class='ocrx_word' id='word_1_662' title='bbox 1081 4471 1179 4527; x_wconf 86' lang='lat' dir='ltr'><strong>sed</strong></span> <span class='ocrx_word' id='word_1_663' title='bbox 1226 4469 1484 4525; x_wconf 89' lang='lat' dir='ltr'><strong>dominus</strong></span> <span class='ocrx_word' id='word_1_664' title='bbox 1516 4478 1721 4534; x_wconf 83' lang='lat' dir='ltr'><strong>tamen,</strong></span> <span class='ocrx_word' id='word_1_665' title='bbox 1770 4469 1923 4539; x_wconf 89' lang='lat' dir='ltr'><strong>prius</strong></span> <span class='ocrx_word' id='word_1_666' title='bbox 1972 4482 2133 4539; x_wconf 89' lang='lat' dir='ltr'><strong>quam</strong></span> <span class='ocrx_word' id='word_1_667' title='bbox 2240 4490 2346 4530; x_wconf 71' lang='lat' dir='ltr'><strong>non</strong></span> <span class='ocrx_word' id='word_1_668' title='bbox 2368 4473 2699 4530; x_wconf 72' lang='lat' dir='ltr'><strong>defuturum,</strong></span> 
     </span>
    </p>
   </div>
   <div class='ocr_carea' id='block_1_75' title="bbox 529 4559 2137 4636">
    <p class='ocr_par' dir='ltr' id='par_1_75' title="bbox 529 4559 2137 4636">
     <span class='ocr_line' id='line_1_75' title="bbox 529 4559 2137 4636; baseline -0.004 -15"><span class='ocrx_word' id='word_1_669' title='bbox 529 4566 901 4636; x_wconf 88' lang='lat' dir='ltr'><strong>requiesceret</strong></span> <span class='ocrx_word' id='word_1_670' title='bbox 931 4562 1099 4619; x_wconf 89' lang='lat' dir='ltr'><strong>David</strong></span> <span class='ocrx_word' id='word_1_671' title='bbox 1121 4605 1135 4631; x_wconf 92' lang='lat'><strong>,</strong></span> <span class='ocrx_word' id='word_1_672' title='bbox 1178 4563 1325 4633; x_wconf 90' lang='lat' dir='ltr'><strong>genti</strong></span> <span class='ocrx_word' id='word_1_673' title='bbox 1360 4571 1541 4617; x_wconf 88' lang='lat' dir='ltr'><strong>tamen</strong></span> <span class='ocrx_word' id='word_1_674' title='bbox 1569 4570 1624 4616; x_wconf 90' lang='lat' dir='ltr'><strong>et</strong></span> <span class='ocrx_word' id='word_1_675' title='bbox 1671 4561 1789 4631; x_wconf 90' lang='lat' dir='ltr'><strong>ipse</strong></span> <span class='ocrx_word' id='word_1_676' title='bbox 1819 4574 2003 4631; x_wconf 89' lang='lat' dir='ltr'><strong>regem</strong></span> <span class='ocrx_word' id='word_1_677' title='bbox 2031 4559 2137 4615; x_wconf 83' lang='lat' dir='ltr'><strong>int-</strong></span> 
     </span>
    </p>
   </div>
   <div class='ocr_carea' id='block_1_76' title="bbox 533 4649 3808 4730">
    <p class='ocr_par' dir='ltr' id='par_1_76' title="bbox 533 4649 3808 4730">
     <span class='ocr_line' id='line_1_76' title="bbox 533 4649 3808 4730; baseline -0.007 -16"><span class='ocrx_word' id='word_1_678' title='bbox 533 4659 730 4729; x_wconf 86' lang='lat' dir='ltr'><strong>posuit.</strong></span> <span class='ocrx_word' id='word_1_679' title='bbox 764 4659 808 4712; x_wconf 87' lang='lat' dir='ltr'><strong>A</strong></span> <span class='ocrx_word' id='word_1_680' title='bbox 838 4656 1135 4713; x_wconf 87' lang='lat' dir='ltr'><strong>Salomone</strong></span> <span class='ocrx_word' id='word_1_681' title='bbox 1172 4668 1363 4710; x_wconf 89' lang='lat' dir='ltr'><strong>rursus</strong></span> <span class='ocrx_word' id='word_1_682' title='bbox 1387 4654 1617 4710; x_wconf 90' lang='lat' dir='ltr'><strong>scissum</strong></span> <span class='ocrx_word' id='word_1_683' title='bbox 1646 4652 1701 4709; x_wconf 85' lang='lat' dir='ltr'><strong>in</strong></span> <span class='ocrx_word' id='word_1_684' title='bbox 1728 4653 1838 4708; x_wconf 89' lang='lat' dir='ltr'><strong>duo</strong></span> <span class='ocrx_word' id='word_1_685' title='bbox 1879 4666 2131 4724; x_wconf 85' lang='lat' dir='ltr'><strong>regnum,</strong></span> <span class='ocrx_word' id='word_1_686' title='bbox 2161 4649 2215 4679; x_wconf 81' lang='grc' dir='ltr'><strong>ν</strong></span> <span class='ocrx_word' id='word_1_687' title='bbox 2309 4662 2643 4730; x_wconf 54' lang='lat' dir='ltr'><strong>Temeraria,</strong></span> <span class='ocrx_word' id='word_1_688' title='bbox 2668 4663 2939 4718; x_wconf 64' lang='grc' dir='ltr'><strong>ηηηεοίηε</strong></span> <span class='ocrx_word' id='word_1_689' title='bbox 2961 4660 3180 4717; x_wconf 58' lang='lat' dir='ltr'><strong>demum</strong></span> <span class='ocrx_word' id='word_1_690' title='bbox 3223 4659 3381 4716; x_wconf 49' lang='lat' dir='ltr'><strong>vobis</strong></span> <span class='ocrx_word' id='word_1_691' title='bbox 3409 4658 3649 4715; x_wconf 57' lang='lat' dir='ltr'><strong>divinum</strong></span> <span class='ocrx_word' id='word_1_692' title='bbox 3674 4649 3808 4708; x_wconf 56' lang='lat' dir='ltr'><strong>auxi.</strong></span> 
     </span>
    </p>
   </div>
   <div class='ocr_carea' id='block_1_77' title="bbox 530 4742 3807 4827">
    <p class='ocr_par' dir='ltr' id='par_1_77' title="bbox 530 4742 3807 4827">
     <span class='ocr_line' id='line_1_77' title="bbox 530 4742 3807 4827; baseline -0.005 -16"><span class='ocrx_word' id='word_1_693' title='bbox 530 4764 587 4811; x_wconf 90' lang='lat' dir='ltr'><strong>et</strong></span> <span class='ocrx_word' id='word_1_694' title='bbox 614 4754 790 4811; x_wconf 87' lang='lat' dir='ltr'><strong>divisa</strong></span> <span class='ocrx_word' id='word_1_695' title='bbox 813 4767 911 4824; x_wconf 90' lang='lat' dir='ltr'><strong>per</strong></span> <span class='ocrx_word' id='word_1_696' title='bbox 936 4753 1161 4824; x_wconf 86' lang='lat' dir='ltr'><strong>longam</strong></span> <span class='ocrx_word' id='word_1_697' title='bbox 1178 4752 1380 4807; x_wconf 89' lang='lat' dir='ltr'><strong>seriem</strong></span> <span class='ocrx_word' id='word_1_698' title='bbox 1404 4748 1794 4806; x_wconf 88' lang='lat' dir='ltr'><strong>dominationis</strong></span> <span class='ocrx_word' id='word_1_699' title='bbox 1823 4747 2132 4804; x_wconf 66' lang='lat' dir='ltr'><strong>barredilas.</strong></span> <span class='ocrx_word' id='word_1_700' title='bbox 2238 4755 2367 4809; x_wconf 80' lang='lat' dir='ltr'><strong>num</strong></span> <span class='ocrx_word' id='word_1_701' title='bbox 2391 4753 2684 4810; x_wconf 68' lang='lat' dir='ltr'><strong>amittit-um</strong></span> <span class='ocrx_word' id='word_1_702' title='bbox 2702 4755 2965 4827; x_wconf 81' lang='lat' dir='ltr'><strong>speratis,</strong></span> <span class='ocrx_word' id='word_1_703' title='bbox 2990 4752 3209 4823; x_wconf 85' lang='lat' dir='ltr'><strong>quando</strong></span> <span class='ocrx_word' id='word_1_704' title='bbox 3232 4748 3626 4824; x_wconf 85' lang='lat' dir='ltr'><strong>permiscuistis</strong></span> <span class='ocrx_word' id='word_1_705' title='bbox 3647 4742 3807 4800; x_wconf 87' lang='lat' dir='ltr'><strong>omnia</strong></span> 
     </span>
    </p>
   </div>
   <div class='ocr_carea' id='block_1_78' title="bbox 530 4834 3806 4919">
    <p class='ocr_par' dir='ltr' id='par_1_78' title="bbox 530 4834 3806 4919">
     <span class='ocr_line' id='line_1_78' title="bbox 530 4834 3806 4919; baseline -0.006 -11"><span class='ocrx_word' id='word_1_706' title='bbox 530 4848 603 4908; x_wconf 88' lang='lat' dir='ltr'><strong>Ut</strong></span> <span class='ocrx_word' id='word_1_707' title='bbox 628 4847 932 4907; x_wconf 88' lang='lat' dir='ltr'><strong>transiliam</strong></span> <span class='ocrx_word' id='word_1_708' title='bbox 975 4846 1344 4919; x_wconf 79' lang='lat' dir='ltr'><strong>captivitates,</strong></span> <span class='ocrx_word' id='word_1_709' title='bbox 1398 4842 1579 4916; x_wconf 85' lang='lat' dir='ltr'><strong>Cyrus</strong></span> <span class='ocrx_word' id='word_1_710' title='bbox 1627 4844 1922 4916; x_wconf 83' lang='lat' dir='ltr'><strong>plerosque</strong></span> <span class='ocrx_word' id='word_1_711' title='bbox 1975 4844 2135 4898; x_wconf 88' lang='lat' dir='ltr'><strong>terris</strong></span> <span class='ocrx_word' id='word_1_712' title='bbox 2239 4846 2413 4913; x_wconf 87' lang='lat' dir='ltr'><strong>bello,</strong></span> <span class='ocrx_word' id='word_1_713' title='bbox 2443 4847 2639 4901; x_wconf 86' lang='lat' dir='ltr'><strong>altaria</strong></span> <span class='ocrx_word' id='word_1_714' title='bbox 2668 4847 2943 4913; x_wconf 83' lang='lat' dir='ltr'><strong>violastis,</strong></span> <span class='ocrx_word' id='word_1_715' title='bbox 2978 4844 3223 4901; x_wconf 83' lang='lat' dir='ltr'><strong>diruistis</strong></span> <span class='ocrx_word' id='word_1_716' title='bbox 3259 4844 3426 4900; x_wconf 89' lang='lat' dir='ltr'><strong>totius</strong></span> <span class='ocrx_word' id='word_1_717' title='bbox 3469 4841 3620 4899; x_wconf 87' lang='lat' dir='ltr'><strong>urbis</strong></span> <span class='ocrx_word' id='word_1_718' title='bbox 3642 4834 3806 4894; x_wconf 72' lang='lat' dir='ltr'><strong>muni~</strong></span> 
     </span>
    </p>
   </div>
   <div class='ocr_carea' id='block_1_79' title="bbox 530 4928 3806 5011">
    <p class='ocr_par' dir='ltr' id='par_1_79' title="bbox 530 4928 3806 5011">
     <span class='ocr_line' id='line_1_79' title="bbox 530 4928 3806 5011; baseline -0.005 -11"><span class='ocrx_word' id='word_1_719' title='bbox 530 4946 645 5001; x_wconf 88' lang='lat' dir='ltr'><strong>suis</strong></span> <span class='ocrx_word' id='word_1_720' title='bbox 666 4943 887 5000; x_wconf 66' lang='lat' dir='ltr'><strong>Judazos</strong></span> <span class='ocrx_word' id='word_1_721' title='bbox 916 4951 972 4997; x_wconf 91' lang='lat' dir='ltr'><strong>et</strong></span> <span class='ocrx_word' id='word_1_722' title='bbox 1002 4938 1175 4996; x_wconf 90' lang='lat' dir='ltr'><strong>sacris</strong></span> <span class='ocrx_word' id='word_1_723' title='bbox 1203 4939 1319 4996; x_wconf 87' lang='lat' dir='ltr'><strong>suis</strong></span> <span class='ocrx_word' id='word_1_724' title='bbox 1360 4937 1622 4995; x_wconf 88' lang='lat' dir='ltr'><strong>reddidit.</strong></span> <span class='ocrx_word' id='word_1_725' title='bbox 1651 4938 1764 5009; x_wconf 74' lang='lat' dir='ltr'><strong>Sed</strong></span> <span class='ocrx_word' id='word_1_726' title='bbox 1797 4949 1985 5009; x_wconf 89' lang='lat' dir='ltr'><strong>patres</strong></span> <span class='ocrx_word' id='word_1_727' title='bbox 2011 4951 2135 4993; x_wconf 88' lang='lat' dir='ltr'><strong>ves—</strong></span> <span class='ocrx_word' id='word_1_728' title='bbox 2216 4928 2463 4998; x_wconf 82' lang='lat' dir='ltr'><strong>menta?</strong></span> <span class='ocrx_word' id='word_1_729' title='bbox 2505 4940 2826 5007; x_wconf 82' lang='lat' dir='ltr'><strong>Tcmer‘arii,</strong></span> <span class='ocrx_word' id='word_1_730' title='bbox 2858 4941 3100 5011; x_wconf 81' lang='lat' dir='ltr'><strong>inquam,</strong></span> <span class='ocrx_word' id='word_1_731' title='bbox 3128 4947 3184 4995; x_wconf 89' lang='lat' dir='ltr'><strong>et</strong></span> <span class='ocrx_word' id='word_1_732' title='bbox 3211 4947 3520 4995; x_wconf 85' lang='lat' dir='ltr'><strong>vestrorum</strong></span> <span class='ocrx_word' id='word_1_733' title='bbox 3548 4937 3806 4993; x_wconf 87' lang='lat' dir='ltr'><strong>immemo-</strong></span> 
     </span>
    </p>
   </div>
   <div class='ocr_carea' id='block_1_80' title="bbox 531 5027 3805 5107">
    <p class='ocr_par' dir='ltr' id='par_1_80' title="bbox 531 5027 3805 5107">
     <span class='ocr_line' id='line_1_80' title="bbox 531 5027 3805 5107; baseline -0.002 -13"><span class='ocrx_word' id='word_1_734' title='bbox 531 5039 597 5094; x_wconf 91' lang='lat' dir='ltr'><strong>tri</strong></span> <span class='ocrx_word' id='word_1_735' title='bbox 643 5050 766 5093; x_wconf 87' lang='lat' dir='ltr'><strong>cum</strong></span> <span class='ocrx_word' id='word_1_736' title='bbox 815 5035 1110 5092; x_wconf 85' lang='lat' dir='ltr'><strong>Persarum</strong></span> <span class='ocrx_word' id='word_1_737' title='bbox 1154 5034 1361 5106; x_wconf 64' lang='lat' dir='ltr'><strong>praeliis</strong></span> <span class='ocrx_word' id='word_1_738' title='bbox 1408 5033 1673 5104; x_wconf 69' lang='lat' dir='ltr'><strong>gravibus</strong></span> <span class='ocrx_word' id='word_1_739' title='bbox 1716 5039 2128 5100; x_wconf 86' lang='lat' dir='ltr'><strong>atterercntnr,</strong></span> <span class='ocrx_word' id='word_1_740' title='bbox 2234 5056 2323 5097; x_wconf 69' lang='lat' dir='ltr'><strong>res</strong></span> <span class='ocrx_word' id='word_1_741' title='bbox 2362 5040 2730 5105; x_wconf 65' lang='lat' dir='ltr'><strong>auxiliorum,</strong></span> <span class='ocrx_word' id='word_1_742' title='bbox 2774 5048 2926 5093; x_wconf 85' lang='lat' dir='ltr'><strong>scuta</strong></span> <span class='ocrx_word' id='word_1_743' title='bbox 2974 5044 3030 5091; x_wconf 86' lang='lat' dir='ltr'><strong>ct</strong></span> <span class='ocrx_word' id='word_1_744' title='bbox 3068 5035 3280 5107; x_wconf 83' lang='lat' dir='ltr'><strong>gladios</strong></span> <span class='ocrx_word' id='word_1_745' title='bbox 3320 5032 3586 5106; x_wconf 86' lang='lat' dir='ltr'><strong>parastis,</strong></span> <span class='ocrx_word' id='word_1_746' title='bbox 3623 5039 3675 5085; x_wconf 89' lang='lat' dir='ltr'><strong>et</strong></span> <span class='ocrx_word' id='word_1_747' title='bbox 3715 5027 3805 5080; x_wconf 78' lang='lat' dir='ltr'><strong>hoc</strong></span> 
     </span>
    </p>
   </div>
   <div class='ocr_carea' id='block_1_81' title="bbox 527 5118 3806 5205">
    <p class='ocr_par' dir='ltr' id='par_1_81' title="bbox 527 5118 3806 5205">
     <span class='ocr_line' id='line_1_81' title="bbox 527 5118 3806 5205; baseline -0.005 -14"><span class='ocrx_word' id='word_1_748' title='bbox 527 5131 777 5205; x_wconf 78' lang='lat' dir='ltr'><strong>quamvis</strong></span> <span class='ocrx_word' id='word_1_749' title='bbox 809 5129 1023 5186; x_wconf 80' lang='lat' dir='ltr'><strong>nobiles</strong></span> <span class='ocrx_word' id='word_1_750' title='bbox 1049 5127 1484 5184; x_wconf 64' lang='lat' dir='ltr'><strong>Machabmorum</strong></span> <span class='ocrx_word' id='word_1_751' title='bbox 1504 5123 1826 5195; x_wconf 55' lang='lat' dir='ltr'><strong>triumphiss</strong></span> <span class='ocrx_word' id='word_1_752' title='bbox 1851 5123 2134 5196; x_wconf 61' lang='lat' dir='ltr'><strong>elegerunt</strong></span> <span class='ocrx_word' id='word_1_753' title='bbox 2232 5134 2520 5191; x_wconf 86' lang='lat' dir='ltr'><strong>adversum</strong></span> <span class='ocrx_word' id='word_1_754' title='bbox 2545 5133 2848 5188; x_wconf 78' lang='lat' dir='ltr'><strong>Romanos.</strong></span> <span class='ocrx_word' id='word_1_755' title='bbox 2877 5130 2999 5186; x_wconf 81' lang='lat' dir='ltr'><strong>Non</strong></span> <span class='ocrx_word' id='word_1_756' title='bbox 3024 5128 3219 5184; x_wconf 87' lang='lat' dir='ltr'><strong>talibus</strong></span> <span class='ocrx_word' id='word_1_757' title='bbox 3243 5128 3415 5185; x_wconf 87' lang='lat' dir='ltr'><strong>armis</strong></span> <span class='ocrx_word' id='word_1_758' title='bbox 3438 5127 3651 5182; x_wconf 81' lang='lat' dir='ltr'><strong>vincere</strong></span> <span class='ocrx_word' id='word_1_759' title='bbox 3673 5118 3806 5176; x_wconf 88' lang='lat' dir='ltr'><strong>sole-</strong></span> 
     </span>
    </p>
   </div>
   <div class='ocr_carea' id='block_1_82' title="bbox 526 5217 3805 5295">
    <p class='ocr_par' dir='ltr' id='par_1_82' title="bbox 526 5217 3805 5295">
     <span class='ocr_line' id='line_1_82' title="bbox 526 5217 3805 5295; baseline -0.006 -9"><span class='ocrx_word' id='word_1_760' title='bbox 526 5229 631 5286; x_wconf 89' lang='lat' dir='ltr'><strong>sibi</strong></span> <span class='ocrx_word' id='word_1_761' title='bbox 661 5228 963 5284; x_wconf 83' lang='lat' dir='ltr'><strong>Romanam</strong></span> <span class='ocrx_word' id='word_1_762' title='bbox 1011 5226 1353 5282; x_wconf 86' lang='lat' dir='ltr'><strong>societatem.</strong></span> <span class='ocrx_word' id='word_1_763' title='bbox 1384 5223 1555 5278; x_wconf 90' lang='lat' dir='ltr'><strong>Tenet</strong></span> <span class='ocrx_word' id='word_1_764' title='bbox 1584 5233 1608 5262; x_wconf 75' lang='grc' dir='ltr'><em>ε</em></span> <span class='ocrx_word' id='word_1_765' title='bbox 1644 5220 1914 5291; x_wconf 88' lang='lat' dir='ltr'><strong>scriptura</strong></span> <span class='ocrx_word' id='word_1_766' title='bbox 1944 5219 2129 5276; x_wconf 87' lang='lat' dir='ltr'><strong>divina</strong></span> <span class='ocrx_word' id='word_1_767' title='bbox 2229 5228 2389 5286; x_wconf 70' lang='lat' dir='ltr'><strong>haus;</strong></span> <span class='ocrx_word' id='word_1_768' title='bbox 2423 5225 2654 5295; x_wconf 81' lang='lat' dir='ltr'><strong>Quando</strong></span> <span class='ocrx_word' id='word_1_769' title='bbox 2704 5224 2848 5280; x_wconf 83' lang='lat' dir='ltr'><strong>enim</strong></span> <span class='ocrx_word' id='word_1_770' title='bbox 2877 5222 2930 5278; x_wconf 88' lang='lat' dir='ltr'><strong>in</strong></span> <span class='ocrx_word' id='word_1_771' title='bbox 2965 5223 3117 5279; x_wconf 87' lang='lat' dir='ltr'><strong>basta</strong></span> <span class='ocrx_word' id='word_1_772' title='bbox 3146 5232 3204 5279; x_wconf 88' lang='lat' dir='ltr'><strong>et</strong></span> <span class='ocrx_word' id='word_1_773' title='bbox 3222 5222 3404 5294; x_wconf 79' lang='lat' dir='ltr'><strong>gladio</strong></span> <span class='ocrx_word' id='word_1_774' title='bbox 3441 5220 3541 5276; x_wconf 74' lang='lat' dir='ltr'><strong>fuit</strong></span> <span class='ocrx_word' id='word_1_775' title='bbox 3568 5217 3805 5273; x_wconf 75' lang='lat' dir='ltr'><strong>Hebraeo-</strong></span> 
     </span>
    </p>
   </div>
   <div class='ocr_carea' id='block_1_83' title="bbox 530 5304 3803 5392">
    <p class='ocr_par' dir='ltr' id='par_1_83' title="bbox 530 5304 3803 5392">
     <span class='ocr_line' id='line_1_83' title="bbox 530 5304 3803 5392; baseline -0.005 -13"><span class='ocrx_word' id='word_1_776' title='bbox 530 5321 823 5379; x_wconf 88' lang='lat' dir='ltr'><strong>multarum</strong></span> <span class='ocrx_word' id='word_1_777' title='bbox 852 5329 1005 5391; x_wconf 88' lang='lat' dir='ltr'><strong>pacta</strong></span> <span class='ocrx_word' id='word_1_778' title='bbox 1028 5319 1383 5392; x_wconf 82' lang='lat' dir='ltr'><strong>legationum.</strong></span> <span class='ocrx_word' id='word_1_779' title='bbox 1417 5314 1573 5372; x_wconf 82' lang='lat' dir='ltr'><strong>Facti</strong></span> <span class='ocrx_word' id='word_1_780' title='bbox 1595 5314 1731 5372; x_wconf 87' lang='lat' dir='ltr'><strong>estis</strong></span> <span class='ocrx_word' id='word_1_781' title='bbox 1754 5313 2125 5371; x_wconf 75' lang='lat' dir='ltr'><strong>Romanorum</strong></span> <span class='ocrx_word' id='word_1_782' title='bbox 2231 5339 2350 5379; x_wconf 64' lang='lat' dir='ltr'><strong>rum</strong></span> <span class='ocrx_word' id='word_1_783' title='bbox 2385 5319 2644 5379; x_wconf 58' lang='lat' dir='ltr'><strong>victoria?</strong></span> <span class='ocrx_word' id='word_1_784' title='bbox 2686 5315 3075 5375; x_wconf 74' lang='lat' dir='ltr'><strong>Recordamini</strong></span> <span class='ocrx_word' id='word_1_785' title='bbox 3116 5317 3259 5372; x_wconf 72' lang='lat' dir='ltr'><strong>unde</strong></span> <span class='ocrx_word' id='word_1_786' title='bbox 3302 5315 3443 5382; x_wconf 71' lang='lat' dir='ltr'><strong>orti,</strong></span> <span class='ocrx_word' id='word_1_787' title='bbox 3465 5322 3521 5369; x_wconf 83' lang='lat' dir='ltr'><strong>et</strong></span> <span class='ocrx_word' id='word_1_788' title='bbox 3549 5326 3580 5366; x_wconf 88' lang='lat' dir='ltr'><strong>a</strong></span> <span class='ocrx_word' id='word_1_789' title='bbox 3625 5304 3803 5379; x_wconf 81' lang='lat' dir='ltr'><strong>quibus</strong></span> 
     </span>
    </p>
   </div>
   <div class='ocr_carea' id='block_1_84' title="bbox 2834 4564 3246 4623">
    <p class='ocr_par' dir='ltr' id='par_1_84' title="bbox 2834 4564 3246 4623">
     <span class='ocr_line' id='line_1_84' title="bbox 2834 4564 3246 4623; baseline 0 -2"><span class='ocrx_word' id='word_1_790' title='bbox 2834 4564 3061 4623; x_wconf 62' lang='lat' dir='ltr'><strong>Crﬂ’U&#39;l‘</strong></span> <span class='ocrx_word' id='word_1_791' title='bbox 3098 4565 3246 4622; x_wconf 76' lang='lat' dir='ltr'><strong>XVI.</strong></span> 
     </span>
    </p>
   </div>
   <div class='ocr_carea' id='block_1_85' title="bbox 2302 5430 3800 5522">
    <p class='ocr_par' dir='ltr' id='par_1_85' title="bbox 2302 5430 3800 5522">
     <span class='ocr_line' id='line_1_85' title="bbox 2302 5430 3800 5522; baseline -0.013 -4"><span class='ocrx_word' id='word_1_792' title='bbox 2302 5475 2323 5503; x_wconf 74' lang='grc' dir='ltr'><em>ε</em></span> <span class='ocrx_word' id='word_1_793' title='bbox 2356 5461 2520 5519; x_wconf 54' lang='lat' dir='ltr'><strong>“Vides</strong></span> <span class='ocrx_word' id='word_1_794' title='bbox 2563 5467 2622 5515; x_wconf 91' lang='lat' dir='ltr'><strong>ut</strong></span> <span class='ocrx_word' id='word_1_795' title='bbox 2663 5436 3037 5513; x_wconf 82' lang='lat' dir='ltr'><strong>Macbabaicos</strong></span> <span class='ocrx_word' id='word_1_796' title='bbox 3080 5436 3248 5512; x_wconf 78' lang='lat' dir='ltr'><strong>libros</strong></span> <span class='ocrx_word' id='word_1_797' title='bbox 3269 5498 3285 5522; x_wconf 93' lang='lat'><strong>,</strong></span> <span class='ocrx_word' id='word_1_798' title='bbox 3320 5455 3372 5511; x_wconf 92' lang='lat' dir='ltr'><strong>in</strong></span> <span class='ocrx_word' id='word_1_799' title='bbox 3404 5430 3598 5522; x_wconf 80' lang='lat' dir='ltr'><strong>quibus</strong></span> <span class='ocrx_word' id='word_1_800' title='bbox 3625 5461 3684 5502; x_wconf 90' lang='lat' dir='ltr'><strong>ea</strong></span> <span class='ocrx_word' id='word_1_801' title='bbox 3704 5440 3800 5522; x_wconf 50' lang='lat' dir='ltr'><strong>ite;</strong></span> 
     </span>
    </p>
   </div>
   <div class='ocr_carea' id='block_1_86' title="bbox 601 5454 3803 5604">
    <p class='ocr_par' dir='ltr' id='par_1_86' title="bbox 601 5454 3803 5604">
     <span class='ocr_line' id='line_1_86' title="bbox 601 5454 3800 5532; baseline -0.006 -33"><span class='ocrx_word' id='word_1_802' title='bbox 601 5472 626 5499; x_wconf 75' lang='grc' dir='ltr'><strong>ει</strong></span> <span class='ocrx_word' id='word_1_803' title='bbox 662 5462 776 5518; x_wconf 84' lang='lat' dir='ltr'><strong>Hoc</strong></span> <span class='ocrx_word' id='word_1_804' title='bbox 822 5469 926 5527; x_wconf 84' lang='lat' dir='ltr'><strong>est,</strong></span> <span class='ocrx_word' id='word_1_805' title='bbox 975 5456 1296 5515; x_wconf 90' lang='lat' dir='ltr'><strong>Seleucidis.</strong></span> <span class='ocrx_word' id='word_1_806' title='bbox 1338 5456 1427 5531; x_wconf 72' lang='lat' dir='ltr'><strong>At</strong></span> <span class='ocrx_word' id='word_1_807' title='bbox 1461 5455 1580 5532; x_wconf 72' lang='lat' dir='ltr'><strong>beic</strong></span> <span class='ocrx_word' id='word_1_808' title='bbox 1620 5454 1859 5531; x_wconf 85' lang='lat' dir='ltr'><strong>dubitari</strong></span> <span class='ocrx_word' id='word_1_809' title='bbox 1902 5462 2117 5529; x_wconf 71' lang='lat' dir='ltr'><strong>potest,</strong></span> <span class='ocrx_word' id='word_1_810' title='bbox 2302 5475 2323 5503; x_wconf 89' lang='lat' dir='ltr'><strong>c</strong></span> <span class='ocrx_word' id='word_1_811' title='bbox 2356 5461 2520 5519; x_wconf 71' lang='lat' dir='ltr'><strong>Vides</strong></span> <span class='ocrx_word' id='word_1_812' title='bbox 2563 5467 2622 5515; x_wconf 78' lang='grc' dir='ltr'><strong>ιιι</strong></span> <span class='ocrx_word' id='word_1_813' title='bbox 2663 5455 3037 5513; x_wconf 73' lang='lat' dir='ltr'><strong>Machabaicos</strong></span> <span class='ocrx_word' id='word_1_814' title='bbox 3080 5454 3285 5522; x_wconf 81' lang='lat' dir='ltr'><strong>libros,</strong></span> <span class='ocrx_word' id='word_1_815' title='bbox 3320 5455 3372 5511; x_wconf 91' lang='lat' dir='ltr'><strong>in</strong></span> <span class='ocrx_word' id='word_1_816' title='bbox 3443 5454 3598 5509; x_wconf 85' lang='lat' dir='ltr'><strong>uibus</strong></span> <span class='ocrx_word' id='word_1_817' title='bbox 3625 5461 3684 5502; x_wconf 90' lang='lat' dir='ltr'><strong>ea</strong></span> <span class='ocrx_word' id='word_1_818' title='bbox 3710 5454 3800 5526; x_wconf 49' lang='grc' dir='ltr'>[αεὶ.</span> 
     </span>
     <span class='ocr_line' id='line_1_87' title="bbox 601 5470 3803 5604; baseline -0.004 -16"><span class='ocrx_word' id='word_1_819' title='bbox 601 5550 707 5588; x_wconf 77' lang='lat' dir='ltr'><strong>rum</strong></span> <span class='ocrx_word' id='word_1_820' title='bbox 731 5548 839 5588; x_wconf 91' lang='lat' dir='ltr'><strong>uno</strong></span> <span class='ocrx_word' id='word_1_821' title='bbox 869 5532 1061 5602; x_wconf 88' lang='lat' dir='ltr'><strong>spiritu</strong></span> <span class='ocrx_word' id='word_1_822' title='bbox 1091 5526 1266 5583; x_wconf 83' lang='lat' dir='ltr'><strong>Persis</strong></span> <span class='ocrx_word' id='word_1_823' title='bbox 1291 5522 1686 5584; x_wconf 83' lang='lat' dir='ltr'><strong>Seleucensibus</strong></span> <span class='ocrx_word' id='word_1_824' title='bbox 1703 5525 1993 5604; x_wconf 80' lang='lat' dir='ltr'><strong>legendum</strong></span> <span class='ocrx_word' id='word_1_825' title='bbox 2026 5528 2120 5604; x_wconf 76' lang='lat' dir='ltr'><strong>sit,</strong></span> <span class='ocrx_word' id='word_1_826' title='bbox 2225 5532 2354 5589; x_wconf 80' lang='lat' dir='ltr'><strong>dera</strong></span> <span class='ocrx_word' id='word_1_827' title='bbox 2402 5528 2985 5604; x_wconf 73' lang='lat' dir='ltr'><strong>exponuntur,_noste_r</strong></span> <span class='ocrx_word' id='word_1_828' title='bbox 3017 5528 3254 5604; x_wconf 81' lang='lat' dir='ltr'><strong>appellet</strong></span> <span class='ocrx_word' id='word_1_829' title='bbox 3303 5470 3632 5604; x_wconf 51' lang='lat' dir='ltr'><strong>Sgrilptunant</strong></span> <span class='ocrx_word' id='word_1_830' title='bbox 3682 5518 3803 5604; x_wconf 56' lang='grc' dir='ltr'><strong>ιίξιξι·</strong></span> 
     </span>
    </p>
   </div>
   <div class='ocr_carea' id='block_1_87' title="bbox 531 5522 2120 5602">
    <p class='ocr_par' dir='ltr' id='par_1_87' title="bbox 531 5522 2120 5602">
     <span class='ocr_line' id='line_1_88' title="bbox 531 5522 2120 5602; baseline -0.004 -14"><span class='ocrx_word' id='word_1_831' title='bbox 531 5542 707 5590; x_wconf 88' lang='lat' dir='ltr'><strong>utrum</strong></span> <span class='ocrx_word' id='word_1_832' title='bbox 731 5548 839 5588; x_wconf 90' lang='lat' dir='ltr'><strong>uno</strong></span> <span class='ocrx_word' id='word_1_833' title='bbox 869 5522 1061 5602; x_wconf 80' lang='lat' dir='ltr'><strong>spiritu</strong></span> <span class='ocrx_word' id='word_1_834' title='bbox 1091 5526 1266 5583; x_wconf 81' lang='lat' dir='ltr'><strong>Persis</strong></span> <span class='ocrx_word' id='word_1_835' title='bbox 1291 5522 1993 5602; x_wconf 75' lang='lat' dir='ltr'><strong>seleucensibusiegendum</strong></span> <span class='ocrx_word' id='word_1_836' title='bbox 2026 5522 2120 5602; x_wconf 71' lang='lat' dir='ltr'><strong>sit,</strong></span> 
     </span>
    </p>
   </div>
   <div class='ocr_carea' id='block_1_88' title="bbox 531 5599 2125 5675">
    <p class='ocr_par' dir='ltr' id='par_1_88' title="bbox 531 5599 2125 5675">
     <span class='ocr_line' id='line_1_89' title="bbox 531 5599 2125 5675; baseline -0.001 -18"><span class='ocrx_word' id='word_1_837' title='bbox 531 5616 803 5675; x_wconf 82' lang='lat' dir='ltr'><strong>tamquam</strong></span> <span class='ocrx_word' id='word_1_838' title='bbox 857 5599 912 5658; x_wconf 84' lang='lat' dir='ltr'><strong>si</strong></span> <span class='ocrx_word' id='word_1_839' title='bbox 941 5605 1110 5675; x_wconf 27' lang='lat' dir='ltr'><strong>priora</strong></span> <span class='ocrx_word' id='word_1_840' title='bbox 1138 5615 1240 5655; x_wconf 82' lang='lat' dir='ltr'><strong>vox</strong></span> <span class='ocrx_word' id='word_1_841' title='bbox 1270 5615 1466 5675; x_wconf 73' lang='lat' dir='ltr'><strong>genus</strong></span> <span class='ocrx_word' id='word_1_842' title='bbox 1515 5613 1785 5675; x_wconf 76' lang='lat' dir='ltr'><strong>summum</strong></span> <span class='ocrx_word' id='word_1_843' title='bbox 1811 5639 1827 5665; x_wconf 94' lang='lat'><strong>,</strong></span> <span class='ocrx_word' id='word_1_844' title='bbox 1860 5599 2038 5653; x_wconf 85' lang='lat' dir='ltr'><strong>altera</strong></span> <span class='ocrx_word' id='word_1_845' title='bbox 2065 5600 2125 5655; x_wconf 86' lang='grc' dir='ltr'><strong>τὸ</strong></span> 
     </span>
    </p>
   </div>
   <div class='ocr_carea' id='block_1_89' title="bbox 528 5670 2124 5754">
    <p class='ocr_par' dir='ltr' id='par_1_89' title="bbox 528 5670 2124 5754">
     <span class='ocr_line' id='line_1_90' title="bbox 528 5670 2124 5754; baseline -0.006 -21"><span class='ocrx_word' id='word_1_846' title='bbox 528 5670 826 5754; x_wconf 58' lang='lat' dir='ltr'><strong>dicere-naris</strong></span> <span class='ocrx_word' id='word_1_847' title='bbox 850 5670 975 5754; x_wconf 81' lang='lat' dir='ltr'><strong>_seu_</strong></span> <span class='ocrx_word' id='word_1_848' title='bbox 1010 5670 1374 5754; x_wconf 69' lang='lat' dir='ltr'><strong>differentiam</strong></span> <span class='ocrx_word' id='word_1_849' title='bbox 1406 5670 1719 5754; x_wconf 84' lang='lat' dir='ltr'><strong>contineat;</strong></span> <span class='ocrx_word' id='word_1_850' title='bbox 1742 5685 1829 5754; x_wconf 86' lang='lat' dir='ltr'><strong>_an</strong></span> <span class='ocrx_word' id='word_1_851' title='bbox 1863 5685 1991 5754; x_wconf 64' lang='lat' dir='ltr'><strong>vero</strong></span> <span class='ocrx_word' id='word_1_852' title='bbox 2042 5686 2124 5726; x_wconf 78' lang='lat' dir='ltr'><strong>ea:</strong></span> 
     </span>
    </p>
   </div>
   <div class='ocr_carea' id='block_1_90' title="bbox 530 5741 2118 5807">
    <p class='ocr_par' dir='ltr' id='par_1_90' title="bbox 530 5741 2118 5807">
     <span class='ocr_line' id='line_1_91' title="bbox 530 5741 2118 5807; baseline -0.003 -5"><span class='ocrx_word' id='word_1_853' title='bbox 530 5741 692 5805; x_wconf 78' lang='lat' dir='ltr'><strong>voces</strong></span> <span class='ocrx_word' id='word_1_854' title='bbox 737 5742 1297 5807; x_wconf 64' lang='lat' dir='ltr'><strong>distinctionemedin</strong></span> <span class='ocrx_word' id='word_1_855' title='bbox 1312 5744 1431 5800; x_wconf 65' lang='lat' dir='ltr'><strong>sine</strong></span> <span class='ocrx_word' id='word_1_856' title='bbox 1452 5744 1831 5799; x_wconf 57' lang='lat' dir='ltr'><strong>secernenda.</strong></span> <span class='ocrx_word' id='word_1_857' title='bbox 1864 5741 2118 5801; x_wconf 73' lang='lat' dir='ltr'><strong>Mazuca.</strong></span> 
     </span>
    </p>
   </div>
   <div class='ocr_carea' id='block_1_91' title="bbox 529 5816 955 5901">
    <p class='ocr_par' dir='ltr' id='par_1_91' title="bbox 529 5816 955 5901">
     <span class='ocr_line' id='line_1_92' title="bbox 529 5816 955 5901; baseline -0.005 1"><span class='ocrx_word' id='word_1_858' title='bbox 529 5819 568 5875; x_wconf 80' lang='grc' dir='ltr'><strong>ι·</strong></span> <span class='ocrx_word' id='word_1_859' title='bbox 602 5836 649 5901; x_wconf 71' lang='grc' dir='ltr'><strong>ς·</strong></span> <span class='ocrx_word' id='word_1_860' title='bbox 677 5835 797 5901; x_wconf 60' lang='lat' dir='ltr'><strong>asa-</strong></span> <span class='ocrx_word' id='word_1_861' title='bbox 830 5816 955 5901; x_wconf 67' lang='lat'><strong>188-</strong></span> 
     </span>
    </p>
   </div>
   <div class='ocr_carea' id='block_1_92' title="bbox 604 5888 1005 5944">
    <p class='ocr_par' dir='ltr' id='par_1_92' title="bbox 604 5888 1005 5944">
     <span class='ocr_line' id='line_1_93' title="bbox 604 5888 1005 5944; baseline -0.005 -1"><span class='ocrx_word' id='word_1_862' title='bbox 604 5888 630 5928; x_wconf 74' lang='grc' dir='ltr'><strong>ὶ)</strong></span> <span class='ocrx_word' id='word_1_863' title='bbox 665 5888 803 5944; x_wconf 75' lang='lat' dir='ltr'><strong>Illis.</strong></span> <span class='ocrx_word' id='word_1_864' title='bbox 838 5888 1005 5944; x_wconf 61' lang='grc' dir='ltr'><strong>ΒΑΜ.</strong></span> 
     </span>
    </p>
   </div>
   <div class='ocr_carea' id='block_1_93' title="bbox 2226 5584 3798 5671">
    <p class='ocr_par' dir='ltr' id='par_1_93' title="bbox 2226 5584 3798 5671">
     <span class='ocr_line' id='line_1_94' title="bbox 2226 5584 3798 5671; baseline -0.011 -13"><span class='ocrx_word' id='word_1_865' title='bbox 2226 5584 2363 5671; x_wconf 48' lang='lat' dir='ltr'><strong>iis;</strong></span> <span class='ocrx_word' id='word_1_866' title='bbox 2388 5584 2563 5661; x_wconf 60' lang='lat' dir='ltr'><strong>s&#39;iifet</strong></span> <span class='ocrx_word' id='word_1_867' title='bbox 2592 5584 2851 5671; x_wconf 73' lang='lat' dir='ltr'><strong>superius</strong></span> <span class='ocrx_word' id='word_1_868' title='bbox 2874 5601 2927 5655; x_wconf 90' lang='lat' dir='ltr'><strong>in</strong></span> <span class='ocrx_word' id='word_1_869' title='bbox 2952 5584 3181 5670; x_wconf 76' lang='lat' dir='ltr'><strong>huiusce</strong></span> <span class='ocrx_word' id='word_1_870' title='bbox 3206 5599 3400 5671; x_wconf 77' lang='lat' dir='ltr'><strong>oneris</strong></span> <span class='ocrx_word' id='word_1_871' title='bbox 3428 5584 3664 5671; x_wconf 66' lang='lat' dir='ltr'><strong>&#39;prologo</strong></span> <span class='ocrx_word' id='word_1_872' title='bbox 3694 5584 3798 5671; x_wconf 64' lang='lat' dir='ltr'><strong>Mtt-</strong></span> 
     </span>
    </p>
   </div>
   <div class='ocr_carea' id='block_1_94' title="bbox 2224 5666 3793 5736">
    <p class='ocr_par' dir='ltr' id='par_1_94' title="bbox 2224 5666 3793 5736">
     <span class='ocr_line' id='line_1_95' title="bbox 2224 5666 3793 5736; baseline -0.003 -6"><span class='ocrx_word' id='word_1_873' title='bbox 2224 5666 2512 5732; x_wconf 78' lang='lat' dir='ltr'><strong>cltabaicos</strong></span> <span class='ocrx_word' id='word_1_874' title='bbox 2558 5666 2726 5731; x_wconf 72' lang='lat' dir='ltr'><strong>libros</strong></span> <span class='ocrx_word' id='word_1_875' title='bbox 2772 5666 3162 5734; x_wconf 63' lang='grc' dir='ltr'><strong>θεοπνεύσοξους.</strong></span> <span class='ocrx_word' id='word_1_876' title='bbox 3203 5670 3451 5736; x_wconf 66' lang='lat' dir='ltr'><strong>Mazuca,</strong></span> <span class='ocrx_word' id='word_1_877' title='bbox 3511 5666 3551 5723; x_wconf 79' lang='grc' dir='ltr'><strong>ι.</strong></span> <span class='ocrx_word' id='word_1_878' title='bbox 3596 5678 3643 5718; x_wconf 79' lang='lat' dir='ltr'><strong>c.</strong></span> <span class='ocrx_word' id='word_1_879' title='bbox 3685 5669 3793 5729; x_wconf 68' lang='grc' dir='ltr'><strong>ρας-</strong></span> 
     </span>
    </p>
   </div>
   <div class='ocr_carea' id='block_1_95' title="bbox 2226 5747 2928 5875">
    <p class='ocr_par' dir='ltr' id='par_1_95' title="bbox 2226 5747 2928 5875">
     <span class='ocr_line' id='line_1_96' title="bbox 2226 5747 2503 5815; baseline 0.004 -14"><span class='ocrx_word' id='word_1_880' title='bbox 2226 5747 2352 5815; x_wconf 85' lang='lat'><strong>788,</strong></span> <span class='ocrx_word' id='word_1_881' title='bbox 2377 5748 2503 5804; x_wconf 76' lang='lat'><strong>852.</strong></span> 
     </span>
     <span class='ocr_line' id='line_1_97' title="bbox 2299 5815 2928 5875; baseline -0.005 0"><span class='ocrx_word' id='word_1_882' title='bbox 2299 5815 2324 5855; x_wconf 77' lang='grc' dir='ltr'>ἀ</span> <span class='ocrx_word' id='word_1_883' title='bbox 2358 5818 2713 5875; x_wconf 83' lang='lat' dir='ltr'><strong>Sacerdotem.</strong></span> <span class='ocrx_word' id='word_1_884' title='bbox 2754 5817 2928 5874; x_wconf 64' lang='grc' dir='ltr'><strong>ΒΑΜ.</strong></span> 
     </span>
    </p>
   </div>
  </div>
