4050 6454
111 391 266 450 2149

1011 387 1285 448 IIISTOR.
1331 389 1420 445 DE
1464 388 1744 447 EXCIDIO
1785 391 2060 447 illEliOS.
2098 386 2298 448 URBIS
2337 385 2466 445 LIB.
2511 387 2575 444 V.

3287 387 3430 443 2l50

110 508 240 564 sitis
292 500 559 576 profecti,
602 505 874 575 quomodo
921 513 1104 576 patres
1154 506 1320 561 vestri
1369 505 1552 560 hostes
1591 521 1718 560 suos
1748 513 1795 568 Α
1827 509 2076 578 gnahiles
2111 507 2364 563 lliericho
2405 506 2554 560 urbis
2600 521 2788 561 muros
2830 507 3074 572 videret,
3118 505 3436 561 sacerdotes

112 598 373 654 vicerint.
408 598 706 654 Temerarii
727 640 743 664 ,
775 613 937 668 quem
969 599 1121 654 vobis
1143 598 1447 666 adjutorem
1491 599 1723 668 eripuis-

113 690 190 745 tis
215 732 232 759 ,
257 691 388 746 dum
412 691 585 747 aliena
609 691 854 751 subsidia
877 690 1208 762 deposcitis?
1234 690 1352 746 Non
1381 692 1435 746 in
1482 693 1727 747 multitu-

111 785 249 840 dine
285 787 510 856 populi,
562 785 658 841 sed
709 785 762 840 in
810 786 1004 841 timore
1049 786 1141 841 Dei
1175 794 1201 822 ⁸
1253 793 1406 855 pater
1454 785 1726 842 Abraham

118 881 433 950 penetravit
456 878 788 950 Egyptutn;
824 893 877 934 et
905 896 1026 935 cum
1053 880 1301 935 abductae
1326 879 1576 949 conjugis
1596 893 1726 948 eap-

121 976 291 1028 tivam
345 973 554 1028 videret
597 973 955 1042 pudicitiam,
1010 973 1156 1028 bello
1204 982 1386 1027 tamen
1427 973 1724 1037 abstinuit,

117 1065 421 1135 assumpsit
454 1069 554 1134 pne
584 1067 851 1121 orationis
881 1080 1055 1126 arma.
1082 1064 1425 1120 defensorem
1459 1063 1729 1129 adhibuit,

119 1161 216 1229 qui
271 1160 580 1216 dormiente
630 1176 698 1216 eo
756 1162 1034 1227 vinceret,
1094 1171 1148 1215 et
1217 1169 1529 1231 expugnato
1572 1159 1731 1216 hoste

121 1253 498 1308 intaminatam
570 1253 672 1308 sibi
743 1252 1030 1323 conjugem
1105 1262 1548 1320 repraesentaret.
1624 1251 1732 1306 Re-

117 1349 204 1403 dit
231 1348 366 1404 Sara
397 1352 514 1402 sine
543 1338 710 1402 armis
733 1389 748 1412 ,
781 1346 1026 1402 referens
1054 1347 1174 1401 viro
1203 1345 1584 1417 triumphalem
1617 1348 1731 1400 vic-

121 1442 345 1497 torium.
393 1439 705 1496 Dormiebat
746 1438 1058 1502 Abraham,
1103 1449 1158 1493 et
1199 1438 1555 1510 torquebatur
1596 1439 1735 1493 Pha-

119 1547 241 1588 rao.
303 1532 575 1588 Metuebat
631 1531 764 1586 Sara
794 1571 810 1597 ,
865 1541 918 1585 et
967 1530 1179 1586 Pharao
1223 1529 1430 1585 crimen
1480 1531 1730 1601 negabat.

123 1624 396 1696 Ejiciebat
441 1624 708 1691 alienam,
755 1633 812 1679 et
855 1622 1114 1678 damnato
1154 1622 1385 1678 crimine
1431 1621 1738 1678 honorabat

123 1717 544 1781 castimoniam,
579 1731 738 1786 quam
769 1715 1009 1785 spoliare
1038 1713 1468 1769 desideraverat.
1503 1713 1738 1768 Additur

125 1827 322 1866 aurum
366 1819 419 1865 et
457 1818 742 1880 argentum
773 1807 840 1862 ad
871 1807 1028 1864 Sara:
1057 1805 1320 1877 pudorem
1341 1847 1356 1872 ,
1388 1815 1446 1861 ut
1475 1807 1735 1861 condem-

124 1917 286 1961 naret
328 1904 660 1962 voluntatem
707 1902 964 1958 facinoris
1004 1907 1307 1970 expertem.
1360 1901 1604 1970 liogabat
1646 1917 1740 1970 pa-

127 2011 272 2054 tretn
324 1995 632 2062 Abraham,
687 2006 745 2054 ut
795 2011 894 2067 pro
939 2012 1034 2051 sua
1082 1996 1148 2051 ad
1200 1994 1486 2049 Dominum
1531 1993 1737 2048 familia

123 2093 544 2162 deprecaretur.
579 2091 713 2146 Erat
741 2092 887 2145 enim
919 2088 1209 2144 infecunda
1239 2087 1436 2143 domus
1463 2085 1602 2156 ejus.
1632 2085 1739 2140 Re—

125 2193 277 2238 meat
323 2183 455 2238 Sara
503 2182 670 2237 ditior
711 2182 862 2236 salvo
901 2179 1144 2251 pudore:
1177 2178 1414 2235 revertit
1457 2177 1736 2232 Abraham

124 2275 394 2342 sanctior,
444 2273 534 2344 qni
579 2272 876 2344 conjugalis
923 2272 1197 2342 pudicitiae
1238 2271 1738 2326 remunerationem

125 2369 441 2425 sterilitatis
491 2368 733 2424 remedio
783 2367 1268 2436 compensavisset.
1315 2365 1453 2434 Quid
1508 2363 1578 2420 de
1631 2366 1742 2420 filio

125 2463 250 2534 ejus
289 2463 437 2518 Isaac
479 2461 704 2533 loquar?
737 2461 786 2516 ls
813 2475 1029 2531 qquue
1063 2460 1236 2529 patrio
1266 2458 1439 2515 fretus
1483 2459 1740 2514 munimi-

128 2573 234 2622 ne,
268 2556 533 2610 adversus
563 2554 775 2608 finitimi
811 2554 1052 2624 potentis
1087 2553 1432 2608 insolentiam
1461 2595 1476 2619 ,
1512 2568 1618 2607 non
1649 2567 1739 2607 ar-

138 2659 317 2704 matas
363 2645 624 2720 produxit
671 2647 860 2702 acies:
914 2655 970 2701 et
1020 2655 1168 2702 certe
1219 2645 1460 2702 habebat
1509 2661 1743 2701 cccxvnt

130 2743 551 2798 vernaculornm
593 2742 828 2796 validam
873 2757 1092 2798 manum
1115 2783 1130 2808 ,
1165 2758 1286 2812 qua:
1316 2756 1474 2812 reges
1503 2741 1746 2812 quinque

132 2837 282 2892 bello
333 2847 722 2907 superaverat,
774 2836 962 2906 spoliis
1008 2844 1268 2901 exuerat,
1320 2833 1594 2905 captivum
1647 2835 1748 2890 Lot

132 2928 373 2984 Abrahae
431 2939 624 2998 patruo
679 2927 1016 2983 restituerat.
1072 2926 1192 2982 Non
1249 2925 1488 2996 gladium
1548 2926 1747 2997 vagina

134 3023 328 3089 exuit,
379 3021 476 3078 sed
529 3024 702 3078 solam
745 3021 1031 3078 adversum
1077 3020 1382 3076 invidentes
1427 3020 1747 3091 patientiam

137 3116 346 3184 induit,
397 3115 798 3186 simplicitatem
848 3115 1077 3169 retulit:
1132 3123 1404 3169 venerunt
1452 3122 1744 3184 rogantes,

137 3209 229 3280 qui
286 3207 760 3264 exterminandum
819 3206 1323 3262 denuntiaverant:
1387 3215 1752 3276 poposcerunt

1827 601 1984 654 turba
2031 615 2230 655 canere
2274 600 2476 670 jussit,
2520 597 2760 668 jnhilare
2806 601 3103 671 populum:
3149 615 3259 669 quo
3299 598 3444 652 facto

1829 703 2056 760 repente
2084 692 2337 747 cecidere
2371 690 2513 745 muri
2546 702 2712 760 atque
2758 703 2946 746 exusta
2994 693 3186 746 civitas
3230 699 3344 755 est,
3389 699 3445 744 et

1827 799 2019 842 omnes
2046 788 2225 841 necati
2254 795 2382 841 sunt
2403 826 2417 850 ,
2449 785 2554 839 nisi
2586 801 2726 854 quos
2755 786 3103 842 Rababbonae
3136 783 3447 842 meretricis

1828 876 1965 932 fides
2008 893 2037 930 a
2089 887 2405 933 memoratae
2449 877 2603 931 urbis
2651 879 2867 933 excidio
2909 879 3173 934 defendit.
3219 877 3442 933 Gedeon

1829 987 2047 1042 quoque
2075 982 2351 1028 trecentos
2379 972 2524 1028 viros
2551 972 2617 1028 ad
2649 973 2850 1028 bellum
2881 974 3044 1045 elegit
3069 1015 3082 1040 ,
3111 972 3444 1041 eosdemque

1835 1081 1942 1119 non
1966 1082 2112 1120 arma
2145 1068 2424 1137 pratferre,
2455 1066 2550 1121 sed
2580 1069 2836 1138 mysteria
2866 1067 3166 1138 prmeepit:
3197 1067 3249 1120 in
3282 1081 3441 1119 manu

1835 1156 1968 1210 lmva
1998 1156 2222 1229 hydrias
2250 1174 2386 1230 aqua
2420 1157 2608 1227 plenas
2640 1169 2828 1215 tenere
2851 1201 2864 1224 ,
2899 1160 2951 1213 in
2981 1159 3205 1214 dextera
3238 1157 3388 1212 faces
3420 1175 3432 1210 :

1831 1266 1934 1320 qua
1979 1253 2167 1322 specie
2206 1253 2442 1321 perculsi
2483 1251 2673 1309 hostes
2715 1255 2900 1325 fugere
2944 1253 3130 1319 illico,
3163 1263 3330 1324 atque
3375 1253 3442 1308 ad

1836 1342 2094 1398 Hebraeos
2136 1344 2362 1399 victoria
2418 1346 2686 1412 pervenit.
2743 1346 3057 1402 Intermissa
3105 1355 3224 1401 erat
3271 1361 3444 1402 sacrae

1837 1451 1965 1490 cura
2006 1436 2287 1507 religionis
2329 1437 2446 1492 Heli
2492 1437 2795 1494 sacerdotis
2839 1439 3208 1510 negligentia,
3261 1437 3447 1492 divina

1840 1529 2069 1598 imperia
2118 1541 2141 1568 α
2183 1531 2627 1586 deserebantur:
2682 1531 2981 1604 irrogatam
3027 1535 3096 1589 ab
3144 1533 3450 1606 Allophylis

1841 1623 2120 1692 praelium,
2158 1623 2287 1678 victi
2329 1623 2577 1688 Hebraei,
2611 1635 2767 1694 capta
2800 1626 2963 1678 etiam
3015 1641 3136 1680 arca
3185 1626 3283 1681 Dei
3325 1638 3450 1693 est,

1841 1724 1894 1770 et
1925 1717 2043 1770 sine
2071 1717 2242 1771 armis
2268 1716 2476 1771 reddita
2509 1716 2654 1771 illis:
2686 1732 2796 1787 quo
2823 1717 3028 1772 indicio
3056 1719 3277 1783 claruit,
3309 1717 3452 1788 quod

1841 1816 1898 1863 et
1938 1809 2058 1864 sine
2101 1810 2366 1880 religione
2416 1826 2567 1865 arma
2603 1826 2710 1865 non
2753 1811 3084 1881 iiiicant,:et
3128 1811 3452 1881 religionem

1769 1902 1815 1963 Β
1843 1902 1966 1958 sine
1985 1905 2151 1958 armis
2176 1905 2415 1962 vincere.
2443 1905 2705 1961 Ezechias
2734 1922 2828 1960 rex
2852 1947 2865 1973 ,
2899 1906 3080 1961 infuso
3103 1908 3454 1979 Assyriorum

1844 1995 2044 2066 p0pulo
2086 2001 2237 2066 genti
2282 1997 2521 2062 Judam,
2558 2013 2686 2054 cuin
2732 2014 2864 2054 voce
2912 1999 3178 2054 Rabsacis
3221 1999 3451 2070 imperio

1843 2087 2220 2143 Senttacberib
2251 2091 2396 2160 regis
2416 2132 2430 2156 ,
2464 2106 2586 2161 qum
2617 2091 2674 2145 in
2705 2091 2872 2147 Deum
2914 2092 3230 2162 jacerentur
3261 2093 3448 2148 convi-

1842 2179 1925 2234 cia
1947 2219 1963 2247 ,
1991 2195 2110 2249 qua:
2141 2183 2362 2250 populo,
2383 2199 2546 2252 quam
2580 2199 2836 2252 suprema
2862 2185 3028 2239 exitia
3058 2183 3454 2240 denuntiaren-

1843 2280 1952 2338 tnr,
1999 2273 2134 2328 satis
2182 2275 2576 2345 comperisset:
2629 2275 3071 2344 insinuantibus,
3127 2294 3234 2333 non
3287 2278 3454 2333 verba

1843 2365 2057 2431 verbis,
2091 2381 2189 2422 nec
2215 2382 2364 2421 arma
2396 2369 2562 2423 armis
2595 2367 2882 2424 referenda
2913 2370 3146 2424 credidit
3176 2389 3189 2425 :
3226 2372 3322 2426 sed
3354 2385 3450 2426 ex-

1844 2471 2106 2528 surgens,
2137 2460 2319 2515 cilicie
2346 2475 2405 2515 se
2435 2468 2494 2515 ut
2518 2471 2673 2517 scuto
2703 2462 2877 2516 induit
2906 2479 2918 2515 :
2950 2478 3046 2532 pro
3074 2464 3229 2534 galea
3261 2465 3450 2521 cinere

1845 2557 2010 2619 eaput
2037 2551 2172 2605 texit
2199 2569 2210 2606 :
2242 2566 2342 2621 pro
2367 2553 2562 2623 jaculis
2593 2554 2902 2610 orationem
2949 2556 3188 2611 intorsit.
3246 2556 3457 2612 Ascen-

1847 2642 1927 2698 dit
1976 2644 2195 2711 oratio,
2248 2644 2538 2702 descendit
2580 2646 2847 2718 Angelus,
2899 2663 3039 2703 ca-sa
3087 2664 3187 2719 per
3234 2661 3454 2706 noctem

1846 2736 2196 2808 Assyriorum
2227 2753 2443 2793 ccxxxv
2477 2740 2647 2794 millia
2689 2741 2956 2795 cadavera
2998 2744 3449 2810 numeravimns;

1851 2843 2228 2899 percussorem
2258 2845 2369 2885 non
2402 2830 2654 2886 vidimus.
2693 2831 3077 2886 Pneterieram
3109 2833 3178 2887 de
3213 2833 3459 2904 quinque

1849 2922 2106 2992 regibus,
2154 2939 2289 2992 quos
2311 2925 2622 2980 inconsulto
2667 2925 2902 2981 Domino
2943 2926 3145 2982 bellum
3188 2927 3456 2998 adorsos,

1851 3031 1947 3085 per
1989 3017 2269 3072 desertum
2319 3029 2608 3088 meantes,
2657 3035 2814 3091 aqua:
2865 3021 3048 3094 inopia
3099 3023 3462 3080 vehementer

1851 3109 2113 3165 afﬂictare
2154 3123 2432 3179 cmperat,
2482 3113 2740 3183 ipsosque
2783 3125 2838 3170 et
2885 3131 3057 3186 equos
3103 3133 3294 3174 eorum
3340 3119 3464 3175 sitis

1852 3218 2070 3258 vexare.
2111 3202 2424 3260 Necessitas
2460 3209 2893 3276 praetermissum
2931 3208 3172 3264 ofﬁciunt
3216 3211 3463 3281 reparari

139 3303 438 3357 amicitiam
475 3344 490 3366 ,
542 3303 634 3370 qui
685 3301 972 3356 linitimum
1030 3315 1137 3356 non
1192 3300 1462 3356 ferebant.
1515 3299 1746 3355 Contre-
1773 3295 1818 3357 C
1851 3296 2052 3366 coegit.
2082 3297 2214 3352 Erat
2241 3299 2387 3353 enim
2416 3314 2514 3354 rex
2538 3299 2704 3356 lsrael
2733 3301 3015 3372 negligens
3041 3303 3188 3358 circa
3220 3304 3314 3359 Dei
3346 3305 3465 3359 cul-

142 3397 316 3451 inisco
348 3405 492 3448 tanta
530 3405 737 3464 patrum
767 3408 1056 3450 recensere
1083 3393 1350 3447 mirabilia
1379 3410 1391 3446 :
1421 3391 1591 3448 Jacob
1618 3406 1747 3447 san-

141 3497 300 3553 ctus,
359 3487 500 3542 Esau
550 3486 712 3541 fratre
769 3485 1118 3556 parricidium
1169 3483 1451 3540 minitante
1507 3485 1736 3554 patriam

147 3581 406 3651 reliquit,
443 3589 694 3650 parentes
725 3580 1000 3644 deseruit,
1045 3579 1214 3634 solius
1253 3593 1436 3634 secum
1480 3577 1749 3634 orationis

149 3673 336 3728 ferens
375 3674 668 3737 viaticum;
704 3674 1011 3744 merithue
1041 3671 1093 3726 in
1128 3672 1430 3744 peregrinis
1464 3672 1598 3728 locis
1627 3687 1752 3728 cum

152 3765 335 3820 fratris
367 3775 637 3820 metueret
667 3764 894 3819 insidias
919 3805 935 3830 ,
967 3773 1021 3818 et
1053 3765 1332 3819 hominum
1363 3767 1624 3820 comitatu
1666 3776 1754 3818 at-

153 3874 260 3927 que
291 3857 494 3912 auxilio
525 3868 749 3928 egeret,
781 3856 985 3912 invenit
1013 3856 1342 3926 Angelorum
1375 3857 1400 3896 ι’
1431 3859 1754 3914 consilium:

157 3951 451 4021 perductus
502 3951 603 4022 (ut
628 3951 742 4021 ait)
791 3949 855 4004 ad
909 3960 1084 4004 castra
1119 3950 1250 4013 Dei,
1303 3951 1628 4006 colluctatus
1676 3959 1762 4008 est

160 4043 428 4098 Domino:
461 4051 516 4098 et
559 4041 701 4098 sicut
739 4041 872 4096 dicit
901 4040 1178 4109 Scriptura
1214 4060 1229 4096 :
1273 4041 1565 4098 Praevaluit
1607 4045 1716 4097 Deo
1741 4083 1758 4110 ,

159 4133 250 4203 qui
282 4134 543 4204 imparem
575 4151 634 4189 se
661 4132 976 4189 hominibus
1001 4131 1367 4186 arbitrabatur
1396 4131 1546 4201 (Gen.
1577 4150 1760 4201 xxxn,

159 4228 278 4299 ‘28).
308 4229 446 4296 Quid
475 4228 620 4284 aliud
651 4227 824 4283 Moses
851 4227 1140 4282 adversum
1171 4242 1356 4297 regem
1380 4225 1764 4300 Egyptiorum

165 4326 573 4395 exercit'quue
613 4334 668 4379 et
705 4323 973 4378 dracones
1012 4321 1166 4392 ejus,
1211 4322 1314 4376 nisi
1355 4321 1529 4380 solam
1561 4323 1764 4394 virgam

168 4417 409 4472 levavit?
435 4417 479 4470 Ο
505 4425 694 4488 potens
717 4417 864 4487 virga
893 4458 907 4482 ,
941 4431 1062 4487 qua:
1090 4414 1288 4470 caelum
1325 4415 1566 4472 tenebris
1591 4415 1766 4472 obdu-

169 4511 339 4576 xerit,
371 4519 566 4565 terram
595 4507 855 4565 imbribus
884 4507 1263 4574 inundaverit,
1291 4508 1581 4564 siccaverit
1606 4511 1770 4566 maris

172 4603 403 4658 fluctus!
436 4601 734 4657 Cinxerant
760 4601 1020 4656 Hchrzeos
1059 4599 1298 4674 Egyptii
1320 4643 1337 4669 ,
1370 4600 1566 4657 orabat
1595 4585 1771 4657 Moses

1853 3397 1966 3443 tum
1996 3407 2010 3444 :
2041 3391 2354 3446 admonitus
2385 3401 2564 3447 tamen
2595 3393 2662 3448 ab
2691 3394 2811 3449 aliis
2833 3433 2849 3460 ,
2882 3403 2943 3450 ut
2975 3396 3190 3452 Domini
3227 3399 3463 3467 prophe-

1852 3491 1960 3538 tam
2013 3485 2360 3555 requireret:
2408 3487 2662 3557 cognovit
2711 3488 2999 3556 Elismum,
3054 3490 3124 3544 ab
3168 3491 3358 3546 iisdem
3406 3491 3463 3547 in

1853 3577 2053 3644 quibus
2094 3577 2356 3648 degerent
2398 3579 2572 3646 locis,
2619 3596 2726 3634 non
2775 3567 2932 3652 longe
2976 3581 3210 3638 abesse:
3259 3588 3459 3640 misere

1857 3679 2068 3725 oratum
2114 3670 2376 3725 auxilium
2410 3673 2707 3737 orationis,
2753 3684 2807 3728 et
2833 3675 3078 3729 remedia
3122 3678 3461 3733 necessitati.

1859 3763 2008 3820 Licet
2055 3764 2296 3821 oﬂ‘ensns
2341 3777 2460 3822 erat
2497 3769 2612 3838 regi
2656 3768 2858 3835 Israel,
2904 3772 3024 3842 quia
3076 3771 3315 3841 perﬁdus
3354 3789 3470 3830 non

1860 3859 2147 3921 credebat,
2178 3860 2429 3928 promisit
2460 3869 2640 3916 tamen
2666 3871 2722 3916 et
2749 3864 3053 3920 ubertatem
3085 3879 3347 3935 aquarum
3367 3909 3381 3934 ,
3412 3880 3470 3925 et

1861 3951 2101 4008 victoria:
2142 3953 2500 4009 celeritatem.
2531 3954 2748 4011 Manare
2777 3957 2940 4026 C(Bpit
2971 3971 3109 4027 aqua
3144 3975 3240 4028 per
3279 3961 3472 4018 deser-

1864 4053 2011 4108 tum,
2036 4052 2091 4098 et
2112 4055 2307 4114 sponte
2333 4060 2393 4101 se
2418 4048 2535 4101 sine
2559 4046 2684 4102 ullis
2710 4049 2974 4104 imbribus
2996 4049 3283 4108 infundere
3308 4055 3472 4109 terris

1866 4141 2088 4196 fluenta.
2122 4140 2419 4211 Surgentes
2446 4142 2777 4211 adversarii,
2807 4161 2941 4216 quos
2969 4161 3200 4203 securos
3228 4150 3473 4205 victoria:

1867 4250 2091 4290 somnus
2116 4235 2334 4290 uberior
2355 4235 2532 4291 laxata
2564 4247 2839 4306 presserat
2858 4239 3255 4308 sollicitudine,
3287 4243 3472 4298 subito

1870 4328 2056 4384 videre
2079 4328 2196 4385 sole
2223 4329 2344 4384 fuso
2371 4329 2597 4387 rutilare
2623 4348 2822 4400 aquas:
2853 4331 3072 4388 fuerunt
3098 4335 3188 4401 qui
3219 4334 3364 4390 inter
3389 4351 3478 4391 re-

1871 4438 1997 4494 gum
2040 4422 2270 4492 populos
2309 4423 2574 4478 bellatum
2611 4436 2898 4494 putarent,
2937 4443 3170 4496 quorum
3211 4431 3478 4500 sanguine

1876 4524 2018 4570 terra
2051 4515 2317 4572 maderet.
2349 4517 2534 4587 Itaque
2563 4518 2616 4572 in
2650 4519 2887 4588 prmdam
2919 4520 3243 4576 festinantes
3272 4525 3484 4594 passim-

1876 4610 1995 4666 sine
2021 4611 2240 4677 ordine,
2273 4614 2391 4667 sine
2423 4613 2586 4668 modo
2610 4628 2864 4680 currere,
2893 4615 3032 4669 alius
3062 4616 3229 4670 alium
3265 4633 3476 4686 ιιι-πενε-

174 4707 228 4752 et
267 4711 372 4751 non
412 4694 703 4751 dimicabat
737 4715 749 4750 :
793 4695 1030 4750 divisum
1073 4709 1158 4752 est
1202 4713 1352 4752 mare
1381 4740 1397 4766 ,
1439 4707 1493 4754 et
1534 4700 1772 4770 populus
1801 4693 1852 4754 Ι)
1879 4704 2029 4768 nire,
2070 4705 2148 4759 sic
2192 4705 2498 4774 praecipites
2536 4706 2591 4760 in
2633 4706 2870 4761 medium
2918 4710 3191 4778 progressi
3240 4710 3480 4768 hostium

177 4791 427 4852 intravit,
461 4789 788 4860 sequebatur
817 4788 1248 4846 Pharao.Moses
1272 4790 1418 4847 inter
1449 4791 1649 4846 fluctus
1681 4808 1778 4862 po-

177 4883 313 4938 situs
341 4880 534 4936 orabat
560 4899 571 4934 :
605 4881 889 4936 demersus
919 4891 1003 4938 est
1034 4897 1156 4936 cum
1185 4884 1300 4938 suis
1329 4884 1562 4945 Pharao.
1595 4895 1781 4940 canta-

181 4979 272 5032 bat
311 4977 491 5032 MOSes
532 4977 549 5047 (
577 4974 749 5030 Exod.
781 4992 874 5041 xv,
905 4975 940 5030 4
967 4979 1004 5047 ).
1040 4976 1173 5044 Quis
1198 4976 1316 5033 haec
1347 4987 1402 5033 et
1437 4979 1564 5036 talia
1594 4981 1779 5034 consi-

182 5070 378 5125 derans
419 5083 525 5123 non
559 5068 880 5134 admiretur,
913 5079 966 5122 et
997 5085 1103 5121 non
1137 5068 1404 5140 intelligat
1437 5070 1487 5123 in
1529 5072 1783 5127 oratione

187 5164 342 5218 nobis
369 5163 593 5217 meliora
624 5177 746 5217 esse
773 5177 922 5216 arma
955 5177 1117 5231 quam
1151 5163 1204 5216 in
1232 5161 1479 5218 virtute?
1512 5163 1603 5218 Illa
1637 5164 1782 5220 enim

189 5256 286 5313 sibi
327 5255 568 5310 divinum
611 5253 874 5309 auxilium
915 5253 1176 5320 adhibet,
1227 5255 1342 5309 haec
1381 5254 1647 5325 corporis.
1697 5255 1788 5310 Di-

191 5351 320 5406 dicit
350 5351 466 5405 haec
493 5361 644 5403 arma
679 5365 799 5418 qua:
842 5361 948 5402 non
989 5347 1235 5401 'carnalia
1277 5357 1436 5413 sunt,
1483 5347 1580 5402 sed
1623 5347 1789 5403 fortia

194 5444 302 5500 Deo
339 5443 504 5498 Mosis
549 5439 854 5510 discipulus
897 5443 1056 5509 atque
1104 5437 1246 5492 idem
1295 5454 1584 5495 successor
1629 5439 1791 5495 Jesus

197 5536 369 5603 Nave,
418 5536 512 5607 qui
563 5536 809 5590 imitator
857 5543 915 5589 et
963 5549 1169 5605 suppar
1220 5535 1502 5603 magistri,
1532 5535 1790 5592 Iordanis

200 5647 359 5703 aquas
400 5629 671 5685 convertit
709 5636 1010 5683 retrorsum
1042 5645 1054 5680 :
1100 5627 1362 5696 idemque
1393 5643 1518 5684 cum
1559 5631 1790 5698 inexpu-

269 5733 298 5764 ι
316 5722 500 5782 Codex
529 5730 674 5784 vet.,.
698 5719 985 5790 presbyter.
1019 5719 1188 5773 Bklm.

271 5795 294 5832 δ
325 5792 536 5846 .llallem
567 5790 870 5856 concilium,
897 5790 950 5844 id
974 5799 1059 5844 est
1078 5797 1284 5846 emtum
1302 5830 1321 5852 ,
1340 5804 1558 5860 agmen,
1584 5797 1696 5859 tum
1721 5809 1792 5848 ex

205 5880 348 5922 sacra
379 5863 638 5921 historia,
669 5871 777 5914 tum
806 5876 870 5914 ex
903 5861 1140 5916 auctoris
1163 5868 1441 5917 contextu:
1475 5863 1754 5920 (multo.

277 5946 297 5976 ο
337 5929 751 5998 ωπονοὸαηηιν.
797 5930 966 5985 ΒΑιιι.

1881 4799 2102 4864 vallati,
2133 4797 2514 4868 interfectique
2540 4800 2811 4870 ingentem
2840 4801 2958 4858 suis
2981 4813 3220 4873 stragem
3249 4805 3483 4864 dedere:

1883 4893 1954 4947 ita
1987 4889 2016 4930 τι
2051 4897 2296 4948 hortatus
2335 4894 2599 4965 pr0pbeta
2629 4911 2657 4948 a
2689 4896 2938 4965 patribus
2975 4899 3180 4954 nostris
3215 4902 3359 4956 sitim
3395 4918 3488 4972 pa-

1884 4987 2016 5042 riter
2053 4995 2106 5041 et
2145 4997 2350 5041 metum
2391 4987 2638 5057 depulit,
2685 4988 2939 5060 idemque
2981 4991 3246 5048 adversus
3286 4993 3492 5050 famem

1884 5079 2144 5134 auxilium
2172 5079 2318 5136 tulit.
2349 5079 2484 5135 Nam
2509 5096 2632 5137 cum
2661 5081 3007 5138 obsideretur
3029 5086 3294 5151 Samaria,
3327 5097 3489 5158 atque

1895 5169 1948 5224 in
1977 5185 2039 5225 ea
2067 5170 2284 5226 clausus
2313 5163 2557 5229 maneret
2582 5187 2677 5228 rex
2703 5172 2906 5241 Israel,
2936 5177 3114 5244 gravis
3141 5193 3235 5232 eos
3264 5180 3497 5248 urgebat:

1895 5260 2065 5317 fames
2083 5301 2097 5327 ,
2128 5270 2186 5316 ut
2213 5279 2281 5320 ne
2306 5279 2336 5319 a
2367 5265 2622 5321 nefandis
2646 5266 2863 5336 quidem
2891 5267 3163 5324 alimentis
3190 5271 3496 5326 abstinere-

1899 5361 2019 5408 tur:
2047 5367 2346 5412 conventus
2371 5360 2632 5428 propheta
2661 5367 2827 5414 tanta:
2857 5361 3096 5417 miseriae
3121 5361 3488 5428 deformitate,

1899 5446 2171 5517 simulque
2210 5452 2354 5522 regis
2394 5454 2584 5509 nuntio
2621 5455 2715 5524 qui
2754 5463 2978 5525 putaret
3015 5455 3294 5526 pr0pbeta:
3332 5455 3494 5510 dissi-

1902 5541 2200 5596 mulatione
2229 5545 2429 5604 famem
2470 5550 2805 5614 adolevisse.
2859 5552 3143 5622 respondit
3177 5568 3189 5602 :
3232 5551 3494 5620 Sequenti

1897 5634 2014 5702 die,
2043 5645 2100 5692 et
2129 5639 2435 5698 ubertatem
2486 5643 2783 5713 frumenti,
2813 5656 2870 5701 et
2903 5658 2925 5683 ο
2957 5647 3251 5701 utilitatem
3283 5645 3496 5703 videbis

1966 5729 1992 5768 ἀ
2023 5733 2270 5791 Sanctus.
2306 5735 2381 5792 Ib.

1977 5815 1999 5841 ο
2037 5805 2318 5883 Vilitatem.
2353 5808 2442 5883 Sic
2471 5817 2526 5863 et
2550 5809 2710 5883 paulo
2739 5801 2866 5883 post
2889 5807 2994 5883 leg.
3023 5803 3360 5883 Ᾰὺευιᾶαὴιῐα,
3380 5813 3503 5872 vili»

1902 5885 2051 5932 tatem
2086 5880 2310 5942 creavit,
2343 5881 2512 5934 vilitas
2546 5879 2699 5948 ﬁdem
2739 5879 2986 5950 implevi}.
3022 5880 3098 5936 lo.
