4082 6344
571 351 706 406 2151

1926 335 2172 396 SANCTI
2211 332 2306 393 AM
2318 333 2541 394 BROSII

3643 381 3645 384 ι
3713 335 3834 395 2152

572 467 664 540 (iV
682 466 812 539 Reg.
834 478 932 532 vtt,
948 465 1025 537 l).
1045 462 1164 520 Non
1181 459 1425 517 credenti
1451 455 1664 523 nuntio,
1682 455 1848 512 dixit:
1875 455 2047 526 ipsum
2068 452 2180 524 qui-
2205 453 2260 514 Α
2284 469 2398 509 rem
2434 454 2670 510 futurum
2689 494 2705 522 ,
2733 453 2779 509 si
2807 451 3127 510 coelestibus
3153 451 3400 524 imperiis
3439 450 3836 524 obtemperaret:

571 563 695 619 dent
716 605 729 627 ,
759 562 884 634 quia
911 576 1018 616 non
1051 557 1302 615 crederet
1328 569 1435 611 non
1462 554 1710 610 visurum
1733 593 1749 622 ,
1779 551 2178 623 promissorum

579 668 763 714 tamen
796 656 957 713 fidem
991 670 1097 711 non
1129 651 1434 709 defuturam
1469 666 1482 702 :
1515 649 1803 718 subitoque
1833 661 1928 716 per
1959 650 2179 700 noctem

574 753 630 809 in
660 751 859 810 castris
883 748 1056 822 Syriae
1086 745 1330 802 hinnitus
1355 758 1624 816 equorum
1642 783 1659 810 ,
1687 754 1947 798 curruum
1975 736 2180 806 fragor,

579 847 969 920 quadrigarum
998 842 1334 899 currentium
1365 837 1644 903 fremitus,
1673 847 1950 891 armorum
1974 829 2182 887 sonitus

580 953 607 983 α
633 942 822 1000 auditu
855 950 1059 997 metum
1091 938 1374 995 incussere
1403 933 1704 991 victoribus
1724 974 1738 999 ,
1770 929 1916 1002 quod
1946 929 1999 983 in
2031 924 2185 982 auxi-

579 1039 712 1094 lium
755 1035 999 1093 llehrteis
1040 1033 1226 1089 multa:
1265 1047 1331 1087 ac
1361 1028 1559 1084 valida:
1595 1034 1788 1098 gentes
1825 1018 2185 1080 commeavis-

579 1141 732 1199 sent,
763 1145 828 1186 ac
851 1144 978 1185 sese
1022 1125 1364 1190 imminenti,
1395 1134 1456 1180 ut
1481 1120 1909 1183 arbitrabantur,
1942 1111 2185 1185 periculo

580 1224 707 1297 fuga
753 1227 995 1280 eximere
1037 1226 1489 1293 properaverunt.
1521 1214 1639 1270 Nox
1681 1210 1970 1269 consilium
2012 1213 2187 1261 matu-

580 1319 755 1384 ravit,
796 1326 1064 1374 terrorem
1095 1313 1268 1370 auxit.
1301 1309 1660 1381 Fugientibus
1697 1307 1880 1376 itaque
1910 1300 2182 1373 Assyriis,

581 1427 777 1469 omnes
797 1425 933 1483 quas
957 1410 1271 1465 invaserant
1291 1405 1468 1476 copiae
1489 1447 1503 1471 ,
1530 1405 1582 1458 in
1607 1400 1805 1459 castris
1829 1398 1916 1454 die
1939 1394 2186 1467 sequenti

581 1516 836 1577 repertae.
864 1502 1216 1560 Abundantia
1243 1500 1534 1556 utilitatem
1548 1493 1996 1561 creavit,utilitas
2023 1489 2184 1546 fidem

583 1597 866 1671 implevit:
898 1613 1046 1653 mors
1080 1593 1364 1651 incredulo
1393 1591 1498 1663 ipsi
1538 1589 1759 1662 quidem
1801 1587 2036 1642 fructum
2077 1583 2188 1639 eri-

583 1693 738 1767 puit,
796 1691 1072 1763 publicum
1127 1697 1309 1745 tamen
1365 1685 1670 1742 remedium
1716 1697 1825 1737 non
1877 1675 2183 1750 impedivit.

585 1785 786 1859 Liquet
823 1784 988 1855 igitur
1028 1783 1293 1854 plurimos
1323 1788 1540 1851 patrum
1572 1777 1741 1832 duces
1765 1817 1779 1842 ,
1808 1789 1933 1831 cum
1963 1771 2191 1828 minime

2284 556 2380 602 aut
2418 547 2694 618 captivum
2733 547 2779 603 si
2821 544 3222 603 defendendum
3255 554 3529 616 putasset,
3561 545 3844 603 infidelitate

2284 641 2638 711 semetipsum
2665 648 2721 695 et
2751 653 2881 695 suos
2932 639 3169 711 decepit.
3204 637 3484 696 Abductus
3522 646 3635 695 erat
3670 638 3732 693 ab
3757 639 3844 694 As-

2285 733 2451 804 syriis
2478 733 2713 804 populus
2737 732 3052 789 Iudaeorum
3086 733 3142 788 in
3168 732 3523 805 Babyloniam
3550 750 3564 788 :
3593 729 3770 803 reliqui
3789 731 3844 788 ad

2285 827 2571 900 {Egyptios
2586 828 2885 886 transferre
2903 843 2985 896 se,
3009 829 3102 899 qui
3129 826 3842 894 resederunt,deliberabant.

2287 918 2561 976 blandavlt
2586 921 2846 977 Dominus
2873 935 2969 992 per
2996 921 3325 977 Hieremiam
3354 919 3668 991 prophetam
3694 928 3743 976 et
3761 935 3845 977 ca:-

2289 1021 2470 1081 teros,
2511 1024 2569 1069 ut
2612 1015 2772 1070 unius
2820 1015 2997 1086 gentis
3023 1023 3207 1071 essent
3239 1014 3470 1084 imperio
3495 1015 3726 1070 contenti
3747 1056 3760 1081 ,
3795 1029 3849 1071 ne

2285 1111 2556 1181 geminata
2595 1110 2883 1180 captivitas
2927 1124 3228 1164 aerumnam
3267 1116 3510 1180 augeret.
3553 1106 3743 1164 Verum
3785 1107 3847 1164 illi

2287 1205 2680 1277 posthabentes
2710 1206 2928 1260 oracula
2957 1204 3084 1269 Dei,
3119 1203 3244 1259 facti
3276 1211 3403 1258 sunt
3431 1201 3656 1258 duarum
3680 1201 3849 1271 captivi

2286 1300 2561 1370 gentium,
2608 1300 2700 1368 qui
2746 1297 2906 1353 unius
2947 1295 3126 1368 gentis
3168 1297 3300 1367 jugo
3343 1295 3497 1352 exire
3545 1295 3850 1364 impatienter

2288 1392 2752 1451 desideraverant.
2781 1391 2968 1463 Itaque
2992 1392 3044 1447 in
3066 1391 3305 1463 Egypto
3325 1391 3544 1448 exsules
3576 1405 3850 1461 persevera-

2289 1498 2504 1546 verunt.
2547 1490 2616 1543 At
2647 1503 2777 1542 vero
2805 1487 2881 1542 illi
2913 1484 3005 1557 qui
3037 1485 3090 1540 in
3122 1483 3376 1556 Assyrios
3403 1484 3554 1540 ducti
3597 1493 3750 1551 sunt,
3775 1498 3850 1540 ex-

2289 1583 2435 1654 pleto
2465 1590 2712 1653 tempore
2737 1580 3070 1651 captivitatis
3090 1621 3106 1646 ,
3135 1578 3276 1649 quod
3307 1593 3404 1651 pro
3433 1580 3666 1650 peccatis
3694 1576 3848 1650 populi

2290 1677 2550 1733 Dominus
2571 1675 2954 1742 constituerat,
2980 1681 3166 1745 postea
3185 1671 3330 1745 Cyro
3353 1673 3673 1744 imperante,
3695 1689 3848 1731 reme-

2291 1767 2416 1823 andi
2438 1767 2749 1824 facultatem
2767 1768 2972 1839 adepti,
2989 1776 3334 1825 reverterunt
3348 1782 3474 1824 cum
3499 1769 3686 1839 gratia.
3701 1767 3852 1825 Bene

580 1851 987 1954 pracliarentur,
1017 1851 1302 1932 victoriam
1331 1873 1591 1943 adeptos:
1618 1869 1756 1926 alios
1785 1880 2003 1938 quoque
2031 1862 2185 1920 bello
2214 1851 2261 1912 Β
2289 1870 2471 1917 vatum
2503 1863 2595 1918 Dei
2625 1862 2884 1932 templum
2915 1872 3030 1928 est,
3061 1877 3248 1934 regum
3276 1863 3476 1934 opibus
3502 1861 3627 1935 Cyri
3656 1871 3706 1919 et
3733 1862 3853 1918 Darii

584 1974 900 2046 superiores
926 1972 1128 2038 fuisse;
1155 1969 1353 2042 quibus
1374 1963 1810 2027 consulentibus,
1832 1959 2074 2018 bellandi
2096 1958 2190 2029 jus

586 2067 813 2125 oraculo
839 2065 1166 2139 permissum
1199 2061 1363 2118 foret.
1397 2060 1645 2130 Denique
1674 2057 1851 2112 victus
1891 2051 2184 2119 Amalech;

585 2161 684 2219 sed
722 2175 846 2217 cum
885 2158 1064 2215 Moses
1107 2171 1302 2212 manus
1342 2155 1621 2211 elevaret:
1653 2150 1782 2205 vicit
1809 2147 1967 2205 Jesus
2005 2145 2186 2212 Nave,

587 2269 712 2311 cum
739 2253 910 2309 solem
939 2255 1242 2307 statueret:
1275 2247 1410 2303 vicit
1437 2253 1493 2301 et
1520 2238 1743 2301 Gedeo'n
1767 2285 1782 2310 ,
1812 2256 1935 2297 cum
1966 2239 2020 2294 in
2049 2252 2187 2310 aqua

586 2346 942 2404 dimicaturos
980 2342 1300 2414 probasset:
1340 2339 1572 2395 Samson
1611 2335 1773 2391 etiam
1796 2375 1810 2398 ,
1854 2347 1977 2389 cum
2014 2330 2190 2386 adhuc

587 2440 968 2498 intaminatum
997 2436 1207 2494 crinem
1238 2440 1525 2491 servaret:
1557 2429 1688 2485 vicit
1718 2436 1776 2483 et
1803 2423 2062 2492 Samuel,
2092 2422 2188 2480 sed

585 2552 710 2594 cum
739 2535 1048 2606 adjutorem
1075 2529 1310 2601 lapidem
1342 2528 1509 2599 figere
1538 2519 2189 2596 proposuisset."l'rium-

586 2631 776 2704 phavit
798 2627 1002 2694 David,
1028 2642 1152 2683 cum
1184 2622 1546 2681 Bethsaheam
1576 2618 1704 2692 (hoc
1728 2623 1842 2682 est,
1872 2613 2040 2669 filiam
2067 2609 2191 2666 sal)-

596 2703 737 2793 hati)
772 2737 874 2778 suo
916 2719 1167 2792 conjugio
1196 2713 1528 2790 propheticis
1550 2711 1578 2750 ι)
1608 2707 1928 2766 ministeriis
1965 2703 2188 2776 copula-

593 2819 762 2874 vissct
789 2833 802 2870 :
830 2814 962 2871 vicit
991 2813 1154 2870 etiam
1184 2808 1329 2866 bello
1355 2806 1536 2870 civili,
1562 2805 1706 2877 quod
1736 2800 2038 2873 refugiebat
2065 2797 2189 2852 illa-

590 2920 702 2968 tum
735 2928 750 2966 :
791 2923 899 2965 non
942 2904 1209 2963 inferebat
1246 2901 1368 2975 (nil
1411 2899 1558 2957 enim
1595 2896 1745 2954 bello
1773 2894 1923 2952 civili
1952 2889 2186 2960 ftedius)

2291 1965 2722 2029 eteterorumque
2749 1955 3038 2012 Persarum
3068 1957 3387 2014 muneribus
3412 1975 3424 2012 :
3457 1958 3562 2030 ipsi
3590 1959 3758 2030 itaque
3779 1958 3852 2029 qui

2291 2060 2628 2116 everterant,
2658 2051 2948 2122 reparandi
2992 2060 3264 2121 sumptum
3307 2050 3608 2116 dederunt,
3637 2049 3856 2106 restitue-

2291 2155 2418 2202 runt
2445 2147 2610 2204 etiam
2633 2145 2725 2217 jus
2754 2145 3100 2201 sacerdotum
3121 2187 3135 2211 ,
3169 2146 3490 2214 cultumque
3515 2145 3760 2216 juverunt
3785 2159 3855 2200 re-

2290 2241 2524 2313 ligionis.
2571 2240 2643 2296 At
2687 2255 2816 2296 vero
2858 2239 3029 2295 nostri
3072 2239 3201 2295 dum
3245 2239 3611 2296 sacerdotium
3650 2241 3776 2295 inter
3807 2253 3855 2294 sc

2290 2344 2644 2406 competunt,
2676 2343 2731 2391 et
2759 2335 2900 2405 apttd
2929 2334 3160 2390 Parthos
3190 2336 3477 2403 ambiunt,
3512 2334 3736 2393 conferri
3771 2333 3855 2389 sibi

2293 2441 2655 2489 memoratum
2689 2433 2952 2489 honorem
2974 2475 2989 2500 ,
3023 2431 3091 2488 de
3123 2433 3389 2504 religione
3417 2444 3767 2492 mercaturam
3794 2430 3857 2486 ie-

2291 2535 2504 2583 cerunt.
2547 2526 2687 2595 Quid
2725 2526 2794 2583 de
2836 2525 3149 2599 Babyloniis
3193 2526 3520 2598 querimur?
3546 2526 3758 2583 Nostros
3781 2540 3857 2581 ex-

2293 2620 2431 2692 perti
2456 2635 2643 2676 sumus
2665 2619 2992 2676 deteriores.
3016 2617 3096 2674 llli
3120 2619 3278 2675 nobis
3299 2619 3656 2676 reddiderunt
3679 2629 3701 2657 ε
3722 2632 3856 2673 omne

2287 2713 2377 2786 jus
2414 2714 2730 2787 religionis,
2770 2715 2850 2770 illi
2883 2714 3225 2770 sacerdotum
3263 2716 3599 2772 creationem
3639 2716 3858 2772 restitue-

2291 2819 2457 2877 runt,
2484 2819 2539 2866 et
2566 2811 2733 2865 nostri
2763 2824 2882 2865 eam
2909 2809 3092 2864 Persis
3117 2808 3387 2865 refudere.
3415 2809 3502 2866 llli
3525 2807 3858 2866 sacerdotales

2292 2901 2492 2959 infulas
2563 2903 2930 2972 permiserunt
2983 2912 3184 2958 nostrae
3235 2904 3528 2974 potestati,
3579 2901 3737 2958 nostri
3781 2913 3856 2954 eas

586 3006 738 3063 solus
761 3003 856 3075 qui
882 3001 1059 3074 potuit
1089 2997 1293 3054 inferre
1318 3015 1332 3052 :
1360 2995 1493 3050 vicit
1513 3001 1568 3049 et
1592 3001 1615 3031 θ
1644 2989 1828 3061 Asaph
1854 2987 2068 3060 praelio,
2094 2982 2184 3040 sed

2292 2994 2606 3066 Babyloniis
2646 2995 2942 3067 vectigales
2963 2994 3232 3052 fecerunt.
3257 2995 3397 3063 Quid
3421 2994 3671 3065 adjiciam
3693 3006 3857 3049 cruen-

587 3109 777 3174 Ροεῑθθ
803 3113 964 3171 quam
987 3091 1405 3165 despemmibus
1424 3089 1559 3154 θυῖεν
1585 3085 1727 3157 (ιιιοά
1754 3097 1983 3140 "umero
2008 3086 2194 3137 esse!“
2295 3097 2461 3144 latum
2510 3089 2808 3144 sacrarium
2859 3087 3156 3158 sanguine,
3207 3087 3432 3144 madere
3483 3103 3635 3143 sacra
3667 3086 3854 3148 limina,

589 3194 879 3253 inferiores
898 3189 1058 3256 dixit,
1082 3186 1217 3244 nihil
1241 3186 1531 3247 interesse,
1557 3179 1712 3252 pauci
1742 3193 1810 3233 an
1838 3177 2024 3247 plures
2051 3173 2184 3236 sint,

2291 3184 2547 3239 semiruta
2573 3183 2750 3239 adhuc
2775 3191 2920 3238 stare
2947 3183 3134 3253 templi
3159 3181 3411 3254 fastigia?
3434 3181 3614 3238 Minor
3638 3191 3715 3236 est
3736 3181 3856 3235 circa

589 3250 712 3344 cum
740 3285 888 3341 Deus
912 3250 1114 3353 pauc-os
1139 3279 1392 3334 timentes
1416 3288 1477 3329 se
1497 3250 1749 3344 pluribus
1776 3267 1937 3323 faciat
1957 3262 2184 3319 validio-

2294 3293 2394 3334 nos
2419 3278 2495 3333 ira
2521 3279 2644 3346 Dei,
2675 3294 2836 3349 quam
2860 3288 3045 3334 nostra
3071 3278 3381 3334 contentio:
3409 3277 3505 3333 illa
3533 3293 3628 3334 nos
3648 3274 3858 3347 captivos

590 3394 681 3438 res
708 3378 760 3450 (1
783 3377 914 3448 Reg.
939 3389 1047 3440 xiv,
1074 3371 1156 3445 6).
1186 3371 1370 3425 Bonus
1399 3366 1649 3436 proiecto
1677 3360 1817 3426 fide,
1846 3359 1893 3414 si
1920 3369 2095 3426 usque
2121 3353 2184 3409 ad

2293 3373 2423 3430 fecit
2442 3415 2455 3438 ,
2485 3374 2585 3428 ista
2610 3373 2905 3444 sacrilegos
2930 3388 2944 3426 :
2978 3371 3069 3427 illa
3099 3365 3476 3447 disseminavit
3496 3371 3739 3434 Iudaeos,
3761 3368 3856 3423 lta‘c

589 3443 752 3528 ﬁnem
775 3443 1199 3540 perseverasset.
1222 3461 1365 3518 Vicit
1391 3466 1447 3514 et
1472 3455 1670 3512 mulier
1689 3453 1858 3509 armis
1879 3466 2002 3519 qua:
2029 3449 2184 3505 fidem

2290 3467 2525 3525 sustulit.
2551 3443 2841 3533 Conferte,
2868 3467 2915 3522 si
2940 3465 3173 3530 videtur,
3198 3443 3328 3536 quid
3356 3465 3576 3522 intersit
3600 3465 3734 3521 inter
3749 3475 3857 3533 cap-

593 3565 706 3622 Deo
746 3559 1067 3620 reservavit.
1113 3557 1182 3613 At
1221 3568 1352 3610 vero
1393 3550 1525 3608 Saul
1572 3548 1750 3604 victus
1779 3555 1899 3614 est,
1931 3544 2059 3616 quia
2089 3542 2188 3598 Dei

591 3665 926 3730 praeceptum
958 3667 1068 3709 non
1097 3647 1411 3707 custodivit.
1442 3643 1777 3700 Vulneratus
1806 3639 2020 3703 Josias,
2061 3636 2186 3708 quia

589 3758 781 3808 contra
808 3746 1093 3819 imperium
1124 3743 1176 3800 in
1201 3741 1413 3798 hostem
1437 3736 1710 3810 processit
1734 3752 1748 3790 :
1777 3741 2000 3791 sanctus
2028 3741 2189 3787 cazte-

589 3862 742 3915 rum,
774 3855 829 3902 et
859 3843 982 3900 ideo
1023 3848 1241 3912 raptus,
1273 3852 1345 3893 ne
1373 3833 1752 3906 captivitatem
1796 3828 2000 3884 nostris
2037 3825 2190 3881 debi-

589 3950 698 3997 tam
728 3937 963 4011 peccatis
987 3933 1226 3990 videret.
1251 3928 1518 3988 Clamavit
1537 3925 1757 3982 Nachao
1783 3941 1796 3978 :
1829 3921 1948 3978 Non
1975 3935 2093 3976 sum
2119 3918 2187 3974 ad

589 4044 643 4092 te
671 4035 870 4090 missus
890 4073 906 4099 ,
929 4029 1111 4086 ferens
1139 4025 1259 4097 ejus
1288 4023 1414 4080 fidei
1446 4019 1814 4078 testimonium
1845 4033 1860 4084 ;
1889 4015 1986 4072 sed
2013 4013 2189 4069 invol-

587 4128 666 4184 vit
687 4142 814 4184 eum
831 4167 846 4192 ,
878 4125 1021 4180 sicut
1044 4129 1170 4177 ante
1197 4115 1471 4174 Amasiam
1489 4158 1503 4182 ,
1535 4112 1874 4170 consortium
1901 4106 2187 4180 degeneris

585 4221 887 4280 societatis.
929 4217 1178 4288 Denique
1205 4222 1260 4270 et
1287 4213 1357 4268 ab
1385 4208 1608 4266 homine
1632 4207 1730 4263 Dei
1761 4204 2001 4262 monitus
2030 4212 2182 4269 erat,

584 4325 647 4373 ut
674 4316 804 4371 illos
831 4327 971 4385 quos
999 4308 1070 4366 ad
1097 4306 1228 4366 belli
1259 4303 1580 4362 societatem
1612 4307 1829 4356 centum
1861 4296 2069 4368 argenti
2099 4304 2181 4350 ta-

581 4409 746 4468 lentis
771 4405 1143 4468 conduxerat,
1175 4399 1506 4462 dimitteret,
1533 4394 1580 4449 si
1619 4391 1789 4446 vellet
1815 4389 2057 4446 vincere.
2085 4387 2184 4444 Cui

583 4500 889 4567 dubitanti,
917 4495 1060 4570 quod
1088 4503 1298 4550 tantum
1326 4487 1487 4561 pretii
1517 4485 1823 4541 amissurus
1871 4482 2045 4546 foret,
2090 4495 2182 4536 re-

584 4594 806 4666 spondit
831 4591 1093 4665 propheta
1122 4586 1266 4656 quod
1299 4583 1525 4640 haberet
1555 4577 1816 4636 Dominus
1846 4574 2184 4648 plura,unde

584 4690 748 4748 etiam
775 4693 1059 4760 argentum
1088 4682 1268 4740 eidem
1299 4677 1620 4736 restitueret
1645 4691 1658 4729 :
1689 4689 1798 4747 quo
1828 4673 2022 4730 fretum
2053 4687 2185 4728 con-

585 4781 767 4840 ductis
789 4778 1132 4837 renuntiasse
1155 4772 1393 4839 auxiliis,
1423 4769 1620 4825 vicisse
1646 4782 1771 4824 cum
1802 4765 2180 4837 paucioribus;

586 4873 614 4914 ἀ
643 4891 712 4932 ne
753 4874 929 4946 ipsum
967 4871 1186 4944 quidem
1229 4869 1342 4924 Deo
1381 4871 1547 4921 tantae
1585 4862 1834 4918 victoria:
1874 4859 2181 4916 mercedem

584 4967 850 5026 solvisse:
877 4964 973 5021 sed
999 4963 1146 5020 illico
1172 4960 1302 5033 ipsis
1327 4953 1630 5014 simulacris
1657 4969 1780 5023 quae
1801 4951 1977 5006 victor
1996 4965 2182 5022 coepe-

585 5070 702 5127 rat,
728 5058 987 5116 detulisse
1014 5052 1280 5112 sacrificia
1299 5093 1314 5118 ,
1344 5049 1499 5122 quasi
1527 5062 1716 5104 eorum
1741 5043 2009 5102 beneﬁcio
2036 5045 2182 5099 vice-

581 5154 676 5223 rit,
694 5168 815 5226 quae
845 5152 898 5207 in
920 5148 1157 5222 praedam
1188 5143 1515 5217 captivitatis
1544 5140 1850 5211 redegerat.
1883 5135 2182 5194 Sedechias

582 5253 704 5326 ipse
741 5245 1184 5308 incumbentibus
1223 5243 1338 5315 jam
1381 5237 1574 5310 patria:
1617 5237 1822 5301 ruinis,
1865 5249 1964 5306 per
1991 5233 2179 5289 Hiere-

583 5323 750 5402 miam
789 5349 1090 5400 conventus
1123 5337 1447 5409 prophetam
1471 5371 1488 5399 ,
1520 5345 1644 5386 cum
1677 5325 1864 5383 hostili
1894 5323 2179 5380 obsidione

580 5445 944 5513 premeretur,
990 5442 1050 5490 ut
1084 5430 1276 5489 urbem
1305 5425 1492 5498 egredi
1519 5439 1628 5482 non
1671 5429 1973 5490 metueret,
2005 5419 2178 5476 victo-

658 5631 686 5660 ι
714 5618 918 5676 Audiri.
947 5617 1118 5674 Buta.

653 5691 682 5732 δ
713 5671 1108 5763 λὶῇὲὶιῆἱῖιρ.
1150 5712 1224 5763 -τ-
1243 5677 1487 5763 pemina
1519 5683 1645 5732 sunt
1671 5689 1797 5763 quas.
1811 5671 1988 5763 habet
2014 5684 2177 5763 sapt-:-

577 5775 668 5824 tus
689 5743 1219 5830 ιδέῗέιῗίιῐλβοιοείε
1243 5751 1412 5830 David
1432 5749 1602 5806 altera
1629 5743 1754 5830 cap.
1778 5745 1866 5811 to,
1896 5758 2046 5830 nata.
2080 5743 2174 5800 51.

580 5817 859 5908 Malui,
885 5817 1090 5908 inquit,
1131 5817 1189 5883 iit
1228 5827 1359 5908 scias
1401 5837 1510 5878 esse
1549 5818 1878 5890 mysterium,
1925 5817 2179 5886 interpre-

583 5916 692 5966 tare
718 5894 974 5964 tiocabula'
1005 5943 1021 5960 .
1069 5894 1087 5959 ζ
1129 5943 1142 5958 .
1187 5940 1201 5957 .
1247 5899 1567 5955 Bst-tisanae
1596 5905 1739 5948 nua
1766 5902 1987 5946 SABBATI
2018 5927 2032 5956 ,
2064 5894 2173 5943 etc.

2291 3563 2554 3618 tivitatem
2582 3569 2822 3618 nostram
2854 3569 2910 3616 et
2935 3559 3260 3616 seditionem
3291 3570 3561 3616 nostram.
3591 3556 3858 3630 Captivitas

2290 3666 2473 3713 nostra
2496 3655 2750 3727 gentibus
2775 3653 2973 3710 infudit
2992 3661 3190 3709 nostra:
3219 3654 3501 3725 religionis
3521 3651 3855 3711 consortium:

2290 3751 2486 3808 seditio
2531 3759 2717 3806 nostra
2754 3751 2916 3806 etiam
2956 3748 3159 3805 Judteis
3194 3748 3398 3805 ademit
3441 3747 3716 3820 religionis
3755 3759 3858 3816 gra-

2290 3846 2441 3900 tiam.
2473 3845 2607 3913 Quis
2637 3854 2817 3902 autem
2848 3845 3126 3901 Romanos
3167 3845 3220 3900 in
3262 3844 3507 3901 Iudaeam
3552 3841 3854 3905 introduxit,

2289 3937 2396 3994 nisi
2425 3938 2658 4010 Hyrcani
2687 3947 2740 3993 et
2769 3938 3069 3995 Aristobuli
3099 3938 3417 3994 contentio?
3457 3939 3592 4010 Quis
3631 3935 3856 3999 Sosium,

2290 4033 2393 4089 nisi
2442 4033 2732 4089 Herodes?
2777 4033 2911 4101 Quis
2936 4033 3267 4100 Antonium,
3320 4032 3424 4088 nisi
3472 4031 3703 4090 Sosius?
3742 4025 3856 4097 Quis

2288 4124 2558 4182 Cmsarem
2586 4126 2896 4198 imploravit
2923 4127 3024 4183 sibi
3055 4143 3238 4197 regem
3258 4169 3273 4195 ,
3300 4127 3407 4184 nisi
3434 4127 3572 4184 vos?
3594 4125 3718 4195 Quis
3741 4121 3856 4178 alius

2289 4231 2490 4292 praeter
2514 4235 2611 4276 vos
2641 4220 2986 4291 Antipatrum
3018 4235 3188 4290 regno
3218 4222 3462 4288 expulit,
3493 4229 3552 4277 et
3580 4220 3853 4275 libertatem

2289 4314 2341 4368 in
2371 4312 2698 4393 Antipatro?
2723 4312 2790 4368 Et
2823 4320 3002 4368 tamen
3035 4327 3142 4368 non
3174 4311 3520 4384 reprehendo
3542 4355 3557 4379 ,
3587 4323 3752 4382 neque
3776 4305 3855 4361 ab-

2287 4423 2396 4464 nuo
2425 4406 2643 4463 Florum
2671 4407 2726 4463 in
2752 4421 2853 4463 vos
2878 4406 3111 4463 sceleste
3134 4406 3498 4464 consuluisse.
3529 4405 3637 4464 Sed
3661 4401 3854 4476 quer-cla

2287 4501 2549 4557 Romanis
2579 4500 2872 4557 deferenda
2900 4499 3034 4568 fttit,
3066 4515 3173 4556 non
3205 4516 3358 4557 arma
3389 4500 3689 4558 inferenda.
3718 4499 3856 4568 Spre-

2285 4593 2443 4649 vistis
2482 4593 2785 4663 Neronem,
2830 4594 2925 4650 sed
2969 4593 3334 4666 Vespasianus
3371 4600 3740 4651 successerat:
3779 4587 3855 4660 qui

2288 4688 2556 4762 benignus
2582 4699 2810 4754 natura,
2842 4690 3126 4763 benignior
3158 4701 3334 4746 tamen
3365 4692 3529 4747 etiam
3557 4690 3731 4747 studio
3754 4699 3856 4742 esse

2289 4785 2495 4856 potuit,
2523 4783 2646 4856 quia
2675 4785 2730 4840 in
2753 4783 2938 4840 Judtea
2967 4784 3255 4856 imperium
3282 4793 3652 4857 assumpserat
3677 4802 3689 4838 :
3715 4789 3798 4838 aut
3817 4777 3855 4832 si

2288 4892 2393 4932 non
2419 4877 2670 4933 movebat
2693 4877 2885 4949 pietas,
2911 4877 3081 4932 virtus
3108 4885 3259 4934 certe
3285 4876 3403 4949 ejus
3432 4893 3528 4934 vos
3554 4875 3735 4934 debuit
3754 4870 3855 4928 adi-

2285 4987 2445 5043 gere,
2479 4973 2551 5026 ut’
2579 4970 2736 5027 vobis
2757 4969 3139 5027 consuleretis.
3164 4971 3270 5027 Sed
3292 4970 3563 5042 quomodo
3590 4969 3741 5026 vobis
3765 4979 3854 5021 non

2286 5072 2569 5135 parceret,
2602 5063 2694 5134 qui
2731 5063 2978 5135 pepercit
3005 5063 3256 5134 Ioseph?
3286 5063 3387 5120 Cui
3426 5065 3573 5120 enim
3614 5060 3856 5120 infestior.

2288 5173 2448 5230 quam
2482 5158 2612 5213 mihi
2643 5172 2767 5214 esse
2797 5157 3026 5215 debuit?
3066 5158 3197 5226 Quis
3226 5159 3434 5229 majora
3464 5159 3740 5216 adversum
3768 5153 3860 5209 Bo-

2285 5267 2480 5308 manos
2505 5253 2842 5308 munimenta
2889 5253 3202 5309 exstruxit?
3250 5253 3384 5321 Quis
3433 5252 3727 5310 studiosius
3771 5257 3857 5317 pro

2282 5347 2458 5417 patria
2502 5343 2521 5383 ί
2565 5344 2969 5403 decernendum
3036 5345 3308 5418 putavit?
3378 5339 3857 5419 Postquam_vobis

2281 5594 2526 5652 Mazocn.
2559 5593 2598 5648 ι.
2625 5609 2674 5650 c.
2708 5609 2837 5666 pag.
2866 5590 2992 5666 851.

2359 5680 2380 5707 ο
2409 5669 2485 5723 Ex
2503 5661 2757 5724 contextu
2780 5661 3073 5736 legendum
3091 5663 3301 5722 videtur
3314 5661 3850 5722 Ionathamcauaan.

2353 5736 2381 5776 ά
2412 5738 2606 5794 Forte.
2638 5753 2728 5792 nec
2756 5738 2947 5794 ipsum.
2976 5735 3054 5793 In.

2359 5757 2381 5776 ιι
2412 5757 2606 5800 torte.
2638 5757 2728 5792 nec
2756 5757 2947 5811 Ipsum.
2976 5757 3054 5793 ID.

2359 5822 2382 5849 ο
2417 5810 2503 5866 Al.
2533 5809 2688 5866 deest
2711 5824 2818 5865 vox
2847 5810 2971 5864 ista.
3007 5809 3179 5866 ΒΑΜ.

2360 5882 2377 5922 ί
2415 5885 2493 5940 An
2517 5881 2928 5938 decertandum?
2949 5881 3056 5939 Sed
3083 5881 3219 5939 nihil
3243 5891 3412 5940 muto.
3439 5879 3706 5954 Siquidem
3725 5869 3850 5948 apud
