4082 6344
315 318 454 376 2155

1179 323 1451 383 HISTOR.
1493 323 1584 382 DE
1623 320 1902 383 EXCIDIO
1943 319 2218 383 IIIEROS.
2261 327 2465 388 URBIS
2507 331 2639 390 LIB.
2683 332 2778 388 V.‘

3466 340 3612 395 9154

312 443 338 472 ι
361 434 612 491 bellando
632 434 952 506 complacita
982 435 1222 494 conditio
1253 447 1365 506 est,
1397 439 1667 496 bellorum
1692 439 1907 511 quidem
1935 437 1992 498 Α
2015 443 2140 498 ret?
2168 445 2273 501 Sed
2299 446 2426 514 quid
2451 461 2552 518 ego
2578 446 2778 503 diutius
2807 447 3152 505 sermonibus
3177 450 3461 522 immoror,
3489 469 3611 510 eum

311 525 462 583 initia
495 543 600 583 non
633 527 967 600 probabam,
999 529 1096 586 sed
1125 541 1382 603 suscepta
1415 548 1522 587 non
1549 533 1866 589 deserebam
1895 549 1907 585 τ

311 627 580 676 testantur
607 621 711 676 hoc
736 619 1003 693 Jotapatm
1034 621 1183 677 urbis
1203 665 1218 690 ,
1252 638 1374 694 qua:
1405 623 1699 679 bellantem
1734 624 1914 680 adhuc

309 721 593 778 texerunt,
625 714 825 770 favillze
845 757 860 783 ,
893 730 980 771 me
1014 713 1156 771 bello
1183 729 1288 770 non
1319 715 1626 782 destitisse,
1659 716 1764 772 uisi
1793 726 1915 787 post

308 809 428 878 eius
459 807 696 866 civitatis
723 809 909 865 ruinas
935 827 948 864 :
983 809 1268 866 delituisse
1291 852 1305 877 ,
1339 810 1520 882 quoad
1553 811 1701 882 potui
1733 812 1787 866 in
1820 811 1915 866 illo

308 919 519 962 eversae
547 903 701 960 urbis
725 903 1000 974 sepulcro,
1031 904 1324 975 pertulisse
1351 902 1548 960 famem
1571 947 1586 973 ,
1621 919 1690 961 ne
1717 904 1918 960 Roma-

310 998 395 1053 nis
427 1012 513 1054 me
538 997 810 1054 traderem
838 1014 851 1052 :
879 997 1146 1070 quaesisse
1170 997 1426 1053 veniendi
1459 997 1526 1052 ad
1553 1011 1650 1053 vos
1675 996 1873 1068 effugia
1899 1013 1916 1052 :

309 1089 406 1147 sed
449 1089 853 1160 deprehensum
877 1131 892 1156 ,
929 1106 1038 1147 non
1076 1099 1272 1162 sponte
1311 1107 1627 1164 egressum,
1661 1091 1916 1148 maluisse

310 1186 490 1256 perire
520 1200 642 1242 cum
684 1184 852 1250 meis,
886 1187 982 1242 sed
1016 1187 1332 1257 pepercisse
1360 1186 1666 1243 Caesarem:
1700 1194 1918 1258 optasse

311 1280 592 1335 vobiscum
620 1280 798 1350 potius
827 1281 1154 1350 periclitari,
1179 1297 1285 1338 non
1309 1283 1450 1354 quod
1476 1282 1762 1353 probarem
1786 1298 1919 1340 con-

308 1373 527 1439 silium,
555 1373 650 1428 sed
676 1373 819 1445 quod
844 1375 1102 1446 eligerem
1133 1375 1356 1446 periculi
1387 1376 1666 1432 vobiscum
1693 1391 1919 1433 consor-

313 1467 471 1522 tium.
520 1453 732 1523 Gratias
771 1475 949 1524 tamen
981 1468 1130 1534 Deo,
1158 1469 1302 1540 quod
1330 1467 1358 1507 ι)
1389 1471 1522 1525 tanti
1552 1470 1776 1526 sceleris
1808 1486 1914 1527 non

313 1559 479 1616 incidi
522 1562 838 1617 societatem
859 1603 874 1628 ,
904 1576 973 1618 ne
1000 1561 1328 1618 seditionum
1362 1563 1610 1618 incentor
1640 1564 1920 1620 existima-

312 1670 444 1711 rer:
493 1664 588 1712 aut
630 1658 753 1726 quia
804 1656 890 1712 his
935 1657 1150 1713 misceri
1193 1656 1514 1728 nequibam,
1563 1658 1914 1728 parricidium

311 1751 456 1823 quod
491 1766 652 1806 manu
682 1751 959 1808 declinare
999 1761 1276 1823 poteram,
1321 1752 1407 1808 vel
1447 1763 1682 1810 mortem
1725 1754 1918 1824 imple-

2013 535 2170 606 pleua
2213 534 2457 592 horroris
2496 545 2552 592 et
2592 538 2824 608 gemitus
2865 539 3042 594 omnia
3085 541 3611 613 circumfundantur,

2016 628 2315 700 templique
2369 629 2638 685 excidium
2698 632 3073 702 properelur?
3126 634 3218 704 qui
3275 636 3417 692 istud
3471 640 3612 695 oculi

2014 735 2294 798 spectare,
2325 726 2430 798 'qui
2471 741 2665 783 sensus
2705 729 2950 798 perpeti,
2992 729 3116 799 quis
3159 730 3393 787 tolerare
3437 743 3617 804 potest

2014 819 2272 876 animus?
2313 818 2359 876 Ο
2399 820 2544 876 saxis
2583 819 2867 888 duriores,
2916 822 3060 877 ferro
3088 822 3406 894 rigidiores,
3439 827 3529 896 qui
3561 827 3615 882 in

2017 913 2182 969 tantis
2209 928 2394 970 rerum
2428 916 2786 970 humanarum
2829 914 3090 986 prodigiis
3127 917 3306 973 adhuc
3346 918 3489 974 inter
3521 935 3618 975 vos

2016 1013 2290 1077 tamquam
2315 1005 2380 1061 ad
2402 1007 2619 1062 virtutis
2637 1007 3035 1064 aemulationem
3058 1009 3128 1066 de
3144 1011 3352 1067 scelere
3372 1012 3616 1077 certatis;

2018 1107 2074 1153 et
2100 1098 2244 1166 quod
2272 1106 2358 1153 est
2382 1098 2632 1169 gravius,
2662 1114 2761 1154 vos
2791 1100 2893 1168 ipsi
2923 1101 3150 1170 patriam
3183 1101 3465 1160 destruitis
3487 1146 3501 1172 ,
3535 1115 3617 1158 at-

2017 1208 2124 1262 que
2142 1193 2259 1263 ejus
2275 1194 2485 1264 augetis
2502 1193 2744 1248 ruinam!
2765 1195 3151 1252 Comertimini
3175 1197 3484 1268 aliquando,
3517 1200 3615 1254 ali-

2019 1283 2237 1355 quando
2252 1285 2574 1354 resipiscite,
2595 1285 2858 1355 judicate,
2879 1295 2935 1343 et
2951 1287 3131 1344 videte
3157 1289 3612 1359 pulchritudinem

2020 1380 2208 1452 patria:
2235 1381 2732 1452 quamlprodidistis
2757 1402 2770 1438 :
2800 1399 2920 1454 qua:
2949 1385 3101 1450 urbs,
3139 1386 3282 1456 quod
3317 1388 3576 1458 templum
3601 1430 3616 1453 ,

2019 1488 2138 1543 qua:
2167 1483 2482 1530 sanctorum
2511 1474 2784 1531 domicilia
2809 1516 2824 1542 ,
2855 1492 3251 1549 sacrorumque
3283 1481 3580 1549 penetralia
3599 1523 3615 1540 .

2020 1580 2141 1637 quae
2158 1566 2542 1637 prophetarum
2563 1582 2726 1638 opera
2746 1568 2938 1623 vestris
2955 1569 3204 1624 manibus
3220 1569 3618 1628 eviscerantur?

2020 1661 2078 1718 In
2112 1662 2229 1718 lure
2257 1664 2542 1735 quisquam
2577 1662 2820 1720 ﬂammas
2851 1663 3038 1729 ducit,
3065 1674 3120 1720 et
3150 1668 3355 1738 Spargit
3382 1667 3532 1737 ignes
3561 1677 3619 1724 et

2021 1757 2266 1813 incendia
2307 1757 2608 1825 ministrat,
2652 1772 2753 1814 nec
2802 1758 2913 1814 ullo
2963 1757 3158 1815 affectu
3201 1762 3491 1816 movetur?
3529 1778 3620 1818 ru-

312 1858 452 1899 rem.
483 1843 647 1901 Certe
678 1859 745 1900 ne
773 1845 1174 1901 sanctissimam
1209 1855 1438 1904 matrem
1471 1863 1570 1919 pro
1599 1864 1689 1904 me
1717 1849 1922 1906 dilace—
1948 1832 1999 1894 Β
2028 1850 2253 1921 pium,si
2280 1850 2541 1918 sentiret,
2573 1851 2720 1922 rigor
2748 1852 3140 1908 resolveretur.
3169 1852 3331 1909 Certe
3355 1863 3410 1909 et
3438 1855 3623 1910 insen-

315 1938 426 1993 rari
465 1953 782 2003 cernerem,
829 1954 1186 2011 meorumque
1224 1940 1466 2012 dispergi
1503 1943 1756 2009 viscera;
1800 1959 1921 2014 quae

313 2032 626 2087 miseranda
677 2031 928 2103 quidem,
977 2033 1074 2088 sed
1124 2043 1302 2090 tamen
1350 2035 1691 2092 tolerabilius
1734 2047 1817 2093 est
1857 2053 1920 2092 ea

314 2124 462 2196 pati,
496 2139 656 2196 quam
689 2124 908 2182 fecisse.
952 2126 1094 2194 Quid
1133 2127 1294 2198 igitur
1333 2128 1510 2184 adhuc
1548 2131 1922 2198 exspectatis?

314 2217 401 2275 An
431 2220 581 2289 signa
609 2217 924 2289 majorum?
967 2218 1086 2275 Non
1131 2235 1194 2276 ea
1241 2221 1400 2278 nobis
1445 2223 1672 2290 merita,
1708 2238 1815 2280 non
1857 2241 1921 2282 ea

315 2313 462 2369 circa
504 2313 598 2369 Dei
639 2313 846 2370 cultum
884 2313 1086 2370 ofﬁcia.
1119 2316 1237 2372 Non
1267 2331 1330 2372 ea
1363 2317 1768 2386 Romanorum,
1800 2336 1922 2392 quae

317 2405 668 2479 Assyriorum
712 2407 1042 2477 inﬁdelitas,
1086 2410 1176 2480 qui
1225 2421 1452 2483 accepto
1494 2414 1670 2484 pretio
1716 2414 1924 2471 disces-

316 2500 488 2555 sionis
533 2499 693 2557 ﬁdem
737 2500 986 2572 fregere:
1019 2518 1120 2558 nec
1160 2503 1557 2572 recedendum,
1602 2505 1699 2562 sed
1744 2508 1925 2563 acrius

317 2595 678 2667 iugruendum
708 2606 985 2666 putarunt.
1015 2597 1157 2666 Quin
1183 2601 1348 2654 etiam
1375 2607 1433 2655 ut
1457 2614 1523 2655 ex
1553 2601 1925 2658 accidentibus

318 2688 643 2759 colligamus
682 2688 881 2745 divinae
918 2699 1126 2745 motum
1166 2690 1492 2760 sententiae,
1522 2691 1693 2748 Deum
1722 2692 1926 2749 Iudaeis

318 2780 600 2838 adversari
637 2791 849 2838 certum
887 2794 990 2838 est.
1042 2783 1279 2854 Denique
1305 2783 1468 2856 Sylna
1497 2800 1619 2856 quae
1650 2795 1778 2842 ante
1807 2786 1928 2844 bel-

319 2874 433 2932 lum
475 2879 620 2933 sicca
661 2877 874 2945 fuerat,
919 2887 975 2934 et
1013 2893 1205 2934 omnes
1228 2890 1382 2934 extra
1429 2881 1620 2936 urbem
1668 2880 1923 2952 fontium,

321 2987 476 3028 venze
505 2987 626 3044 quin
650 2971 742 3028 diu
774 2971 944 3029 ﬂuere
973 2981 1291 3039 cessarunt,
1327 2981 1386 3028 ut
1423 2990 1559 3046 aqua
1604 2985 1792 3032 nostro
1831 2978 1927 3033 de-

322 3075 469 3122 es~et
497 3067 650 3134 usui,
684 3065 789 3122 nisi
818 3066 997 3138 pretio
1023 3068 1293 3138 quaesita:
1321 3084 1467 3125 nunc
1497 3071 1550 3125 in
1595 3086 1726 3128 usus
1765 3072 1925 3130 rede-

322 3168 425 3215 unt
449 3174 596 3228 suos,
622 3169 678 3216 et
697 3158 822 3216 Tito
847 3174 906 3214 se
932 3159 1250 3217 advenienti
1276 3161 1586 3219 refundunt.
1612 3165 1928 3222 Scaturiunt

323 3256 525 3312 uberes
585 3270 733 3311 vena:
765 3297 782 3324 ,
836 3264 1001 3326 atque
1053 3255 1126 3310 ita
1180 3271 1446 3329 aquarum
1503 3258 1926 3317 redundantium

324 3351 505 3409 omnia
546 3351 848 3423 replentur,
893 3360 951 3406 ut
991 3365 1099 3406 nou
1142 3352 1317 3407 solum
1361 3353 1629 3409 exercitui
1669 3353 1820 3426 large
1857 3355 1927 3411 ad

327 3456 515 3517 potum
552 3446 887 3508 exuberent.
924 3445 1020 3501 sed
1057 3446 1219 3501 etiam
1257 3447 1442 3518 equis,
1477 3447 1834 3504 bellatoribus
1863 3463 1928 3506 ac

323 3539 617 3610 jumentis,
644 3537 1044 3610 pecoribusque
1072 3538 1370 3604 universis,
1402 3538 1685 3596 hortorum
1712 3555 1929 3611 quoque

329 3633 547 3706 irriguis
575 3649 683 3689 non
709 3633 851 3689 desit
874 3648 1136 3704 aquarum
1162 3633 1490 3689 abundantia
1517 3653 1531 3690 :
1563 3644 1620 3690 ut
1651 3644 1925 3707 tamquam

329 3729 697 3786 adnitentibus
741 3728 1031 3785 elementis
1075 3729 1320 3785 victoriae
1363 3728 1625 3786 Romanae
1666 3730 1929 3800 largiores

329 3821 524 3878 credas
550 3820 702 3877 fundi
728 3829 956 3878 meatus.
999 3821 1459 3892 Recognoscimus
1491 3822 1738 3894 prodigia
1769 3839 1929 3894 supe-

331 3915 506 3983 riora,
551 3930 673 3986 qua:
720 3914 882 3970 etiam
935 3922 1064 3970 tunc
1112 3924 1315 3970 nostrae
1358 3914 1508 3970 urbis
1550 3925 1930 3985 praevenerunt

331 4008 699 4078 captivitatem
727 4024 740 4062 :
773 4007 1008 4064 cessavit
1035 4022 1172 4078 aqua
1203 4007 1405 4062 Iudicis
1426 4047 1443 4075 ,
1476 4005 1683 4064 refudit
1709 4023 1771 4064 se
1801 4007 1932 4064 bos-

335 4101 511 4167 tihus,
553 4115 620 4156 ne
660 4099 750 4156 siti
795 4099 1008 4156 obsidio
1037 4099 1409 4171 impediretur.
1442 4099 1553 4156 Nec
1583 4101 1778 4156 mirum
1808 4110 1890 4158 est
1912 4142 1928 4168 ,

335 4193 378 4249 si
406 4193 632 4249 recessit
659 4209 688 4248 a
716 4193 916 4250 Iudaeis
942 4193 1124 4249 divina
1150 4194 1322 4266 gratia
1343 4236 1358 4262 ,
1388 4209 1524 4266 quos
1552 4203 1698 4250 tanta
1726 4195 1929 4268 ﬂagitia

334 4286 832 4343 circumvallarunt.
863 4289 945 4342 An
973 4301 1102 4342 vero
1126 4287 1304 4344 bonus
1329 4286 1412 4342 vir
1441 4287 1658 4358 plenum
1689 4288 1932 4346 horroris

336 4395 443 4436 non
488 4378 686 4450 refugit
713 4379 1124 4436 diversorium?
1153 4390 1208 4436 et
1241 4380 1461 4437 domum
1493 4396 1650 4437 suam
1681 4381 1928 4452 deserit,

337 4477 380 4532 si
405 4475 532 4546 quid
559 4475 609 4530 iu
636 4491 700 4532 ea
723 4475 1076 4531 commissum
1101 4476 1322 4532 sceleris
1347 4477 1668 4548 agnoverit?
1694 4477 1933 4534 declinat

339 4570 573 4642 indigna:
610 4569 963 4625 habitationis
995 4570 1305 4634 consortia,
1342 4579 1660 4626 exsecratur
1701 4585 1930 4627 conver-

340 4664 575 4717 santium
607 4661 954 4732 iniquitates:
983 4670 1038 4716 et
1067 4659 1376 4718 dubitamus
1405 4662 1474 4719 de
1504 4678 1720 4719 summo
1747 4673 1802 4719 et
1833 4663 1933 4718 im-

340 4754 609 4809 maculato
653 4754 801 4822 Deo,
844 4753 990 4825 quod
1032 4754 1324 4810 abhorreat
1364 4763 1636 4811 tantorum
1686 4759 1933 4830 contagia

339 4849 666 4921 ﬂagitiorum
694 4865 707 4901 :
740 4858 793 4904 et
821 4847 1157 4904 funestorum
1189 4849 1455 4905 scelerum
1483 4861 1767 4906 aversetur
1794 4862 1939 4907 atro-

342 4943 598 5007 citatem,
643 4956 742 4995 nee
785 4939 1098 4996 demoretur
1139 4940 1191 4995 in
1240 4941 1631 5012 parricidarum
1679 4943 1938 4999 concilia-

341 5036 483 5092 bulis
503 5079 517 5104 ,
552 5034 642 5108 qui
672 5035 880 5091 Dathan
911 5045 965 5091 et
994 5033 1217 5091 Abirom
1239 5076 1254 5101 ,
1286 5035 1409 5105 quia
1443 5034 1643 5092 Mosem
1673 5045 1729 5092 et
1753 5036 1936 5094 Aaron

345 5129 708 5201 praeripiendo
738 5128 1028 5185 sacerdOtii
1063 5145 1293 5186 munere
1324 5129 1744 5197 lacessiverant,
1777 5145 1937 5202 sepa-

344 5224 450 5278 rari
480 5221 551 5277 ab
577 5222 811 5278 innoxiis
840 5223 1099 5293 prazcepit
1118 5263 1133 5290 ,
1161 5237 1229 5278 ue
1253 5221 1369 5293 pios
1396 5233 1488 5277 aut
1515 5223 1723 5279 macula
1753 5234 1944 5281 conta-

345 5319 578 5375 minaret
603 5316 673 5374 de
700 5319 981 5373 consortio
1019 5317 1305 5372 noxiorum
1327 5357 1342 5383 ,
1378 5324 1471 5372 aut
1509 5332 1667 5389 pinna
1701 5317 1945 5376 involve-

348 5475 559 5522 veteres
580 5465 810 5520 sumitur
832 5461 1101 5519 interdum
1130 5461 1348 5516 decerno
1370 5460 1616 5517 absolute
1642 5476 1739 5531 pro
1761 5463 1937 5518 decer-

351 5549 476 5593 tare.
509 5537 642 5609 Ncp.
670 5537 856 5592 Aunib.
887 5551 1008 5606 cap.
1033 5536 1070 5609 ξ
1085 5551 1099 5588 :
1131 5534 1259 5588 Cum
1285 5535 1380 5588 hoc
1400 5533 1578 5589 eodem
1601 5535 1664 5588 de
1685 5533 1936 5591 Clastidio

349 5607 724 5683 apudil’a'dum
755 5609 1002 5683 decernit.
1035 5607 1313 5664 GALLAND.

424 5694 451 5722 ει
482 5682 741 5738 Βριιαηάί.
774 5682 942 5736 ΒΑΜ.

416 5755 446 5795 δ
479 5753 621 5810 Nihil
643 5753 954 5810 addendum
976 5762 1067 5807 aut
1090 5750 1406 5806 mutandum
1422 5750 1940 5820 existimes.Livius,

352 5827 446 5884 Iib.
471 5843 549 5894 tv,
577 5843 695 5900 cap.
722 5827 784 5882 at
819 5844 831 5879 :
870 5825 1003 5900 Huic
1038 5825 1264 5900 timendo
1303 5821 1472 5900 hosti,
1504 5833 1677 5878 utrum
1705 5840 1824 5878 cum
1855 5825 1945 5879 de-

353 5893 954 5969 clinaremfcanrausx
983 5895 1295 5966 improvisus
1327 5893 1507 5951 videor
1544 5911 1801 5952 INCIDISSE
1829 5938 1844 5966 ,
1876 5912 1946 5951 an

806 5995 1080 6057 Panos.
1129 5991 1269 6054 XV.

1955 4618 2011 4680 D

2023 1941 2202 1998 sibilia
2232 1941 2552 2014 plerumque
2585 1944 2635 1998 in
2667 1944 2918 1998 maximis
2960 1959 3138 2000 rerum
3176 1946 3624 2004 acerbibitatibus

2023 2047 2216 2089 sensus
2247 2034 2485 2103 speciem
2522 2045 2544 2072 ο
2575 2035 2894 2102 metiuntur,
2929 2045 2987 2091 ut
3016 2037 3224 2107 se0puli
3271 2048 3530 2108 tremant,
3571 2053 3626 2096 et

2025 2125 2306 2181 madentes
2344 2129 2610 2198 sanguine
2651 2137 2819 2198 guttm
2849 2129 3056 2185 ﬂuant:
3091 2146 3186 2186 vos
3225 2141 3404 2188 autem
3436 2134 3628 2191 immo-

2023 2216 2161 2274 biles
2189 2219 2584 2287 perseveratis,
2614 2216 2641 2256 ά
2673 2228 2730 2275 ut
2755 2221 2884 2291 quid
2913 2221 3107 2276 melius
3140 2232 3260 2293 post
3286 2223 3403 2280 haec
3429 2241 3621 2298 super-

2024 2313 2128 2380 sit,
2161 2313 2288 2384 quid
2318 2313 2534 2384 dignius
2563 2313 2706 2384 quod
2754 2316 3066 2371 reservatis.
3107 2316 3394 2373 Postremo
3434 2319 3480 2374 si
3526 2321 3624 2374 ista

2023 2420 2131 2462 non
2161 2415 2382 2462 movent
2401 2447 2418 2472 ,
2447 2408 2572 2478 quia
2601 2406 2743 2477 apud
2769 2407 2885 2476 pios
2909 2411 3282 2477 prmstantiora
3315 2421 3441 2466 sunt
3464 2454 3478 2476 ,
3508 2428 3630 2469 res—

2025 2508 2230 2555 trarum
2276 2500 2473 2556 saltem
2515 2501 2850 2557 miseremini
2893 2505 3395 2561 necessitudinum:
3441 2509 3628 2578 ponite

2024 2600 2152 2648 aute
2182 2592 2370 2648 oculos
2397 2593 2632 2648 ﬁliorum
2665 2605 2973 2650 vestrorum
3017 2611 3210 2666 neces,
3242 2608 3334 2652 aut
3365 2598 3511 2654 ferro
3536 2607 3631 2655 aut

2024 2685 2168 2742 fame
2196 2704 2208 2739 :
2240 2695 2295 2742 et
2327 2687 2411 2740 his
2439 2687 2776 2743 acerbiorem
2799 2730 2814 2755 ,
2848 2705 3076 2745 uxorum
3107 2700 3162 2747 et
3195 2691 3421 2748 ﬁliarum
3451 2695 3628 2750 servi-

2025 2788 2196 2838 tutem
2218 2823 2232 2848 ,
2268 2782 2462 2853 quibus
2496 2791 2610 2838 tuta
2641 2782 2866 2840 libertas
2905 2786 3047 2852 erit,
3095 2795 3254 2856 pacto
3293 2787 3588 2845 deditionis
3610 2831 3625 2856 ,

2026 2883 2121 2928 aut
2162 2873 2374 2947 captiva
2420 2885 2443 2911 ο
2473 2875 2754 2931 servitutis
2799 2875 2948 2932 urbis
2994 2879 3303 2935 eversione.
3350 2878 3631 2939 Consulite

2026 2961 2154 3021 dum
2195 2965 2356 3032 licet,
2399 2981 2468 3022 ne
2515 2967 2767 3036 graviora
2818 2977 2939 3037 post
2989 2973 3216 3024 inertem
3265 2972 3625 3042 relinquatis,

2025 3075 2185 3130 quam
2225 3070 2351 3116 ante
2382 3069 2613 3115 mortem
2646 3060 2871 3118 fecistis.
2904 3062 3012 3119 Nec
3037 3079 3139 3134 ego
3171 3063 3307 3120 liber
3335 3067 3403 3121 ab
3437 3067 3623 3138 hujus-

2029 3150 2177 3207 modi
2207 3152 2453 3223 periculo
2483 3167 2626 3208 sum.
2659 3153 2795 3209 Novi
2826 3165 2881 3210 et
2912 3155 3059 3225 ipse,
3093 3158 3220 3226 quia
3261 3174 3383 3214 cum
3432 3163 3632 3217 vestris

1953 3215 2002 3282 Ο
2032 3246 2194 3303 simul
2227 3247 2566 3317 periclitatur
2604 3249 2948 3304 sanctissima
2989 3251 3120 3306 mihi
3166 3261 3364 3318 mater,
3407 3262 3463 3310 et
3503 3270 3626 3310 cara

2031 3357 2190 3408 uxor,
2213 3341 2356 3396 haud
2385 3343 2620 3414 ignobile
2642 3359 2835 3414 genus,
2859 3353 2915 3400 et
2936 3345 3210 3414 quondam
3231 3346 3426 3404 demus
3453 3349 3624 3404 clara.

2029 3438 2108 3492 Ac
2137 3435 2371 3493 fortasse
2401 3445 2622 3508 propter
2662 3453 2815 3494 meos
2852 3440 2968 3495 lucc
2999 3456 3086 3496 me
3128 3442 3362 3498 suadere
3400 3443 3630 3498 arbitra-

2030 3528 2202 3585 mini:
2249 3529 2484 3586 occidite
2527 3544 2655 3597 eos,
2699 3540 2752 3586 et
2783 3531 3010 3601 accipite
3058 3533 3278 3604 insuper
3320 3535 3626 3591 mercedem

2029 3637 2210 3679 meum
2239 3624 2598 3694 sanguinem:
2633 3624 2866 3681 libenter
2906 3625 3044 3682 hanc
3071 3628 3276 3682 solvam
3318 3630 3624 3685 mercedem

2030 3729 2227 3777 vestra:
2257 3721 2447 3776 salutis
2467 3763 2482 3790 ,
2516 3721 2562 3777 si
2595 3730 2717 3791 post
2746 3737 2834 3778 mc
2864 3739 3062 3793 sapere
3092 3727 3339 3796 potestis.

2604 3814 2835 3872 CAPUT
2875 3817 3038 3872 XVII.

2101 3907 2175 3963 Ea
2201 3906 2472 3977 Iosephus
2498 3922 2621 3963 cum
2651 3907 2907 3981 laerymis
2935 3909 3298 3980 vociferatus,
3334 3914 3628 3986 plerosque

2029 4000 2099 4057 de
2146 4000 2350 4072 populo
2397 4000 2649 4056 inﬂexit:
2701 4009 2761 4055 ut
2794 4000 2862 4056 ad
2912 4002 3184 4058 ltomanos
3232 4005 3626 4077 confugerent,

2030 4093 2264 4151 venditis
2285 4109 2405 4166 qua:
2418 4093 2789 4164 possidebant.
2812 4093 2961 4164 Quos
2980 4095 3133 4152 Titus
3159 4113 3266 4168 quo
3287 4101 3516 4170 quisque
3537 4118 3634 4158 cu~

2028 4189 2234 4262 piebat,
2250 4189 2458 4246 direxit
2484 4190 2746 4246 :utetiam
2771 4191 2954 4246 caeteri
2984 4203 3410 4262 provocarentur
3429 4195 3627 4251 Roma-

2031 4285 2118 4340 nis
2145 4299 2206 4340 se
2233 4284 2353 4340 sine
2379 4292 2523 4340 metu
2544 4283 2779 4340 tradere.
2819 4282 3176 4342 Conﬂuebant
3198 4288 3378 4359 itaque
3411 4301 3624 4360 reperta

2031 4377 2341 4450 egrediendi
2361 4378 2537 4449 cepia,
2554 4377 2732 4433 securi
2754 4376 3019 4444 salutis,si
3044 4377 3108 4433 ad
3138 4379 3414 4436 Romanos
3439 4397 3634 4438 come-

2034 4471 2252 4528 nirent:
2283 4486 2384 4526 nec
2413 4469 2629 4525 solliciti
2658 4469 2726 4525 de
2747 4470 3009 4525 servitute
3039 4469 3234 4540 quibus
3277 4471 3498 4530 libertas
3541 4491 3627 4530 re—

2034 4575 2364 4622 servaretur.
2383 4564 2450 4619 Hi
2467 4578 2595 4619 vero
2610 4563 2700 4634 qui
2715 4563 3078 4632 sequebantur
3097 4563 3360 4620 Joannem
3377 4581 3441 4620 ac
3454 4566 3629 4622 Simo-

2038 4673 2160 4714 nem
2187 4656 2425 4711 arbitros
2454 4665 2509 4711 et
2553 4654 2862 4711 incentores
2903 4654 3184 4710 seditionis
3205 4697 3220 4722 ,
3265 4657 3433 4728 magis
3462 4659 3633 4714 scele-

2037 4765 2156 4805 rum
2189 4763 2400 4820 poenas,
2418 4762 2580 4819 quam
2595 4746 2822 4802 adversa
2841 4746 2965 4802 belli
2991 4746 3416 4805 reformidabant
3443 4767 3456 4804 :
3483 4750 3630 4806 ideo-

2034 4859 2140 4915 que
2168 4843 2336 4897 intuta
2387 4839 2725 4910 sibirefugia
2750 4839 3133 4910 opinabantur.
3180 4840 3290 4897 Nec
3319 4843 3494 4898 solum
3523 4843 3626 4914 ipsi

2040 4954 2145 4996 non
2162 4931 2653 5004 audebautcgredi,
2673 4930 2767 4988 sed
2783 4930 2940 4986 etiam
2958 4931 3182 4988 insidias
3206 4935 3633 5004 praetendebant,

2041 5050 2110 5090 ne
2135 5031 2219 5089 cui
2250 5029 2442 5085 liceret
2480 5044 2510 5082 e
2548 5026 2744 5098 popqu
2772 5026 2962 5081 urbem
3006 5028 3175 5082 exire.
3198 5027 3476 5102 Majnrque
3505 5047 3633 5086 cura

2044 5125 2538 5199 erategressionem
2554 5137 2960 5193 suorum,quam
2975 5123 3343 5180 Romanorum
3365 5127 3640 5199 ingressus

2043 5240 2261 5283 cavere.
2291 5221 2640 5278 Tenebantur
2672 5221 2852 5291 itaque
2901 5220 3084 5287 inviti;
3133 5228 3189 5276 et
3226 5221 3270 5276 si
3299 5223 3420 5293 quis
3445 5222 3639 5293 depre—

2041 5320 2244 5377 hensus
2274 5315 2432 5384 foret,
2463 5329 2662 5388 graves
2691 5328 2882 5384 pteuas
2909 5313 3098 5371 dabat.
3148 5315 3398 5386 Suspicio
3431 5317 3637 5385 tenuis,

2044 5474 2330 5521 occurrere.

2115 5546 2138 5576 ο
2182 5529 2529 5587 Mentiuntur.
2569 5523 2738 5581 Bann.

2111 5603 2139 5644 ει
2181 5605 2253 5658 Ac
2279 5603 2354 5657 sic
2380 5597 2523 5670 quid.
2554 5596 2628 5652 In.

2115 5690 2138 5717 ο
2181 5676 2342 5732 Forte
2373 5669 2606 5725 servitus.
2641 5669 2893 5734 Scilicet,
2925 5677 3014 5722 aut
3046 5676 3155 5724 tuta
3186 5669 3396 5725 libertas
3421 5680 3640 5726 .....aut

2043 5751 2245 5822 οαρῑίυα
2293 5741 2560 5822 servitus:
2604 5748 2659 5795 et
2703 5742 2794 5822 illa
2849 5741 3067 5822 q‘t‘tidem
3104 5751 3292 5810 :pacta
3331 5743 3643 5810 deditionis;

2046 5812 2164 5881 haec
2188 5830 2366 5876 autem
2397 5812 2535 5868 urbis
2567 5813 2844 5867 eversione.
2877 5813 3153 5868 GALLAND.

2989 5972 3062 6036 31
