4082 6344
469 352 617 415 2153

1820 346 2069 406 SANCTI
2106 344 2433 404 AMBROSII

3634 342 3775 399 2l56

464 472 797 544 gravissimae
853 484 1012 528 causa
1061 470 1271 526 mortis.
1314 468 1435 523 Non
1461 466 1801 540 argumentis
1830 468 2063 532 veritas,
2094 476 2144 546 Ᾱ
2175 463 2326 519 nistri
2359 462 2711 528 seditionum,
2742 462 2923 519 clausa
2952 458 3336 535 expugnaban’t
3361 503 3376 530 ,
3412 452 3773 518 intolerabilia

467 560 566 622 sed
615 563 901 636 suppliciis
944 561 1307 635 qumrchatur.
1357 560 1529 632 Siqui
1561 562 1839 633 pecuniosi
1867 570 2068 629 erant,

467 657 647 713 afﬁcto
692 657 922 713 crimine
957 663 982 693 α
1021 652 1309 711 seditionis
1343 653 1700 724 rapiebantur
1746 653 1813 710 ad
1842 668 2067 709 necem:

469 751 515 807 si
556 751 649 823 qui
681 752 907 821 inopes,
936 751 1062 821 quia
1099 764 1206 805 non
1257 746 1530 805 habebant
1574 765 1681 821 quo
1728 764 1788 805 se
1836 749 2073 806 redime-

469 854 621 911 rettt,
658 842 819 899 morti
847 838 1128 916 patebant.

1046 933 1274 994 CAPUT
1316 926 1506 992 XVIII.

544 1018 611 1084 Et
633 1027 744 1099 jam
777 1030 957 1101 gravis
990 1027 1161 1087 fames
1190 1034 1413 1101 saevire,
1458 1040 1620 1102 atque
1651 1030 1884 1102 amplius
1928 1030 2073 1087 sedi-

471 1122 547 1175 tio
574 1123 809 1191 grassari
838 1132 1084 1193 cmperat
1114 1122 1299 1178 furore
1349 1138 1411 1178 ac
1444 1124 1659 1179 vesania
1689 1141 1701 1177 :
1738 1122 2073 1178 frumentum

470 1226 578 1268 non
646 1215 1059 1285 reperiebatur,
1114 1216 1299 1271 nullus
1357 1218 1513 1285 panis
1569 1217 1621 1270 ἰὴ
1679 1216 1897 1285 publico
1947 1226 2070 1269 usu.

470 1306 653 1363 Sicubi
704 1322 825 1365 esse
876 1318 1222 1379 compertum
1274 1307 1472 1377 fuerat,
1510 1309 1659 1364 illico
1684 1309 1877 1364 domus
1906 1318 2077 1378 expu-

467 1400 757 1472 gnabatur.
788 1400 1141 1472 Jugulabatdr
1163 1398 1359 1457 :cdiUm
1410 1390 1662 1457 dominus
1687 1445 1701 1470 ,
1732 1410 1785 1457 ut
1822 1401 2076 1457 frumenti

468 1495 742 1562 conditor,
793 1494 936 1566 quod
989 1496 1392 1551 occultavisset.
1426 1488 1631 1552 llursus
1681 1512 1788 1552 non
1848 1495 2079 1567 repertis

472 1576 718 1659 frugibus
743 1630 758 1655 ,
793 1586 946 1659 quasi
995 1587 1307 1660 diligentius
1348 1589 1687 1645 absconditae
1716 1589 1929 1656 forent,
1969 1598 2082 1643 tor-

470 1684 652 1736 menta
682 1682 1093 1738 exercebantur.
1124 1681 1395 1753 Optabant
1425 1680 1669 1755 plerique
1703 1686 1896 1740 mortis
1920 1700 2077 1740 com-

467 1772 723 1846 pendium
745 1817 759 1841 ,
793 1790 917 1830 eum
964 1790 1059 1830 eos
1085 1782 1177 1831 aut
1207 1777 1374 1832 fames
1403 1774 1669 1846 alliceret,
1699 1788 1793 1833 aut
1836 1777 2079 1833 crudeli-

2176 566 2230 611 et
2259 572 2413 613 nov:e
2444 556 2778 613 crudelitatis
2805 556 3392 628 exigebantsupplicia.
3418 554 3530 612 Nec
3557 559 3627 611 ah
3649 555 3779 626 ipsis

2176 651 2393 722 quidem
2456 650 2720 718 pudendis
2768 651 3016 722 corporis
3066 650 3464 707 abstinebatur.
3514 650 3619 706 Per
3664 650 3779 720 ipsa

2177 759 2395 816 quoque
2440 759 2598 815 pteua
2626 745 2931 813 transibat,
2976 745 3120 817 quod
3150 745 3201 800 in
3235 744 3318 800 bis
3346 743 3563 817 gravior
3587 755 3781 799 sensus

2177 853 2464 910 poenarum
2492 840 2585 893 sit.
2617 836 2766 893 Multi
2795 853 2917 894 cum
2939 838 3049 909 jam
3086 854 3437 908 percussores
3469 838 3782 908 irrumpen-

2181 942 2260 988 tes
2291 932 2583 998 viderent,
2646 940 2865 1003 paratos
2913 934 3197 1004 rapiebant
3222 933 3410 1000 cibos;
3458 949 3525 989 ne
3552 932 3640 990 vel
3683 932 3782 1003 ipsi

2178 1024 2638 1081 defraudarentur
2682 1042 2941 1098 supremo
2970 1028 3169 1084 viatico
3194 1071 3209 1095 ,
3248 1028 3337 1085 vel
3364 1028 3513 1085 certe
3542 1018 3785 1083 futuram
3850 1036 3857 1047 '

2183 1128 2415 1175 mortem
2464 1120 2900 1176 ulciscerentur:
2954 1132 3010 1175 et
3068 1126 3175 1192 quo
3235 1120 3453 1191 gravior
3501 1119 3787 1176 videbatur

2182 1212 2479 1270 crudelitas
2511 1256 2528 1281 ,
2583 1230 2692 1269 non
2721 1213 3039 1271 esuriebant
3068 1208 3598 1286 ipsi,quirapiebaut
3636 1213 3788 1268 cibos

2181 1307 2567 1363 esurientibus.
2623 1308 2850 1379 Rapinis
2881 1310 3026 1364 ettim
3077 1308 3180 1363 sibi
3228 1309 3458 1364 aliorum
3489 1324 3627 1380 Opes
3658 1323 3789 1363 coa-

2182 1412 2467 1458 cervarant
2489 1445 2503 1469 ,
2536 1412 2590 1458 ct
2616 1398 2811 1459 alienis
2841 1402 3076 1458 conditis
3108 1403 3501 1474 pascebantur:
3531 1419 3659 1458 cum
3686 1401 3788 1474 ipsi

2182 1496 2275 1566 qui
2302 1504 2716 1567 congesserant,
2749 1495 3053 1562 esurirent,
3083 1482 3401 1567 jejunioque
3432 1495 3791 1551 comabesce-

2185 1594 2326 1646 rent.
2373 1590 2430 1645 Si
2460 1607 2565 1661 qua
2596 1598 2846 1646 materno
2875 1589 3070 1646 affectu
3103 1591 3308 1660 percita
3328 1634 3343 1657 ,
3395 1589 3671 1645 miserans
3699 1604 3793 1642 va-

2185 1682 2327 1753 gitus
2356 1682 2631 1750 infantiae,
2683 1698 2904 1738 succum
2949 1683 3195 1738 ciborum
3241 1698 3337 1738 ore
3375 1682 3596 1753 proprio
3627 1676 3795 1738 vellet

2188 1768 2500 1842 infundere,
2533 1773 2607 1845 pii
2645 1777 2829 1846 operis
2861 1790 3048 1846 poenas
3077 1774 3278 1841 luebat,
3313 1788 3698 1846 suspenSOque
3725 1772 3791 1829 ad

470 1877 551 1923 tas
590 1866 945 1924 excritCiaret.
982 1868 1225 1940 Denique
1252 1872 1340 1941 qui
1373 1870 1621 1927 seniores
1647 1880 1804 1927 erant
1830 1871 2080 1927 occidere
2109 1895 2157 1955 Β
2187 1871 2493 1935 cervicem,
2532 1867 2619 1925 vel
2672 1869 2915 1926 haerente
2959 1869 3024 1925 ad
3072 1869 3342 1925 mamilias
3369 1870 3600 1940 pignore
3629 1852 3793 1922 simul

470 1956 927 2033 dedignabautur,
959 1952 1263 2019 invidentes
1282 1964 1607 2021 beneficium
1638 1965 1855 2032 mortis,
1880 1966 2079 2036 quibus

464 2052 576 2124 jam
613 2053 991 2111 vehementior
1040 2057 1283 2113 carnifex
1326 2057 1498 2115 fames
1521 2100 1538 2127 ,
1573 2059 1876 2115 miserabili
1903 2060 2079 2116 macie

472 2147 777 2204 visceribus
832 2150 1017 2205 exesis
1079 2151 1224 2205 nuda
1275 2158 1401 2208 ossa
1451 2152 1479 2190 ι)
1525 2155 1789 2209 tenuitate
1846 2163 2076 2209 texerat.

468 2242 764 2313 Spirabatit
789 2246 1091 2301 semineces
1122 2246 1241 2300 solo
1272 2245 1450 2301 adltuc
1478 2248 1673 2316 spiritu
1694 2288 1711 2315 ,
1743 2257 1906 2318 atque
1928 2263 2077 2318 aegra

473 2330 762 2392 trahebant
790 2336 1076 2392 cadavera.
1134 2337 1321 2394 Sicubi
1355 2347 1708 2408 purgamenta
1740 2337 1949 2393 olerum
1993 2335 2078 2393 vel

473 2444 605 2486 casu
637 2431 791 2499 lapsa
824 2472 839 2496 ,
881 2431 963 2486 vel
994 2432 1149 2501 quasi
1192 2432 1344 2487 arida
1394 2433 1635 2502 projecta
1687 2432 2076 2502 adspexerant,

476 2535 498 2563 ο
530 2522 737 2594 reliqua
785 2522 1007 2578 invalidi
1040 2539 1272 2594 corpore
1297 2568 1311 2590 ,
1344 2540 1441 2580 ore
1472 2522 1788 2580 lambebant
1841 2525 2077 2596 jacentia

476 2617 648 2673 humi.
705 2618 811 2673 Aut
864 2618 1038 2673 sicubi
1084 2620 1354 2674 internata
1411 2618 1708 2687 parietibus
1757 2619 1868 2673 visa
1904 2619 2082 2675 fuerat

472 2714 636 2770 herba
661 2755 677 2782 ,
722 2714 999 2786 rapientes
1029 2729 1195 2770 succo
1225 2701 1425 2770 infelici
1482 2715 1737 2770 miseram
1764 2713 2080 2769 solabantur

471 2808 694 2863 famem.
746 2808 846 2876 Qui
898 2806 1127 2863 ditiores
1154 2816 1336 2873 erant,
1395 2812 1708 2862 mensuram
1755 2806 1922 2863 tritici
1966 2814 2080 2862 toto

469 2913 637 2955 censu
665 2900 941 2955 emebant.
992 2900 1131 2974 Quid
1163 2902 1308 2955 enim
1342 2908 1624 2955 servarent
1676 2916 1784 2955 non
1834 2898 2081 2971 profutu-

473 2990 632 3047 rum?
655 2992 756 3061 Qui
784 2992 1160 3063 pauperiores,
1199 2993 1284 3047 vel
1309 2992 1501 3047 hordei
1531 3012 1545 3049 :
1570 2993 1642 3048 ita
1679 3003 1738 3048 ut
1768 3008 1931 3049 nemo
1950 3011 2081 3050 ven-

472 3084 691 3141 dentem
720 3086 803 3140 vel
829 3096 1103 3141 ementem
1133 3085 1362 3141 videret.
1408 3083 1523 3141 Hoc
1569 3086 1713 3140 enim
1752 3088 1899 3141 omni
1957 3102 2081 3159 gra-

472 3177 592 3234 vius
625 3178 833 3235 scelere
863 3180 1206 3250 puniebatur.
1239 3178 1432 3251 Neque
1464 3197 1596 3236 vero
1627 3180 1897 3253 coquendi
1925 3183 2081 3253 panis

2189 1962 2669 2035 transfigebatttur.
2702 1954 2955 2036 Plerique
2984 1965 3147 2020 etiam
3181 1964 3505 2020 beneficium
3538 1971 3794 2034 putantes

2185 2058 2322 2112 ntori
2350 2099 2365 2123 ,
2416 2056 2837 2129 egrediebantur
2884 2058 3111 2125 urbem,
3165 2065 3224 2113 ttt
3263 2058 3463 2115 herbas
3487 2057 3792 2120 vellerent,

2186 2152 2268 2207 vel
2301 2151 2518 2208 radices
2547 2152 2994 2222 deposcerentur,
3027 2162 3120 2207 aut
3147 2152 3379 2208 cortices
3406 2146 3675 2207 arborum
3704 2150 3797 2205 de-

2183 2246 2469 2302 traherent
2492 2289 2508 2315 ,
2550 2248 2595 2303 si
2623 2246 2751 2319 quid
2784 2250 2836 2302 in
2881 2248 2965 2302 bis
2991 2246 3236 2303 viriditas
3280 2246 3349 2303 ad
3379 2242 3488 2303 cibi
3520 2246 3792 2302 solamina

2182 2339 2663 2409 subministraret,
2686 2354 2823 2412 quos
2860 2341 3197 2397 invenientes
3237 2338 3465 2398 Romani
3498 2340 3794 2397 necabant.

2186 2435 2372 2506 Atqui
2405 2436 2618 2489 hostem
2668 2444 2952 2503 evaserat,
2999 2433 3055 2490 in
3104 2434 3225 2506 ipso
3274 2445 3444 2505 portae
3494 2430 3699 2491 ruebat
3726 2430 3796 2489 li-

2184 2534 2331 2588 utine
2355 2574 2369 2599 ,
2420 2531 2563 2588 fame
2592 2531 2806 2587 tabidus
2833 2540 2887 2587 et
2913 2547 3009 2588 ore
3042 2531 3343 2598 invalidus,
3395 2548 3557 2605 quem
3594 2531 3716 2601 jam
3745 2537 3799 2586 et

2183 2625 2298 2698 ipsa
2335 2626 2623 2683 mandendi
2676 2626 2854 2683 ofﬁcia
2882 2626 3280 2684 destituissent.
3331 2624 3638 2698 Regressos
3665 2643 3799 2698 quo-

2184 2735 2289 2790 que
2318 2720 2627 2789 excipiebat
2657 2718 2883 2775 feralior
2914 2735 3135 2788 manus,
3179 2736 3300 2791 quae
3333 2708 3401 2775 de
3435 2716 3672 2790 gremiis
3698 2717 3800 2773 mi-

2185 2830 2437 2869 serorum
2469 2829 2682 2869 summo
2713 2814 2938 2883 quaesita
2970 2812 3231 2885 periculo,
3255 2831 3351 2885 per
3372 2812 3799 2869 acerbissimum

2184 2917 2537 2977 extorqueret
2565 2906 2749 2976 nefas,
2801 2924 2901 2965 nec
2933 2918 3143 2979 partem
3175 2917 3482 2963 reservaret
3514 2924 3615 2977 pro
3648 2923 3799 2962 mer-

2183 3003 2319 3058 cede
2380 3003 2569 3059 saltem
2618 3002 2866 3073 periculi.
2934 3000 3304 3057 Moriebantur
3348 3002 3531 3071 itaque
3586 3000 3800 3071 majore

2182 3110 2403 3151 suorum
2457 3111 2619 3167 quam
2681 3095 2921 3150 hostium
2948 3084 3327 3168 impressione.
3380 3084 3461 3149 Ea
3498 3094 3645 3149 enim
3679 3109 3799 3165 qua:

2184 3190 2347 3245 etiam
2377 3188 2552 3245 hostis
2575 3190 2901 3255 indulserat,
2931 3189 3069 3245 civis
3092 3186 3393 3260 eripiebat:
3423 3202 3525 3243 nec
3546 3187 3800 3259 rapuisse

474 3291 605 3331 usus
632 3274 1077 3346 exspectabatur,
1127 3291 1195 3331 ne
1217 3289 1365 3330 mors
1397 3276 1749 3343 prreveniret,
1796 3284 1890 3331 aut
1930 3292 2080 3332 mora
2110 3295 2156 3359 ρ
2188 3290 2369 3339 tamen
2401 3283 2557 3338 islitis
2578 3280 2722 3338 modi
2748 3281 2931 3338 cibum
2967 3281 3240 3353 proderat,
3284 3281 3486 3351 quippe
3512 3294 3622 3334 non
3658 3278 3801 3335 mul-

476 3366 809 3437 proditorem
843 3376 1169 3423 arcesseret.
1203 3367 1260 3420 lu
1290 3368 1519 3422 occultis
1546 3366 1756 3435 abditi,
1808 3369 2078 3425 incoctum

479 3456 808 3514 tuantlebant
841 3458 1108 3527 triticum,
1139 3460 1335 3530 quibus
1362 3459 1465 3513 ulla
1493 3460 1579 3514 vel
1611 3461 1805 3532 exigua
1829 3462 2081 3517 frumenti

476 3553 632 3620 capia
662 3559 798 3608 erat.
829 3548 985 3608 Nulla
1016 3569 1199 3608 mensa
1223 3596 1237 3620 ,
1289 3554 1495 3609 nullum
1538 3554 1734 3623 sedile,
1770 3552 1917 3611 nulla
1946 3557 2036 3612 lux
2064 3574 2078 3611 :

475 3662 544 3701 ne
570 3646 692 3718 quis
724 3646 1122 3715 interveniret,
1174 3657 1335 3716 atque
1365 3643 1391 3683 δ
1420 3648 1746 3718 improvisos
1774 3647 2083 3718 deprehen-

477 3741 653 3797 deret.
686 3739 747 3798 Si
774 3756 940 3797 sonus
969 3741 1110 3797 ullus
1130 3784 1144 3809 ,
1173 3740 1651 3799 abscondebantur
1677 3745 1782 3800 cibi
1816 3763 1828 3799 :
1858 3760 2081 3816 suspec-

480 3842 549 3887 tu:
581 3832 902 3889 solitudines
928 3875 943 3900 ,
984 3833 1301 3903 frequentiae
1336 3834 1728 3903 parricidales:
1784 3838 1927 3893 inter
1954 3853 2083 3893 suos

478 3929 634 3985 triste
683 3939 983 3984 certamen.
1040 3908 1270 3984 Omnem
1327 3931 1472 3985 enim
1540 3931 1792 3987 affectum
1842 3933 2086 3989 excludit

479 4022 650 4078 fames
671 4064 685 4088 ,
719 4030 774 4077 et
816 4022 1053 4078 maxime
1083 4024 1501 4089 verecundiam;
1535 4026 1905 4081 esurientibus
1935 4027 2079 4081 enim

482 4119 655 4188 pudor
684 4117 1030 4189 dispendium
1063 4117 1217 4187 vitae,
1260 4129 1315 4174 et
1339 4120 1729 4175 detrimentum
1762 4121 1953 4176 salutis
1975 4131 2079 4177 est.

481 4211 540 4268 Si
570 4211 691 4283 quis
719 4213 801 4268 vir
832 4211 919 4267 cui
964 4211 1157 4267 mulier
1196 4224 1343 4268 esset
1374 4223 1467 4268 aut
1524 4213 1619 4267 filii
1673 4223 1764 4268 aut
1819 4224 2075 4285 nepotes,

479 4304 682 4376 aliquid
711 4320 852 4362 esea:
880 4303 1129 4372 haberet,
1164 4307 1251 4361 vix
1277 4305 1573 4362 fatebatur:
1596 4306 1853 4362 similiter
1883 4314 1937 4361 et
1966 4295 2083 4361 mit-

478 4396 663 4454 lieres.
698 4398 767 4453 At
794 4398 882 4454 cui
928 4399 1111 4454 mitior
1136 4400 1372 4465 animus,
1411 4398 1498 4453 ubi
1522 4399 1861 4470 apposuisset
1893 4401 2086 4455 alimo-

480 4489 660 4551 niam,
694 4489 762 4546 de
802 4489 1052 4545 manibus
1097 4489 1214 4560 ejus
1263 4490 1711 4560 extorquebatur.
1755 4488 2084 4547 Miserabilis

477 4594 595 4638 erat
623 4583 798 4649 cibus,
833 4598 955 4637 esca
987 4580 1389 4654 laerymabiiis:
1442 4583 1729 4653 rapiebant
1766 4585 2086 4654 parentibus

2186 3382 2241 3434 to
2276 3386 2397 3449 post
2429 3387 2451 3414 θ
2493 3378 2688 3433 virenti
2714 3391 2946 3447 corpore
2977 3372 3411 3447 turgescentibus
3451 3374 3684 3442 mediis,
3719 3374 3801 3429 iu-

2185 3473 2442 3527 timorum
2486 3470 2678 3527 dolore
2725 3473 2994 3527 viscerum
3034 3468 3420 3541 quatiebantur
3464 3486 3476 3522 :
3526 3470 3621 3523 aut
3675 3466 3799 3523 alvo

2188 3567 2351 3623 soluti
2381 3565 2707 3622 deficiebant
2736 3563 3022 3622 exhaustis
3054 3564 3262 3620 viribus
3286 3605 3303 3632 ,
3333 3571 3395 3619 ut
3422 3562 3533 3618 voti
3566 3563 3800 3633 paenite-

2188 3668 2316 3726 ret,
2356 3659 2501 3729 quod
2552 3659 2617 3713 ad
2667 3668 2881 3729 tempus
2912 3657 3105 3714 solatio
3127 3666 3283 3725 erat,
3338 3665 3459 3725 post
3484 3650 3795 3726 supplicio:

2185 3753 2311 3810 dein
2345 3753 2566 3809 lacertis
2596 3753 2862 3809 viridibus
2883 3794 2897 3818 ,
2928 3752 3254 3823 ueterisque
3288 3752 3302 3788 ¹
3354 3759 3674 3821 serpentum
3708 3762 3801 3821 ge-

2187 3847 2417 3903 neribus
2445 3848 2616 3903 Coetis
2644 3847 2874 3915 exuviis,
2906 3856 3112 3916 pestem
3141 3844 3436 3901 addebant.
3466 3834 3602 3898 Nam
3628 3858 3800 3912 equo-

2185 3959 2305 3998 rum
2337 3941 2601 3997 cadavera
2631 3944 2674 3997 si
2708 3940 2846 3998 forte
2891 3942 3251 4013 reperissent,
3283 3940 3431 3996 inter
3464 3953 3524 3995 se
3575 3939 3800 3995 trahen-

2189 4047 2299 4102 tes,
2351 4037 2539 4107 prrelio
2569 4036 2717 4107 gravi
2765 4036 3181 4093 decernebant:
3218 4054 3318 4093 nec
3365 4034 3435 4092 ab
3483 4030 3641 4092 hoste
3677 4036 3800 4105 qui-

2186 4130 2308 4187 dem
2340 4174 2354 4199 ,
2401 4148 2520 4203 qum
2547 4142 3005 4187 coacervareutur
3044 4130 3206 4189 exitia
3255 4128 3609 4188 feriabantur.
3662 4129 3797 4186 Nam

2189 4234 2315 4278 cum
2365 4238 2425 4279 se
2472 4220 2539 4279 de
2587 4222 2719 4279 urbe
2749 4223 3009 4295 plurimi,
3044 4239 3166 4280 cum
3216 4222 3338 4279 filiis
3378 4238 3443 4277 ac
3472 4212 3798 4278 mulieribus

2186 4316 2530 4389 egredientes
2576 4320 2626 4373 itt
2659 4335 2777 4374 eam
2806 4332 3011 4390 partem
3038 4360 3055 4389 ,
3085 4334 3205 4390 quae
3237 4328 3637 4390 praeruptorum
3668 4331 3799 4389 pro-

2185 4410 2353 4467 fundo
2382 4413 2804 4484 pra'cipitiorum
2837 4414 3148 4469 sinuaverat
3178 4410 3563 4477 contulissent,
3595 4410 3796 4466 Roma-

2186 4506 2240 4559 ni
2314 4505 2480 4561 veluti
2541 4508 2750 4576 captiva
2803 4516 2828 4553 8
2875 4506 3137 4562 ducerent
3195 4505 3507 4577 mancipia,
3564 4502 3796 4559 minoris

2189 4598 2491 4667 prmsertim
2537 4602 2714 4654 :etatis
2746 4600 2895 4655 velut
2940 4600 3261 4655 validiorem
3291 4598 3545 4666 ferirent,
3578 4612 3645 4654 ne
3671 4600 3795 4667 quis

482 4674 601 4743 filii,
664 4683 914 4744 parentes
944 4674 1066 4730 filiis
1091 4718 1104 4740 ,
1148 4683 1201 4729 et
1228 4675 1295 4731 de
1326 4676 1459 4745 ipsis
1499 4676 1739 4732 faucibus
1770 4677 2079 4747 profereba-

2193 4691 2332 4748 forte
2363 4693 2694 4750 bellantibus
2723 4695 2992 4767 obrepere
3035 4694 3281 4749 auderet.
3334 4691 3791 4763 Speculabantur,

483 4779 588 4825 tur.
621 4770 903 4841 Plerisque
952 4770 1183 4825 aliorum
1229 4770 1461 4825 vomitus
1488 4785 1611 4826 esca
1642 4771 1759 4827 fuit.
1797 4773 1906 4828 Nec
1935 4778 2083 4828 mar-

478 4864 656 4920 centia
686 4878 901 4919 sumere
928 4863 1072 4919 ullus
1105 4862 1268 4917 horor
1292 4880 1305 4917 :
1330 4874 1420 4915 aut
1453 4864 1777 4918 verecundia
1799 4907 1814 4931 ,
1844 4864 2085 4920 adimere

479 4959 594 5014 suis
627 4960 747 5013 vitae
778 4958 979 5012 ultima:
1003 4956 1300 5011 stillicidia.
1336 4955 1401 5010 Et
1428 4956 1546 5012 hate
1566 4966 1673 5012 tam
1702 4958 1934 5013 infelicis
1961 4973 2084 5028 Spe-

480 5055 592 5108 cies
641 5052 965 5106 calamitatis
1011 5059 1188 5105 motus
1229 5058 1384 5115 erat,
1434 5066 1501 5105 ne
1550 5050 2078 5120 deprehenderetur.

481 5144 690 5202 Clausis
722 5146 903 5216 itaque
930 5145 1132 5199 foribus
1156 5145 1537 5209 exercebatur,
1572 5160 1637 5200 ne
1664 5146 1784 5214 quis
1815 5160 2080 5216 superve-

482 5242 625 5297 niret
649 5283 663 5307 ,
694 5239 786 5311 qui
829 5240 895 5294 de
924 5254 1018 5294 ore
1045 5238 1225 5292 alieno
1254 5236 1432 5291 cibum
1460 5248 1730 5306 qnmreret
1755 5286 1768 5305 ,
1806 5247 1861 5292 et
1887 5254 2080 5293 canum

481 5352 633 5391 more
668 5337 903 5389 vomitus
945 5334 1153 5387 alienos
1203 5331 1378 5401 lingua
1429 5346 1525 5385 sua
1556 5330 1840 5387 lamberet.
1874 5329 1980 5388 Sed
2013 5342 2083 5389 ne

478 5433 583 5487 hoc
611 5430 827 5502 quidem
851 5430 1072 5497 impune
1094 5443 1105 5478 :
1125 5441 1244 5479 nam
1275 5424 1603 5496 ubicumque
1622 5427 1763 5482 fores
1786 5428 2077 5495 obseratae,

2189 4794 2245 4839 ut
2290 4784 2335 4841 si
2382 4788 2503 4857 quis
2543 4787 2646 4842 cibi
2698 4786 2977 4856 quaerendi
3024 4787 3335 4859 diligentia,
3383 4782 3512 4841 dum
3566 4787 3795 4841 rimatur

2185 4876 2397 4934 radices
2429 4880 2721 4949 agrestium
2748 4923 2763 4948 ,
2798 4870 2863 4936 ad
2897 4881 3154 4936 ulteriora
3185 4881 3359 4950 Spatia
3388 4878 3672 4949 prodiret,
3703 4881 3789 4934 in-

2187 4971 2562 5041 terciperetur.
2597 4972 2705 5029 Nec
2733 4983 2910 5029 tamen
2942 4971 3275 5029 circumfuso
3306 4973 3433 5027 licet
3464 4970 3624 5027 hoste
3648 5012 3663 5037 ,
3692 4985 3789 5026 co-

2188 5061 2378 5119 bibere
2425 5079 2482 5119 se
2527 5066 2779 5135 peteran't
2802 5107 2817 5133 ,
2847 5064 3047 5136 quibus
3074 5062 3246 5121 fames
3273 5063 3555 5120 audaciam
3585 5063 3746 5119 dabat
3771 5079 3786 5116 :

2188 5167 2308 5208 cmn
2364 5170 2558 5225 parvos
2604 5156 2802 5213 liberos
2834 5158 3006 5214 macie
3036 5158 3319 5223 consumi,
3353 5165 3406 5212 et
3436 5167 3620 5226 aperta
3650 5155 3790 5214 laute

2189 5264 2287 5302 ora
2314 5249 2508 5306 frusua
2539 5254 2793 5319 extendi,
2828 5255 2968 5309 ferre
2988 5266 3093 5308 non
3126 5260 3312 5324 posset
3337 5251 3565 5308 allectus
3595 5268 3788 5323 parcn-

2191 5354 2332 5407 tnm,
2365 5352 2501 5416 quos
2532 5350 2712 5403 socios
2738 5346 2845 5403 sibi
2871 5347 3216 5403 adsciveraut
3244 5346 3313 5402 ad
3340 5344 3643 5417 periculum
3671 5387 3686 5411 ,
3717 5359 3786 5400 ne

2186 5451 2287 5507 pro
2301 5453 2359 5493 se
2378 5438 2532 5509 quasi
2563 5441 2700 5511 fugae
2727 5455 2840 5495 suae
2853 5440 3096 5506 obsides,
3117 5455 3145 5493 a
3166 5439 3454 5495 seditionis
3477 5438 3786 5495 auctoribus

477 5533 731 5594 suspecta
758 5522 905 5578 fraus
948 5518 1196 5574 alimenti
1223 5516 1548 5573 absconditi.
1582 5517 1947 5577 Prosilieba-ttt
1974 5523 2081 5579 mi-
2178 5533 2586 5590 occiderentur,
2630 5536 2864 5606 angebar
2898 5534 3071 5592 fame,
3100 5534 3284 5607 egredi
3307 5575 3323 5600 ,
3351 5534 3551 5606 quibus
3579 5531 3781 5590 beueg.

550 5696 576 5723 ιι
616 5683 958 5741 Proditionis.
988 5680 1155 5738 BARR.

549 5755 576 5796 δ
615 5752 782 5810 Tenui
810 5764 941 5809 cute.
993 5754 1069 5810 In.

553 5840 573 5897 9
617 5828 856 5897 Reliqua.
889 5824 967 5881 In.

546 5895 572 5935 ἀ
614 5894 956 5971 Improvim.
985 5894 1061 5953 in.

2258 5702 2281 5768 οξ
2327 5692 2541 5768 (frame.
2560 5694 2643 5768 Et
2671 5696 3004 5763 moxinediis
3030 5711 3128 5768 pro
3157 5691 3366 5753 mediis.
3390 5690 3567 5753 Buta.

2262 5762 2281 5801 ί
2326 5764 2626 5839 Serpentini
2650 5770 2874 5839 generis.
2903 5768 2981 5824 In.

2258 5844 2282 5883 Β
2322 5834 2671 5895 Αιιάιιεονεητῖ
2702 5838 2781 5897 Ι).
