4082 6344
271 375 411 443 2167

1142 390 1415 449 HISTOR.
1459 388 1551 444 DE
1592 374 1871 444 exetbto
1910 382 2183 444 manus.
2226 384 2428 442 URBIS
2466 383 2597 440 LIB.
2644 383 2706 438 v.

3421 374 3564 443 stas

264 508 407 565 cium
440 517 557 565 erat
586 507 731 564 ferro
754 510 932 580 perire
973 509 1161 581 jejunii
1207 509 1635 581 comparatione.
1663 492 1862 563 Contra
1890 506 1945 572 Α
1969 516 2294 579 pugnatores
2324 502 2524 561 fuerint
2550 514 3036 561 sacramentorum.
3060 505 3180 574 Quo
3208 507 3565 573 commotior,

266 604 533 668 Romani,
565 608 688 677 quia
712 614 1115 677 contemptores
1162 604 1355 661 mortis
1400 620 1494 660 cos
1524 603 1865 659 arhitraban-
1966 599 2155 665 Titus,
2190 616 2287 657 eos
2318 600 2509 656 saltem
2560 600 2798 671 eriperet
2845 601 2935 673 qui
2976 598 3132 657 inviti
3162 601 3564 670 attinebantur,

266 707 378 765 tur,
414 708 439 736 ⁸
476 700 739 771 urgebant
782 715 979 772 genera
1022 698 1455 769 suppliciorum,
1514 698 1867 753 verberantes
1968 694 2246 750 admoveri
2269 692 2758 765 jussitmachinas.

269 780 442 861 prius,
476 790 775 864 affligentes
798 808 1012 865 quoque
1040 791 1281 865 patibulo
1311 792 1519 859 crucis,
1548 806 1864 863 quemcum-

268 886 376 959 que
398 884 735 943 offenderant
765 930 779 952 ,
814 904 921 960 quo
965 886 1053 944 vel
1091 897 1413 943 caeterorum
1450 887 1725 943 temeritas
1748 902 1870 943 cru-

270 978 511 1035 ciatuum
541 982 724 1052 specie
752 997 778 1035 a
812 972 1115 1037 lacessendi
1164 979 1452 1036 insolentia
1497 990 1867 1036 revocaretur.

271 1066 578 1128 Miseranda
632 1074 811 1144 itaque
850 1074 1029 1145 passio
1075 1064 1197 1129 Tito
1244 1072 1550 1139 videbatur,
1602 1081 1868 1128 tantarum

273 1162 545 1221 acerbitas
565 1158 952 1223 calamitatum.
982 1162 1345 1237 Capiehantur
1369 1168 1672 1230 innumeri,
1714 1166 1873 1237 quin-

275 1258 421 1330 genti
471 1257 643 1316 ferme
688 1246 754 1315 ad
784 1260 927 1315 diem
956 1261 1369 1326 cruciahantur,
1422 1276 1750 1331 camposque
1778 1276 1875 1315 au-

277 1360 332 1409 tc
377 1342 565 1410 urbem
615 1344 940 1412 miserabilis
968 1362 1179 1427 pompae
1226 1355 1419 1413 ordine
1469 1356 1872 1427 przetexehant,

279 1444 339 1500 ut
382 1438 453 1502 de
499 1436 671 1502 muris
733 1448 1129 1518 aSpicerentur.
1176 1432 1571 1505 Miserahantur
1609 1447 1874 1515 Romani,

279 1542 389 1594 non
421 1539 780 1597 movebantur
802 1526 1011 1597 ludati:
1041 1527 1509 1614 compatiebantnr
1542 1532 1758 1612 hostes,
1789 1558 1880 1598 so-

280 1630 349 1689 cii
393 1646 498 1689 non
544 1626 939 1692 fleetebantur:
984 1622 1196 1694 facilius
1226 1638 1367 1706 apud
1394 1638 1739 1695 adVersarios
1769 1640 1881 1710 pie-

282 1728 397 1796 tas,
450 1728 609 1800 quam
655 1713 796 1800 apud
822 1730 1002 1785 socius
1034 1718 1423 1801 reperiebatur.
1450 1720 1654 1788 Tamen
1687 1744 1882 1789 accen—

282 1816 552 1876 debantur
578 1804 822 1892 pleri‘titte
850 1820 1253 1893 indignatione,
1297 1823 1438 1893 quod
1471 1820 1522 1878 iu
1575 1823 1738 1879 tantis
1770 1840 1881 1879 ma-

2559 778 2789 847 CAPUT
2830 789 2974 845 XIX.

2043 868 2175 936 Erat
2223 880 2275 937 in
2308 883 2549 938 exercitu
2598 881 2853 938 Antiochi
2894 881 3188 956 Comageui
3259 885 3431 954 filius,
3480 890 3572 959 qui

1974 974 2286 1030 veneratad
2337 974 2462 1031 belli
2516 975 2835 1033 societatem
2865 1021 2879 1044 ,
2940 977 3167 1049 impiger
3196 993 3330 1036 sane
3357 979 3577 1049 juvenis

1973 1072 2029 1122 et
2078 1082 2238 1122 manu
2271 1080 2589 1139 promptus,
2640 1056 2735 1124 sed
2764 1071 2994 1126 consilio
3042 1087 3227 1142 parum
3273 1072 3532 1144 providus
3559 1116 3573 1140 ,

1976 1161 2067 1232 qui
2111 1158 2544 1219 moderationem
2574 1149 2804 1219 Romani
2856 1165 3129 1220 exercitus
3172 1151 3457 1221 lentiorem
3489 1183 3577 1222 ra-

1980 1266 2067 1311 tus
2086 1298 2099 1322 ,
2118 1270 2218 1311 nec
2250 1250 2605 1312 considerans
2633 1258 2875 1313 muneris
2902 1246 3274 1315 difficultatem
3293 1301 3308 1327 ,
3339 1259 3582 1315 insinua-

1978 1350 2055 1405 vit
2082 1346 2313 1417 Caesari,
2364 1350 2547 1405 mirari
2576 1366 2669 1417 se,
2723 1338 2871 1422 quod
2912 1360 3301 1408 cunctarentur
3348 1351 3579 1407 Romani

1980 1427 2196 1502 murum
2245 1444 2547 1502 succidere.
2612 1432 2749 1501 ltisit
2786 1434 2971 1513 Titus,
3024 1453 3080 1501 et
3107 1444 3221 1501 ait:
3278 1432 3581 1501 Commune

1982 1551 2065 1597 est
2113 1556 2268 1611 opus.
2301 1540 2378 1595 Eo
2407 1554 2662 1596 sermone
2701 1540 2918 1613 juvenis
2963 1556 3089 1598 sese
3128 1540 3401 1613 proripuit
3456 1557 3579 1597 cum

1983 1631 2102 1703 his,
2131 1648 2265 1704 quos
2308 1641 2547 1689 armatos
2584 1632 2989 1690 Macedonicum
3020 1625 3074 1689 in
3110 1650 3315 1690 morem
3366 1650 3586 1706 prorup—

1986 1720 2151 1781 tiores
2176 1710 2496 1781 habebatad
2528 1718 2840 1782 bellandum
2875 1744 2886 1779 :
2937 1730 3171 1797 namque
3208 1733 3263 1781 ct
3307 1726 3430 1781 aliis
3459 1728 3587 1783 sub-

1988 1820 2151 1873 nixus
2177 1815 2491 1875 advenerat.
2546 1812 2758 1876 Cohors
2815 1830 2995 1876 tamen
3046 1836 3167 1891 qua:
3216 1820 3588 1891 appellabatur

284 1913 353 1970 iis
384 1910 684 1971 deteriores
713 1915 938 1984 ﬁebant,
961 1914 1193 1973 diversis
1222 1917 1397 1974 modis
1439 1910 1673 1975 afflictos
1695 1936 1886 1977 cerne-
1914 1929 1960 1990 ιι
1990 1900 2375 1977 Macedonum.
2428 1921 2483 1967 θῑ
2550 1912 2758 1997 Viribus
2825 1910 3073 1981 εοτβοτίθ
3094 1952 3109 1978 9
3160 1900 3592 1997 “Procerum?!

285 2008 412 2065 ἥδε
446 2009 732 2081 variasque
762 2025 1041 2079 ptenarum
1072 2012 1308 2081 species,
1359 2011 1561 2068 formas
1589 2004 1885 2085 supplicio-

284 2112 406 2157 rum
458 2111 566 2156 tam
616 2100 999 2159 innumerabili
1048 2104 1422 2172 multitudine,
1467 2114 1525 2160 ut
1575 2106 1686 2177 jam
1736 2107 1886 2162 lucus

288 2188 545 2264 patibulis
594 2192 841 2262 deesset,
899 2194 1133 2265 patibula
1165 2198 1510 2267 corporibus.
1541 2196 1776 2253 Furehat
1808 2199 1889 2252 in-

285 2284 376 2343 tus
406 2286 617 2355 Simon,
650 2286 915 2343 fremebat
940 2288 1195 2353 Joannes,
1231 2276 1623 2347 insidiabantur
1664 2290 1890 2362 singulis

286 2382 390 2454 per
419 2382 695 2438 ministros
726 2396 855 2439 suos
888 2401 900 2437 :
933 2384 976 2438 si
1008 2383 1129 2455 quis
1157 2382 1343 2455 fugere
1376 2393 1609 2440 tentaret
1638 2427 1651 2451 ,
1686 2384 1891 2440 tractus

287 2486 390 2549 per
431 2477 652 2532 humum
706 2468 1135 2549 discerpebatur.
1189 2478 1387 2533 Eorum
1430 2495 1645 2552 quoque
1673 2480 1762 2549 qui
1786 2464 1888 2535 lab-

289 2564 468 2627 ierant
502 2568 781 2640 proximib
812 2568 1212 2637 cruciabantur,
1248 2579 1339 2626 aut
1382 2570 1531 2626 cruci
1583 2570 1745 2625 affixa
1776 2570 1890 2641 ple-

290 2668 589 2733 l‘orumque
617 2663 879 2719 cadavera
908 2665 1021 2720 suis
1051 2665 1139 2735 qui
1170 2652 1342 2734 elapsi
1371 2662 1615 2730 fuerant,
1650 2673 1893 2719 ostenta-

291 2758 513 2813 bantur.
547 2754 590 2812 E
615 2740 835 2812 diverso
863 2757 1024 2812 etiam
1058 2757 1158 2828 ipsi
1180 2774 1389 2812 murmn
1415 2757 1643 2827 quatiam
1678 2755 1891 2828 patibuo

288 2846 472 2905 torum
520 2856 708 2921 segete
756 2852 1190 2919 prtelcxtJerant,
1241 2850 1392 2920 quasi
1447 2848 1515 2905 de
1565 2849 1894 2905 adversariis

289 2932 709 3014 triumphantes,
731 2942 920 3010 siquos
941 2940 1007 2998 de
1029 2946 1141 2997 suis
1161 2941 1226 2997 ad
1253 2942 1524 2999 Romanos
1550 2943 1687 2999 velle
1709 2943 1897 2998 confu-

293 3042 427 3104 gere
444 3026 919 3103 tleprehendissent
934 3078 947 3102 ,
964 3036 1259 3091 utcateros
1278 3034 1702 3108 lransgrcdiendi
1721 3048 1896 3094 metus

295 3112 614 3183 iucesécrei.
644 3114 832 3183 Nullus
861 3128 1011 3183 locus
1062 3130 1316 3184 immunis
1362 3131 1672 3186 acerbitatis
1699 3174 1713 3197 ,
1763 3130 1897 3185 foris

294 3208 624 3290 captivitas,
677 3223 822 3278 intus
863 3220 1064 3290 fames,
1099 3214 1329 3278 formido
1360 3223 1684 3295 utrobique;
1720 3223 1897 3279 minus

295 3310 480 3369 tamen
512 3314 843 3370 timebantur
869 3331 1051 3382 arma,
1085 3332 1243 3387 quain
1281 3325 1581 3378 tormenta,
1615 3315 1895 3386 leviusque

296 3408 423 3465 erat
452 3408 646 3464 confici
679 3408 911 3464 ttunultu
928 3412 1107 3478 potius
1133 3407 1363 3475 hostico,
1388 3424 1546 3479 quam
1581 3407 1893 3479 parricidio.

301 3492 417 3558 Nec
469 3500 860 3558 intermittebat
916 3506 1095 3557 tamen
1127 3499 1311 3558 Cwsar
1350 3501 1577 3557 invitare
1608 3496 1898 3558 factionum

302 3594 579 3667 principes
605 3594 673 3649 ad
696 3609 847 3664 Spem
878 3584 1192 3651 deditionis.
1216 3586 1462 3664 Namque
1492 3594 1713 3650 structis
1740 3611 1901 3667 agge-

302 3689 460 3744 ribus
500 3688 884 3755 denuntiabat,
957 3703 1061 3743 non
1132 3688 1291 3760 longe
1348 3687 1659 3743 abfuturam
1719 3689 1902 3759 operis

300 3770 593 3837 effectum:
627 3766 919 3835 imminere
946 3781 1063 3836 urbi
1096 3776 1305 3835 excidia
1332 3796 1346 3847 ;
1378 3781 1730 3836 consulerent
1754 3780 1855 3835 sibi
1884 3821 1898 3849 ,

302 3872 366 3930 itt
414 3882 469 3930 et
521 3862 749 3929 salutem
803 3873 1180 3939 luerarentur,
1225 3883 1278 3929 et
1327 3873 1587 3943 templum
1639 3868 1903 3928 incendiis

302 3968 630 4040 eriperetur.
682 3964 740 4023 Id
790 3984 898 4040 quo
956 3958 1169 4023 facilius
1226 3967 1544 4031 crederent,
1614 3960 1907 4037 amputatis

306 4054 555 4136 plerique
582 4056 895 4118 Judreorum
921 4059 1170 4115 manibus
1200 4057 1593 4130 dirigebantur,
1621 4074 1687 4113 ne
1714 4048 1907 4115 volun-

304 4154 449 4214 tario
481 4148 778 4226 transfugio
808 4152 1067 4211 transisse
1082 4148 1147 4207 ad
1176 4151 1451 4207 Romanos
1480 4150 1906 4220 mstimareutur,

305 4254 366 4308 et
415 4242 567 4322 Quasi
625 4242 845 4320 perfidis
878 4256 983 4301 non
1007 4244 1285 4302 deferrent
1319 4244 1477 4301 fidem
1506 4288 1520 4312 ,
1564 4244 1651 4299 vel
1680 4260 1777 4301 eos
1806 4247 1907 4315 ipsi

307 4344 594 4402 necarent.
625 4337 695 4398 At
726 4344 854 4398 vero
884 4341 960 4397 illi
991 4348 1087 4412 pro
1115 4328 1480 4394 admonitione
1510 4337 1694 4393 sedula
1725 4338 1907 4410 gravia

308 4430 1014 4510 retorqttebantcouvicia:
1060 4426 1415 4490 funestiorem
1461 4433 1565 4488 sibi
1605 4433 1911 4488 humanitas

310 4532 423 4591 tem
450 4531 703 4597 Caesaris,
732 4538 891 4602 quam
922 4518 1301 4585 Crudelitatem
1334 4524 1538 4594 videri;
1572 4526 1714 4597 quod
1742 4520 1910 4580 altera

307 4618 624 4684 libertatem
652 4624 915 4696 eriperet,
949 4620 1121 4678 altera
1152 4622 1318 4676 Vitam
1348 4620 1583 4675 auferret
1610 4637 1623 4673 :
1670 4610 1829 4674 malle
1854 4633 1913 4673 se

310 4716 517 4777 liberos
543 4714 683 4774 mori
712 4724 867 4798 «luam
900 4728 1088 4771 servos
1110 4704 1293 4770 vivere
1319 4731 1331 4770 :
1363 4702 1647 4769 devovisse
1675 4711 1909 4768 animam

312 4822 469 4875 suam
496 4816 554 4871 in
580 4812 801 4885 templo.
852 4802 1324 4868 imtnoi-talitatem
1369 4809 1641 4875 futuram,
1699 4808 1742 4863 si
1788 4824 1912 4864 cum

310 4910 523 4984 templo
552 4910 761 4977 exusti,
815 4908 924 4963 aris
977 4912 1039 4963 ac
1065 4902 1200 4963 focis
1236 4905 1424 4978 patriis
1466 4904 1913 4979 immorerentur.

314 4995 464 5065 Nihil
495 4996 670 5077 egisse
694 5004 894 5072 Titum,
924 4994 1190 5073 eripuisse
1212 5016 1374 5073 parta
1397 5042 1410 5063 ,
1463 4988 1679 5056 dedisse
1722 4999 1871 5070 plura
1899 5015 1912 5052 :

315 5108 418 5174 pro
444 5098 653 5173 templo
683 5099 784 5156 sibi
817 5096 1122 5170 paradisum
1166 5095 1463 5154 succedere
1483 5140 1496 5161 ,
1536 5106 1557 5133 ε
1602 5094 1829 5165 illosque
1859 5108 1918 5150 se

318 5182 412 5268 qui
465 5208 562 5267 pro
611 5190 814 5264 templo
867 5180 968 5248 Dei
1018 5186 1409 5261 pugnaverint,
1467 5185 1915 5268 transferendos:

320 5266 534 5345 tantum
554 5329 567 5351 ,
597 5292 663 5342 ne
690 5274 860 5340 oculis
886 5285 998 5339 suis
1023 5283 1324 5353 triumphos
1346 5271 1619 5335 ltomanos
1650 5266 1918 5349 viderent,

322 5380 377 5440 et
401 5380 612 5453 baptiva
633 5370 761 5451 iugo
783 5366 926 5435 colla
955 5376 1307 5448 subiicerent.
1323 5372 1644 5429 Censecrari
1671 5366 1921 5441 parvulos

324 5482 475 5545 suos,
510 5478 615 5532 non
649 5464 1145 5545 interilci,qu0rum
1177 5476 1427 5541 parentes
1458 5468 1763 5525 caelestium
1795 5483 1922 5540 pro-

403 5727 426 5753 η
468 5712 754 5786 fingebant.
782 5708 901 5765 Mox
926 5722 1055 5786 vero
1079 5707 1372 5777 afﬁgentes.
1405 5701 1600 5756 ΒΑΜ..

404 5788 430 5826 b
468 5779 1011 5840 TrucidabanturJn.
1072 5840 1079 5847 _
1346 5838 1357 5847 ι
1460 5844 1465 5847 Α

410 5872 430 5897 ο
471 5838 781 5927 Legendutn
801 5852 1031 5927 videtur.
1063 5840 1275 5919 illoque,
1310 5838 1359 5902 id
1388 5844 1491 5910 est,
1520 5842 1570 5899 in
1600 5842 1928 5922 paradisum,

335 5949 488 5988 se....
521 5922 947 5985 transferendos.
978 5922 1261 6001 Garum.

1989 2002 2104 2073 ipsa
2122 2010 2383 2074 prtestare
2397 1990 2785 2060 aestimabatur.
2803 2000 3010 2072 Quibus
3023 1992 3585 2077 appropinquantibus

1989 2085 2193 2152 bellum
2241 2086 2493 2153 adolevit.
2518 2095 2716 2152 Contra
2765 2097 2834 2153 de
2880 2110 3036 2153 muro
3068 2099 3371 2170 promptius
3401 2092 3594 2154 decer-

1991 2190 2265 2258 nentibus,
2295 2208 2431 2263 quos
2470 2202 2711 2247 extrema
2738 2191 3006 2263 urgebant
3035 2188 3292 2264 pericula,
3312 2203 3597 2249 etsucces-

1993 2300 2086 2342 Sus
2120 2288 2404 2357 praesentis
2444 2284 2761 2343 certaminis
2796 2287 3108 2342 animabat:
3152 2300 3272 2343 cum
3306 2274 3595 2343 inferiores
3630 2272 3633 2275 ’

1991 2397 2021 2436 a
2050 2380 2422 2452 superioribus
2445 2376 2779 2452 frequentius
2804 2381 3251 2451 transligerentur
3274 2423 3288 2445 ,
3332 2371 3400 2437 ad
3428 2397 3594 2453 supc-

1991 2475 2168 2531 riores
2200 2492 2306 2529 non
2333 2475 2517 2531 omnia
2564 2464 2913 2545 pervenirent
2954 2468 3202 2546 spicula;
3235 2466 3375 2531 illius
3408 2484 3593 2532 tamen

1993 2568 2136 2639 regis
2198 2560 2417 2638 juventa
2488 2567 2717 2634 alacris,
2788 2568 2953 2623 armis
3007 2566 3286 2634 munitior,
3338 2568 3599 2625 comitatu

1994 2664 2343 2729 succinctior,
2389 2662 2528 2717 alios
2577 2650 2831 2719 eludebat
2864 2654 3035 2730 ictus,
3086 2661 3391 2734 repellebat
3417 2660 3555 2719 alios
3581 2706 3596 2730 ,

1994 2772 2131 2826 quos
2162 2757 2323 2812 etiam
2355 2769 2410 2812 ut
2440 2766 2658 2812 caveret
2688 2754 3103 2828 suggerentibus
3129 2755 3294 2812 sociis
3319 2797 3335 2824 ,
3365 2756 3603 2813 instrue—

1997 2846 2194 2904 batur:
2246 2860 2301 2905 et
2350 2848 2472 2905 ideo
2519 2849 2729 2920 integer
2776 2865 2805 2904 a
2835 2838 3147 2905 vulneribus
3190 2849 3602 2921 perseveravit:

1996 2939 2094 2998 sed
2120 2941 2188 2998 de
2229 2936 2581 2998 Macedonum
2612 2944 2838 2998 cohorte
2869 2930 3114 3015 plerique
3163 2930 3462 3015 (quoniam
3505 2958 3603 3013 pu-

1998 3033 2116 3089 dori
2150 3032 2445 3104 putabant,
2488 3035 2649 3089 etiam
2693 3042 2901 3089 naturte
2948 3044 3041 3090 aut
3068 3024 3418 3091 munimentis
3446 3032 3606 3090 cede-

1999 3122 2100 3199 re)
2157 3127 2492 3200 pertinacius
2564 3124 2903 3198 praeiiantes,
2972 3123 2998 3165 ἀ
3057 3128 3435 3185 vulnerantur.
3496 3114 3604 3183 lla-

2000 3236 2105 3291 qne
2131 3232 2327 3276 conatu
2360 3210 2513 3277 irrito
2554 3235 2769 3277 cessere
2806 3210 3180 3292 superioribus
3210 3238 3223 3277 :
3268 3208 3413 3277 docti
3440 3220 3602 3276 etiam

2002 3306 2133 3368 viris
2160 3308 2547 3369 Macedonibus
2576 3313 2623 3370 si
2646 3310 2846 3371 vellent
2878 3307 3133 3383 vincere,
3179 3325 3230 3373 et
3272 3308 3604 3372 alacritatem

2000 3400 2294 3466 Alexandri
2319 3410 2386 3467 ad
2411 3410 2768 3484 praeliandum
2810 3427 2931 3468 esse
2961 3412 3321 3468 necessariam
3343 3453 3358 3479 ,
3406 3419 3461 3467 et
3488 3412 3609 3468 vin-

1998 3503 2161 3560 cendi
2208 3514 2481 3561 eventum.
2530 3503 2775 3575 Namque
2826 3502 2918 3560 ille
2954 3520 3075 3562 cum
3110 3504 3387 3561 obsideret
3414 3496 3606 3562 urbem

2002 3600 2337 3655 morantibus
2365 3600 2609 3664 caeteris,
2640 3609 2693 3656 et
2713 3590 2855 3655 circa
2883 3592 3157 3655 solemnes
3184 3599 3463 3657 machinas
3510 3590 3606 3656 int-

2002 3701 2250 3746 morante
2276 3692 2551 3755 exercitu,
2592 3691 2854 3762 appositis
2910 3686 3141 3763 impiger
3188 3690 3351 3747 scalis
3392 3708 3607 3747 murum

2003 3783 2248 3838 ascendit
2278 3801 2291 3836 :
2317 3770 2620 3855 fugatisque
2644 3782 3003 3855 praesentibus
3029 3786 3120 3856 qui
3152 3774 3220 3841 de
3248 3800 3403 3841 muro
3447 3801 3607 3857 repu-

2004 3874 2268 3947 gnabant,
2303 3870 2453 3930 solus
2480 3884 2539 3930 se
2565 3876 2615 3930 in
2660 3875 2850 3930 urbem
2882 3866 3099 3947 dejeCit.
3149 3870 3259 3932 Nec
3306 3886 3425 3932 erat
3474 3889 3611 3933 tem-

2008 3964 2154 4035 poris
2179 4008 2192 4031 ,
2227 3974 2283 4018 ut
2311 3964 2428 4035 ipse
2456 3952 2558 4020 sibi
2588 3966 2703 4021 sine
2730 3964 2932 4021 comite
2961 3976 3147 4038 portas
3177 3968 3415 4039 aperiret
3435 4010 3450 4036 ,
3486 3984 3611 4025 cum

2008 4068 2266 4131 urgerent
2296 4056 2539 4132 pericula
2564 4077 2577 4115 :
2621 4060 2715 4117 sed
2767 4058 3089 4118 immodicus
3115 4050 3327 4118 animus
3356 4078 3421 4121 ac
3445 4063 3612 4119 victo-

2010 4155 2105 4210 ria:
2126 4148 2350 4218 avidus,
2399 4147 2452 4207 in
2502 4142 2713 4209 hostem
2765 4152 3033 4225 prosiluit.
3078 4153 3305 4210 Cessere
3352 4145 3611 4226 agmina,

2008 4239 2105 4303 sed
2136 4258 2367 4320 quantos
2397 4256 2609 4319 poterat
2650 4247 2802 4303 solus
2848 4244 3231 4319 prosternere!
3261 4248 3470 4306 Deinde
3515 4266 3612 4322 per

2012 4336 2257 4399 diversas
2287 4336 2438 4399 urbis
2470 4332 2675 4414 plateas
2706 4341 3279 4399 circumfundebantur
3304 4338 3523 4400 hostes:
3572 4346 3619 4400 si

2014 4435 2066 4490 in
2100 4451 2261 4490 unam
2294 4444 2498 4505 partem
2550 4422 2860 4492 Alexander
2901 4437 3273 4503 incumberet,
3320 4426 3441 4493 aliis
3490 4444 3619 4509 post

2014 4544 2073 4586 se
2120 4518 2561 4585 circumvallandi
2610 4519 2823 4601 copiam
2869 4527 3044 4586 daret.
3108 4526 3479 4602 Retorquebat
3517 4529 3619 4586 ita-

2015 4641 2119 4697 que
2168 4612 2343 4681 victor
2370 4635 2393 4661 0
2435 4618 2736 4696 ingressum
2766 4642 2923 4681 suum
2951 4667 2963 4689 ,
3000 4640 3068 4682 ne
3094 4641 3123 4680 a
3156 4625 3353 4696 populo
3382 4624 3617 4682 circum-

1939 4761 1992 4821 Β
2016 4719 2254 4774 daretur.
2280 4717 2351 4774 At
2393 4717 2466 4772 illi
2510 4718 2740 4774 conferti
2784 4708 2927 4773 inter
2964 4732 3023 4774 se
3070 4734 3264 4821 prgere
3292 4725 3576 4790 creperum
3602 4758 3618 4784 ,

2019 4811 2399 4869 inhorrescere
2427 4828 2589 4884 super
2619 4829 2743 4868 eum
2776 4813 3007 4869 telorum
3035 4802 3117 4867 vis
3145 4813 3379 4868 maxima
3398 4854 3413 4881 ,
3447 4810 3621 4868 resuio

2020 4904 2165 4961 tabat
2194 4906 2348 4978 galea
2374 4906 2565 4961 tinnitu
2585 4947 2600 4974 ,
2626 4906 2847 4979 clypeus
2876 4904 3089 4978 fragore
3117 4921 3395 4960 saxorum.
3440 4894 3521 4960 Ac
3566 4906 3623 4961 ni

2021 5010 2327 5057 metuentes
2355 4990 2477 5057 duci
2530 5002 2857 5072 irrupissent
2910 4990 3255 5069 Macedones,
3275 4988 3625 5055 victorinnu-
3658 5063 3665 5069 ,

2023 5086 2363 5150 merabilium
2403 5093 2641 5164 gentium
2709 5090 2851 5148 intra
2915 5092 3103 5148 urbem
3147 5091 3397 5163 exiguam
3445 5089 3627 5147 fuerat

2024 5204 2339 5261 Oppressus.
2374 5186 2494 5245 Fuit
2532 5187 2694 5260 igitur
2741 5184 3062 5254 alacritatis,
3107 5178 3249 5259 quod
3289 5201 3505 5242 murum
3545 5187 3629 5240 in-

2023 5284 2220 5351 silivit,
2271 5281 2481 5339 hostem
2510 5282 2743 5355 dejecit,
2791 5282 2845 5338 in
2893 5272 3081 5338 urbem
3122 5272 3273 5337 solus
3314 5276 3628 5350 triumphali

2023 5376 2163 5431 saltu
2193 5392 2315 5432 sese
2355 5376 2654 5449 proripuit,
2701 5376 2906 5448 impetu
2957 5391 3056 5430 suo
3106 5366 3310 5447 fugavit
3353 5371 3625 5445 populos:

2025 5468 2341 5527 fuittamen
2369 5471 2534 5526 etiam
2563 5480 2790 5527 eventus
2819 5471 2909 5541 qui
2970 5468 3208 5525 maxime
3248 5456 3409 5535 duci,
3442 5480 3632 5523 neces-

2108 5700 2132 5738 ι¹
2184 5702 2618 5760 Vulnerabantur.
2652 5705 2774 5761 Mox
2806 5704 2900 5759 viri
2933 5701 3282 5758 Macedonici.
3334 5701 3485 5758 Barr.

2112 5787 2135 5812 ι’
2177 5775 2439 5832 Granum.
2473 5776 2528 5831 ld
2541 5818 2554 5830 .
