4082 6344
508 321 653 380 2159

1880 319 2127 377 SANCTI
2169 318 2488 380 AMBROSII

3656 325 3780 384 2160

510 439 686 492 sarius
735 444 818 490 est
843 475 856 500 ,
909 433 1051 507 quod
1104 435 1264 490 tantis
1303 435 1682 506 ingruentibus
1727 435 1980 507 populis,
2034 444 2113 492 tot
2137 443 2190 506 Α
2219 437 2580 508 properabant
2609 437 2843 493 ﬂammis
2871 437 3179 496 subducere
3209 459 3222 494 :
3257 440 3344 495 isti
3388 439 3559 498 adhuc
3593 456 3780 516 sparge

509 532 829 602 sagittarum
856 529 1084 600 jaculis,
1121 537 1200 583 tot
1221 529 1506 586 ruentibus
1533 529 1754 600 spiculis
1777 571 1790 596 ,
1820 529 1998 584 nullus
2015 527 2115 583 fuit

509 621 696 678 lethali
740 622 952 678 vulneri
1003 621 1174 677 locus.
1222 622 1525 678 Periculum
1574 624 1753 694 itaque
1781 623 1952 678 virtus
1975 631 2118 676 attn-

512 715 680 781 lerat,
715 723 944 772 mortem
997 730 1212 787 quoque
1241 715 1498 771 alacritas
1529 717 1836 782 invexerat,
1872 715 1914 769 si
1953 731 2118 769 even-

516 817 603 864 tus
635 810 924 865 bellantem
973 809 1329 866 deseruisset.
1358 810 1588 880 Ingressi
1640 820 1764 865 sunt
1791 808 2116 865 Macedones

514 912 772 974 prorupla
827 912 1015 972 porta;
1079 903 1159 958 sic
1206 903 1484 959 temeritas
1537 904 1819 959 victoriam
1877 901 2114 968 invenit,

513 1005 570 1050 ct
599 1005 825 1052 eventus
854 994 1153 1064 periculum
1187 995 1240 1050 in
1273 995 1502 1067 gloriam
1547 997 1730 1052 vertit.
1761 995 1959 1051 Noster
1983 1008 2117 1064 quo-

517 1107 624 1162 que
655 1090 822 1146 David
863 1106 986 1146 cum
1036 1099 1299 1162 pugnaret
1326 1090 1615 1147 adversum
1662 1090 1913 1162 gigantes
1935 1130 1948 1155 ,
1976 1098 2001 1126 ⁸
2035 1088 2120 1142 in-

516 1195 703 1241 vectus
743 1185 796 1240 in
833 1185 1044 1240 hostem
1085 1200 1116 1239 a
1143 1193 1292 1256 tergo
1322 1199 1698 1256 percussorem
1732 1181 1993 1248 habebat;
2022 1180 2118 1237 sed

514 1278 804 1334 librantem
827 1279 966 1334 ictus
989 1293 1116 1334 suos
1135 1292 1321 1334 comes
1340 1277 1482 1349 regis
1508 1276 1692 1333 Abisai
1722 1273 2121 1348 praevenith-

517 1388 634 1429 rum
659 1372 1027 1430 Alexandrum
1056 1382 1285 1428 eventus
1303 1372 1562 1438 servavit,
1589 1369 1904 1444 prophetam
1920 1368 2114 1440 gratia.

1107 1466 1192 1522 CA
1204 1464 1337 1522 PUT
1379 1464 1499 1522 XX.

585 1559 827 1618 Cedente
855 1561 1037 1632 itaque
1077 1559 1336 1617 Antiochi
1367 1559 1511 1630 regis
1550 1557 1843 1630 Comageni
1890 1558 2024 1624 filio,
2064 1565 2119 1613 et

515 1665 883 1729 cognoscente
905 1670 1010 1710 non
1034 1654 1178 1727 quod
1197 1653 1528 1717 formidinis,
1552 1651 1650 1708 sed
1673 1652 1945 1708 cautionis
1973 1659 2120 1707 esset

517 1749 747 1806 Romani
779 1747 1053 1805 exercitus
1084 1762 1352 1819 perpensa
1386 1746 1710 1813 moderatio,
1743 1753 1801 1799 ut
1830 1743 2118 1815 aggeribus

518 1854 574 1902 et
601 1845 795 1912 vineis,
821 1845 1082 1901 arietibus
1107 1859 1321 1916 quoque
1342 1852 1395 1899 et
1422 1841 1637 1898 czcteris
1668 1841 2119 1898 machinamentis

521 1955 736 1995 murum
768 1937 1136 2005 adorirentur,
1168 1937 1593 1994 exstruebantur
1612 1950 1838 2006 aggeres
1877 1950 1972 2007 per
2019 1949 2123 1988 nu-

522 2048 705 2090 meros
751 2047 917 2104 opere
967 2031 1187 2088 diviso:
1221 2030 1481 2104 praecipui
1525 2041 1764 2101 quatuor
1813 2030 2124 2085 insurrexe-

522 2133 673 2193 rant,
704 2140 776 2181 ex
799 2126 998 2196 quibus
1031 2140 1168 2180 unus
1211 2139 1241 2180 e
1269 2124 1494 2194 regione
1526 2121 1849 2178 munitionis
1874 2120 1994 2195 (cui
2030 2135 2124 2175 no-

523 2241 648 2282 men
702 2220 970 2293 Antonia)
1015 2235 1112 2292 per
1161 2217 1396 2275 mediam
1444 2217 1639 2273 ductus
1670 2223 1787 2272 erat
1834 2214 2122 2285 piscinam,

518 2332 683 2390 quam
714 2315 1015 2373 Struthiam
1059 2313 1351 2368 vocabant.
1388 2310 1545 2366 Hunc
1590 2323 1842 2380 aggerem
1900 2306 2124 2377 quintus

522 2426 786 2468 numerus
813 2409 1032 2480 triginta
1073 2405 1382 2462 cubitorum
1430 2404 1483 2458 in
1516 2401 1859 2457 altitudinem
1896 2398 2126 2464 fecerat,

519 2504 671 2573 juxta
702 2502 932 2559 Joannis
949 2499 1287 2570 sepulcrum.
1317 2495 1526 2566 Quibus
1555 2511 1585 2550 e
1614 2493 1836 2550 diverso
1888 2491 2126 2548 Ioannes

525 2601 781 2670 princeps
832 2596 1167 2653 seditionum
1195 2591 1507 2649 cuniculum
1540 2588 1784 2656 suffodit;
1841 2597 1897 2643 et
1928 2587 2127 2642 Roma-

523 2710 718 2750 norum
747 2707 913 2762 opera
961 2687 1251 2760 suspendit
1281 2704 1294 2740 :
1323 2683 1702 2757 ignorantibus
1735 2682 1842 2748 bis,
1874 2681 1900 2719 ιθ
1921 2680 2010 2751 qui
2051 2679 2127 2734 la-

525 2789 662 2845 tenti
691 2784 947 2842 cuniculo
975 2781 1148 2838 Judaei
1179 2779 1472 2835 machinati
1505 2778 1708 2842 forent,
1755 2774 1880 2845 quia
1912 2771 2128 2827 fulturis

525 2881 832 2937 tabularum
866 2877 1095 2934 materia
1126 2889 1281 2946 aeque
1322 2871 1591 2942 subjecta,
1639 2869 1919 2939 superiora
1973 2863 2128 2922 cuni-

523 2975 773 3031 culorum
803 2969 1226 3042 suspenderant,
1263 2967 1410 3021 fraus
1445 2964 1623 3021 omnis
1666 2962 1888 3018 latebat.
1944 2959 2129 3029 Itaque

526 3070 618 3125 ubi
640 3065 1019 3140 opportunitas
1042 3064 1180 3130 visa,
1209 3061 1388 3132 ignem
1430 3072 1758 3132 apposuerc,
1791 3054 1882 3126 qui
1910 3051 2128 3108 adultus

525 3162 787 3233 sulphure
816 3171 870 3216 et
893 3159 1036 3229 pice,
1061 3155 1260 3227 quibus
1285 3153 1421 3208 illita
1441 3159 1562 3208 erat
1606 3148 1863 3205 materies
1883 3162 2001 3218 qua:
2027 3142 2130 3199 ful-

2220 530 2354 586 bant
2379 529 2650 586 incendia.
2677 528 2833 587 Unde
2861 531 3274 603 comprehensis
3302 533 3550 590 omnibus
3570 551 3678 606 qum
3710 538 3780 593 uri

2217 631 2488 694 poterant,
2517 623 2792 680 Romanos
2833 622 3064 680 Ilamtme
3091 625 3652 689 circumvallaverant.
3694 629 3782 684 nisi

2220 723 2428 771 mature
2455 715 2878 772 consuluissent.
2918 717 3196 774 Instabant
3221 720 3366 774 enim
3399 719 3590 775 acriter
3611 718 3783 786 Judaei,

2218 820 2380 881 atque
2418 810 2519 866 hoc
2549 812 2665 880 ipso
2696 811 2837 882 quod
2864 813 2914 866 iu
2955 827 3019 868 ea
3040 823 3191 884 parte
3220 821 3446 869 conatus
3484 814 3658 869 irritos
3684 831 3777 871 non

2220 904 2540 972 habuerant,
2565 920 2854 962 successus
2874 905 3156 962 audaciam
3196 907 3400 963 alebat.
3433 907 3665 979 Denique
3690 925 3784 965 non

2219 998 2459 1053 contenti
2483 997 2591 1068 jam
2635 998 2988 1055 munimentis
3027 999 3348 1064 muralibus,
3402 999 3538 1055 ultra
3589 1016 3791 1072 progre-

2219 1087 2531 1158 diebantur,
2563 1099 2727 1160 atque
2755 1091 2904 1162 ipsas
2932 1091 3303 1148 Romanorum
3335 1093 3670 1149 incessebant
3693 1109 3792 1150 cus-

2223 1181 2416 1246 todias,
2449 1191 2506 1238 et
2527 1181 2592 1236 ad
2619 1182 2906 1239 castellum
2937 1183 2990 1238 in
3017 1198 3126 1255 quo
3156 1183 3559 1254 prmtendebaut
3584 1183 3792 1240 Romani

2221 1279 2367 1334 ultro
2387 1294 2667 1347 eversum,
2697 1289 3075 1350 perrexerant.
3109 1280 3178 1336 Et
3198 1280 3300 1336 nisi
3328 1281 3553 1336 Romani
3583 1281 3794 1337 nominis

2217 1373 2388 1444 gloria
2416 1384 2470 1431 et
2501 1374 2705 1431 militia)
2731 1384 2882 1431 vetus
2911 1375 3216 1446 disciplina,
3246 1391 3368 1446 qua:
3405 1376 3585 1432 munia
3627 1375 3798 1447 hujus-

2225 1466 2371 1523 modi
2409 1467 2664 1524 deserere
2710 1467 2976 1540 gravioris
3023 1483 3196 1540 ptente
3239 1480 3452 1526 arceret
3493 1467 3794 1533 formidine,

2228 1559 2535 1617 furentibus
2556 1563 2993 1633 repugnavisset,
3022 1571 3420 1634 expugnatores
3467 1563 3676 1618 urbium
3707 1560 3797 1632 ipsi

2222 1652 2460 1724 propriis
2482 1665 2766 1710 cesserant
2786 1655 3197 1711 munitionibus.
3225 1654 3390 1711 Versa
3410 1655 3589 1727 itaque
3609 1656 3799 1726 species

2223 1747 2372 1810 belli,
2414 1758 2469 1803 et
2511 1762 2638 1803 usus
2691 1747 2994 1804 obsidionis
3034 1766 3047 1803 :
3089 1747 3399 1818 catapultis,
3438 1757 3493 1804 et
3530 1749 3801 1804 velocioris

2151 1837 2197 1897 B
2225 1838 2445 1910 generis
2471 1838 2673 1909 jaculis
2703 1853 2823 1895 sese
2849 1838 3204 1895 defensabant
3229 1838 3482 1906 Romani,
3522 1848 3580 1894 ut
3605 1838 3801 1895 .Iudazos

2229 1935 2588 2006 repellerent,
2619 1949 2726 2006 quo
2749 1934 2880 2005 ipsis
2901 1944 3028 1991 ante
3055 1950 3256 2006 genere
3277 1935 3652 1993 resistebatur.
3681 1937 3804 1993 Inter

2227 2045 2349 2101 quae
2387 2028 2541 2084 Titus
2579 2027 2820 2096 advenit,
2863 2029 3103 2086 clamore
3149 2031 3383 2099 excitus,
3429 2041 3488 2088 et
3525 2032 3804 2088 accersitus

2226 2124 2294 2180 ad
2331 2124 2666 2190 remedium;
2696 2124 2958 2181 Romanis
2978 2126 3236 2181 continuo
3267 2126 3410 2182 vires
3451 2125 3647 2182 addita:
3685 2142 3807 2198 pra:-

2227 2224 2384 2272 sente
2409 2217 2646 2281 Cmsare,
2675 2225 2730 2290 et
2771 2216 2944 2288 pudor
2983 2217 3118 2272 aluit
3166 2217 3447 2273 audaciam
3481 2235 3496 2271 :
3545 2218 3806 2274 Clamantc

2229 2309 2350 2366 Tito
2396 2326 2558 2380 grave
2609 2310 2838 2367 Romani
2881 2310 3117 2366 nominis
3155 2310 3541 2381 opprobrium,
3581 2312 3625 2367 si
3668 2326 3806 2368 versa

2229 2403 2349 2459 vice
2376 2418 2504 2458 suos
2535 2402 2873 2469 amitterent,
2904 2402 3100 2474 quibus
3134 2401 3245 2473 jam
3275 2404 3511 2460 hostium
3559 2405 3690 2460 muri
3729 2403 3807 2474 qui

2229 2495 2596 2562 diruereutur,
2640 2494 2957 2551 defecerant
3000 2513 3015 2552 :
3058 2494 3374 2553 diffidentes
3401 2496 3621 2552 Indicos
3650 2496 3810 2552 muni-

2229 2587 2490 2654 tionibus,
2531 2587 2648 2642 sola
2690 2587 2786 2642 niti
2818 2587 3126 2642 temeritate
3158 2605 3170 2641 :
3199 2596 3409 2644 starent
3456 2585 3808 2644 tantummodo

2230 2678 2484 2746 Romani,
2517 2679 2798 2735 victoriam
2830 2695 2936 2735 non
2969 2678 3301 2735 defuturam.
3337 2679 3527 2750 Itaque
3562 2677 3810 2735 hortando

2230 2770 2434 2841 pariter
2467 2786 2529 2825 ac
2574 2770 2872 2842 prmliando
2898 2770 3055 2826 Titus
3084 2772 3277 2826 statuit
3303 2785 3456 2836 suos,
3489 2772 3685 2828 avertit
3727 2769 3811 2826 Ju-

2229 2863 2399 2930 daeos,
2442 2864 2531 2934 qui
2563 2878 2670 2919 non
2695 2864 2868 2919 solum
2898 2863 3097 2919 animis
3139 2863 3208 2918 ad
3238 2873 3468 2919 mortem
3516 2863 3702 2933 parati,
3725 2859 3810 2917 sed

2232 2959 2348 3029 ipso
2394 2961 2512 3014 uisu
2553 2959 2801 3031 corporis
2852 2958 3197 3031 ingruebant,
3243 2966 3303 3014 ut
3345 2958 3623 3014 Romanos
3661 2956 3812 3028 gradu

2230 3061 2532 3106 moverent.
2557 3050 2669 3106 Nec
2692 3049 2968 3107 mediocre
2990 3051 3091 3106 fuit
3113 3049 3410 3122 periculum
3431 3050 3666 3107 Caesaris
3691 3049 3815 3105 inter

2229 3141 2454 3197 confusa
2503 3143 2707 3207 omnia,
2752 3157 2876 3198 cum
2903 3142 2971 3198 ab
3005 3141 3164 3198 hoste
3209 3143 3394 3199 socius
3421 3159 3533 3198 non
3559 3143 3814 3199 discerne-

526 3268 698 3311 turam
732 3251 992 3310 cunicqu
1021 3249 1209 3315 dabat,
1241 3247 1386 3318 ligna
1435 3245 1619 3300 omnia
1667 3242 1825 3298 facile
1870 3253 2129 3296 consum-
2155 3236 2204 3300 C
2235 3247 2384 3292 retttr
2413 3255 2425 3290 :
2459 3239 2602 3293 inter
2643 3253 2763 3308 quae
2792 3236 2949 3294 Titus
2976 3239 3030 3293 in
3060 3237 3241 3294 medio
3261 3239 3622 3295 versabatur:
3657 3235 3814 3292 audax

525 3349 632 3417 psit
650 3345 986 3409 incendium,
1011 3341 1384 3412 subjectorum
1409 3339 1568 3392 ruina
1593 3345 1778 3392 secuta
1807 3342 1910 3390 est.
1942 3332 2128 3402 Itaque

529 3445 893 3497 lietnanorum
926 3452 1093 3508 opera
1134 3433 1315 3490 subito
1354 3435 1527 3502 lapsa,
1571 3429 1810 3486 sonitum
1850 3428 2128 3498 ingentem

526 3533 749 3591 dedere.
778 3531 1007 3587 Pulvere
1029 3529 1211 3600 itaque
1236 3537 1292 3582 et
1317 3525 1472 3580 fumo
1492 3522 1700 3594 repleta
1725 3521 1932 3586 omnia,
1959 3517 2130 3590 pluri-

529 3643 676 3684 mum
697 3625 1045 3682 tenebrarum
1071 3618 1436 3684 obduxerant,
1461 3615 1837 3686 maioremque
1859 3620 2126 3668 terrorem

526 3720 818 3778 induxerat
891 3717 1066 3773 latens
1134 3728 1317 3770 causa.
1375 3709 1581 3766 Deinde
1643 3708 1730 3764 ubi
1790 3705 2129 3775 consumptis

526 3815 804 3872 alimentis
833 3811 1048 3868 caeteris
1084 3808 1282 3880 quibus
1329 3804 1504 3876 primo
1549 3811 1774 3874 opertus
1815 3810 1956 3866 erat,
1991 3798 2131 3854 liber

529 3921 718 3983 postea
746 3908 884 3981 ignis
904 3904 1104 3977 erupit,
1158 3901 1345 3959 dolum
1390 3897 1652 3969 prodidit,
1686 3904 1740 3953 et
1769 3894 2031 3952 Romanis
2061 3891 2128 3949 ad

532 4019 772 4075 prtesens
798 4000 1015 4073 quidem
1044 3995 1278 4053 formido
1303 3992 1532 4064 periculi
1557 3990 1845 4056 diminuta,
1875 3988 1968 4044 sed
2005 4002 2132 4042 eva-

530 4098 674 4153 cuati
718 4095 922 4151 laboris
961 4107 1125 4165 grave
1174 4087 1442 4145 successit
1488 4083 1739 4147 taedium;
1772 4081 1935 4137 simul
1984 4078 2133 4150 quod

531 4190 866 4248 insultabant
915 4185 1111 4252 Judaei,
1143 4197 1250 4238 non
1302 4177 1600 4236 mediocris
1630 4175 1865 4246 angebat
1906 4171 2081 4244 pudor
2115 4188 2128 4226 :

532 4293 587 4341 et
620 4284 672 4338 in
701 4283 967 4350 reliquum
999 4275 1252 4348 parandae
1281 4268 1696 4343 expugnationis
1727 4281 1853 4337 spes
1896 4264 2129 4320 refrixit.

534 4382 603 4435 At
634 4379 686 4433 iu
721 4385 876 4448 parte
904 4373 1009 4427 alia
1051 4369 1216 4426 biduo
1261 4374 1405 4438 post,
1428 4380 1549 4419 cum
1577 4361 1690 4433 jam
1743 4374 1932 4414 murus
1961 4359 2132 4414 ariete

532 4479 871 4542 quateretur,
902 4463 1184 4535 Teptheus
1207 4459 1275 4516 de
1301 4456 1550 4521 Galilaea,
1578 4451 1937 4524 Magassalus,
1961 4457 2018 4507 et
2042 4449 2133 4506 .Ia-

533 4564 728 4629 benus,
759 4571 815 4618 et
855 4562 1065 4632 Agyras
1092 4555 1320 4625 direptis
1345 4551 1555 4607 facibus
1594 4551 1648 4604 in
1693 4546 2130 4604 machinamenta

2229 3328 2479 3400 juventa,
2509 3338 2565 3386 et
2589 3330 2777 3401 gloria:
2796 3330 3097 3402 cupiditate
3125 3331 3193 3386 ad
3243 3332 3606 3403 praeliandum
3633 3331 3815 3396 acrior,

2233 3436 2340 3490 quo
2383 3421 2618 3478 celerius
2665 3423 2892 3479 victoria
2937 3435 3442 3493 consummarctur,
3490 3427 3544 3483 in
3585 3424 3818 3484 secundis

2233 3514 2488 3586 triumphi
2521 3529 2730 3586 ponens
2755 3529 2944 3572 curam
2972 3517 3185 3572 salutis.

2819 3609 3052 3668 CAPUT
3093 3610 3237 3668 XXI.
3354 3672 3360 3676 .

2309 3699 2557 3772 Depulsis
2610 3711 2791 3759 tamen
2840 3702 3087 3760 hostibus
3129 3719 3333 3777 anceps
3377 3707 3702 3764 consilium:
3737 3704 3816 3761 alii

2234 3794 2615 3852 reformandos
2631 3812 2883 3870 aggeres,
2913 3799 3218 3869 reparanda
3244 3801 3684 3860 machinamenta
3710 3817 3817 3856 mu-

2234 3892 2364 3947 ralia
2393 3890 2757 3962 0pinabantur
2786 3911 2798 3947 :
2828 3894 2917 3949 alii
2945 3893 3316 3952 absistendum
3350 3897 3654 3954 obsidionis
3688 3896 3818 3970 peri-

2233 3987 2373 4043 culis
2393 3989 2758 4060 snggerehant
2782 4007 2795 4044 :
2819 3989 3012 4047 deesse
3031 3991 3318 4062 reparandi
3342 3994 3632 4050 materiam
3653 4010 3666 4048 :
3685 4007 3822 4050 com-

2235 4097 2401 4138 mune
2443 4097 2566 4138 cum
2600 4095 2621 4122 ο
2651 4083 2835 4140 multis
2886 4084 3187 4156 periculum
3229 4103 3429 4144 :muro
3481 4088 3819 4146 claudendam

2236 4177 2425 4233 urbem
2449 4177 2758 4234 consultius
2782 4179 3211 4246 arbitrabantur.
3238 4191 3298 4237 ut
3325 4183 3623 4240 conficeret
3646 4183 3820 4246 fames,

2233 4270 2468 4329 defectis
2512 4273 2772 4329 subsidiis
2814 4275 3218 4332 alimentorum.
3271 4276 3822 4349 Przeponderavitbu-

2231 4362 2470 4434 jnsmodi
2519 4367 2813 4436 sententia,
2847 4377 2906 4424 ut
2935 4368 3347 4439 clauderentur,
3374 4387 3445 4428 ne
3491 4372 3692 4429 liberos
3736 4385 3825 4426 ex-

2235 4471 2429 4513 cursus
2479 4456 2766 4526 haberent,
2818 4475 2928 4532 quo
2975 4461 3210 4532 amplius
3239 4472 3294 4520 et
3322 4463 3705 4535 desperatione
3751 4462 3823 4519 fu-

2235 4551 2440 4622 giendi,
2490 4561 2544 4607 et
2592 4551 2891 4624 indigentia
2963 4555 3069 4611 cibi
3136 4558 3562 4614 conficerentur.
3637 4554 3826 4612 Divisis

532 4655 761 4712 tnuralia
787 4653 1179 4725 prosiluerunt.
1212 4645 1357 4703 Nihil
1400 4643 1485 4699 bis
1512 4641 1644 4697 viris
1687 4639 1967 4708 audacius,
2001 4637 2133 4693 nihil
2161 4642 2215 4704 Ι)
2242 4642 2423 4715 itaque
2448 4641 2475 4681 ἀ
2518 4659 2616 4716 per
2643 4661 2928 4703 numerum
2977 4647 3336 4718 portionibus,
3386 4663 3625 4721 propere
3653 4661 3826 4705 murus

533 4750 832 4809 terribilius
855 4764 923 4806 eo
961 4746 1107 4802 bello
1147 4760 1212 4799 ex
1239 4741 1374 4798 urbe
1405 4741 1459 4796 in
1500 4739 1711 4794 hostem
1745 4734 2026 4807 processit.
2075 4733 2132 4789 In

539 4846 774 4902 medium
807 4857 1037 4913 namque
1079 4837 1313 4894 hostium
1359 4839 1687 4907 proruentes
1737 4845 1845 4885 nou
1895 4827 2139 4899 trepida-

538 4947 752 5006 vcrunt,
779 4952 886 4993 non
914 4938 1366 4996 retractaverunt,
1392 4926 1488 4985 sed
1512 4938 1765 4996 tanquam
1786 4922 2132 4979 familiarium

537 5047 759 5089 suorum
800 5026 1092 5085 consortiis
1134 5021 1428 5088 immorati,
1473 5033 1582 5075 non
1609 5027 1736 5072 ante
1777 5014 2134 5071 remeandum

538 5133 830 5199 putarunt,
860 5137 983 5179 cum
1027 5119 1264 5189 undique
1305 5117 1358 5171 iu
1388 5128 1484 5170 eos
1503 5111 1642 5184 pila,
1668 5111 1900 5182 sagitlte,
1926 5109 2131 5178 Spicula

534 5221 866 5289 iacerentur,
916 5229 1075 5286 quam
1107 5211 1372 5282 subjectis
1399 5207 1614 5279 ignibus
1654 5203 1943 5258 adolerent
1989 5201 2134 5258 obsi-

535 5311 758 5366 dialium
786 5311 1143 5366 instrumenta
1173 5303 1569 5360 machinarum.
1598 5297 1916 5354 Concursus
1939 5296 2133 5367 ingens

536 5401 766 5457 Romani
791 5401 1086 5463 exercitus,
1114 5404 1172 5450 ut
1200 5392 1510 5450 incendium
1538 5390 2006 5461 restingueretur:
2037 5386 2135 5445 Ju-

536 5495 779 5550 dacorum
802 5507 1016 5564 quoque
1043 5490 1252 5546 clamor
1277 5494 1332 5542 et
1358 5484 1598 5541 studium
1642 5499 1750 5554 quo
1779 5485 2134 5538 subtexereut

537 5589 948 5662 impedimenta,
989 5581 1250 5641 Romanis
1274 5596 1342 5638 nc
1368 5577 1768 5637 subveniretur.
1803 5576 1888 5633 Illi
1931 5576 2133 5634 arietes

610 5784 638 5814 ι
678 5773 934 5829 Intentus.
965 5770 1142 5828 Ruit.

608 5844 636 5886 δ
680 5846 840 5915 Quid.
868 5844 948 5901 In.

2239 4740 2502 4805 surrexit,
2534 4754 2644 4809 quo
2694 4756 2789 4811 per
2818 4741 3100 4798 circuitum
3130 4753 3347 4800 omnem
3388 4742 3600 4800 inclusa
3637 4753 3719 4801 est
3758 4741 3828 4799 ci-

2239 4835 2402 4890 vitas.
2436 4833 2729 4890 Distribuit
2753 4833 2928 4890 officia
2960 4835 3074 4890 suis
3100 4834 3305 4904 Ctesar,
3338 4843 3397 4891 ut
3426 4837 3679 4893 noctibus
3705 4849 3828 4907 quo-

2237 4945 2345 5001 que
2374 4928 2717 4986 custodiendi
2763 4929 2912 4986 vices
2943 4945 3050 4985 non
3079 4931 3420 4988 omitterent.
3457 4932 3639 4989 Prima
3661 4929 3827 5003 vigilia

2239 5023 2356 5092 ipse
2398 5023 2634 5079 obeundi
2684 5022 2929 5094 singulos
2967 5024 3338 5080 custodiarum
3388 5025 3616 5082 ordines
3659 5023 3828 5081 munia

2239 5115 2504 5172 curabat:
2552 5115 2847 5172 secundam
2879 5116 3115 5187 vigiliam
3173 5118 3490 5175 Alexandro
3519 5116 3827 5191 deputavit:

2241 5209 2477 5281 denique
2513 5226 2610 5280 per
2641 5209 2890 5266 ordinem
2933 5211 3169 5268 tribunis
3201 5211 3401 5283 (prout
3431 5212 3696 5285 cujusque
3722 5216 3831 5267 erat

2240 5304 2466 5360 solertia
2511 5301 2830 5378 comperta)
2877 5305 3036 5379 vices.
3079 5305 3366 5363 mandatae.
3415 5305 3671 5364 Castellis
3724 5312 3832 5362 erat

2241 5414 2430 5454 murus
2459 5414 2554 5468 per
2576 5398 2869 5456 intervalla
2898 5399 3160 5469 intextus,
3191 5401 3246 5456 in
3277 5400 3364 5458 bis
3391 5416 3589 5458 manus
3610 5401 3828 5457 militum

2241 5489 2614 5562 praetendebat
2643 5507 2656 5543 :
2687 5489 2882 5560 vigiles
2929 5507 2995 5547 ex
3022 5506 3178 5564 aequo
3218 5491 3323 5548 sibi
3365 5506 3594 5550 somnos
3621 5501 3677 5549 et
3705 5500 3831 5548 tem-

2241 5596 2374 5654 pora
2403 5580 2713 5653 vigiliarum
2736 5582 3126 5640 sortiebantur.
3155 5581 3532 5643 Circumibant
3552 5581 3830 5644 momentis

2325 5775 2348 5840 ξ
2393 5764 2579 5840 Yictis.
2612 5767 2734 5824 Mox
2783 5768 3030 5840 defectos.
3065 5768 3140 5828 In.

2321 5833 2348 5874 (ι
2397 5834 2498 5893 Per
2523 5855 2785 5897 numeros.
2815 5833 2893 5897 In.
