4050 6464
250 367 408 428 2161

1102 376 1376 437 HISTOR.
1421 381 1508 438 DE
1550 381 1829 443 EXCIDIO
1869 385 2140 446 IIIEROS.
2184 388 2392 450 ΗΕΒῐὸ
2432 391 2561 450 LIB.
2605 395 2672 453 γ.

3439 409 3584 466 2161

249 488 528 545 omnibus
559 504 795 556 murttm,
823 506 920 563 per
963 496 1133 565 spatia
1163 499 1391 569 quisque
1427 503 1740 572 praescripta
1770 516 1869 558 suo
1896 505 1950 565 Α
1977 505 2065 568 tis,
2105 515 2162 561 et
2202 508 2382 564 nullus
2427 510 2664 579 ejulatus
2715 511 2768 568 in
2798 517 3070 588 exsequiis
3102 520 3265 576 totius
3301 521 3490 579 urbis:
3524 534 3580 582 et

246 584 510 648 muneri,
561 584 630 641 de
679 586 904 642 castello
937 586 990 640 in
1019 589 1305 644 castellum
1341 607 1354 644 :
1387 607 1482 660 per
1511 591 1778 659 ordinem,
1813 604 1869 650 et

248 689 558 731 munerum
576 678 721 734 vices
743 693 850 734 nox
872 679 1334 752 frequentabatur.
1369 683 1600 740 Praecisa
1632 686 1868 757 undique

251 786 394 844 spes
421 774 756 844 Judarorum,
791 781 1096 850 clausisque
1123 796 1180 836 se
1225 782 1534 840 infunderat
1563 784 1752 854 fames,
1784 795 1868 841 at-

250 881 372 935 que
407 868 458 922 in
487 867 635 939 ipsas
663 870 847 942 populi
877 871 1143 929 medullas
1173 873 1554 932 descenderat.
1587 877 1861 934 Persona-

252 957 398 1014 hant
420 962 603 1016 omnia
627 963 917 1032 gemitibus
941 965 1342 1036 deplurantium
1371 970 1694 1026 miserabilis
1721 987 1867 1027 mor-

251 1052 334 1107 tis
370 1053 661 1124 sttpplicia.
689 1064 715 1093 ιι
752 1053 977 1126 Repleta
1006 1065 1162 1113 erant
1202 1059 1453 1116 universa
1489 1077 1612 1117 cum
1657 1064 1864 1120 semine

248 1145 706 1202 cadaverum:et
752 1149 796 1204 si
849 1149 1126 1220 paululum
1175 1162 1542 1224 exspectares,
1579 1156 1716 1211 intra
1750 1173 1865 1213 mo-

251 1249 508 1295 mentum
539 1241 884 1316 deficiebant,
930 1260 1066 1316 quos
1117 1247 1358 1304 viventes
1402 1265 1707 1321 repereras.
1757 1253 1862 1324 Ipsi

251 1347 480 1404 quoque
511 1334 601 1404 qui
629 1333 808 1392 adhuc
839 1336 1140 1407 spirabant,
1189 1341 1362 1397 macie
1389 1344 1622 1400 confeCIi
1676 1346 1864 1419 imagi-

250 1437 388 1478 nem
435 1424 626 1480 mortis
671 1427 955 1497 gerebant.
991 1430 1259 1487 Exhausti
1288 1433 1429 1490 fame
1451 1437 1860 1504 cttaheluridi.

252 1531 362 1572 nec
391 1518 578 1574 oculos
605 1519 824 1590 quidem
868 1521 1055 1578 faciles
1105 1525 1356 1582 attollere
1398 1543 1412 1591 ;
1455 1529 1581 1600 quia
1650 1531 1861 1588 nullum

252 1611 506 1682 vigorem
529 1614 790 1670 naturalis
810 1625 1009 1685 motus,
1033 1631 1352 1692 consumpta
1369 1622 1582 1693 jejunio
1604 1624 1860 1683 substan-

253 1705 333 1761 tia
392 1704 574 1761 dabat.
626 1707 822 1780 Figura
879 1711 993 1766 sola
1040 1711 1275 1770 hominis
1324 1729 1685 1787 remanserat,
1727 1737 1859 1779 usus

253 1797 631 1855 interciderat.
655 1799 958 1860 Simulacra
982 1819 1260 1874 cerneres,
1281 1808 1462 1866 oflicia
1491 1811 1851 1870 desiderares.

1972 610 2099 650 cum
2131 613 2325 654 sensus
2372 602 2589 671 quidem
2621 605 2829 663 doloris
2877 609 3175 680 interierat,
3220 613 3418 684 injuria
3467 631 3574 673 non

1971 688 2289 749 desistebat.
2323 694 2443 750 Non
2473 695 2702 754 deerant
2739 702 2902 759 etiam
2937 706 2989 760 itt
3023 708 3183 763 tantis
3213 709 3394 777 malis,
3425 711 3576 767 dcte-

1970 782 2146 840 riorcs
2173 787 2447 856 omnibus,
2495 791 2784 850 violatores
2823 797 2986 852 etiam
3027 801 3386 870 sepultorum.
3431 803 3572 871 Quid

1969 874 2147 932 dicam
2172 894 2278 934 non
2322 883 2600 940 horruisse
2627 901 2749 943 cum
2783 889 3075 948 illuderent
3101 897 3355 961 mortuis,
3381 905 3436 952 et
3455 897 3573 968 gla-

1969 970 2183 1027 diorum
2227 989 2449 1031 suorum
2479 981 2648 1035 aciem
2678 982 2731 1037 in
2783 983 3162 1042 defunctorum
3213 990 3571 1048 cadaveribus

1969 1069 2392 1133 przetentarent?
2415 1069 2666 1128 Nonnulli
2696 1077 2861 1132 etiam
2892 1079 3187 1136 viventium
3219 1083 3397 1140 adhuc
3419 1081 3446 1120 ά
3480 1102 3571 1140 ur-

1967 1161 2156 1231 gendis
2207 1165 2530 1233 corporibus
2582 1171 2989 1242 experirentur,
3033 1176 3078 1231 si
3129 1177 3233 1233 tela
3273 1179 3376 1234 sibi
3405 1188 3566 1236 acuta

1966 1253 2148 1310 forent
2177 1273 2190 1310 :
2221 1266 2278 1312 et
2306 1258 2394 1315 hic
2425 1270 2601 1318 tamen
2645 1280 2776 1322 usus
2808 1267 3078 1340 plerisque
3122 1272 3441 1342 rogantibus
3467 1273 3566 1330 de-

1968 1351 2289 1420 negabatur,
2340 1361 2396 1408 ut
2435 1354 2669 1413 miseros
2715 1359 2781 1414 ad
2822 1362 3069 1431 graviora
3095 1365 3367 1436 supplicia
3395 1367 3567 1424 fames

1964 1442 2369 1516 depasceretur.
2393 1447 2738 1520 Nequaquam
2771 1463 2948 1510 tamen
2973 1456 3106 1513 ultio
3131 1460 3408 1516 morituris
3436 1461 3568 1517 dee—

1965 1547 2091 1593 rat:
2126 1555 2248 1594 nam
2288 1540 2433 1612 quod
2472 1541 2581 1597 vivi
2609 1559 2716 1601 non
2768 1556 3080 1618 potuerant,
3123 1555 3470 1614 vindicabant
3503 1572 3565 1614 se

1964 1631 2188 1696 mortui,
2219 1631 2449 1688 ultorem
2478 1636 2584 1704 ,sui
2636 1636 2883 1694 fretorem
2938 1655 3212 1713 creantes,
3258 1664 3366 1720 quo
3410 1664 3470 1706 se
3496 1650 3564 1707 de

1961 1722 2262 1781 latronibus
2281 1726 2694 1784 ulciscerentur.
2720 1730 2820 1800 Qui
2841 1734 3080 1804 graviter
3097 1739 3388 1797 sazvientes
3409 1759 3562 1812 qum—

1961 1825 2257 1888 rentesque
2312 1819 2644 1888 remedium,
2698 1823 2934 1894 speciem
2993 1829 3280 1898 quamdam
3345 1834 3566 1902 pietatis

252 1890 426 1947 Arida
457 1897 598 1951 cutis
645 1897 805 1956 siccis
832 1901 1069 1958 bmrebat
1117 1905 1353 1961 ossibus.
1404 1907 1458 1964 Si
1511 1908 1643 1964 levis
1680 1920 1858 1968 motus
1886 1899 1935 1962 B
1966 1909 2272 1978 induerant,
2306 1912 2470 1966 etiam
2497 1913 2598 1984 ipsi
2627 1915 2716 1984 qni
2756 1915 3241 1990 latrocinabantur,
3284 1934 3338 1979 ut
3369 1939 3466 1979 eos
3495 1926 3565 1981 de

256 1987 538 2045 viventem
559 1995 834 2067 proderet,
859 1995 997 2054 fetor
1020 2002 1406 2072 redargucbat:
1431 2005 1603 2061 exiles
1631 2015 1781 2063 artus
1803 2018 1858 2064 et

249 2079 412 2136 color
442 2082 514 2138 ita
553 2085 728 2156 niger,
780 2097 836 2144 ut
867 2092 1110 2148 umbram
1152 2105 1393 2166 putares.
1447 2096 1555 2153 Nec
1595 2097 1855 2153 humandi

254 2173 481 2233 miseris
524 2178 702 2236 officia
747 2185 1181 2256 suppeditabant,
1215 2189 1498 2247 exhaustis
1539 2191 1716 2262 primo
1736 2207 1854 2247 om-

253 2266 419 2323 nibus
457 2280 512 2326 et
539 2274 799 2332 continuo
829 2280 1128 2336 morituris.
1170 2281 1237 2338 Et
1265 2283 1310 2338 si
1353 2285 1438 2340 cui
1478 2286 1618 2342 vires
1648 2286 1856 2359 aliquas

251 2362 532 2419 recentior
575 2367 729 2424 cibus
774 2369 960 2438 dabat,
1008 2375 1286 2446 congestio
1333 2377 1657 2435 cadaverum
1703 2393 1854 2450 Spem

254 2453 564 2523 ademerat,
637 2461 1130 2534 impossibilitatem
1203 2470 1526 2527 incusserat.
1603 2471 1855 2545 Plerique

255 2548 420 2604 etiam
464 2553 764 2613 condendis
791 2573 1014 2617 suorum
1055 2563 1335 2623 funeribus
1385 2568 1852 2639 immoriebantur,

255 2653 314 2698 et
361 2645 630 2718 inexpleta
674 2655 911 2725 supremi
959 2661 1201 2716 muneris
1242 2662 1443 2731 officia,
1489 2681 1589 2722 suo
1640 2682 1855 2739 quoque

255 2735 406 2793 obitu
467 2740 935 2816 derelinquebant.
1004 2751 1252 2811 Ruebant
1317 2773 1480 2828 super
1544 2735 1852 2828 defunctos,

256 2844 395 2899 quos
421 2847 772 2906 susceperant
802 2844 1147 2914 muniendos,
1179 2859 1236 2905 ut
1281 2851 1394 2921 ipse
1438 2869 1650 2925 quoque
1699 2857 1854 2913 oneri

258 2926 564 2998 accederet,
590 2931 676 2987 cui
709 2933 938 2994 levando
963 2939 1278 3012 advenerat,
1311 2945 1559 3020 indigens
1587 2951 1706 3021 ejus
1753 2954 1855 3010 mi-

259 3017 483 3075 nisterio
527 3024 671 3094 quod
709 3027 802 3084 alii
829 3029 1124 3090 deferebat.
1174 3035 1288 3094 Nec
1339 3017 1454 3095 erat
1496 3017 1637 3098 ullus
1678 3044 1850 3101 dolori

261 3113 405 3168 locus
453 3112 508 3170 in
547 3121 819 3176 communi
874 3125 1113 3182 omnium
1166 3130 1496 3202 calamitate,
1553 3136 1654 3193 nisi
1709 3139 1852 3208 quod

259 3215 512 3265 auctores
543 3221 704 3270 tanta:
737 3218 968 3276 miseriae
1006 3225 1448 3294 superviverent,
1491 3245 1589 3286 nec
1641 3239 1854 3304 tempus

1964 2003 2183 2074 publico
2221 2004 2414 2060 a-rario
2463 2009 2681 2077 sepeliri
2704 2009 2980 2080 juberent.
3013 2013 3118 2070 Sed
3162 2017 3250 2073 ubi
3281 2019 3561 2089 nequitum

1961 2113 2274 2167 occurrere,
2315 2099 2385 2156 de
2416 2117 2572 2157 nturo
2607 2103 2988 2163 defunctorum
3023 2109 3280 2181 reliquias
3327 2114 3380 2168 in
3431 2129 3561 2184 pro-

1963 2189 2123 2245 funda
2157 2191 2455 2263 praecipitia
2502 2194 2852 2264 dejiciebant.
2884 2198 3068 2271 Itaque
3090 2203 3365 2274 aspiciens
3403 2207 3561 2264 Titus

1962 2296 2267 2356 prmruptos
2293 2301 2490 2358 specus
2513 2289 2703 2360 plenos
2727 2291 3078 2364 cadaverum,
3101 2298 3310 2355 saniem
3339 2303 3363 2331 °
3386 2302 3454 2360 de
3475 2303 3560 2360 la-

1959 2380 2158 2436 ceratis
2202 2382 2502 2438 viseeribus
2567 2383 2928 2455 innatantem,
2986 2391 3094 2448 alte
3163 2393 3451 2465 ingemuit;
3505 2413 3563 2460 et

1959 2487 2153 2528 manus
2176 2473 2244 2528 ad
2274 2474 2472 2531 cmlum
2515 2477 2758 2546 elevans,
2807 2482 3108 2540 testabatur
3137 2484 3556 2563 haudquaquam

1960 2567 2091 2623 illud
2124 2568 2226 2624 sibi
2256 2571 2662 2641 ascribettdum,
2716 2575 2808 2646 qui
2849 2578 3114 2635 voluisset
3153 2583 3368 2639 veniant
3401 2585 3558 2656 dare,

1957 2659 2001 2714 si
2024 2659 2230 2716 deditio
2257 2663 2610 2731 procederet:
2635 2680 2984 2738 exspectasse
3013 2687 3074 2728 se
3092 2683 3149 2728 ut
3179 2689 3366 2745 pacem
3393 2693 3554 2750 roga-

1958 2762 2117 2809 rent:
2149 2764 2394 2825 paratum
2435 2771 2495 2812 se
2527 2766 2584 2813 ut
2627 2759 2927 2818 incolumes
2972 2774 3238 2834 servaret,
3269 2767 3316 2840 si
3350 2769 3552 2826 bellum

1956 2846 2383 2919 deposuissent:
2423 2850 2580 2920 jubet
2611 2852 2791 2922 itaque
2841 2869 3067 2926 aggeres
3115 2872 3305 2914 rursus
3341 2860 3549 2930 jacere,

1957 2939 2122 2996 etiam
2151 2958 2258 2997 non
2288 2943 2775 3016 propinquantibus
2802 2949 2975 3017 silvis,
3000 2950 3124 3021 quia
3157 2952 3365 3009 succisa
3390 2967 3551 3011 erant

1955 3035 2134 3091 omnia
2163 3036 2473 3094 subttrbana
2507 3055 2728 3096 nemora
2757 3041 3039 3098 silvarum.
3070 3043 3355 3102 Vehebant
3381 3058 3556 3104 mate-

1955 3128 2090 3183 riam
2125 3129 2349 3196 milites,
2395 3145 2492 3203 spe
2537 3131 2776 3190 victoriae
2830 3137 3070 3194 solantes
3124 3139 3388 3196 laborem.
3442 3141 3556 3200 Nec

1957 3231 2138 3279 tamen
2185 3224 2572 3298 frangebantur
2617 3229 2814 3285 animis
2865 3232 3140 3304 principes
3189 3234 3549 3294 seditionum.

260 3302 494 3371 querelae
519 3305 704 3364 liberis
731 3313 1068 3387 quidemjam
1094 3321 1348 3390 vocibus,
1371 3325 1415 3379 si
1441 3325 1584 3397 loqui
1605 3302 1848 3398 possem,
1878 3305 1925 3370 C
1959 3316 2426 3386 FurebatSimon,
2459 3337 2560 3378 nec
2586 3333 2859 3379 tantorum
2897 3326 3166 3383 mortibus
3210 3337 3556 3386 exsaturatus

260 3393 396 3460 Quid
428 3399 571 3454 enim
603 3402 705 3458 sibi
732 3405 844 3476 jam
885 3411 1183 3469 morientes
1230 3393 1638 3484 timerent,vsed
1671 3431 1850 3480 tamen

261 3487 422 3544 mutis
441 3493 552 3561 jam
583 3497 836 3556 sensibus
871 3502 1197 3574 aSpicientes
1223 3509 1504 3580 templum,
1540 3512 1694 3582 quasi
1726 3514 1852 3571 inde

263 3581 394 3640 ultio
423 3594 530 3643 tam
551 3589 654 3646 diri
697 3594 872 3652 exitus
898 3597 1324 3670 deposceretur?
1351 3607 1621 3663 Aruerant
1659 3625 1851 3682 supre-

262 3692 471 3736 morum
518 3687 834 3745 bnutnerutn
865 3692 1139 3768 lacrymm,
1180 3699 1303 3770 quia
1333 3715 1548 3757 omnem
1599 3701 1849 3760 affectum

264 3775 339 3829 vis
366 3777 491 3833 mali
521 3779 810 3840 clauserat.
839 3785 1163 3858 Obriguerat
1187 3795 1421 3861 animus,
1455 3797 1636 3852 omnis
1656 3813 1852 3854 sensus

263 3866 519 3940 hzerebat,
550 3875 671 3945 plus
692 3894 849 3950 quam
874 3882 1216 3955 lacrymanda
1245 3888 1600 3947 tolerantibus
1630 3909 1642 3944 :
1666 3892 1854 3948 deerat

258 3959 365 4030 jam
409 3974 549 4022 terra
607 3972 849 4038 tumulis,
896 3973 1127 4032 defossis
1165 3980 1419 4037 omnibus
1474 3983 1610 4037 intra
1661 3984 1850 4040 urbem

264 4051 413 4124 locis,
490 4075 611 4127 quae
660 4072 952 4132 potuerunt
996 4066 1126 4123 dare
1176 4085 1330 4124 usum
1373 4073 1853 4144 sepulcri.Tenta-

267 4145 388 4202 bant
412 4149 576 4223 aliqui
607 4153 748 4210 inter
783 4157 920 4213 duos
947 4175 1151 4227 muros,
1182 4177 1378 4217 novum
1433 4166 1654 4235 ostium,
1699 4175 1850 4222 vete-

264 4256 484 4315 remque
514 4249 662 4305 urbis
709 4253 1000 4322 procedere
1030 4265 1296 4313 nocturno
1329 4259 1547 4315 silentio
1579 4279 1592 4314 :
1642 4263 1855 4332 pericu-

266 4333 377 4389 losa
407 4336 552 4406 licet,
586 4341 670 4413 pia
702 4353 879 4401 tamen
920 4347 1056 4402 furta
1104 4360 1506 4417 persuaserant.
1548 4352 1732 4423 Itaque
1755 4369 1853 4424 pro

266 4442 369 4482 uno
409 4431 588 4500 plures
619 4435 870 4506 insepulti
913 4437 1193 4509 jacebattt,
1222 4451 1276 4497 et
1315 4458 1382 4500 eo
1422 4445 1562 4514 quod
1616 4446 1704 4501 uni
1759 4447 1856 4502 dc-

268 4520 402 4578 ferrc
430 4526 726 4596 gestierant
759 4547 854 4600 pro
876 4533 1169 4590 °bonorum
1203 4552 1428 4595 munere
1456 4538 1851 4596 defraudahan-

271 4628 386 4672 tttr:
429 4621 705 4677 sedctiam
739 4625 827 4679 ubi
851 4625 1022 4682 hostis
1062 4629 1268 4699 deerat,
1303 4632 1473 4688 fames
1499 4633 1848 4704 operabatur.

270 4711 518 4798 Sepultnr
557 4718 876 4791 plerumque
925 4723 1296 4793 prteveniebat
1347 4727 1748 4798 sepeliendum,
1797 4739 1851 4785 et

270 4792 469 4862 tumulo
495 4824 561 4865 eo
588 4828 745 4882 quem
787 4813 875 4870 alii
908 4827 1213 4889 paraverat,
1260 4819 1637 4876 includebatur
1669 4821 1852 4878 subito

272 4901 526 4957 exanimis
555 4921 568 4958 :
601 4914 653 4959 et
677 4905 859 4976 lapsus
889 4922 1011 4962 cum
1043 4909 1272 4978 defodit,
1306 4912 1452 4968 velut
1475 4914 1706 4983 quodam
1738 4923 1856 4970 stu-

272 4993 353 5048 die
383 4995 561 5066 operis
591 4999 697 5065 sui,
743 4999 833 5068 jus
877 5000 1202 5057 vindicabat.
1249 5002 1318 5058 Et
1348 5005 1437 5059 ubi
1477 5015 1619 5061 terra
1645 5005 1853 5075 deerat,

277 5088 506 5146 tabulata
561 5092 997 5163 innectebantur,
1051 5106 1108 5151 ut
1157 5095 1538 5155 defunctorttm
1593 5098 1858 5156 cadavera

277 5179 464 5238 loculis
491 5183 918 5242 includerentur.
949 5187 1201 5258 Plerique
1223 5203 1316 5244 eos
1339 5189 1440 5246 sibi
1473 5191 1574 5260 ipsi
1598 5191 1862 5260 parabant

276 5279 515 5334 manibus
539 5279 674 5342 suis,
710 5295 779 5335 ne
809 5279 1074 5335 deﬁceret
1106 5282 1415 5351 hujusmodi
1458 5283 1854 5355 ministerium;

275 5379 424 5442 atque
448 5372 500 5427 in
532 5371 614 5426 bis
635 5386 757 5427 sese
785 5388 932 5444 saepe
956 5385 1154 5442 sponte
1180 5374 1508 5443 condebant,
1530 5377 1771 5445 suspecti
1795 5394 1863 5434 ne

276 5480 412 5522 mors
440 5468 788 5540 praeveniret,
830 5477 884 5522 et
923 5468 1168 5539 sepultor
1195 5470 1432 5530 deesset.
1465 5471 1716 5529 Silebant
1741 5488 1864 5527 om:

279 5562 354 5617 nia
385 5576 554 5631 metu,
579 5562 755 5618 inedia
779 5577 966 5618 vocem
987 5562 1290 5631 ademerat,
1315 5566 1508 5623 civitas
1532 5565 1688 5636 plena
1714 5581 1859 5622 utor-

344 5697 368 5759 fl
411 5684 645 5759 Itepletw
669 5694 812 5759 erant
843 5684 1095 5738 universw
1117 5685 1329 5739 semita.
1363 5684 1531 5740 Bann.

345 5755 374 5795 δ
416 5755 714 5811 Himeram.
748 5755 823 5811 ID.

349 5830 370 5894 ἦ
411 5826 674 5882 Bonorum
702 5842 915 5894 operum
941 5841 1169 5881 munere.
1214 5825 1284 5880 In.

347 5891 373 5930 ⁶¹
413 5898 687 5970 Figendis.
720 5891 806 5954 Al.
841 5898 983 5952 vittis.
1011 5897 1082 5952 In.

1955 3409 2218 3478 cedebat;
2250 3421 2306 3468 et
2331 3415 2457 3486 quia
2488 3416 2694 3472 inimici
2723 3417 2920 3476 deesse
2949 3432 3254 3491 coeperant,
3287 3423 3342 3478 in
3372 3425 3556 3481 socios

1954 3505 2395 3562 convertebatur.
3150 3507 3154 3510 ’

2526 3600 2758 3658 CAPUT
2798 3601 2968 3658 XXII.

2029 3693 2270 3764 Denique
2301 3707 2401 3748 nec
2429 3693 2709 3750 Matthiam
2738 3697 2983 3767 quidem,
3009 3713 3117 3768 quo
3142 3711 3364 3759 auctore
3387 3705 3439 3758 in
3466 3721 3558 3762 ur-
3601 3713 3604 3720 '

1953 3784 2078 3841 hem
2107 3797 2360 3857 receptus
2380 3798 2463 3842 εει
2487 3783 2507 3823 ί
2533 3789 2900 3844 excruciatum
2923 3791 3156 3858 necavit,
3183 3793 3384 3849 nullius
3412 3801 3556 3868 apud

1955 3891 2016 3931 se
2038 3877 2346 3932 convictum
2376 3875 2696 3948 ﬂagitii,sed
2727 3879 3096 3936 insimulatum
3125 3884 3472 3957 proditionis,
3499 3901 3556 3946 et

1957 3979 2268 4040 suspectum
2312 3970 2564 4038 consilii,
2613 3971 2755 4041 quod
2786 3970 2840 4026 in
2883 3987 3040 4032 usum
3073 3973 3248 4044 plebis
3277 3976 3470 4034 sedulo
3499 3993 3555 4037 et

1955 4065 2075 4120 sine
2099 4065 2206 4119 ulla
2239 4064 2460 4132 fraude,
2495 4074 2766 4137 tamquam
2798 4065 3051 4124 familiari
3079 4069 3392 4128 crediderat
3417 4074 3553 4134 insi-

1960 4158 2257 4212 nuandnm.
2288 4156 2342 4213 ld
2375 4157 2482 4214 alte
2511 4159 2836 4230 impressum
2868 4161 3198 4233 aliquamdiu
3228 4169 3422 4236 tenuit,
3453 4186 3554 4228 nec

1957 4250 2062 4320 jam
2119 4266 2179 4306 se
2210 4260 2267 4305 ut
2297 4251 2472 4305 amico
2501 4251 2750 4320 credidit,
2785 4253 2880 4308 sed
2925 4254 3059 4310 aluit
3087 4256 3512 4330 indignationem
3536 4307 3551 4334 ,

1957 4341 2156 4398 indicio
2220 4341 2580 4398 dissimulato.
2640 4344 2781 4416 Ergo
2845 4346 3218 4406 insimulatum
3273 4353 3416 4423 apud
3467 4372 3551 4425 se,

1956 4435 2100 4506 quod
2122 4449 2242 4492 cum
2279 4435 2541 4492 Romanis
2567 4437 2746 4493 studio
2771 4450 3097 4512 congrueret
3127 4451 3180 4497 et
3215 4446 3554 4517 conveniret,

1958 4531 2079 4602 rapi
2109 4545 2232 4585 cum
2279 4529 2406 4584 filiis
2447 4529 2623 4600 jubet.
2662 4541 2686 4579 8
2711 4531 3044 4598 Accersitur,
3078 4549 3178 4590 nec
3219 4535 3556 4595 defensionis

1959 4623 2064 4678 ulla
2092 4623 2246 4694 copia
2272 4622 2428 4677 datttr
2451 4639 2463 4676 :
2487 4632 2612 4678 ante
2643 4639 2868 4679 examen
2891 4623 3234 4696 adjudicatur
3255 4630 3521 4700 supplicio
3539 4675 3554 4700 ,

1957 4732 2056 4773 nec
2097 4717 2213 4788 ejus
2251 4717 2467 4773 soboles
2508 4716 2798 4787 excipitur,
2848 4718 2943 4772 sed
2996 4734 3169 4788 paena:
3221 4721 3554 4795 adjungitur.

1957 4810 2158 4866 Orabat
2205 4825 2312 4865 non
2367 4811 2491 4865 vitae
2539 4825 2781 4878 usuram,
2814 4813 2908 4866 sed
2953 4814 3142 4868 mortis
3185 4815 3556 4886 celeritatem,

1961 4917 2167 4962 natura:
2207 4906 2485 4972 ordinent;
2518 4914 2576 4962 ut
2617 4906 2764 4978 prior
2805 4905 3173 4975 occideretur,
3208 4924 3277 4964 ne
3322 4910 3561 4968 filiorum

1961 5016 2124 5057 ncces
2150 5011 2444 5073 spectaret,
2479 5015 2579 5057 nec
2616 5011 2893 5072 superstes
2927 5011 3074 5058 esset
3113 5001 3390 5059 funeribus
3421 5005 3560 5062 lihe-

1964 5112 2146 5154 rorum
2194 5111 2438 5163 suorum,
2485 5095 2601 5168 ipse
2649 5097 2904 5152 continuo
2944 5096 3102 5153 funus
3151 5097 3411 5155 futurus:
3453 5116 3562 5158 non

1967 5194 2299 5264 impetravit,
2332 5193 2475 5264 quod
2519 5193 2632 5261 ipsa
2664 5191 2836 5261 pietas
2866 5192 3144 5264 exigebat,
3187 5192 3400 5249 etiamsi
3451 5207 3562 5249 non

1968 5297 2205 5359 rogat-et.
2242 5287 2354 5342 Hoc
2390 5285 2614 5358 rogabat
2657 5285 2760 5340 sibi
2807 5285 2963 5342 reddi
2994 5303 3093 5359 pro
3138 5300 3386 5351 munere,
3419 5287 3565 5354 quod

1967 5383 2019 5439 ei
2042 5383 2230 5438 urbem
2281 5382 2614 5452 aperuisset:
2642 5395 2770 5437 reus
2801 5381 3018 5450 quidem
3051 5381 3260 5453 patriae,
3311 5377 3408 5433 sed
3433 5392 3570 5433 con-

1967 5475 2185 5530 ciliator
2211 5472 2472 5530 Simonis.
2509 5474 2766 5530 Debuerit
2792 5473 2881 5529 ille
2913 5474 3051 5530 hanc
3089 5486 3305 5543 poenam
3336 5471 3571 5539 civibus,

1970 5569 2204 5626 debebat
2231 5577 2411 5622 tamen
2432 5569 2482 5623 ei
2514 5568 2698 5626 Simon
2726 5569 2978 5638 gratiam.
3007 5567 3126 5636 Quo
3145 5564 3434 5630 crudelior,
3476 5569 3572 5636 qui

2043 5696 2066 5724 ο
2107 5685 2438 5740 Dilaceratis.
2473 5685 2550 5741 In.

2050 5757 2071 5795 ί
2112 5757 2299 5812 Codex
2331 5768 2473 5817 vet..
2502 5755 2935 5812 inexcruciatum.
2965 5754 3020 5810 lo

2044 5833 2067 5867 ε
2110 5828 2413 5883 Arcessitur.
2445 5829 2517 5882 In.
