4082 6344
464 288 611 363 2165

1793 277 2039 351 sanan
2079 275 2407 366 annuum

3621 277 3764 349 ειθι

468 426 570 466 nec
620 406 798 471 amico
850 401 1125 484 pepercit,
1158 414 1260 457 nec
1296 409 1528 485 patrono
1573 399 1903 485 receptionis
1951 415 2065 469 sua:
2093 401 2144 479 Α
2172 416 2357 469 muros
2398 400 2719 472 pragliabare
2753 419 2765 456 :
2797 401 2892 469 ille
2921 402 3267 465 obsidionem
3295 401 3510 469 volebat
3531 400 3761 469 solrum,

472 520 683 576 pennam
721 499 1004 557 relaxavit.
1036 498 1263 553 Ducitur
1287 494 1353 550 ad
1408 494 1733 569 supplicium
1767 504 1919 579 pater
1943 510 2067 565 eum

469 598 643 654 tribus
669 596 858 655 liberis
886 610 900 648 :
934 607 1058 646 nam
1084 597 1309 662 quartus
1353 587 1475 660 fuga
1504 604 1564 649 se
1601 599 1906 656 exemerat.
1942 588 2067 655 δια.

472 693 643 755 tuitur
691 690 744 745 iu
792 696 1088 759 conspectu
1135 683 1345 744 romani
1383 683 1656 741 exercitus
1705 681 2070 748 insultationis

474 784 680 869 specie,
715 790 768 837 ut
807 779 1131 852 supplicium
1161 777 1277 855 ejus
1304 776 1573 847 viderent,
1612 776 1677 829 ad
1720 790 1856 847 quos
1885 773 2072 847 egredi

473 877 859 934 desiderasset.
888 873 1145 928 Liberent
1168 877 1221 929 te
1248 871 1433 942 itaque
1461 869 1506 925 si
1534 876 1763 943 possunt
1785 869 1945 924 amici
1973 868 2070 929 tui.

476 969 827 1026 Deducuntur
849 975 901 1021 et
930 964 1048 1031 lilii,
1080 978 1181 1023 nec
1202 977 1458 1036 suprema
1489 962 1677 1021 liberis
1704 962 1889 1031 oscula
1918 961 2072 1030 dare,

478 1080 579 1120 nec
602 1063 795 1119 ultimo
816 1060 1105 1137 complexu
1133 1058 1275 1117 lilios
1300 1057 1579 1127 suscipere
1608 1058 1905 1131 permissus
1930 1075 1944 1111 :
1967 1073 2075 1113 non

478 1155 764 1212 fraudatus
791 1161 970 1208 tamen
994 1151 1144 1207 vocis
1162 1158 1187 1187 ιι
1210 1159 1449 1221 paternae
1477 1149 1752 1216 libertate,
1782 1148 2077 1219 miserabill

480 1249 621 1317 filios
650 1247 893 1318 alloquio
919 1243 1369 1317 prosequebatur.
1391 1244 1526 1319 Ego,
1550 1243 1665 1310 lilii,
1686 1242 1843 1298 vobis
1864 1242 2078 1300 hostem

480 1340 692 1409 induxi,
720 1354 822 1411 ego
849 1322 1134 1394 carnifices
1161 1335 1410 1401 adhibui,
1441 1336 1659 1409 quando
1687 1334 1969 1393 Simonem
1999 1335 2081 1399 in-

487 1434 640 1505 gredi
676 1433 727 1488 in
764 1432 951 1488 urbem
976 1433 1177 1503 rogavi.
1210 1429 1306 1485 Ille
1331 1429 1449 1485 dies
1478 1428 1637 1486 nobis
1668 1429 1858 1485 mortis
1888 1429 2077 1499 hujus,

483 1527 575 1582 ille
607 1524 945 1597 parricidalis
969 1539 1134 1580 causa
1172 1523 1497 1609 spectaculi.
1525 1522 1719 1590 Merui,
1751 1520 1947 1590 fateor,
1982 1535 2083 1577 nec

480 1621 694 1691 culpam
721 1633 925 1675 excuso
950 1637 962 1672 :
992 1617 1121 1673 dum
1152 1633 1316 1677 unum
1348 1616 1648 1695 reprimere
1668 1616 1870 1691 gestio,
1899 1629 2085 1671 accer-

484 1713 585 1769 sivi
616 1712 968 1768 deteriorem.
1004 1710 1085 1766 Ad
1135 1709 1397 1765 auxilium
1440 1709 1629 1765 Simon
1669 1708 1902 1780 petitus,
1933 1717 1985 1763 et
2016 1706 2085 1762 ad

487 1806 836 1881 parricidium
884 1808 1075 1887 patriae
1119 1820 1465 1867 conversus:
1511 1804 1699 1863 sedula
1749 1803 1977 1858 consilia
2030 1802 2084 1857 in

2178 505 2230 561 tn
2254 494 2709 569 exnugnationem
2738 498 3145 567 approperabas
3178 514 3191 551 :
3223 498 3314 552 ille
3341 494 3662 567 prohibebat
3689 496 3768 551 in-

2176 589 2363 651 cendia
2394 600 2596 645 nostra:
2622 589 2793 655 urbis.
2818 598 2876 646 tu
2898 590 3149 655 ﬂammas
3176 591 3228 647 in
3256 590 3370 662 ipsa
3394 589 3583 660 templi
3602 587 3771 660 jacio-

2181 683 2272 743 bas
2302 683 2509 761 fastigia
2535 700 2547 737 :
2573 682 2666 747 ille
2696 692 3007 755 nostrorum
3040 684 3283 747 contuitu
3307 692 3773 753 sacramenlowm

2180 775 2425 839 inducias
2464 775 2663 841 dabat,
2706 787 2760 833 tu
2797 792 2892 849 per
2922 778 3077 853 ipsos.
3104 793 3386 845 sacrorum
3435 776 3555 845 dies
3582 775 3775 843 altaria

2181 869 2276 926 Dei
2309 883 2564 940 supremo
2595 869 2745 927 urbis
2774 869 3011 937 excidio,
3039 870 3384 939 sacerdOtttm
3414 883 3635 943 quoque
3656 882 3779 923 san-

2180 964 2346 1035 gnine
2387 963 2763 1035 reStingnebas
2798 982 2811 1018 :
2867 964 2956 1023 ille
3002 979 3212 1035 muros,
3243 973 3297 1029 tu
3330 962 3593 1034 templum
3623 960 3779 1027 obsa-

2183 1056 2361 1113 deras.
2389 1067 2412 1093 ε
2441 1056 2787 1123 Coacerbabo
2812 1059 3039 1119 crimina
3074 1074 3212 1129 mea.
3243 1060 3353 1129 ligo
3372 1056 3562 1127 patria
3586 1069 3778 1125 manus

2182 1150 2363 1214 intuli,
2394 1165 2496 1222 ego
2520 1159 2668 1215 tuum
2700 1150 2944 1211 furorem
2977 1152 3209 1225 armavi,
3231 1166 3335 1224 ego
3365 1151 3486 1221 haec
3514 1151 3772 1217 universa

2184 1245 2541 1311 delirameuto
2588 1245 2821 1318 quodam
2877 1247 3179 1307 senectutis,
3226 1244 3245 1285 ί
3303 1246 3457 1317 initia
3507 1246 3779 1315 impressi.

2185 1337 2438 1421 Agnosco
2465 1337 2737 1399 dementis
2760 1340 2935 1409 aetatis
2958 1339 3400 1411 imprudentiam.
3424 1337 3782 1405 Confessione

2189 1436 2433 1499 levemus
2490 1435 2751 1515 pudorem
2785 1479 2801 1504 ,
2861 1437 3121 1508 quoniam
3191 1434 3439 1508 negando
3504 1440 3783 1503 pggcalllm

2187 1544 2389 1595 exuere
2433 1545 2542 1601 non
2592 1544 2899 1601 possumus.
2946 1531 3061 1595 Duo
3107 1544 3219 1602 pra;
3266 1527 3479 1599 elateri;
3517 1525 3784 1597 excidium

2191 1623 2381 1692 patria:
2415 1620 2840 1689 acceleravimus
2871 1639 2886 1678 :
2935 1636 3037 1693 ego
3066 1636 3259 1681 errore
3286 1620 3535 1690 consilii,
3580 1626 3639 1677 ιιι
3663 1631 3786 1687 pro-

2191 1714 2370 1791 positu
2401 1712 2694 1785 parricidii.
2720 1713 2908 1771 Penda
2933 1713 3093 1787 igitur
3114 1760 3129 1787 ,
3164 1712 3359 1788 patria,
3396 1712 3491 1782 tibi
3521 1720 3548 1771 ις
3580 1708 3788 1781 deditas

2192 1822 2383 1882 poenas
2417 1827 2428 1861 :
2463 1817 2517 1865 et
2558 1808 2663 1865 hoc
2692 1810 2811 1891 ipso
2848 1809 3055 1879 Simoni
3080 1810 3285 1881 gratias
3307 1822 3445 1880 ago,
3475 1803 3625 1877 quod
3648 1803 3792 1869 cine-

484 1904 690 1958 crimen
718 1881 967 1967 dedusit.
994 1900 1094 1961 Bel
1118 1895 1147 1937 δ
1172 1899 1371 1959 luimus
1401 1895 1610 1979 patriae,
1634 1894 1722 1971 qui
1740 1893 2086 1953 defensorem
2118 1881 2167 1941 Β
2194 1881 2345 1960 ribus
2368 1900 2476 1955 tuis
2505 1881 2784 1974 superstes
2809 1916 2916 1957 non
2940 1917 3058 1957 ero.
3083 1900 3259 1972 Atque
3287 1899 3491 1967 utinam
3522 1912 3635 1971 non
3662 1896 3791 1960 lihe-

486 1994 857 2066 quzesivimus.
890 1992 957 2047 Et
986 1999 1134 2047 recte
1178 1988 1396 2061 quidem
1435 1988 1698 2044 solvimus
1729 2001 1947 2058 poenam
1985 1987 2088 2040 im-

490 2087 814 2159 prudentiae,
845 2098 952 2140 non
983 2093 1163 2140 tamen
1193 2081 1460 2155 perfidiae.
1488 2078 1739 2136 Absolvit
1773 2093 1872 2134 nos
1900 2077 2090 2145 Simon

488 2184 605 2254 ipse
630 2224 646 2248 ,
686 2181 813 2237 dum
857 2180 1116 2268 perimit:
1171 2177 1261 2261 qui
1305 2176 1624 2248 pronuntiat
1654 2190 1762 2229 non
1804 2173 1909 2227 sibi
1938 2187 1969 2226 a
2006 2186 2092 2228 me

491 2276 790 2339 donatum,
842 2274 937 2328 sed
988 2271 1178 2345 patrim
1223 2268 1473 2327 contuitu
1518 2267 1782 2339 petitum,
1816 2273 2095 2322 utcontra

491 2367 718 2424 Joannis
768 2366 1032 2421 saevitiam
1084 2362 1289 2419 auxilio
1340 2361 1583 2427 futurus,
1639 2374 1803 2437 quam
1860 2360 2094 2430 primum

492 2461 730 2524 adesset,
758 2467 814 2514 et
841 2456 1109 2513 Idumaeos
1136 2455 1441 2511 induceret.
1486 2453 1855 2523 Putabamns,
1885 2450 2097 2512 duobus

496 2553 642 2609 inter
690 2566 752 2608 se
801 2562 823 2591 ο
862 2549 1297 2617 conferentibus,
1330 2547 1555 2602 liberam
1595 2545 1809 2617 plebem
1836 2543 2097 2607 futuram.

495 2647 628 2715 Quis
656 2645 789 2702 mihi
820 2644 1087 2711 crederet,
1123 2658 1229 2699 non
1256 2642 1351 2698 tibi
1375 2641 1428 2697 id
1461 2656 1585 2696 meo
1608 2640 1789 2695 studio
1813 2639 2097 2705 detulisse,

497 2739 595 2796 sed
634 2740 702 2796 de
742 2739 930 2805 malis,
963 2739 1066 2794 hoc
1097 2737 1433 2806 tolerabilius
1462 2735 1853 2802 aestimavisse,
1897 2733 2000 2789 nisi
2045 2741 2101 2793 tu

498 2833 823 2891 occideres?
863 2832 972 2890 Sed
1019 2831 1148 2904 quid
1195 2846 1297 2902 ego
1326 2831 1407 2885 sic
1445 2831 1673 2907 loquor,
1706 2828 1858 2903 quasi
1892 2826 2102 2882 crimen

500 2929 803 2986 excusem?
839 2926 987 2997 Nihil
1026 2941 1159 2983 sane
1195 2940 1313 2991 mea
1358 2924 1633 2979 sententia
1669 2922 1889 2994 gravius
1921 2919 2104 2975 facere

504 3023 684 3094 potui,
734 3036 896 3092 quam
941 3018 1085 3091 quod
1134 3027 1187 3074 te
1234 3020 1287 3072 in
1317 3016 1623 3075 cervicibus
1672 3015 1871 3069 nostris
1901 3012 2101 3071 locavi.

502 3118 612 3175 Sed
656 3118 707 3172 in
760 3132 826 3172 eo
866 3116 1052 3187 patria:
1099 3129 1246 3181 reus,
1280 3128 1387 3167 non
1430 3112 1522 3166 tibi
1556 3110 1773 3166 fuerim.
1811 3109 2103 3165 Debuerim

504 3227 603 3283 ego
634 3210 844 3267 civibus
875 3216 1133 3271 mortem,
1158 3205 1252 3261 sed
1283 3216 1336 3260 tu
1370 3203 1501 3258 mihi
1530 3203 1779 3275 gratiam,
1815 3199 2105 3255 Debuerim

508 3265 697 3375 patri-.1:
744 3318 959 3375 poenam
990 3299 1345 3371 proditionis,
1373 3298 1514 3368 quod
1531 3265 1596 3351 te
1622 3296 1953 3351 induxerim.
1986 3294 2105 3349 Τιιιὶ
2133 3265 2179 3329 C

504 3401 721 3470 quando
745 3380 997 3468 proditor
1019 3409 1139 3450 esse
1167 3392 1352 3464 coepi?
1380 3392 1435 3448 Si
1466 3390 1779 3462 fugiendum
1809 3397 2109 3475 putassem,

506 3493 886 3550 consulueram
915 3487 1071 3555 mihi,
1099 3503 1204 3553 non
1235 3487 1563 3557 violaverant
1595 3486 1783 3555 patrize
1809 3486 2109 3539 necessitu-

509 3589 716 3643 dinem.
756 3583 886 3651 Quis
937 3582 1083 3637 eniut
1138 3582 1349 3636 hostem
1400 3595 1507 3634 non
1550 3578 1776 3650 defugit,
1812 3585 1867 3632 ct
1897 3577 2110 3639 hostem

508 3658 821 3743 internum?
847 3681 915 3732 At
946 3687 996 3731 te
1024 3676 1197 3730 civem
1232 3674 1558 3749 putavimus,
1592 3671 1689 3727 sed
1717 3676 1929 3729 hostem
1960 3673 2111 3735 inve-

512 3779 711 3832 nimus.
746 3771 828 3843 Ad
872 3770 1137 3827 auxilium
1174 3768 1396 3849 petitus,
1443 3748 1572 3837 quid
1600 3765 1942 3837 rependisti?
1971 3764 2112 3853 Quid

511 3877 637 3924 ante
673 3863 983 3941 pollicitus?
1010 3871 1065 3919 et
1096 3876 1201 3932 quo
1244 3870 1429 3941 postea
1460 3860 1799 3915 conversus?
1828 3857 2114 3932 Ingressus

512 3976 662 4030 eras,
704 3969 764 4016 ιιι
796 3957 1007 4023 hostem
1036 3956 1377 4028 expelleres,
1407 3970 1515 4009 non
1550 3960 1609 4008 ut
1638 3952 1853 4009 hostem
1891 3967 2116 4010 exerce-

515 4070 606 4114 res
641 4073 655 4110 :
690 4065 747 4110 ut
774 4051 1010 4107 ferocem
1048 4048 1220 4137 ipsius
1253 4048 1511 4117 impetum
1542 4047 1890 4119 reprimeres,
1924 4060 2031 4100 non
2056 4050 2116 4099 ut

513 4150 580 4206 ad
623 4147 826 4214 bellum
856 4157 1181 4217 provocares
1212 4161 1225 4198 :
1255 4149 1313 4195 ut
1346 4140 1668 4212 prohibcrcs
1700 4138 1899 4193 civium
1924 4152 2113 4205 neces,

518 4258 624 4297 non
659 4249 716 4297 ut
757 4240 875 4310 ipse
905 4235 1227 4308 adjungeres
1258 4251 1270 4287 :
1305 4243 1363 4289 ιιι
1392 4232 1737 4291 latrocinium
1781 4231 2115 4302 repelleres,

518 4350 627 4390 non
669 4342 729 4388 nt
764 4331 882 4403 ipse
927 4324 1362 4393 latrocinareris,
1395 4324 1490 4381 sed
1520 4334 1581 4383 ut
1610 4324 1932 4389 subvenires
1958 4322 2120 4380 inno-

516 4427 662 4492 centi
696 4425 915 4498 populo.
955 4424 1066 4477 (Zur
1101 4421 1155 4476 in
1184 4420 1362 4490 ipsum
1396 4426 1483 4472 tua
1517 4432 1666 4475 arma
1699 4414 1951 4473 vertisti?
1978 4415 2119 4473 Ante

521 4520 810 4595 latrocinio
833 4516 862 4557 ἀ
893 4502 1312 4593 appetebantur,
1340 4520 1395 4567 ιιι
1438 4511 1641 4566 bellum
1684 4510 1933 4581 intulisd.
1977 4512 2120 4566 Ante

518 4618 805 4709 pauciores
829 4613 898 4671 ad
929 4622 1157 4669 mortem
1191 4607 1561 4680 rapiebantur,
1590 4613 1646 4661 tu
1681 4616 1917 4676 stragem
1951 4620 2122 4688 popu-

521 4697 695 4766 lorum
738 4707 936 4765 fecisti.
986 4704 1118 4777 Quis
1165 4699 1407 4774 proditor
1449 4697 1660 4773 patria),
1704 4698 1829 4770 quis
1877 4697 2120 4757 Romana

496 4811 674 4872 arma
720 4805 843 4877 plus
887 4782 1055 4879 juvit,
1102 4797 1205 4854 nisi
1251 4796 1341 4868 qui
1387 4794 1649 4849 exstinxit
1697 4794 1890 4867 patriae
1924 4809 2122 4864 propu-

526 4900 821 4979 gnatores?
854 4895 970 4952 Nisi
1013 4893 1103 4964 qui
1141 4890 1341 4962 eripuit
1380 4897 1655 4943 tantorum
1704 4888 1903 4943 civium
1931 4885 2121 4942 defen-

524 4994 775 5055 sionem?
801 4989 914 5061 Nisi
953 4985 1046 5059 qui
1073 4984 1141 5040 ab
1178 4984 1335 5038 hoste
1361 4982 1413 5036 in
1445 4980 1623 5035 socios
1647 4979 1879 5035 detorsit
1906 4991 2121 5033 mucro-

527 5088 687 5148 nem?
728 5084 912 5142 Hostis
960 5087 1111 5151 extra
1147 5091 1329 5132 muros
1368 5088 1554 5144 pacem
1585 5070 1864 5139 offerebat,
1902 5081 1954 5125 tu
1980 5071 2120 5128 intra

600 5195 628 5224 ⁸
675 5182 886 5238 Ραινὶω.
913 5174 1086 5229 ΒΑιιιι.

588 5259 619 5299 ιι
653 5258 865 5314 Sumus.
894 5246 972 5302 ld.

602 5343 625 5377 ρ
652 5312 1071 5385 conserentibus.
1101 5312 1177 5376 ln-

601 5401 628 5439 d
662 5386 1165 5471 ᾼρρβιςὺαμωτεινο
1662 5453 1708 5471 με

604 5484 627 5512 e
658 5450 1114 5526 δὸἇὲέέῠιιὺοξίιι.
1145 5482 1215 5526 έ-
1257 5451 1613 5509 Retinendunt
1653 5450 1873 5526 videtur
1915 5465 2124 5526 concer-

532 5520 821 5602 baboTSic
864 5533 1009 5590 enim
1043 5525 1192 5602 loqui
1229 5533 1375 5602 sinat
1403 5534 1613 5602 auctor.
1644 5522 1913 5602 Superius
1941 5520 2035 5602 lib.
2071 5537 2117 5588 I,

782 5591 1042 5687 propeab
1073 5591 1272 5687 ἰιῖἰιίυξΙ
1293 5594 1367 5679 βε
1395 5594 1695 5687 Hyrcanum
1719 5591 1771 5687 Et
1793 5591 2122 5687 Antipatrum

532 5668 1014 5749 incrubare'alienis,
1054 5687 1170 5749 qum
1195 5668 1305 5749 sibi
1336 5708 1348 5723 .
1377 5709 1391 5727 .
1420 5707 1432 5720 .
1468 5706 1481 5733 ε
1512 5676 1691 5749 erepta.
1704 5668 1914 5749 forent,
1941 5674 2123 5745 questu

532 5733 829 5827 animo
860 5733 1219 5827 (Antigduusl
1233 5733 1642 5827 percenseat.
1677 5733 1751 5818 ita
1779 5733 1945 5827 εόὶξίυ
1977 5733 2123 5806 prin-

530 5805 807 5897 inpinubi
851 5805 1046 5871 minus"
1059 5805 1211 5897 recte:
1231 5812 1461 5897 fortasse
1491 5805 1583 5888 alii
1602 5805 1991 5897 corrigendum
2017 5818 2121 5875 pu-

536 5878 1028 5958 ιςιῖίὶοαιιιινατει,
1061 5898 1114 5940 ιιι
1163 5886 1249 5941 hic
1277 5880 1578 5939 Barrensis.
1600 5878 1965 5937 Conlirmatur
1986 5890 2121 5947 pra:-

2146 4659 2201 4723 D

2194 1996 2269 2049 ris
2285 2008 2462 2049 essem
2482 1993 2785 2065 superstes!
2802 1992 2909 2050 Sed
2929 1992 2996 2051 ad
3027 1993 3253 2059 sceleris
3279 1991 3377 2058 tui,
3406 1989 3620 2056 Simon,
3646 2002 3794 2057 acer-

2195 2087 2452 2155 bitatem,
2504 2086 2738 2151 filiorum
2781 2089 2936 2149 necis
2980 2094 3254 2165 spectator
3311 2084 3532 2155 assiste.
3586 2081 3790 2151 sterni,

2199 2180 2395 2239 fateor.
2426 2177 2455 2217 ιι
2487 2180 2613 2257 quia
2656 2180 2924 2241 Joannem
2978 2181 3184 2252 pictum
3245 2176 3433 2235 videre
3461 2189 3579 2239 non
3612 2176 3756 2244 potui
3778 2211 3794 2239 ,

2198 2287 2252 2347 et
2285 2288 2335 2347 te
2362 2287 2628 2347 armatum
2658 2276 2816 2349 elegi.
2835 2272 2880 2331 Ο
2905 2276 3238 2348 praecipitem
3271 2282 3611 2342 senectutem
3631 2272 3647 2329 ι
3670 2270 3795 2337 ima-

2197 2369 2379 2447 ginem
2423 2370 2732 2436 timuimus,
2782 2350 3085 2441 tyrannum'
3111 2364 3499 2437 expetivimus.
3526 2364 3642 2435 Ego
3675 2362 3798 2419 fide-

2195 2463 2385 2535 jussor
2411 2470 2555 2531 tuus,
2586 2477 2688 2533 ego
2716 2460 3046 2537 deprecator
3076 2468 3199 2519 tuus
3223 2458 3551 2537 legationem
3584 2454 3795 2529 pertuli.

2204 2557 2316 2629 Ego
2365 2565 2418 2612 te
2459 2555 2741 2625 dominum
2790 2555 3015 2643 rogavi,
3071 2568 3451 2629 percussorem
3500 2550 3794 2621 introdugi.

2205 2649 2525 2727 Specternus
2556 2664 2689 2721 ergo
2714 2665 2835 2719 quae
2863 2646 3093 2711 fecimus
3117 2665 3130 2702 :
3164 2646 3392 2713 Joannis
3416 2660 3516 2707 nos
3538 2660 3667 2715 cera
3695 2653 3797 2713 ter-

2205 2744 2348 2809 ruit,
2390 2742 2628 2799 Simonis
2670 2741 2960 2811 latrocinia
2988 2740 3422 2805 delectaverunt.
3455 2736 3801 2805 Acceleretqr

2207 2837 2390 2909 itaque
2436 2847 2629 2909 pompa
2680 2835 2957 2908 funebris,
2989 2835 3173 2891 veniat
3204 2830 3469 2897 carnifex,
3511 2830 3654 2897 ﬁlios
3685 2838 3800 2885 ante

2209 2946 2301 2986 ora
2345 2917 2546 3009 patris,
2582 2939 2899 3003 patremque
2940 2930 3231 2987 obtruncet
3260 2941 3426 2997 super
3456 2924 3694 2997 filiorum
3719 2937 3803 2995 ca-

2211 3024 2431 3079 davera.
2469 3023 2726 3078 Hauriam
2757 3021 3083 3089 miserabilis
3117 3036 3288 3081 senex
3317 3019 3481 3089 ictum
3512 3015 3798 3081 carniﬁcis,

2211 3133 2376 3186 super
2397 3116 2532 3172 colla
2567 3116 2854 3187 pignorum
2893 3112 2906 3149 ί
2938 3113 3202 3168 vibrantis
3230 3111 3489 3177 securim.
3512 3111 3637 3187 Quo
3658 3122 3802 3179 spec-

2215 3209 2393 3263 taculo
2438 3207 2572 3269 nihil
2605 3207 2915 3283 funestius,
2952 3205 3051 3260 nisi
3082 3204 3173 3277 ille
3203 3205 3291 3292 qui
3326 3204 3500 3274 jubet.
3530 3199 3799 3274 Crudelis,

2215 3303 2468 3370 sceleste,
2500 3301 2640 3355 facio
2668 3299 2812 3372 quod
2837 3299 3108 3371 pra-cipis,
3144 3297 3303 3377 facio,
3330 3296 3427 3353 sed
3451 3296 3676 3365 invitus.
3700 3294 3800 3366 lla-

2214 3396 2317 3452 beo
2359 3406 2537 3449 tamen
2584 3394 3016 3450 consolationem
3059 3401 3225 3447 tantae
3254 3390 3605 3463 calamitatis.
3636 3389 3804 3459 patior

2214 3488 2476 3565 quidquid
2507 3488 2873 3555 miserrimum
2901 3497 2985 3541 est
3010 3484 3137 3539 dum
3168 3496 3222 3538 In
3249 3483 3480 3559 iusseris
3508 3500 3521 3538 :
3552 3479 3801 3567 quidquid

2214 3592 2300 3639 est
2349 3574 2801 3649 humanissimum
2847 3580 3017 3634 subeo
3064 3576 3317 3645 libenter,
3361 3587 3412 3631 te
3446 3577 3675 3647 arbitro.
3706 3574 3800 3645 ltu-

2218 3676 2378 3748 plesti
2401 3689 2708 3731 mensuram
2734 3673 3000 3730 scelerum
3031 3669 3455 3739 salvissimorum
3483 3692 3497 3727 :
3530 3667 3803 3731 Iiceatsal-

2219 3781 2324 3828 tem
2356 3769 2505 3825 affari
2535 3767 2770 3837 liberos,
2795 3778 3102 3823 extremum
3132 3764 3453 3839 pignoribus
3477 3763 3796 3832 valedicrre.

2222 3869 2235 3917 ι
2278 3864 2360 3921 Sit
2410 3864 2632 3918 ultimus
2676 3862 2828 3917 locus
2874 3860 3112 3929 osculis,
3149 3875 3269 3930 qum
3311 3858 3466 3923 nobis
3496 3859 3661 3921 etiam
3692 3869 3800 3909 cunt

2220 3961 2350 4016 feris
2396 3953 2704 4017 communia
2752 3966 2899 4013 sunt.
2947 3956 3061 4017 Non
3110 3954 3461 4028 prohibeatur
3488 3951 3802 4023 miserabilis

2218 4054 2500 4126 amplexus
2531 4064 2757 4118 naturae,
2784 4065 2947 4121 quem
2976 4049 3138 4104 etiam
3163 4048 3436 4119 defunctis
3456 4056 3635 4120 potest
3659 4057 3803 4111 casus

2218 4146 2445 4203 donare.
2478 4145 2633 4216 Quod
2672 4146 2837 4216 igitur
2863 4143 2927 4200 ad
2957 4158 3172 4216 poenam
3217 4141 3545 4216 praeeepisd,
3572 4138 3804 4223 proficiat

2220 4239 2286 4295 ad
2317 4240 2575 4313 pietatem
2606 4238 2761 4294 mihi.
2796 4237 2994 4294 Cadanr
3024 4252 3187 4310 super
3210 4236 3398 4292 funera
3421 4251 3563 4304 mea,
3593 4243 3647 4291 et
3674 4234 3805 4301 inse-

2222 4334 2371 4411 pulta
2408 4333 2584 4388 adhuc
2624 4333 2772 4388 velut
2800 4332 3033 4405 quodam
3060 4329 3307 4402 corporis
3338 4328 3443 4384 mei
3473 4328 3700 4400 cespite,
3728 4336 3801 4383 te-

2221 4442 2377 4499 gam,
2425 4442 2495 4482 ne
2537 4425 2851 4497 discerpant
2886 4423 3172 4494 volucres,
3227 4431 3320 4478 aut
3364 4421 3493 4479 fera:
3530 4421 3800 4494 devorent.

2223 4520 2480 4579 Latubam
2534 4519 2711 4591 lingua
2762 4519 2930 4590 patria
2973 4517 3292 4593 sanguinem
3342 4531 3586 4572 meorum
3626 4514 3803 4586 pigno-

2225 4628 2377 4680 rum,
2408 4622 2462 4667 et
2496 4625 2676 4667 meum
2722 4610 2948 4677 diluam,
2983 4624 3052 4665 ne
3095 4608 3340 4664 lambant
3364 4608 3554 4663 bestia:
3585 4624 3598 4661 :
3632 4615 3681 4662 et
3703 4605 3802 4659 for-

2228 4716 2368 4760 tasse
2414 4703 2577 4759 addet
2610 4702 2716 4759 hoc
2743 4704 2950 4777 pietas,
2981 4711 3035 4757 et
3069 4700 3349 4757 miseratio
3375 4710 3581 4755 natura:
3611 4697 3799 4769 ipsius,

2226 4806 2283 4852 ut
2320 4796 2625 4853 aretissimo
2657 4798 2907 4868 amplexu
2943 4794 3204 4869 moriens,
3239 4794 3440 4857 liberos
3467 4809 3619 4861 meos
3656 4791 3805 4847 strin-

2224 4908 2346 4967 gam
2380 4911 2391 4946 :
2425 4908 2491 4949 ne
2521 4901 2573 4947 tu
2605 4907 2857 4971 separare
2887 4891 3094 4965 possis,
3127 4905 3250 4957 cum
3278 4889 3432 4945 velis.
3469 4886 3627 4944 Certe
3655 4888 3696 4942 si
3721 4898 3801 4939 se-

2224 4985 2440 5067 parabis
2466 5002 2718 5060 corpora,
2736 4987 2945 5049 animas
2973 4994 3152 5040 tamen
3173 5000 3279 5040 non
3303 4984 3599 5056 separabis.
3615 4981 3803 5040 Sedsa—

2226 5081 2293 5135 tis
2314 5081 2425 5149 jam
2449 5080 2805 5153 lacrymarum
2821 5078 3073 5153 viaticum
3089 5080 3448 5151 sumpsimus;
3469 5078 3678 5145 Pracite,
3697 5073 3800 5139 lilii,

2232 5225 2385 5288 terea
2421 5212 2610 5273 eadem
2657 5216 2818 5288 lectio
2862 5216 3171 5271 σθαι-θῶαὺο
3216 5232 3283 5273 ex
3324 5218 3555 5288 simplici
3603 5215 3799 5288 ticeret).

2274 5286 2378 5359 und
2398 5288 2600 5359 saepius
2615 5286 2823 5359 auctori
2843 5299 3157 5359 usurpatum
3175 5289 3383 5345 videas.
3398 5283 3516 5345 Lib.
3534 5304 3593 5352 ιι.
3612 5302 3724 5356 cau-
3741 5283 3769 5340 9
3785 5299 3798 5336 ε

2297 5375 2322 5409 ε
2356 5356 2575 5410 alterum
2612 5357 2811 5411 acerbes
2834 5401 2849 5425 ,
2889 5356 3108 5414 alterum
3151 5378 3403 5416 arcessas.
3438 5361 3568 5417 Item
3604 5360 3693 5419 lib.
3724 5372 3799 5420 tt.

2238 5443 2363 5510 cap,
2393 5429 2461 5510 ιζ»
2493 5445 2507 5482 :
2534 5426 3076 5510 Be'flttmhacerbabant
3101 5434 3211 5487 sine
3233 5433 3380 5487 venia
3407 5430 3694 5488 deditionis.
3722 5426 3802 5484 Sic

2229 5512 2285 5559 et
2307 5500 2517 5623 ί[Ἕκ-ιρις
2545 5500 2696 5555 alibi.
2725 5500 3003 5559 German.

2405 5580 2558 5624 :rrtta.
2593 5571 2759 5625 ΒΑιιιι.

2405 5587 2558 5624 :rtua.
2593 5587 2759 5643 uana.

2301 5642 2329 5682 ⁸
2360 5642 2591 5696 Debitos.
2621 5643 2700 5697 in.

2301 5705 2327 5784 'f
2370 5711 2491 5780 Qui.
2525 5713 2603 5768 In.

2309 5788 2323 5814 ‘
2367 5786 2643 5849 Librantig,
2672 5793 2747 5849 ιι),

2300 5860 2313 5911 l
2355 5856 2439 5911 Sit
2463 5858 2601 5919 ullus
2624 5867 2815 5923 altioris
2837 5867 2976 5923 locus
2995 5865 3175 5924 oculis.
3201 5864 3278 5927 in.
