4082 6344
393 319 533 376 9165

1217 315 1487 376 HISTOR.
1531 316 1621 373 DE
1659 314 1941 385 EXCIDIO
1978 315 2252 389 HIEROS,
2296 316 2503 377 ΗΕΒῐὸ
2538 317 2673 376 LIB.
2716 318 2784 377 ν.

3544 322 3693 381 3166

393 452 448 496 t-t
490 448 746 496 secuturo
769 441 909 510 patri
949 439 1090 505 viam
1116 445 1328 510 parate.
1360 436 1418 497 Si
1447 444 1674 509 potuero
1695 436 1985 509 consequi,
2012 440 2064 500 Α
2096 436 2401 509 urgentium
2453 436 2633 501 minus
2658 436 2788 507 felix
2829 436 3089 513 imperio,
3119 436 3313 509 melior
3342 447 3519 507 tamen
3550 440 3696 511 ﬁlio?

390 534 697 597 comitabor
722 536 885 592 simul
910 578 925 601 ,
952 545 1007 592 et
1034 535 1144 591 erit
1161 534 1274 590 illic
1304 533 1693 602 impedimento
1714 539 1988 595 senectus,

394 644 504 701 quo
545 630 791 695 viventes
815 630 1049 701 juvenes
1088 629 1268 687 minus
1290 641 1614 698 consequar.
1646 625 1726 691 Ad
1755 625 1994 689 mansio-

393 738 521 787 nem
564 724 874 794 praecedite,
930 734 986 791 ut
1030 722 1232 783 fessum
1282 732 1488 794 patrem
1532 720 1842 791 suscipiatis
1870 719 1993 775 diu-

392 824 556 885 turno
583 816 839 888 hospitio.
875 816 1030 877 Volui
1070 815 1289 887 quidem
1319 814 1625 893 praecedere
1655 814 1794 891 ipse,
1820 823 1872 868 et
1904 828 1993 871 ro-

390 908 536 979 gavi,
563 908 657 964 sed
688 924 794 964 non
819 909 1135 980 impetravi;
1169 917 1348 963 tamen
1372 916 1398 943 ⁸
1427 906 1572 978 quod
1605 906 1811 977 innoxii
1836 904 1989 972 estis,

391 1014 461 1054 eo
503 1000 730 1067 meliora
779 1000 931 1067 vobis
976 999 1211 1072 hospitia
1241 1000 1578 1068 deferentur,
1605 1015 1767 1075 quam
1800 999 1843 1054 si
1877 999 1993 1079 ipse

390 1095 689 1163 accersitor
726 1092 966 1151 Simonis
1007 1091 1389 1169 praevenirem.
1441 1092 1644 1151 Gravat
1680 1107 1768 1149 me
1797 1091 1887 1157 illa
1915 1093 1993 1148 le-

390 1188 561 1256 gatio,
596 1186 720 1259 lipei
748 1202 778 1243 a
805 1187 1014 1244 civibus
1048 1187 1326 1254 mandata,
1369 1196 1589 1261 petente
1617 1186 1815 1257 populo
1844 1184 1871 1223 ι’
1902 1202 1994 1245 su-

388 1288 599 1350 specta.
620 1280 918 1343 Prazcedite
947 1296 1101 1353 ergo,
1126 1281 1244 1348 lilii,
1266 1280 1552 1345 mundiore
1570 1294 1862 1350 supernum
1885 1280 1993 1339 iter

391 1383 678 1447 carpentes
713 1374 963 1447 vestigio.
996 1375 1061 1431 Et
1094 1372 1422 1429 Macchabaei
1455 1381 1680 1439 matrem
1713 1386 1993 1442 praevene-

392 1476 520 1520 runt
569 1484 581 1520 :
631 1465 729 1521 sed
774 1465 854 1520 illi
897 1466 961 1521 ad
1012 1466 1336 1536 prmmium,
1386 1479 1482 1525 vos
1526 1463 1590 1518 ad
1641 1462 1986 1534 supplicium.

393 1558 670 1629 Spectavit
696 1568 874 1613 tamen
908 1558 990 1629 pia
1026 1567 1195 1619 mater
1222 1557 1519 1623 morientes
1545 1555 1713 1621 filios,
1746 1566 1801 1610 et
1826 1570 1989 1625 supra

389 1668 613 1717 suorum
651 1668 711 1719 se
742 1653 994 1711 volutans
1024 1653 1375 1724 sanguinem,
1402 1651 1535 1711 vidit
1564 1649 1991 1721 complectentes

389 1761 451 1801 se
494 1746 725 1807 invicem
763 1747 960 1802 fratres
987 1754 1195 1811 natura:
1226 1744 1658 1812 necessitudine;
1688 1755 1743 1803 et
1774 1759 1873 1803 suo
1897 1744 1991 1799 lae-

2095 526 2259 593 Pater
2284 532 2427 593 enim
2453 529 2554 584 sibi
2591 527 2769 587 minus
2811 527 2940 591 felix
2967 546 3087 597 esse
3118 548 3276 605 qnam
3320 533 3541 605 pati-iac,
3571 535 3698 597 licet

2095 620 2391 683 miserabili
2403 632 2501 695 ter,
2523 623 2608 692 pie
2621 634 2801 691 tamen
2818 626 3027 695 maluii.
3049 627 3231 699 itaque
3245 642 3305 683 se
3322 642 3443 695 cum
3460 645 3555 695 sua
3570 646 3695 701 pro-

2095 731 2150 773 Sa
2162 716 2268 785 pia,
2287 731 2542 788 egressus
2566 717 2779 785 urbem,
2796 718 3106 791 Babyloniis
3129 722 3694 793 obsidentibusinspr-

2095 807 2286 873 vitinm
2308 809 2483 887 dedit,
2501 826 2566 869 ne
2594 825 2843 877 eversam
2867 812 3123 883 patriam,
3143 826 3212 868 ne
3226 815 3479 891 populum
3496 814 3695 872 Deica-

2097 899 2302 973 ptivum
2332 900 2564 961 videret.
2581 900 2751 971 Filius
2773 909 2952 957 autem
2976 917 3217 965 aerumna
3232 905 3369 973 pari,
3387 905 3481 965 sed
3498 904 3696 971 aﬂ'eclu

2097 995 2291 1067 impari
2326 1015 2339 1051 :
2373 996 2499 1061 dum
2526 997 2631 1053 sibi
2662 998 2876 1065 metuit,
2906 1008 2959 1053 et
2982 1012 3043 1059 se
3074 999 3126 1067 in
3158 999 3407 1061 exsilium
3426 1009 3483 1054 et
3504 1002 3694 1065 urbem

2095 1088 2148 1143 in
2169 1087 2434 1143 excidium
2448 1088 2690 1145 deduxit.
2716 1088 2814 1145 Hic
2834 1092 3015 1167 itaque
3038 1090 3220 1155 infelix
3245 1091 3453 1165 patriae,
3474 1108 3573 1161 nec
3595 1094 3694 1149 sibi

2094 1181 2247 1246 felix.
2280 1184 2371 1257 qui
2394 1192 2449 1238 et
2474 1183 2675 1239 liberos
2715 1199 2843 1243 suos
2871 1194 2929 1247 et
2958 1186 3145 1247 oculos
3173 1186 3356 1242 amisit
3377 1204 3389 1240 :
3408 1187 3499 1243 ille
3514 1198 3691 1251 autem

2098 1276 2433 1347 prudentior,
2458 1277 2547 1346 qui
2574 1277 2940 1348 captivitatem
2968 1278 3167 1337 civium
3191 1294 3284 1334 sua
3312 1278 3543 1336 redemit
3564 1296 3692 1351 cap-

2098 1371 2329 1431 tivitate.
2382 1368 2624 1440 Denique
2654 1369 2703 1424 id
2736 1371 2911 1435 exitus
2948 1369 3169 1431 docuit:
3204 1372 3305 1426 iste
3332 1374 3384 1427 in
3415 1386 3582 1443 regno
3608 1389 3695 1427 sc-

2097 1467 2238 1537 nior,
2265 1466 2356 1521 ille
2375 1466 2559 1536 junior
2584 1467 2635 1520 in
2662 1466 2885 1527 servitio
2904 1466 3131 1533 defecit,
3155 1466 3401 1539 quamvis
3426 1470 3475 1522 ei
3506 1479 3692 1543 postea

2095 1563 2349 1629 thronum
2393 1560 2600 1633 regium
2639 1560 2971 1634 BabyIOnius
3001 1578 3094 1616 rex
3132 1562 3284 1632 juxta
3313 1577 3373 1619 se
3400 1563 3695 1618 constitue-
3730 1556 3734 1560 “

2095 1658 2198 1721 rit,
2232 1663 2287 1711 et
2327 1656 2541 1719 consilii
2574 1654 2839 1719 detulerit
2882 1657 3326 1727 pra‘rogativam,
3368 1658 3578 1723 miserae
3604 1673 3697 1711 ra-

2093 1750 2353 1811 lamitatis
2389 1748 2609 1805 solatio.
2644 1748 2889 1821 Denique
2926 1749 3262 1815 tolerabilior
3276 1750 3389 1822 jam
3422 1766 3538 1811 mea
3571 1768 3693 1807 sors

391 1838 604 1903 labatur
634 1838 945 1909 triumpho,
989 1854 1147 1911 quem
1176 1839 1245 1894 de
1275 1848 1507 1911 tyranno
1529 1838 1981 1908 consequebatur.
2016 1833 2065 1893 B
2093 1855 2196 1912 est,
2232 1854 2354 1915 post
2404 1841 2696 1909 liberorum
2737 1857 2924 1897 necem
2970 1843 3134 1910 mori,
3162 1858 3323 1914 quam
3365 1844 3545 1905 vivere
3577 1863 3590 1899 :
3636 1852 3693 1907 ut

389 1930 610 1989 Diversa
652 1931 870 2002 quidem
916 1933 1237 2002 patientium
1282 1932 1501 1998 merita,
1537 1932 1631 1991 sed
1663 1931 1852 1987 eadem
1885 1947 1988 1987 sa:-

390 2028 517 2085 vitia
556 2028 836 2097 utriusque
888 2028 1272 2099 przrcipientis.
1314 2028 1525 2082 lnvenit
1553 2031 1655 2081 hoc
1684 2026 1987 2082 Antiochus

388 2118 605 2177 Persica
638 2119 1008 2186 immanitate;
1041 2119 1184 2190 apud
1220 2123 1365 2191 ipsos
1396 2119 1537 2174 enim
1569 2135 1832 2173 novorum
1860 2129 1987 2174 sunt

391 2219 698 2265 commenta
744 2210 1157 2282 suppliciorum.
1201 2212 1281 2279 'i‘u
1328 2222 1617 2267 exsecutus
1648 2227 1747 2267 es:
1790 2210 1882 2268 ille
1910 2221 1989 2266 ta-

390 2319 514 2365 men
554 2304 791 2363 servavit
824 2304 1068 2371 ultimam
1098 2313 1327 2371 matrem
1360 2306 1424 2358 ad
1458 2307 1866 2383 persuasionem
1904 2322 1990 2361 rc-

386 2398 489 2469 gite
528 2395 855 2463 voluntatis;
883 2406 935 2457 tu
962 2398 1171 2452 servari
1206 2396 1415 2468 jussisti
1448 2406 1656 2469 patrem
1682 2397 1749 2453 ad
1780 2400 1988 2452 crucia-

391 2499 502 2545 tum
551 2488 763 2563 paterni
806 2487 1032 2547 doloris.
1084 2489 1446 2544 Consolamini
1480 2505 1609 2561 vos,
1659 2488 1754 2543 filii
1786 2489 1990 2544 charis-

388 2584 513 2639 simi
541 2602 554 2639 :
588 2585 826 2665 patimur
856 2599 956 2649 nos
990 2583 1135 2655 quod
1163 2583 1307 2654 passi
1329 2596 1451 2641 sunt
1485 2596 1774 2656 martyres,
1802 2582 1985 2639 Simon

389 2677 598 2753 statuit,
633 2677 777 2748 quod
813 2684 1132 2746 persecutor
1166 2675 1431 2732 barbarus
1458 2676 1699 2747 invenit,
1725 2685 1989 2748 tyrannus

392 2768 671 2839 prtecepit.
706 2768 1125 2823 Proficiscamur
1153 2766 1313 2838 igitur
1337 2768 1602 2833 volentes,
1637 2777 1689 2821 et
1719 2767 1988 2838 fugiamus

390 2869 695 2917 conventus
740 2861 1033 2915 latronum.
1076 2860 1221 2915 Sane
1251 2875 1371 2923 cum
1413 2860 1463 2914 in
1493 2860 1636 2915 illam
1676 2867 1985 2941 perpetuam

390 2954 607 3009 domum
644 2964 665 2992 ο
713 2953 1171 3018 discesserimus;
1214 2953 1257 3007 si
1291 2953 1381 3023 qui
1420 2953 1486 3007 ad
1527 2967 1626 3006 nos
1661 2950 1869 3007 venerit
1896 2952 1989 3022 qui

392 3053 672 3123 requirant
699 3050 824 3123 quid
848 3048 958 3123 agit
993 3050 1083 3104 ille
1123 3050 1398 3121 quondam
1434 3050 1525 3103 Dei
1559 3048 1819 3125 populus;
1859 3050 1986 3120 quid

391 3146 499 3209 illis
533 3142 1018 3229 reSpondebimus?
1045 3143 1275 3198 Maxime
1301 3145 1345 3197 si
1378 3143 1563 3209 vobis,
1589 3151 1776 3213 utpote
1800 3141 1986 3212 junio-

2093 1937 2270 2005 scias,
2320 1952 2480 2007 quam
2512 1934 2752 1997 crudelis
2798 1937 2900 2005 sit,
2938 1936 3027 2013 qui
3078 1934 3221 1995 ﬁlios
3245 1946 3371 1997 ante
3401 1952 3493 1999 ora
3528 1938 3695 2006 patris

2086 2029 2314 2101 jugulet.
2347 2026 2514 2107 Cujus
2554 2028 2714 2091 etiam
2751 2028 2948 2099 regalia
2978 2044 3200 2095 munera
3240 2029 3507 2095 deteriora
3538 2041 3691 2096 sunt,

2092 2138 2251 2194 quam
2299 2122 2515 2195 pietatis
2538 2122 2781 2175 vulnera.
2818 2124 2926 2177 Aut
2955 2122 3098 2176 enim
3144 2131 3251 2178 tam
3292 2121 3458 2192 impia
3492 2122 3694 2193 inferre

2091 2218 2270 2290 primo
2306 2233 2414 2271 non
2447 2214 2656 2281 debuit.
2688 2221 2782 2271 aut
2826 2223 2933 2281 tam
2968 2215 3236 2281 honorata
3281 2226 3465 2295 postea
3496 2216 3696 2277 substi-

2092 2318 2273 2381 tuere,
2323 2309 2475 2383 quasi
2523 2308 2730 2379 quaevis
2766 2306 3001 2385 dignitas
3026 2308 3232 2371 redemi
3256 2310 3425 2380 possit
3457 2310 3691 2377 filiorum

2094 2402 2411 2467 amissione,
2442 2386 2905 2471 aut'compensari
2936 2401 3113 2459 credes
3138 2401 3345 2463 sobolis
3373 2404 3564 2479 quovis
3593 2419 3693 2459 Usu

2095 2496 2317 2549 honoris
2352 2512 2364 2546 :
2392 2493 2540 2551 nulla
2574 2492 2841 2565 profecto,
2872 2494 3016 2555 nulla
3048 2494 3280 2566 dignitas
3308 2504 3514 2553 tantum
3541 2496 3695 2557 dolo-

2095 2602 2207 2657 rem
2255 2586 2476 2641 allevat.
2529 2585 2720 2639 Nullus
2766 2584 2941 2640 honor
2988 2596 3143 2640 curat
3187 2588 3289 2641 hoc
3318 2588 3542 2663 vulnus,
3587 2590 3690 2651 nisi

2095 2679 2207 2733 Sola
2242 2693 2408 2745 mors,
2442 2694 2561 2751 qua:
2590 2692 2811 2731 sensum
2833 2677 3057 2745 adimat,
3085 2678 3514 2743 recordationem
3538 2684 3689 2743 aufe-

2093 2782 2197 2827 rat.
2228 2770 2445 2826 Festina
2478 2786 2629 2840 ergo,
2660 2783 2950 2845 percussor
2986 2788 2998 2823 :
3033 2785 3308 2833 remorare
3332 2781 3531 2845 tamen,
3562 2773 3691 2829 dum

2094 2866 2295 2921 liberos
2345 2864 2526 2932 video,
2560 2864 2687 2919 dum
2722 2864 2872 2937 prius
2902 2880 3061 2935 quam
3090 2867 3412 2943 moriantur,
3446 2868 3689 2941 aspicio:

2095 2975 2162 3015 ne
2191 2959 2314 3033 quis
2349 2960 2527 3012 aetatis
2558 2958 2782 3012 forsitan
2815 2958 3203 3027 immaturitate
3247 2958 3514 3039 turbatus,
3546 2977 3694 3016 mor—

2095 3063 2201 3109 tem
2237 3056 2457 3118 timeat,
2491 3068 2613 3107 cum
2642 3054 2924 3109 saeviorem
2954 3054 3144 3108 evadat
3176 3062 3487 3125 tyrannum.
3519 3055 3692 3127 Bene-

2096 3145 2277 3200 ficium
2311 3154 2415 3211 est,
2452 3144 2572 3211 filii,
2602 3144 2762 3213 rnori,
2794 3146 3069 3217 pepairize
3099 3144 3377 3201 videamus
3403 3147 3689 3218 captivita—

392 3238 561 3305 ribus,
595 3238 807 3313 integer
836 3237 935 3291 mvi
966 3236 1248 3303 .Ionathas,
1280 3235 1409 3291 mihi
1444 3236 1602 3301 Saul,
1636 3245 1821 3305 utpote
1858 3250 1985 3306 pec-
2013 3232 2061 3298 ί]
2095 3248 2203 3295 tem
2235 3258 2247 3293 :
2293 3238 2655 3294 tolerabiliora
2703 3238 2950 3313 corporis
2995 3253 3153 3308 quam
3194 3239 3395 3293 mentis
3442 3240 3687 3299 vulnera.

391 3334 560 3388 catori
590 3331 913 3405 occurrerit.
938 3331 1075 3398 Quid
1100 3328 1368 3404 (inquam)
1398 3331 1661 3398 dicemus,
1693 3330 1794 3385 nisi
1819 3345 1986 3400 popu-

330 3482 339 3489 ,
394 3426 502 3480 lum
528 3426 676 3497 illum
698 3424 832 3496 Juda
860 3425 1130 3489 novellum
1162 3425 1438 3493 dilectum,
1464 3441 1624 3496 quem
1654 3440 1803 3479 mare
1831 3423 1982 3495 fugit,

392 3518 480 3573 cui
520 3518 601 3572 sol
629 3517 801 3583 stetit,
832 3517 999 3571 cessit
1025 3514 1275 3573 Jordanis
1305 3534 1317 3569 :
1350 3518 1603 3591 populum
1636 3515 1899 3589 (inquam)
1926 3515 1984 3571 il-

394 3616 528 3684 lum,
571 3614 660 3685 cui
692 3615 913 3689 pervius
942 3614 1144 3675 ﬂuctus
1180 3612 1299 3683 fuit,
1333 3631 1426 3669 aer
1457 3615 1671 3682 fertilis,
1708 3625 1850 3671 terra
1876 3632 1987 3673 cte-

396 3710 583 3783 lestis:
614 3725 736 3780 quze
774 3724 883 3775 non
916 3720 973 3764 ut
997 3707 1022 3745 ἀ
1057 3718 1236 3766 vestra
1266 3709 1388 3765 hare
1422 3713 1844 3782 terra,speciem
1870 3728 1991 3766 cor-

395 3804 665 3887 ruptionis
707 3803 977 3870 induerit,
1034 3804 1129 3858 sed
1176 3807 1595 3869 resurrectionis
1633 3808 1861 3877 gratiam
1904 3823 1993 3861 as-

394 3902 687 3971 sumpserit
715 3916 728 3953 :
758 3898 968 3961 servire
996 3915 1136 3952 nunc
1165 3898 1437 3963 ldnmaais,
1463 3910 1516 3954 et
1542 3899 1839 3970 subjectum
1869 3918 1990 3959 esse

395 3992 604 4048 Simoni
627 3992 897 4048 latronmn
932 3990 1185 4062 principi,
1212 4007 1313 4047 nec
1338 3992 1660 4048 servitutem
1696 3995 1863 4062 ipsam
1897 3994 1992 4050 ha-

396 4088 527 4144 bere
552 4102 823 4155 securam,
858 4102 958 4143 nec
983 4086 1281 4159 periculum
1307 4102 1431 4141 eum
1464 4085 1728 4143 libertate.
1763 4087 1899 4156 Quid
1923 4089 1990 4144 ad

397 4186 515 4239 hare
540 4197 903 4254 responsuros
947 4190 1202 4253 putamus
1223 4224 1236 4247 ,
1272 4181 1361 4267 qui
1394 4180 1676 4250 elegerunt
1700 4182 1843 4236 bello
1872 4198 1991 4252 per-

397 4275 505 4343 ire,
548 4292 708 4346 quam
740 4274 979 4330 libertati
1011 4275 1201 4345 patria:
1249 4274 1631 4344 supervivere?
1658 4274 1795 4341 Quid
1828 4276 1989 4332 etiam

398 4366 705 4433 Matathiam
754 4382 1141 4438 reSponsurum
1174 4366 1645 4423 Macchabaeorum
1676 4378 1989 4432 auctorem,

400 4461 489 4532 qui
518 4471 540 4497 ο
565 4462 730 4516 voluit
761 4459 1105 4515 observando
1130 4460 1301 4530 legem
1330 4460 1555 4515 sabbato
1583 4458 1805 4514 feriatus
1829 4461 1988 4528 mori,

399 4570 557 4629 quam
583 4556 857 4626 praeliatns
884 4553 1111 4621 vivere?
1136 4553 1191 4608 Si
1222 4554 1452 4608 audierit
1478 4553 1752 4631 quomodo
1778 4551 1988 4619 Simon,

2092 3334 2209 3388 Jam
2242 3331 2577 3388 tolerabilius
2605 3339 2659 3387 et
2685 3341 2897 3395 vestras
2913 3346 3074 3386 neces
3101 3338 3439 3403 spectoquas
3455 3334 3692 3411 refugie—

2094 3427 2239 3492 bant,
2273 3443 2341 3483 ne
2370 3436 2609 3497 Spectem
2643 3441 2803 3487 neces
2828 3426 2881 3480 in
2905 3440 3193 3483 commune
3225 3427 3489 3495 omnium,
3524 3442 3590 3483 ne
3614 3428 3693 3491 vi-

2093 3521 2247 3574 deam
2322 3520 2508 3589 patriae
2556 3519 2770 3572 bustum
2819 3525 2873 3572 et
2922 3526 3084 3571 totam
3141 3515 3331 3572 urbem
3378 3518 3686 3593 sepulcrum

2094 3630 2306 3669 eorum.
2334 3613 2553 3668 Beatior
2581 3624 2782 3677 tamen,
2813 3612 2902 3683 qui
2932 3622 3178 3666 mortuus
3204 3611 3391 3679 fuerit,
3414 3627 3573 3685 quam
3598 3613 3693 3685 qui

2094 3717 2421 3768 reservatus.
2455 3709 2680 3763 Summe
2718 3706 2890 3771 Deus,
2924 3721 2993 3761 ne
3021 3707 3160 3761 inter
3196 3706 3537 3763 innoxiorum
3569 3720 3693 3779 gre—

2093 3818 2187 3874 ges
2212 3810 2488 3857 sternatur
2519 3798 2709 3856 Simon
2740 3816 2862 3855 cum
2892 3800 3081 3856 liberis
3110 3800 3255 3865 suis;
3286 3808 3493 3870 spectet
3522 3800 3695 3877 capti-

2093 3912 2193 3957 vus
2242 3912 2399 3965 quem
2431 3895 2612 3950 intulit
2648 3895 2851 3948 :immo
2882 3894 3133 3961 minime,
3160 3894 3405 3963 minime,
3435 3892 3689 3963 inquam;

2097 4010 2220 4051 nam
2252 4008 2416 4067 quem
2447 3998 2626 4063 potest
2650 3990 2892 4059 cogitare
2913 4032 2928 4057 ,
2973 3998 3151 4061 potest
3178 3988 3321 4044 ferre
3341 4032 3355 4059 ,
3385 4004 3484 4044 nec
3511 3997 3691 4047 tamen

2096 4102 2160 4142 ea
2183 4087 2474 4157 imprecor.
2500 4081 2823 4143 Consideret
2845 4095 3004 4152 quam
3028 4081 3231 4152 grande
3255 4081 3405 4135 nefas
3428 4081 3521 4151 sit,
3549 4082 3693 4151 quod

2098 4198 2203 4241 non
2250 4186 2432 4248 potest
2476 4176 2559 4232 vel
2604 4185 2733 4229 Volo
2773 4183 3092 4244 retorquere
3132 4171 3224 4245 qui
3266 4174 3499 4251 patitur;
3532 4189 3691 4249 quam

2096 4273 2289 4329 acerba
2325 4272 2493 4336 ultio,
2520 4284 2681 4343 quam
2711 4282 2853 4321 saeva
2882 4267 3157 4321 commissi
3188 4266 3408 4321 sceleris
3440 4264 3694 4322 immani-

2100 4378 2201 4426 tas.
2250 4364 2396 4434 quod
2428 4371 2581 4433 optat
2624 4361 2811 4433 patria:
2838 4360 3085 4430 captivus
3116 4368 3415 4429 superstes,
3438 4360 3566 4430 quia
3597 4374 3694 4429 pe-

2092 4463 2212 4536 jora
2240 4470 2371 4517 sunt
2399 4460 2524 4514 vita:
2552 4457 2817 4523 ludibria,
2845 4471 3006 4529 quam
3038 4455 3228 4511 mortis
3267 4454 3556 4529 supplicia.
3586 4452 3696 4509 Sed

2093 4555 2202 4626 jam
2220 4553 2344 4609 finis
2366 4552 2657 4624 verborum
2683 4548 2773 4605 sit.
2801 4547 3044 4614 Festina,
3064 4546 3331 4613 carnifex,
3350 4546 3477 4601 dum
3500 4560 3701 4601 cruen-

401 4666 506 4704 non
559 4649 733 4715 solum
780 4648 1009 4702 sabbato
1044 4646 1222 4711 caedes
1256 4646 1453 4713 civium
1488 4645 1797 4699 innumeras
1828 4646 1994 4714 agita~
2020 4631 2075 4692 D
2105 4658 2271 4700 totum
2312 4643 2577 4715 sanguine
2615 4640 2850 4696 filiorum
2881 4639 3119 4711 gladium
3146 4639 3324 4710 geris;
3355 4646 3574 4715 percute
3602 4654 3700 4711 pa-

403 4742 570 4811 verit,
624 4740 719 4797 sed
771 4741 917 4811 ipsos
961 4739 1275 4795 sacerdotes
1328 4737 1575 4803 Domini,
1609 4736 1911 4791 neomeniis
1940 4749 1995 4792 et

399 4814 650 4903 omnibus
696 4836 899 4891 sanctis
930 4834 1081 4889 festae
1135 4831 1470 4889 celebritatis
1500 4830 1700 4901 'diebus
1745 4830 1996 4903 jugulare

400 4929 678 5003 coegerit?
718 4929 987 4999 Quantum
1031 4925 1703 4999 ingemiscelJecltonias,
1736 4939 1857 4979 cum
1901 4940 1997 4980 au-

403 5022 561 5079 dierit
584 5023 882 5086 Simonem,
910 5023 1001 5095 qui
1030 5020 1390 5083 seditionibus
1419 5018 1591 5090 primo
1622 5018 1808 5072 urbem
1838 5034 1995 5073 ever-

404 5121 563 5185 terit,
596 5118 745 5181 emde
789 5117 988 5174 civium
1030 5118 1313 5181 violaverit
1352 5117 1535 5187 templi
1577 5124 1841 5171 vetustam
1877 5114 2000 5169 reli-

402 5217 649 5293 gionem,
688 5222 1013 5271 conventum
1050 5214 1234 5279 toties,
1271 5224 1325 5266 ut
1355 5213 1436 5269 sui
1478 5213 1777 5275 deditione,
1808 5210 1994 5265 urbem

403 5317 627 5367 exueret
666 5308 946 5377 incendio,
991 5308 1148 5369 malle
1194 5308 1374 5379 perire
1414 5308 1592 5361 omnia
1634 5304 1878 5369 excidio,
1909 5319 1999 5358 nr-

406 5405 550 5473 bem,
581 5406 837 5476 templum
867 5405 1042 5468 exuri,
1070 5404 1279 5471 plebem
1306 5412 1471 5458 totam
1506 5404 1769 5470 interfici,
1813 5419 1878 5456 ne
1910 5416 2000 5456 oc-

407 5506 617 5571 cupata:
673 5497 897 5553 inclinet
942 5495 1331 5563 dominationis
1370 5496 1670 5571 fastigium!
1727 5496 1997 5566 Quantum

408 5595 678 5671 (inquam)
706 5594 916 5655 dolebit
953 5592 1271 5657 Jecltouias,
1306 5592 1434 5661 licet
1463 5602 1703 5667 tempore
1735 5592 1997 5661 maiorum

487 5722 513 5750 ιι
547 5711 684 5777 Quo.
719 5708 888 5764 Bona.

484 5784 512 5822 ι)
546 5781 822 5852 Suscepto.
851 5780 926 5836 ln.

491 5867 513 5895 ε
547 5852 949 5913 Dc'ceuerimur.
976 5852 1049 5909 lu.

2106 4750 2280 4817 trem,
2318 4745 2377 4792 ut
2429 4735 2448 4773 ί
2490 4736 2670 4791 nullus
2714 4735 3017 4806 refrigeret.
3060 4733 3173 4793 lloc
3213 4732 3387 4787 solum
3430 4731 3699 4788 morituro

2100 4830 2557 4886 medicamentum
2591 4834 2675 4882 est
2702 4842 2717 4892 ;
2748 4826 2849 4881 hoc
2880 4827 2997 4879 solo
3028 4840 3133 4879 non
3162 4826 3397 4879 sentitur
3420 4824 3558 4878 ictus
3582 4840 3699 4878 mu-

2100 4924 2335 4991 cronis,
2361 4922 2520 4977 dolor
2568 4920 2831 4975 vulneris.
2881 4918 3111 4973 Percute
3142 4917 3241 4973 sub
3266 4927 3563 4987 conspectu
3593 4916 3704 4972 Ro—

2103 5017 2249 5072 mani
2300 5016 2606 5078 exercitus,
2639 5015 2783 5069 sicut
2826 5013 3150 5082 imperatum
3196 5019 3310 5075 est,
3358 5019 3417 5065 ut
3452 5018 3704 5082 spectent

2105 5111 2449 5168 vindicaturi.
2482 5111 2803 5165 Misereatur
2826 5107 3019 5171 IIOSliS,
3045 5107 3167 5177 quia
3197 5106 3379 5161 socius
3404 5122 3510 5161 non
3540 5107 3705 5160 mise-

2104 5217 2291 5261 returr.
2316 5207 2564 5277 judicent
2592 5201 2856 5269 Romani,
2882 5202 3004 5273 quia
3034 5201 3218 5259 Simon
3248 5201 3449 5255 occidit
3477 5198 3703 5268 sineju-

2106 5282 2287 5360 dicio}
2326 5311 2489 5356 testes
2529 5309 2656 5354 sunt
2684 5300 2816 5370 ipsi,
2852 5315 2935 5352 me
2975 5313 3081 5352 non
3114 5297 3447 5368 proditorem
3484 5294 3703 5366 patrim,

2106 5402 2199 5457 sed
2230 5399 2575 5456 defensorem
2609 5396 2793 5465 fuisse,
2818 5396 2909 5467 qui
2943 5405 3265 5466 pugnantem
3298 5392 3569 5455 viderunt,
3595 5405 3704 5445 non

2106 5496 2473 5553 deserentem.
2506 5491 2721 5546 Liberis
2750 5506 2851 5563 ego
2880 5489 3037 5558 meis,
3070 5490 3114 5541 si
3145 5488 3464 5560 potuissem,
3496 5484 3707 5538 hostem

2111 5590 2465 5655 avcrtissem,
2496 5600 2602 5641 non
2635 5586 2847 5640 hostem
2882 5583 3238 5639 accersissem
3275 5599 3287 5636 :
3314 5591 3479 5651 atque
3504 5580 3711 5633 utinam

2186 5705 2211 5744 ιι
2245 5703 2465 5759 Nostra.
2498 5699 2666 5754 ΒΑΜ.

2192 5789 2216 5816 ε
2249 5774 2459 5831 Maluit.
2482 5771 2556 5827 In.

2196 5850 2212 5887 ί
2261 5851 2478 5920 ludit“.
2518 5857 2571 5910 llr
