4050 6450
539 361 678 420 9167

1921 355 2163 413 SANCTI
2203 355 2526 414 AMBROSII

3706 358 3814 417 ΞΙᾶ

528 489 630 530 nec
666 473 948 531 Simonem
972 472 1359 531 accersissem!
1388 471 1499 529 Nec
1526 472 1652 530 ﬁnis
1681 471 1828 528 ullus
1853 472 2130 528 adhibitus
2157 456 2205 513 Δ
2234 488 2424 530 omnes
2447 470 2628 544 gladio
2655 485 2742 527 me
2771 469 3116 544 transﬁgant!
3148 471 3298 545 quod
3324 473 3518 529 vivens
3551 485 3657 527 non
3682 475 3816 544 potui,

530 575 696 622 tanta:
741 567 1075 623 crudelitati.
1118 566 1378 622 Jacebant
1418 565 1594 622 adhuc
1634 580 1756 621 cum
1799 577 1950 637 patre
1985 565 2133 622 inse-

528 663 664 733 pulti
711 663 867 719 liberi
909 681 921 720 :
967 662 1285 733 adjungitur
1314 671 1370 716 et
1412 660 1760 732 sacrilegium
1814 659 2131 729 Spectaculo

527 754 859 825 parricidali.
895 752 1134 809 Caeditur
1167 752 1408 810 Ananias
1434 754 1691 810 sacerdos
1711 795 1726 820 ,
1749 753 1900 810 claro
1929 769 2132 826 genere

526 856 704 916 ortus,
734 848 860 903 licet
884 861 1045 903 nemo
1066 847 1268 903 clarior
1287 848 1358 902 sit
1383 846 1680 918 splendore
1699 848 1939 918 generis,
1964 861 2130 920 quam

527 955 752 996 munere
776 939 1073 1010 religionis.
1106 939 1204 994 Illo
1235 939 1380 995 enim
1408 939 1694 996 aﬁ‘ectatur
1721 940 1999 1007 nobilitas,
2025 940 2132 997 hoc

527 1049 633 1089 non
657 1031 1022 1088 desideratur.
1059 1031 1268 1090 liabeat
1296 1033 1403 1089 sibi
1425 1042 1582 1090 vetus
1607 1035 1858 1106 prosapia
1887 1033 2130 1090 diverso-

522 1142 639 1181 rum
668 1124 846 1180 fasces
877 1124 1171 1193 bonorum,
1205 1125 1412 1182 habent
1451 1136 1507 1182 et
1531 1126 1835 1182 sacerdotia
1867 1142 1996 1181 suos
2023 1126 2132 1182 fas-

519 1232 647 1285 ces,
685 1217 780 1289 qui
819 1217 1123 1281 elevantur
1149 1234 1256 1275 non
1304 1219 1571 1283 humeris,
1613 1219 1709 1275 sed
1740 1220 2026 1276 moribus:
2074 1227 2132 1277 et

520 1312 846 1366 attolluntur
893 1327 1000 1368 nou
1052 1313 1327 1384 virgarum
1365 1313 1716 1384 proceritate,
1749 1313 1846 1370 sed
1880 1314 2127 1370 laborum

522 1406 961 1476 perseverantia,
995 1405 1122 1463 ﬁdei
1152 1405 1460 1474 altitudine,
1491 1405 1709 1478 pietatis
1732 1405 1971 1477 fastigio.
1998 1406 2128 1463 Per-

523 1513 715 1554 cussus
747 1510 830 1556 cst
856 1501 1022 1555 etiam
1054 1500 1232 1556 scriba
1255 1501 1521 1558 Aristaeus
1551 1502 1714 1557 clarae
1740 1509 1797 1557 et
1817 1501 1935 1572 ipse
1958 1503 2126 1574 origi-

523 1595 609 1649 nis
643 1613 656 1648 :
699 1605 755 1650 et
800 1612 923 1651 cum
963 1597 1096 1666 ipsis
1123 1595 1216 1651 alii
1245 1595 1313 1653 de
1353 1596 1509 1667 plebe
1540 1597 1848 1667 quindecim
1878 1598 2129 1668 przeemi-

521 1694 717 1743 nentes
740 1687 1000 1755 caeteris;
1041 1688 1168 1743 licet
1194 1688 1451 1759 injustam
1479 1703 1693 1757 necem,
1725 1704 1834 1744 non
1873 1689 2128 1746 nobilitas

517 1783 702 1852 faciat,
738 1784 834 1840 sed
864 1785 1197 1840 innocentia.
1222 1784 1683 1854 Prreoccupantur
1706 1786 1870 1841 etiam
1901 1785 2002 1842 viri
2029 1802 2127 1841 un-

2236 577 2446 625 mortua
2484 569 2674 624 saltem
2706 567 2801 622 ﬁlii
2833 568 2940 624 mei
2972 583 3178 639 corpus
3211 580 3368 627 ve5te
3395 586 3520 626 mea
3552 578 3816 639 protegam.

2235 664 2490 722 Abundat
2516 663 2676 720 unius
2702 665 3084 719 vestimentum
3111 664 3180 719 ad
3209 664 3560 735 sepulturam
3581 661 3820 719 duorum:

2234 770 2288 816 ct
2317 760 2548 816 fortasse
2577 759 2860 830 quisquam
2892 757 3130 814 hostium
3152 757 3536 826 miserebitur,
3570 765 3633 812 ut
3658 758 3826 813 amictu

2234 853 2329 908 ﬁlii
2361 851 2552 907 matris
2578 851 2767 908 oculos
2792 859 2956 922 tegat,
2983 859 3039 906 et
3060 850 3256 907 oculos
3288 851 3485 917 oculis,
3515 865 3712 906 manus
3737 865 3830 905 ma-

2234 947 2414 1014 nibus,
2441 945 2523 1001 ori
2553 961 2647 1002 ora
2676 954 2988 1001 connectat.
3017 944 3336 1016 Proripiens
3362 946 3557 1017 itaque
3580 960 3642 1000 se
3657 945 3720 1000 ad
3736 961 3832 1000 mll-

2233 1057 2347 1109 ros,
2372 1041 2571 1098 omium
2596 1041 2769 1110 ipsum
2804 1041 3108 1096 miserabili
3139 1050 3339 1112 questu
3370 1041 3655 1112 replebat.
3688 1040 3832 1096 iusqu

2233 1138 2421 1194 labant
2455 1137 2563 1202 sui,
2591 1135 2796 1192 ﬁebant
2821 1135 3055 1191 Romani
3085 1153 3099 1189 :
3132 1135 3276 1206 apud
3314 1138 3502 1192 socios
3533 1135 3830 1201 crudelitas,

2231 1229 2375 1302 apud
2409 1229 2594 1285 hostes
2623 1227 3016 1284 misericordia.
3051 1228 3227 1300 Figite
3262 1229 3491 1301 (inquit)
3519 1244 3648 1294 me,
3675 1229 3720 1283 si
3746 1245 3832 1299 qua

2231 1331 2318 1378 est
2354 1322 2525 1394 pietas
2559 1340 2572 1376 :
2619 1337 2720 1394 ego
2751 1323 2912 1392 genui
2942 1337 3104 1392 quem
3141 1321 3598 1394 persequendum
3632 1326 3833 1392 putatis.

2233 1417 2348 1488 Ego
2378 1416 2612 1472 infelicia
2647 1416 2811 1472 ubera
2850 1415 2976 1472 dedi
3007 1433 3021 1472 :
3051 1432 3139 1473 me
3164 1417 3506 1488 exstinguite
3527 1457 3546 1485 ,
3577 1416 3625 1471 si
3656 1415 3724 1472 de
3761 1416 3836 1469 illo

2231 1511 2526 1567 vindictam
2554 1511 2820 1582 quaeritis.

2799 1601 3030 1661 CAPUT
3070 1602 3262 1660 XXIV.

2304 1699 2440 1755 Dum
2473 1699 2566 1755 illa
2597 1698 2882 1770 deplorat,
2925 1713 3053 1755 ecce
3079 1699 3145 1754 ad
3179 1713 3368 1754 vocem
3401 1697 3606 1755 matris
3640 1713 3840 1768 prece:-

2230 1796 2300 1850 sit
2322 1794 2591 1865 Joscphus
2613 1803 2668 1850 et
2695 1792 2896 1850 deﬂere
2921 1796 3086 1865 coepit
3110 1792 3256 1864 quod
3282 1793 3554 1860 evaserit,
3579 1791 3672 1847 cui
3700 1792 3839 1847 dulce

520 1878 697 1932 decim
723 1919 740 1944 ,
789 1877 880 1947 qui
919 1877 1122 1947 pariter
1155 1879 1630 1950 conspiraverant,
1661 1879 1922 1935 commoti
1954 1879 2128 1936 scele-
2158 1859 2205 1922 Β
2231 1859 2545 1943 fuerataitte
2570 1887 2800 1958 patriam
2817 1887 2978 1955 mori,
2999 1859 3054 1942 et
3079 1859 3179 1956 pro
3203 1887 3397 1956 patria,
3429 1859 3566 1940 dum
3594 1886 3834 1938 salutaria

524 1985 644 2025 rum
677 1970 796 2040 ejus
824 1971 1139 2038 atrocitate;
1179 1979 1235 2028 et
1269 1971 1374 2027 sibi
1413 1973 1645 2043 quisque
1685 1982 1965 2040 metuens,
2006 1991 2127 2044 qua“:

523 2062 580 2118 in
611 2064 747 2119 alios
774 2064 1030 2120 exerceri
1058 2064 1298 2133 videbat,
1323 2065 1467 2136 quod
1489 2064 1724 2122 inﬁdelis
1744 2066 1908 2122 etiam
1933 2067 2127 2123 amicis

521 2156 701 2224 foret,
743 2169 798 2213 et
841 2173 969 2228 spcs
1012 2157 1296 2229 adempta,
1329 2159 1623 2230 populante
1651 2160 1938 2218 universos
1960 2161 2124 2228 fante,

525 2249 786 2305 Romanis
812 2250 925 2321 jatn
949 2250 1174 2322 jamque
1203 2251 1496 2322 irrupturis
1522 2269 1535 2306 :
1561 2252 1780 2307 turbato
1810 2253 2035 2309 Simone
2057 2254 2124 2309 ad

519 2359 680 2416 opem
709 2345 1068 2412 defensionis,
1100 2346 1405 2402 bacchante
1429 2345 1499 2402 ad
1528 2345 1801 2403 ofﬁcinam
1832 2348 2126 2405 crudelita-

521 2439 618 2506 tis,
654 2439 904 2511 facilique
935 2440 1188 2497 illecebra
1218 2440 1564 2512 proditiottis,
1594 2443 1740 2513 quod
1774 2443 1945 2501 ludas
1988 2461 2126 2504 unus

523 2549 589 2589 ex
640 2534 772 2605 ipsis
820 2535 1012 2590 turrim
1057 2537 1310 2592 tuendam
1359 2547 1698 2609 susceperat.
1727 2539 1780 2595 Is
1808 2540 1972 2612 igitur
2003 2557 2126 2598 cum

522 2631 794 2689 Romanos
840 2643 1090 2702 vocaret,
1125 2634 1449 2692 traditurum
1489 2651 1549 2692 se
1594 2637 1860 2708 pollicens
1907 2639 2122 2709 turrim,

520 2725 925 2784 faStidientibus
960 2729 1080 2785 aliis
1122 2729 1266 2801 quod
1307 2740 1416 2786 tant
1447 2746 1572 2788 sero
1595 2732 1836 2803 proditio
1865 2735 2130 2806 procede-

521 2830 626 2885 ret,
654 2822 776 2878 aliis
805 2823 1199 2894 dubitantibus,
1231 2827 1358 2898 quia
1394 2827 1706 2900 frequenter
1735 2833 2004 2902 promissa
2025 2832 2125 2890 de-

523 2915 733 2972 ditione
754 2916 938 2973 dolum
964 2932 1276 2990 paraverat,
1309 2923 1576 2992 praevenit
1602 2923 1812 2992 Simon,
1837 2935 1892 2981 et
1915 2925 1984 2982 de
2007 2927 2128 2982 uui-

522 3009 697 3067 versis
739 3013 1161 3083 conspirationis
1191 3015 1357 3071 sociis
1387 3031 1602 3087 pmnam
1628 3021 1810 3091 exegit
1842 3038 1854 3074 :
1893 3036 2126 3093 corpora

516 3117 738 3175 quoque
763 3119 954 3162 eorum
981 3106 1051 3164 de
1079 3123 1238 3164 muro
1268 3110 1630 3182 praecipitata.

1095 3201 1325 3260 CAPUT
1363 3203 1558 3260 XXIII.

593 3289 824 3347 Clausus
869 3294 1154 3350 tenebatur
1191 3295 1418 3368 Joseplti
1454 3308 1645 3370 pater,
1681 3314 1781 3356 nec
1811 3309 1836 3337 ³
1869 3300 2011 3357 ullus
2056 3301 2124 3359 ad

523 3397 650 3438 eum
697 3399 951 3442 accessus
994 3389 1235 3458 patebat.
1288 3390 1367 3446 Eo
1406 3392 1702 3450 studiosius
1748 3394 2018 3466 Josephus
2055 3397 2124 3454 ad

524 3477 859 3534 deditionem
894 3481 1155 3538 invitabat
1178 3483 1422 3553 Iudaeos,
1447 3497 1502 3542 et
1526 3488 1882 3545 inconsultius
1909 3508 2124 3549 murum

521 3582 897 3639 successerat,
949 3585 1000 3630 ut
1052 3577 1310 3635 liberaret
1350 3581 1578 3651 patriam
1625 3599 1747 3639 cum
1796 3594 1971 3656 patre.
2005 3588 2125 3655 Quo

525 3667 632 3722 loci
664 3682 798 3723 saxo
831 3681 1004 3741 caput
1032 3686 1325 3742 percussus
1364 3675 1626 3743 concidit,
1651 3693 1715 3734 ac
1740 3695 1880 3752 pene
1904 3681 2126 3751 jactatis

523 3759 758 3830 desuper
786 3761 910 3816 telis
938 3779 1238 3834 oppressus
1261 3767 1439 3823 fuerat
1459 3809 1474 3836 ,
1502 3770 1554 3824 ni
1583 3781 1856 3842 praecepto
1887 3772 2126 3832 Caesaris

524 3853 676 3908 missi
719 3853 918 3923 forent,
957 3857 1050 3928 qui
1095 3873 1220 3914 eum
1247 3870 1552 3930 protectum
1594 3863 1802 3938 clypcis
1847 3869 2125 3939 eriperent

522 3945 663 4002 neci.
694 3946 985 4019 Comperto
1024 3962 1198 4008 mater
1238 3953 1331 4010 ﬁlii
1377 3957 1459 4011 sui
1501 3957 1744 4026 vulnere,
1779 3969 1834 4015 et
1859 3961 2127 4017 insultan-

520 4039 654 4094 tium
685 4040 958 4097 latronum
981 4053 1334 4102 consternata
1367 4049 1611 4120 vocibus,
1643 4052 1835 4108 mortis
1861 4053 1982 4124 ejus
2009 4055 2123 4111 for-

521 4132 780 4190 midinem
807 4137 973 4192 simul
996 4148 1053 4194 et
1080 4139 1240 4196 fidem
1268 4142 1472 4200 induit:
1500 4145 1887 4203 miserabiliter
1903 4164 2124 4221 quoque

520 4227 808 4298 deplorare
849 4233 1120 4304 occtepit:
1156 4235 1224 4290 ad
1273 4235 1375 4293 hos
1421 4237 1632 4296 fructus
1677 4240 2024 4300 fecunditatis
2061 4260 2123 4300 se

519 4329 876 4391 reservatam,
906 4334 966 4380 ut
997 4341 1097 4383 nec
1122 4327 1303 4384 ofﬁcio
1327 4331 1560 4387 viventis
1589 4333 1684 4389 filii
1711 4335 1998 4405 potiretur,
2024 4353 2124 4394 nec

521 4416 784 4486 sepeliret
809 4417 1148 4475 defunctum.
1184 4421 1306 4478 Voti
1342 4424 1560 4494 quidem
1593 4427 1676 4482 sui
1704 4426 1892 4496 fuisse,
1928 4440 1984 4486 ut
2008 4430 2124 4501 ipse

521 4509 698 4580 potius
730 4513 893 4567 matri
928 4513 1266 4584 sepulturam
1297 4516 1491 4573 daret:
1517 4518 1659 4575 inter
1677 4521 2002 4590 ejusmanus
2027 4538 2121 4580 su-

521 4617 768 4673 premunt
797 4607 1080 4664 exhalaret
1109 4611 1359 4680 spiritum
1391 4629 1406 4666 :
1449 4613 1541 4669 ille
1567 4613 1794 4686 frigidos
1814 4625 1966 4674 artus
1986 4617 2122 4674 deﬁ-

522 4697 715 4753 cientis
739 4699 967 4768 foveret,
990 4703 1083 4759 ille
1104 4703 1326 4760 ultimos
1352 4720 1450 4762 ore
1472 4707 1743 4764 anhelitus
1772 4710 2003 4781 legeret,
2031 4713 2120 4768 ille

519 4790 708 4846 oculos
753 4794 1039 4850 morientis
1075 4795 1387 4866 clauderet,
1416 4800 1507 4856 ille
1528 4802 1789 4872 spirantia
1817 4803 1994 4860 adhuc
2023 4821 2117 4862 ora

514 4895 893 4953 componeret.
915 4888 1022 4944 Sed
1046 4891 1167 4960 quia
1189 4900 1316 4948 voto
1334 4894 1632 4963 exciderat,
1651 4897 1904 4954 solatium
1928 4899 2114 4967 fuisse,

516 4977 562 5030 si
607 4975 690 5030 vel
728 4977 842 5045 ipsa
889 4979 1154 5038 interesse
1187 4985 1454 5053 potuisset
1484 4987 1580 5043 ﬁlii
1608 4975 1895 5046 morientis
1926 5007 2117 5062 supre-

514 5068 652 5134 mis,
682 5069 979 5126 miserabili
1006 5076 1222 5144 quidem
1262 5088 1432 5145 sorte,
1466 5082 1563 5137 sed
1593 5083 1866 5139 tolerabili
1894 5094 2070 5144 tamen
2098 5130 2115 5157 ,

514 5171 569 5215 ut
600 5176 762 5233 quem
793 5167 1137 5233 superstitem
1169 5180 1471 5240 optaverat,
1509 5175 1627 5246 ejus
1650 5178 1738 5233 vel
1769 5178 1928 5252 funus
1961 5192 2111 5238 tene-

513 5263 618 5311 ret.
656 5254 1042 5314 Verumtamen
1071 5262 1156 5316 vel
1187 5263 1257 5318 de
1279 5280 1457 5332 muro,
1491 5265 1684 5340 inquit,
1705 5281 1956 5339 Spectare
1979 5274 2112 5330 mihi

512 5362 632 5402 mea
663 5346 852 5404 funera
877 5349 1040 5405 liceat
1067 5369 1080 5406 :
1114 5354 1235 5408 etsi
1257 5357 1575 5429 contingere
1603 5377 1708 5417 non
1736 5363 1880 5431 licet,
1907 5367 2108 5423 utinam

509 5439 729 5510 quidem
768 5458 930 5499 nemo
957 5447 1208 5501 arceret!
1243 5448 1350 5504 Sed
1380 5466 1540 5520 quem
1571 5466 1806 5511 metuam
1841 5466 1990 5514 tanto
2018 5461 2113 5517 de-

509 5535 694 5589 stituta
729 5536 878 5590 lilio?
908 5536 1048 5603 Quid
1094 5542 1510 5612 pertimescam,
1542 5548 1626 5600 cui
1670 5548 1990 5606 beneﬁcium
2027 5561 2112 5608 est

511 5626 690 5682 mori?
728 5626 943 5686 Utinam
984 5632 1038 5688 in
1074 5650 1162 5692 me
1201 5635 1305 5692 tela
1334 5650 1432 5692 sua
1459 5651 1650 5696 omnes
1679 5651 2110 5715 contorqueant,

584 5797 609 5825 ει
645 5787 776 5845 Ulli.
810 5789 979 5848 BARR.

582 5882 609 5921 ὶ»
655 5882 1125 5948 Praetenderdium.
1157 5889 1319 5947 Rana.

2231 1980 2443 2048 suadet,
2472 1979 2848 2050 procumbere.
2872 1978 2978 2034 Sed
2996 1981 3108 2050 jam
3133 1994 3242 2033 non
3275 1994 3372 2049 pro
3398 1986 3704 2049 parentum
3730 1992 3838 2032 con-

2231 2076 2456 2131 tendere
2486 2077 2682 2143 salute,
2706 2077 2794 2146 qui
2822 2075 3052 2146 depositi
3083 2091 3202 2131 :evo
3230 2091 3355 2131 cum
3378 2076 3432 2131 in
3463 2091 3700 2131 carcere
3728 2076 3836 2129 vit:e

2229 2167 2391 2223 finem
2435 2182 2749 2239 supremum
2778 2168 3018 2240 exigant,
3052 2169 3376 2236 liberantur,
3409 2168 3459 2223 si
3487 2169 3834 2224 moriantur:

2228 2263 2322 2318 sed
2373 2278 2472 2333 pro
2510 2278 2624 2332 ara,
2661 2279 2757 2333 pro
2787 2265 3013 2334 templo,
3048 2278 3146 2334 pro
3174 2264 3456 2319 semirutis
3485 2262 3679 2318 adhuc
3704 2261 3835 2317 urbis

2230 2360 2500 2416 mmnibus
2525 2358 2818 2428 trepidare.
2843 2358 3121 2414 Obtulisse
3149 2373 3209 2413 se
3237 2358 3474 2426 vulneri,
3507 2374 3586 2414 ne
3621 2357 3836 2429 patriam

2228 2456 2400 2512 everti
2431 2455 2661 2511 videret.
2691 2453 2808 2522 Qua
2827 2453 3047 2510 excitati
3078 2452 3326 2524 querela,
3353 2452 3609 2524 plerique
3640 2451 3707 2506 ad
3738 2451 3833 2505 Ro-

2230 2563 2423 2605 manos
2455 2547 2842 2603 transeundum
2874 2549 2998 2613 rati,
3031 2561 3135 2618 qua
3159 2554 3453 2618 potuerunt
3486 2549 3604 2610 via,
3631 2546 3834 2600 subtra-

2230 2651 2429 2699 xerunt
2447 2657 2569 2698 sese
2591 2641 2805 2697 insidiis
2826 2639 3288 2706 latrocinantium,
3304 2649 3359 2697 et
3384 2639 3640 2695 custodia
3661 2636 3689 2676 ιι
3718 2651 3829 2708 pro-

2229 2735 2588 2792 tendentium.
2643 2734 2851 2804 Quibus
2913 2735 3132 2805 quidem
3184 2733 3338 2788 Titus
3395 2730 3828 2788 misericordiam

2231 2829 2553 2902 promissam
2575 2828 2816 2884 servavit
2844 2869 2859 2894 ,
2902 2826 2999 2882 sed
3045 2826 3149 2881 alia
3181 2826 3399 2897 gravior
3421 2840 3676 2880 aerumna
3702 2823 3828 2878 acci-

2229 2924 2328 2980 dit.
2381 2922 2624 2994 Namque
2669 2922 2762 2978 ubi
2813 2921 2940 2977 data
2969 2920 3213 2976 alimenti
3239 2922 3396 2991 copia
3423 2962 3440 2989 ,
3485 2923 3662 2991 carpit
3688 2920 3827 2974 oneri

2227 3035 2351 3076 esse
2393 3018 2547 3074 cibus
2577 3017 2666 3088 qui
2715 3017 2865 3087 prius
2893 3016 3014 3072 usui
3052 3024 3191 3084 erat,
3237 3013 3590 3086 desuetisque
3643 3010 3824 3068 edendi

2229 3115 2444 3180 ofﬁciis,
2477 3112 2838 3170 ministerium
2869 3112 3189 3169 feriabatur.
3229 3111 3390 3167 Nulla
3434 3112 3517 3167 vis
3561 3110 3822 3174 dentium,

2230 3220 2289 3265 ut
2323 3209 2504 3265 cibum
2546 3207 2887 3273 manderent,
2921 3206 3065 3262 nulla
3096 3207 3420 3262 arteriarqu
3452 3202 3820 3264 subsistentia,

2229 3318 2425 3376 panem
2453 3301 2714 3358 arrodere
2741 3301 2890 3356 nullo
2924 3309 3178 3373 poterant
3217 3298 3402 3354 modo.
3438 3298 3500 3354 Si
3540 3296 3677 3369 quid
3705 3309 3823 3352 sane

2227 3397 2570 3453 sorbuissent
2596 3395 2864 3451 mollioris
2904 3393 3204 3460 alimoniae,
3236 3392 3548 3449 interclusis
3571 3393 3690 3465 jam
3721 3391 3822 3445 fau-

2226 3494 2369 3549 cium
2403 3492 2669 3548 meatibus
2696 3489 3192 3562 strangulabantur.
3221 3487 3584 3560 Obriguerant
3609 3487 3820 3544 interio-

2225 3601 2285 3641 ra
2315 3587 2606 3650 viscerum,
2634 3581 2903 3640 obstructi
2932 3590 3090 3638 erant
3114 3581 3310 3638 ductus
3340 3581 3614 3637 ciborum.
3663 3581 3821 3636 Arue-

2226 3688 2348 3734 rant
2393 3677 2598 3748 jecoris
2639 3691 2822 3744 vente,
2869 3691 2988 3748 qua:
3035 3673 3190 3731 cibos
3235 3674 3538 3730 attrahunt.
3587 3673 3818 3730 Perierat

2226 3785 2376 3834 usus,
2419 3769 2649 3825 aviditas
2674 3769 3090 3833 cumulabatur,
3120 3769 3295 3822 virtus
3321 3766 3640 3836 defecerat,
3669 3780 3818 3838 appe~

2227 3865 2394 3920 tentia
2421 3865 2697 3922 manebat.
2725 3863 2972 3919 fluebant
2996 3878 3162 3933 supra
3181 3862 3333 3918 cibos
3358 3862 3568 3927 miseri,
3597 3871 3656 3918 et
3684 3861 3817 3916 inva-

2225 3956 2365 4014 lidos
2403 3972 2636 4024 morsus,
2679 3973 2831 4013 more
2874 3956 3158 4012 infantiqu
3201 3954 3628 4010 meditabantur.
3660 3951 3815 4008 Pleri-

2225 4067 2331 4122 que
2375 4051 2506 4108 visis
2553 4051 2846 4120 alimentis,
2899 4051 3015 4122 ipso
3045 4050 3240 4122 gaudio
3281 4048 3635 4117 deﬁciebant,
3669 4057 3814 4118 atque

2225 4148 2368 4203 inler
2396 4155 2683 4217 exOptatos
2723 4146 2826 4202 sibi
2857 4145 3009 4201 cibos
3038 4144 3444 4200 moriebantur:
3474 4142 3635 4198 solati
3666 4141 3814 4197 misc-

2224 4241 2361 4295 riam
2388 4281 2404 4307 ,
2457 4239 2603 4311 quod
2645 4249 2832 4295 votum
2870 4239 3259 4310 impleverant.
3309 4236 3416 4292 Sed
3460 4245 3578 4292 erat
3627 4246 3809 4306 pompa

2225 4333 2616 4406 lacrymabilis,
2649 4348 2773 4388 cum
2823 4332 3005 4404 plures
3049 4347 3078 4386 a
3109 4331 3233 4386 cibo
3276 4330 3343 4385 ad
3375 4327 3675 4399 periculum
3702 4339 3809 4381 sur-

2221 4434 2436 4497 gerent,
2465 4441 2626 4496 quam
2657 4425 2724 4480 ad
2767 4425 3018 4490 salutem,
3065 4433 3125 4479 ut
3154 4433 3209 4479 et
3252 4425 3427 4479 victus
3455 4429 3698 4478 noceret.
3735 4418 3806 4473 ln-

2224 4519 2490 4575 llabantur
2516 4518 2661 4574 enitn
2700 4518 2922 4574 insolito
2973 4517 3096 4574 cibo
3134 4531 3364 4588 corpora
3397 4517 3613 4588 potius,
3657 4527 3805 4585 quam

2223 4615 2642 4684 reficiebantur,
2663 4624 2720 4670 et
2748 4613 2902 4686 quasi
2931 4612 3167 4684 quodam
3193 4623 3216 4650 ο
3246 4608 3556 4683 hydropisis
3585 4607 3767 4664 morbo
3786 4646 3802 4670 ,

2223 4709 2462 4765 distenta
2489 4719 2616 4766 cute
2643 4722 2831 4779 poenas
2857 4706 3081 4763 dabant.
3121 4705 3190 4761 Et
3223 4706 3268 4761 si
3292 4704 3490 4775 quibus
3513 4703 3620 4759 ulla
3642 4700 3802 4758 adhuc

2221 4804 2393 4860 virtus
2411 4800 2877 4870 edendi,aviditas
2901 4797 3123 4854 modum
3153 4798 3360 4864 nescia,
3386 4795 3532 4868 quod
3552 4794 3690 4850 ferre
3707 4805 3798 4846 non

2223 4905 2492 4969 poterant,
2522 4910 2684 4966 supra
2713 4907 3024 4949 mensuram
3048 4891 3391 4963 ingerebant,
3419 4887 3700 4960 repentino
3727 4883 3798 4938 ci-

2219 4991 2290 5047 bo
2322 4993 2443 5046 farti
2469 4989 2971 5060 disrutnpebantur.
3001 4985 3141 5052 Quid
3171 4985 3314 5041 enim
3344 4998 3511 5055 grave
3547 4997 3652 5038 non
3675 4987 3795 5044 erat,

2216 5085 2413 5157 quibus
2442 5093 2561 5140 erat
2582 5086 2760 5154 gravis
2789 5091 2843 5139 et
2869 5081 3019 5136 solus
3047 5079 3295 5148 allectus,
3326 5086 3385 5132 ttt
3409 5079 3626 5134 obesset
3654 5075 3801 5130 vidis-

2217 5193 2298 5246 se,
2331 5177 2476 5250 quod
2513 5173 3000 5233 desideraverant?
3039 5171 3330 5242 Incapaces
3353 5170 3500 5226 enim
3527 5168 3794 5225 aﬁ‘ectuum

2219 5289 2314 5344 per
2344 5272 2560 5344 longam
2587 5270 2808 5337 famem,
2841 5269 3117 5339 oppressit
3141 5267 3304 5322 etiam
3345 5279 3538 5320 sensus
3567 5273 3793 5318 natur-re:

2217 5375 2273 5421 et
2304 5367 2420 5436 ipsc
2447 5364 2630 5436 gaudii
2661 5373 2840 5419 motus
2865 5363 3132 5433 gravavit.
3157 5359 3299 5415 Nihil
3326 5359 3488 5430 igitur
3527 5355 3793 5422 mirum,si

2213 5461 2496 5517 exhaustis
2522 5459 2765 5530 periculo
2786 5459 2939 5514 cibus
2961 5465 3063 5513 est.
3100 5457 3337 5525 Denique
3369 5464 3494 5524 post
3523 5454 3790 5509 biduanum

2209 5553 2474 5624 jejunium
2495 5593 2509 5617 ,
2541 5552 2588 5606 si
2619 5551 2750 5621 quid
2776 5551 2987 5607 avidius
3011 5548 3310 5620 sumpseris
3335 5590 3350 5615 ,
3376 5549 3562 5602 statim
3591 5543 3791 5602 crudes-

2215 5647 2310 5706 cit.
2336 5645 2490 5702 Unde
2520 5646 2796 5718 plerisque
2814 5645 2985 5702 moris
3013 5655 3120 5711 est,
3152 5651 3213 5700 ut
3241 5655 3460 5698 succum
3482 5641 3638 5697 lactis
3663 5637 3790 5697 inﬁr-

2297 5815 2318 5842 ι
2354 5802 2642 5876 Ηνιιιοορεε.
2675 5803 2751 5860 id.
