4050 6456
113 411 309 470 2169
1035 412 1305 473 HISTOR.
1348 411 1437 468 DE
1477 409 1757 468 EXCIDIO
1799 407 2074 467 HIEROS.
2119 409 2325 466 URBIS
2363 410 2493 468 LIB.
2539 411 2601 467 ν.
3330 415 3472 473 ano

111 525 267 582 mis
286 525 593 584 visceribus
621 526 928 594 infundant,
955 542 1128 600 coque
1152 541 1278 582 eum
1302 524 1460 581 melle
1497 523 1767 594 permixto
1793 527 1850 586 Α
1875 527 2096 581 tentiam
2122 545 2134 580 :
2165 536 2222 582 ut
2248 527 2546 598 superioris
2567 526 2751 584 delicti
2800 528 3028 599 gratiam
3066 529 3290 600 faceret,
3325 542 3381 588 et
3409 548 3480 590 ne

113 628 470 690 temperent
513 620 802 675 humerum
835 630 1209 692 exasperatam
1237 619 1459 691 jejuniis
1491 619 1759 688 intempe-
1870 629 2063 689 postea
2114 622 2576 688 committeretur,
2610 637 2825 692 pmnam
2871 623 3236 691 denuntiaret,
3283 627 3479 682 verbo-

113 714 430 779 ramiam,
467 722 525 768 et
569 712 930 770 defectionem
961 715 1242 785 corporis,
1278 713 1424 768 velut
1472 709 1758 766 infantiam
1868 729 2098 786 rumque
2125 715 2446 772 austeritate
2493 717 2730 788 graviori
2786 733 2915 774 suos
2976 729 3258 792 argueret,
3329 720 3474 791 quod

107 806 446 875 quamdam
481 806 730 863 molliore
760 807 884 862 cibo
916 806 1172 862 nutriant.
1201 807 1293 862 Sic
1331 819 1460 876 ergo
1511 801 1765 864 nonnulli
1872 823 2004 863 auro
2053 809 2317 864 succincti
2369 821 2423 864 et
2467 821 2726 880 argento,
2780 810 3140 884 pretiosisque
3213 811 3337 868 telis
3390 811 3473 866 ni-

111 897 470 956 Iudaeorum
521 901 611 971 qui
645 901 711 956 ad
751 900 1028 956 Rontauos
1076 899 1462 972 confugerant,
1511 907 1764 969 poterant
1875 909 2069 968 tentes,
2113 917 2216 958 nec
2256 917 2404 957 arma
2433 916 2528 958 sua
2556 904 2962 970 erubescerent,
2999 915 3057 959 ut
3087 915 3238 960 tanto
3275 919 3334 960 se
3373 903 3472 961 dc-

109 993 412 1061 evadere,
454 995 688 1066 quadam
740 1004 858 1050 arte
885 1001 1178 1066 pensantes
1220 991 1588 1048 moderamina
1631 989 1763 1057 cibi,
1870 995 2068 1053 decore
2117 995 2562 1054 debonestarent.
2614 999 2683 1053 At
2734 1014 2865 1055 vero
2911 999 3080 1071 Syros
3147 1009 3201 1055 et
3260 999 3472 1055 Arabes

111 1085 330 1143 donec
353 1087 574 1144 desueta
605 1087 804 1144 edendi
829 1103 980 1156 caro,
1022 1087 1076 1144 in
1099 1101 1228 1143 suos
1255 1086 1458 1142 rediret
1480 1085 1765 1143 usus.Nec
1868 1089 2172 1160 increpare,
2203 1090 2347 1160 quod
2377 1091 2730 1148 immemores
2753 1091 2983 1148 Romani
3013 1092 3248 1149 nominis
3268 1135 3283 1159 ,
3325 1092 3472 1148 dictu

114 1177 259 1236 hoc
291 1190 471 1236 tamen
502 1181 706 1253 profuit
749 1181 967 1238 miseris
989 1223 1004 1250 ,
1038 1181 1132 1238 sed
1178 1195 1342 1236 causa
1376 1179 1598 1250 majoris
1638 1179 1760 1234 exi-
1866 1195 2080 1253 quoque
2126 1181 2346 1238 horrida
2378 1183 2816 1253 excogitassent:
2843 1185 3064 1241 venisse
3093 1202 3190 1242 eos
3235 1186 3301 1240 ad
3341 1185 3473 1241 belli

112 1275 192 1328 tii
255 1273 377 1331 fuit.
429 1275 566 1332 Nam
625 1291 750 1332 cum
810 1293 875 1333 ex
933 1277 1020 1333 his
1070 1276 1316 1348 plerique
1363 1286 1588 1347 accepto
1636 1275 1759 1332 cibo
1865 1279 2216 1349 societatem,
2293 1291 2402 1332 non
2463 1277 2531 1332 ad
2600 1279 2922 1334 exercitium
2990 1279 3340 1352 flagitiorum.
3412 1280 3468 1335 ln

117 1367 339 1424 alvum
370 1380 690 1441 purgarent,
739 1380 1058 1441 egesserant
1095 1370 1260 1442 aliqui
1289 1369 1536 1426 bimones
1565 1383 1761 1426 aureos
1864 1373 2106 1427 exercitu
2145 1371 2389 1426 Romano
2454 1386 2562 1427 non
2621 1373 2798 1429 solum
2869 1374 3127 1430 virtutem
3180 1374 3464 1446 corporis,

114 1480 297 1535 quos
352 1465 793 1532 absorbuerant,
844 1481 967 1523 cum
1039 1466 1374 1522 adornarent
1414 1465 1639 1537 fugam:
1693 1481 1762 1520 ne
1861 1465 1958 1521 sed
2013 1466 2175 1522 etiam
2217 1466 2417 1521 mentis
2461 1466 2714 1536 requiri:
2766 1483 2867 1523 nec
2913 1469 3290 1524 tantummodo
3349 1467 3460 1524 for-

111 1557 451 1629 deprensi,
509 1560 634 1631 quia
689 1559 1038 1616 insidiatores
1097 1559 1280 1616 omnia
1343 1558 1759 1630 perscrutaban-
1866 1559 2152 1615 titudinem
2200 1556 2256 1614 in
2301 1559 2551 1626 hostem,
2608 1558 2702 1615 sed
2760 1559 2924 1614 etiam
2975 1561 3282 1631 disciplina:
3341 1573 3470 1616 nor-

112 1660 232 1706 tur
264 1694 281 1720 ,
348 1668 456 1708 non
513 1655 690 1708 solum
737 1654 1028 1724 dispendio
1059 1695 1074 1720 ,
1129 1653 1229 1710 sed
1289 1652 1456 1708 etiam
1515 1650 1755 1722 periculo
1865 1669 2006 1709 mam
2035 1653 2270 1724 spectari
2300 1670 2312 1707 :
2339 1669 2408 1708 ne
2436 1652 2704 1720 crudelis,
2737 1667 2804 1707 ne
2842 1653 3041 1723 impius
3066 1695 3082 1720 ,
3129 1667 3198 1708 nc
3227 1652 3470 1707 insolens

114 1748 368 1803 forent:
457 1749 638 1805 scelus
707 1749 852 1804 enim
905 1749 1243 1814 ducebatur,
1311 1763 1498 1803 aurum
1561 1762 1752 1819 quem-
1864 1745 2025 1802 miles
2051 1747 2126 1801 sit
2159 1763 2171 1800 :
2202 1745 2299 1801 sed
2342 1761 2409 1801 ne
2438 1745 2637 1816 praedze
2683 1745 2862 1814 potius
2907 1759 3068 1814 quam
3113 1745 3356 1800 victoria:
3383 1743 3468 1798 in-

111 1855 309 1910 quam
355 1850 550 1911 praeter
599 1841 835 1898 latrones
891 1841 1114 1899 habere.
1177 1841 1291 1897 Hoc
1339 1842 1520 1913 itaque
1565 1851 1753 1913 postea
1866 1849 2069 1896 tentus.
2107 1841 2182 1896 Ea
2227 1842 2416 1912 gravia
2464 1839 2635 1896 videri
2686 1839 2892 1895 militia:
2938 1838 3140 1909 ﬂagitia
3191 1847 3248 1894 et
3295 1837 3470 1893 vindi-

114 1934 357 2002 Judzei,
400 1937 584 2007 specie
639 1937 936 1993 miserabili
997 1936 1134 1992 inter
1189 1935 1596 2006 inquinamenta
1646 1935 1753 1991 alvi
1786 1953 1832 2014 Β
1863 1936 1973 1988 cari
2031 1934 2312 1988 atrociter.
2370 1933 2516 1988 Inter
2560 1947 2710 1987 arma
2764 1946 2981 2003 quoque
3040 1931 3188 2001 leges
3236 1930 3465 1984 valere:

115 2046 341 2087 aurum
415 2032 685 2104 legebant.
745 2030 1023 2103 Comperit
1093 2032 1144 2087 id
1217 2031 1435 2102 quidam
1498 2041 1522 2068 ιι
1581 2032 1750 2102 Assy-

118 2123 260 2180 rius
288 2167 303 2192 ,
355 2135 411 2180 et
455 2125 523 2180 ab
552 2127 762 2181 uno'in
807 2141 997 2182 omnes
1045 2126 1234 2198 opinio
1283 2126 1540 2180 manavit.
1595 2123 1751 2192 Quod

117 2234 318 2290 genus
348 2219 627 2276 hominum
658 2235 900 2292 prteceps
922 2220 988 2274 ad
1010 2219 1316 2284 avaritiam,
1339 2227 1393 2273 et
1415 2229 1658 2288 paratum
1683 2214 1750 2270 ad

121 2315 465 2382 versutiam,
506 2323 566 2370 ιιι
597 2314 730 2370 nihil
758 2325 865 2370 tam
895 2325 1049 2369 atrox
1094 2315 1184 2381 sit,
1216 2312 1359 2384 quod
1393 2311 1641 2382 refugiat,
1671 2309 1753 2364 ni—

122 2404 212 2460 hil
244 2415 355 2461 tam
381 2415 555 2478 turpe,
587 2407 729 2478 quod
759 2406 1050 2462 erubescat
1082 2405 1262 2462 studio
1291 2403 1551 2474 pecuniaa,
1581 2404 1620 2457 Α
1645 2402 1751 2474 Sy-

125 2502 215 2556 ris
253 2503 308 2557 in
352 2502 561 2558 Arabas
587 2501 778 2559 diﬂusa
822 2501 961 2557 fama
992 2513 1097 2565 est,
1133 2501 1327 2572 quibus
1355 2509 1408 2554 et
1446 2515 1552 2553 non
1576 2499 1754 2552 minor

123 2595 391 2661 avaritia,
423 2605 476 2650 et
498 2595 684 2650 feritas
713 2594 1014 2650 barbarica:
1064 2593 1284 2665 propior
1310 2589 1652 2655 immanitati,
1686 2604 1752 2644 eo

124 2690 288 2762 quod
315 2690 436 2746 farti
465 2705 596 2746 auro
621 2689 795 2746 Judzei
825 2689 1041 2744 forent:
1085 2687 1348 2756 diripiunt
1385 2697 1752 2755 quoscumque

124 2782 490 2839 offenderant
524 2782 899 2847 advenientes,
925 2791 1112 2837 contra
1142 2782 1242 2844 fas,
1268 2789 1457 2834 contra
1485 2777 1630 2848 leges
1658 2776 1753 2831 de-

129 2875 412 2942 ditionis,
468 2884 656 2932 contra
717 2875 1044 2947 promissum
1093 2874 1348 2939 Cmsaris,
1379 2871 1522 2942 quod
1577 2868 1749 2925 occidi

130 2986 252 3025 non
335 2969 569 3026 licebat:
647 2969 892 3024 incidunt
955 2967 1130 3022 adhuc
1192 2967 1487 3031 viventes,
1557 2976 1752 3018 cruen-

131 3063 326 3134 tiSque
374 3062 625 3120 manibus
672 3064 980 3118 eviscerant
1025 3061 1230 3134 ventris
1276 3067 1505 3115 secreta.
1557 3056 1750 3112 Alvum

131 3166 487 3226 scrutantur,
519 3168 574 3214 et
599 3158 739 3214 inter
761 3157 877 3230 ejus
897 3157 1166 3212 manantia
1193 3163 1539 3226 purgamenta
1561 3167 1750 3207 aurum

131 3250 456 3323 requirunt,
492 3267 601 3307 non
630 3253 810 3307 minus
851 3251 1078 3321 turpiter
1103 3263 1264 3320 quam
1295 3248 1373 3303 illi
1399 3262 1534 3318 quos
1568 3246 1755 3317 adige-

1861 2029 1968 2085 fide
1989 2029 2182 2084 melius
2205 2028 2344 2084 bella
2375 2028 2514 2098 geri,
2545 2044 2663 2097 qua:
2683 2037 2935 2082 servetur
2981 2025 3144 2082 etiam
3196 2023 3464 2080 hostibus.

1857 2123 1913 2178 Si
1947 2138 2076 2192 ergo
2121 2130 2176 2178 et
2213 2122 2440 2177 armatis
2467 2121 2728 2184 debetur,
2765 2126 2972 2190 quanto
3013 2118 3186 2190 magis
3240 2131 3470 2186 precan-

1857 2219 2002 2273 tibus
2033 2217 2047 2270 !
2095 2215 2329 2272 Proinde
2378 2223 2645 2270 caverent
2674 2213 2744 2268 ab
2787 2211 3100 2283 hujusmodi
3131 2211 3374 2282 ﬂagitiis,
3399 2225 3469 2265 ne

1855 2322 1911 2368 ct
1949 2311 2188 2368 victoriae
2212 2320 2500 2375 exsortes,
2554 2319 2610 2365 et
2650 2307 2840 2363 salutis
2891 2307 3103 2362 fierent.
3170 2305 3354 2376 Neque
3407 2319 3469 2361 se

1856 2407 2056 2463 diutius
2083 2421 2387 2478 passurum,
2421 2413 2476 2457 ut
2504 2417 2692 2458 eorum
2720 2399 2949 2456 scelesta
2980 2398 3178 2469 ﬂagitia
3206 2396 3470 2453 Romanis

1854 2502 2280 2567 ascriberentur,
2312 2498 2402 2566 qui
2439 2497 2557 2567 plus
2584 2495 2761 2562 oneri,
2791 2509 2952 2564 quam
2979 2493 3098 2547 usui
3127 2490 3326 2546 forent.
3359 2491 3468 2546 Ita-

1853 2611 1959 2666 que
2004 2595 2265 2665 repressit
2295 2591 2682 2661 aliquantulum
2706 2629 2720 2652 ,
2753 2606 2858 2643 non
2902 2586 3154 2643 exsecuit
3184 2585 3464 2642 avaritiam

1854 2687 2146 2760 Syrorum,
2183 2693 2240 2740 ut
2285 2684 2548 2740 arbitrum
2581 2681 2864 2753 fugerent,
2893 2696 3002 2736 non
3045 2688 3103 2735 ut
3132 2688 3464 2750 praeceptum

1854 2785 2125 2838 foverent.
2171 2779 2413 2850 Denique
2456 2777 2735 2847 explorato
2780 2776 2929 2846 prius
2975 2773 3022 2828 si
3065 2771 3206 2827 forte
3236 2769 3468 2827 Romani

1855 2876 2044 2931 militis
2085 2874 2304 2930 deesset
2346 2869 2657 2942 prmsentia,
2689 2867 2756 2922 de
2798 2867 3122 2922 miserorum
3165 2863 3470 2920 visceribus

1854 2968 2188 3026 exsecrabile
2215 2966 2424 3022 lucrum
2451 2960 2850 3034 proferebatur,
2878 2974 2975 3014 nec
3001 2968 3179 3013 tamen
3211 2957 3265 3012 in
3291 2955 3470 3010 omni-

1855 3063 1956 3118 bus
1987 3061 2315 3132 sequebatur
2353 3057 2516 3112 etiam
2560 3053 2755 3126 praedae
2793 3061 3022 3108 eventus
3046 3091 3064 3118 ,
3113 3050 3207 3105 sed
3251 3049 3303 3104 in
3333 3063 3468 3118 pau-

1854 3157 1932 3213 cis
1960 3196 1975 3223 ,
2009 3170 2116 3226 quo
2145 3153 2420 3209 crudelior
2445 3149 2635 3206 feritas
2669 3166 2682 3202 :
2735 3147 2862 3220 quia
2891 3162 3000 3201 non
3032 3145 3207 3200 solum
3243 3155 3470 3216 propter

1854 3267 1987 3322 opes
2009 3290 2025 3317 ,
2069 3249 2164 3305 sed
2192 3249 2354 3303 etiam
2402 3254 2626 3316 propter
2647 3259 2798 3311 spem
2826 3242 2960 3297 lucri
3009 3239 3229 3312 plurimi
3258 3238 3466 3294 exstin-

134 3344 235 3398 bat
279 3342 486 3399 fames:
538 3345 759 3414 insuper
801 3345 962 3398 etiam
1013 3357 1157 3396 saeva
1195 3340 1533 3396 crudelitate.
1587 3339 1746 3393 Multa
1776 3341 1821 3405 C
1854 3345 2196 3417 suebanlur:
2225 3355 2346 3397 cum
2380 3340 2619 3395 latrones
2651 3336 2774 3407 ipsi,
2804 3345 2857 3390 οι
2883 3335 3140 3390 εωνὶοιθς
3170 3334 3356 3402 pirata:
3381 3330 3462 3384 ιιι..

131 3438 338 3491 acerba
373 3451 439 3491 eo
465 3437 754 3492 commissa
787 3435 995 3506 praelia,
1030 3435 1162 3489 nihil
1207 3435 1309 3488 hoc
1337 3449 1443 3489 uno
1473 3432 1745 3488 acerbius.

133 3531 387 3601 Denique
430 3546 534 3585 una
574 3538 732 3585 nocte
760 3529 868 3584 duo
897 3527 1065 3583 millia
1102 3527 1216 3583 fere
1247 3529 1482 3582 virorum
1521 3525 1748 3582 discissa

129 3631 273 3677 sunt
303 3623 397 3678 tali
426 3622 650 3692 ﬂagitio,
675 3621 974 3692 divisisque
1002 3619 1326 3688 visceribus,
1358 3629 1596 3692 qua-stus
1620 3633 1748 3673 suos

129 3715 298 3788 Syria
330 3718 696 3774 numerabat:
752 3716 948 3772 Arabia
997 3715 1381 3785 negotiationis
1433 3713 1750 3770 recensebat

127 3808 531 3873 emolumenta,
579 3824 698 3878 quae
742 3809 862 3862 sine
911 3805 1242 3863 transfretati
1290 3806 1455 3861 maris
1495 3803 1750 3875 periculis

131 3915 280 3956 novo
309 3900 650 3957 crudelitatis
672 3910 986 3955 commento
1011 3901 1064 3954 in
1095 3915 1249 3954 usum
1284 3899 1419 3954 lucri
1449 3906 1747 3963 verterant,

132 4002 193 4048 et
227 4009 466 4048 mercem
493 3992 769 4064 putabant.
801 3991 956 4060 Quod
989 3991 1154 4046 etiam
1186 4005 1328 4046 nunc
1355 3989 1408 4044 in
1437 3987 1747 4058 hujusmodi

141 4086 429 4142 hominum
459 4101 657 4158 genere
685 4087 948 4155 reperias,
979 4095 1030 4140 et
1062 4084 1335 4140 nonnullis
1364 4097 1510 4154 saepe
1543 4080 1750 4153 Egyp-

134 4180 365 4248 tiorum,
400 4190 455 4234 ut
485 4179 739 4235 curandis
772 4178 1051 4236 funeribus
1079 4177 1424 4248 negotientur
1444 4216 1460 4242 ,
1486 4184 1543 4230 et
1570 4173 1747 4229 ofﬂcia

136 4273 495 4329 humanitatis
532 4273 768 4329 vendant
802 4285 1118 4330 mercatura:
1147 4269 1506 4342 compendiis.
1556 4269 1747 4324 Misera

135 4365 312 4422 fames
359 4365 507 4432 auri;
559 4365 696 4421 nihil
739 4366 1072 4438 sequendum
1118 4372 1301 4436 putat,
1348 4362 1452 4419 nisi
1494 4361 1639 4434 quod
1682 4360 1748 4416 ad

138 4475 382 4531 pnesens
429 4461 748 4517 lucrosum:
798 4461 928 4517 nihil
962 4462 1270 4524 honestum,
1317 4457 1460 4529 quod
1508 4456 1750 4528 pecuniae

139 4571 394 4611 vacuum.
431 4555 755 4626 Gravisjam
785 4555 1012 4623 dudum,
1043 4555 1224 4626 gravis
1250 4552 1473 4610 inolevit
1497 4550 1750 4606 humanis

141 4650 430 4706 affectibus
479 4651 758 4721 quaerendi
791 4648 988 4720 cupido
1013 4691 1029 4717 ,
1061 4658 1118 4704 et
1147 4657 1454 4703 mercatura
1483 4645 1624 4701 facta
1664 4653 1748 4700 est

1856 3438 2128 3504 tronibus,
2171 3451 2200 3491 a
2243 3435 2528 3491 latrocinio
2569 3441 2892 3502 temperent,
2940 3431 3027 3486 ubi
3071 3428 3309 3500 prmdam
3354 3442 3461 3483 non

1851 3541 2160 3591 senserant.
2187 3531 2371 3587 Solius
2419 3531 2564 3584 enim
2609 3527 2910 3582 barbarica:
2959 3525 3318 3581 immanitatis
3357 3531 3466 3590 est,

1849 3630 2019 3702 gratis
2063 3643 2282 3683 nocere.
2331 3625 2464 3681 Nam
2515 3633 2572 3680 et
2614 3624 2744 3694 ipsa:
2804 3625 2964 3688 ferm,
3014 3631 3070 3675 ut
3109 3617 3463 3684 interficiant,

1853 3723 2088 3794 przedam
2118 3731 2435 3792 sequuntur.
2471 3719 2624 3775 Foris
2649 3719 2831 3789 itaque
2855 3731 3030 3787 ponite
3052 3714 3286 3778 arerbm,
3314 3712 3461 3768 intus

1853 3816 2145 3870 immanior
2170 3814 2430 3870 Joannes.

2429 3905 2660 3963 CAPUT
2698 3903 2870 3960 XXV.

1925 4003 2167 4073 Denique
2197 4017 2319 4057 eum
2350 4000 2476 4055 talia
2502 4007 2829 4071 gererentur
2849 4011 2878 4051 a
2907 3995 3083 4067 Syris,
3105 3993 3320 4050 etiamsi
3342 3992 3464 4049 aliis

1851 4096 1945 4168 qui
1983 4104 2388 4157 revocarentur,
2421 4091 2624 4146 indicio
2651 4097 2956 4160 comperto,
3002 4085 3343 4155 transfugere
3375 4094 3460 4139 ta-

1852 4205 1974 4244 men
2007 4188 2095 4242 alii
2129 4201 2235 4241 non
2267 4184 2611 4240 desinebant.
2637 4181 2786 4237 lnter
2808 4195 2944 4252 quos
2974 4180 3240 4234 Manneus
3270 4176 3461 4233 Lazari

1851 4283 1940 4354 qui
1974 4280 2254 4336 asserebat
2275 4294 2371 4349 per
2399 4293 2559 4332 unam
2585 4285 2794 4347 portam
2823 4274 2925 4328 sibi
2949 4271 3210 4328 creditam
3237 4280 3460 4327 centum

1851 4376 2159 4448 quindecim
2208 4374 2374 4430 millia
2425 4383 2759 4428 mortuorum
2805 4369 2970 4432 elata,
3018 4366 3222 4421 additis
3277 4363 3458 4420 adhuc

1850 4469 2177 4539 octingentis
2207 4467 2478 4537 octoginta
2509 4465 2805 4526 funeribus,
2838 4461 2980 4533 quod
3015 4460 3131 4530 ipse
3161 4459 3343 4514 tuendi
3376 4460 3460 4514 vi-

1850 4580 1968 4620 cem
2003 4562 2312 4634 hujusmodi
2355 4561 2651 4628 recepisset
2693 4555 2936 4612 muneris
2967 4571 2980 4608 :
3018 4553 3181 4624 idque
3209 4554 3327 4608 solo
3367 4567 3460 4607 eo-

1850 4675 1969 4715 rum
2005 4673 2232 4714 numero
2255 4656 2568 4722 collectum,
2607 4653 2697 4723 qui
2738 4668 2802 4708 ex
2839 4649 3095 4706 mercede
3129 4647 3341 4718 publica
3373 4663 3460 4704 se-

140 4744 246 4800 vita
280 4744 597 4801 hominum:
632 4759 775 4801 veno
795 4752 851 4800 et
871 4752 1056 4815 empto
1073 4744 1287 4798 vivitur.
1319 4741 1529 4810 Serpsit
1567 4741 1747 4811 itaque
1771 4729 1824 4790 Ι)
1853 4753 1988 4825 pum
2033 4752 2233 4815 [οι-θυι,
2274 4761 2470 4819 mmm-
2510 4764 2606 4803 eos
2649 4762 2788 4818 quos
2824 4744 3152 4816 sepelierunt
3190 4743 3296 4798 sui.
3324 4742 3458 4812 Qum

141 4838 328 4893 vitium
359 4839 410 4894 in
441 4839 785 4906 innumeros;
812 4847 869 4894 ut
893 4839 1003 4907 jam
1035 4837 1369 4894 tolerabilior
1393 4837 1746 4890 commutatio

143 4934 402 4986 mercium
425 4937 522 4999 sit,
555 4947 716 5002 quam
741 4948 950 4987 morum
973 4932 1406 5000 animorumque.
1434 4927 1623 4983 Infecit
1649 4927 1752 4998 Sy»

145 5038 320 5078 rerum
339 5025 563 5080 avaritia
578 5025 740 5080 etiam
755 5025 1056 5081 Romanum
1081 5025 1404 5082 exercitum.
1434 5021 1576 5077 Nihil
1601 5022 1745 5078 enim

144 5113 353 5173 facilius
377 5118 430 5173 in
459 5119 690 5174 alterum
721 5119 938 5187 transit,
981 5135 1142 5191 quam
1179 5133 1336 5173 amor
1374 5114 1622 5188 pecunite
1649 5155 1665 5179 ,
1694 5123 1750 5169 et

145 5211 472 5268 desiderium
493 5212 725 5270 habendi
747 5232 762 5270 :
784 5213 1086 5284 prarsertim
1108 5213 1364 5269 finitimas
1378 5225 1533 5282 epes,
1550 5208 1746 5281 quibus

146 5306 351 5362 vicinus
375 5306 767 5363 abundaverat..
800 5306 913 5364 Nec
935 5319 1018 5363 est
1048 5309 1151 5362 ulla
1180 5307 1386 5378 passio,
1419 5322 1539 5377 qua:
1577 5305 1748 5376 magis

148 5399 394 5454 virtutem
419 5401 585 5455 animi
609 5399 906 5465 effeminet,
930 5416 1092 5471 quam
1117 5400 1383 5470 cupiditas
1410 5399 1741 5454 divitiarum.

148 5489 384 5563 Denique
428 5495 662 5548 versutia
703 5491 847 5548 laudi
877 5492 1036 5548 datur
1057 5534 1072 5558 ,
1106 5499 1394 5562 paupertas
1419 5491 1616 5561 probro
1652 5492 1748 5546 ha-

149 5586 318 5643 betur.
353 5586 641 5658 lmpedivit
668 5587 771 5642 hoc
802 5586 1051 5642 vindicta:
1095 5584 1441 5640 severitatem
1463 5624 1479 5650 ,
1509 5585 1634 5654 quia
1663 5585 1745 5640 iu-

151 5681 351 5737 numeri
384 5679 586 5752 reperti
616 5688 768 5736 tanto
809 5679 976 5735 furori
1022 5678 1280 5735 obnoxii:
1313 5676 1547 5748 ideoque
1591 5677 1744 5734 Titus

150 5773 236 5842 qui
255 5775 458 5830 vallare
482 5772 818 5829 circumfuso
839 5773 1088 5829 exercitu
1110 5772 1282 5844 Syros
1308 5780 1364 5826 et
1383 5770 1592 5828 Arabes
1621 5753 1747 5841 pro?

151 5875 416 5935 posuerat,
446 5865 911 5936 contemplatione
933 5863 1296 5922 multitudinis
1324 5866 1600 5921 revocavit
1620 5880 1746 5922 sen-

1849 4855 2028 4901 autem
2054 4843 2338 4914 sepulcra,
2363 4840 2464 4895 nisi
2491 4851 2547 4894 ut
2577 4839 2644 4894 de
2677 4852 2832 4893 muro
2865 4835 3126 4892 cadavera
3149 4834 3460 4905 dejicereu-

1850 4940 1973 4993 tur?
2012 4936 2143 4992 Post
2170 4935 2347 5006 ipsum
2379 4933 2623 5003 plerique
2652 4949 2759 4986 non
2803 4929 3070 5001 ignobiles
3113 4928 3236 4991 viri,
3268 4929 3460 4983 confu-

1849 5030 2062 5102 gientes
2089 5026 2156 5083 ad
2185 5026 2400 5091 Titum;
2431 5036 2685 5080 sexcenta
2718 5023 2886 5078 millia
2924 5021 3304 5076 defunctorum
3330 5021 3462 5078 fuis-

1850 5139 1931 5188 se,
1959 5137 2082 5194 qua:
2111 5136 2208 5192 per
2235 5129 2417 5191 portas
2435 5119 2575 5173 elata
2602 5126 2880 5172 numerata
2903 5116 3031 5182 sint,
3058 5131 3458 5172 commemora-

1851 5217 1999 5271 bant.
2046 5214 2244 5269 Eorum
2278 5227 2408 5268 vero
2447 5211 2769 5266 cadaverum
2797 5225 2917 5280 qua:
2945 5219 3167 5281 propter
3190 5208 3456 5264 infinitam

1853 5324 2154 5381 pauperum
2187 5306 2590 5362 multitudinem
2613 5305 2792 5361 efferrl
2826 5304 3193 5375 nequiverint,
3219 5312 3380 5374 atque
3405 5304 3458 5356 in

1849 5401 2104 5457 maximis
2156 5399 2409 5455 domibus
2466 5397 2920 5468 diversorumque
2980 5412 3205 5466 cperum
3268 5395 3460 5465 spatiis

1849 5495 2154 5565 constipata
2193 5494 2322 5555 sint,
2357 5507 2640 5547 numerum
2675 5491 2841 5546 fuisse
2885 5487 3341 5544 inasstirnahilcm.
3391 5485 3458 5540 Et

1851 5588 2028 5644 adhuc
2056 5599 2174 5644 erat
2201 5599 2489 5656 processus
2519 5585 2805 5648 malorum,
2840 5597 2960 5652 quae
2985 5583 3090 5649 jam
3113 5578 3455 5647 superiorum

1852 5681 2093 5737 omnium
2122 5681 2282 5736 finem
2305 5678 2567 5735 vicerant.
2596 5679 2790 5734 Adhuc
2819 5690 2962 5730 steva
2988 5672 3223 5737 obsidio,
3249 5672 3449 5727 bellum

1850 5790 2048 5848 grave:
2074 5773 2370 5844 majoribus
2386 5772 2499 5842 jam
2525 5782 2701 5827 tamen
2723 5767 3030 5824 Judteorum
3052 5763 3270 5831 animis,
3292 5778 3452 5834 quam

1854 5867 2082 5924 viribus.
2113 5865 2290 5939 Super
2319 5864 2500 5920 omnia
2529 5877 2662 5921 vero
2690 5862 2864 5916 fames
2902 5856 3116 5924 tetrior,
3162 5870 3286 5927 qua:
3325 5854 3464 5911 insi-

219 5973 242 5998 ιι
277 5962 322 6020 E
351 5962 524 6034 Syris.
558 5961 694 6018 Vide
722 5961 1040 6032 Josephum,
1069 5962 1132 6017 de
1162 5958 1295 6015 Beli.
1329 5958 1460 6015 Jud.
1498 5959 1594 6017 lib.
1623 5976 1694 6030 vr,
1725 5977 1748 6019 c

1880 5960 1967 6016 1.5.
1997 5959 2167 6016 ΒΑιιιι.
