4050 6462
131 375 342 442 2:73

1089 382 1360 442 msron.
1391 387 1476 441 or.
1518 385 1800 454 EXCIDIO
1841 391 2112 458 lllEROS.
2157 367 2359 456 URBlS
2399 401 2528 458 LIB.
2574 402 2635 456 v.

3344 416 3488 472 Et“

142 473 382 530 vivere
408 475 472 530 ad
503 475 852 548 ignominiam
878 478 900 534 ?
927 479 981 534 lu
1018 480 1220 534 medias
1247 481 1606 537 Romanorum
1636 483 1780 540 acies
1807 497 1858 571 Α
1888 488 2006 560 fuga
2048 495 2409 560 attnuutiavil.
2445 499 2523 570 De
2553 504 2814 562 trecentis
2848 514 3025 566 tamen
3058 506 3492 582 Lacedmmoulis

135 564 504 638 frequenter
533 569 752 627 Jttdrcus
781 572 1049 637 excurrit,
1091 587 1153 626 ac
1185 588 1304 626 sese
1354 572 1637 642 hostilibus
1684 589 1775 630 cu-

127 662 300 715 neis
329 663 635 732 impavidus
661 666 912 732 infundit,
946 682 1053 720 non
1084 665 1150 719 ad
1183 681 1332 735 spem
1367 667 1630 733 victoriae,
1680 668 1776 724 sed

123 751 227 806 ad
279 753 538 808 indicium
571 754 932 822 fortitudinis,
981 767 1034 810 et
1082 759 1500 814 ostentationem
1546 759 1778 828 gloriae?

122 846 314 916 Vos,
348 849 542 920 quibus
575 858 715 906 terra
747 861 800 907 et
841 852 979 908 mari
1014 868 1172 908 nemo
1201 854 1419 924 impune
1464 854 1644 922 adhuc
1691 870 1778 910 re-

127 943 360 1010 stitit,
413 945 606 1014 quibus
655 961 762 1002 non
809 956 893 1003 est
946 965 1144 1003 novum
1172 949 1426 1014 vincere,
1460 959 1514 1004 et
1568 949 1775 1005 crimen

127 1052 287 1092 non
320 1039 536 1104 vicisse,
565 1055 688 1095 cum
720 1050 868 1096 tanta
899 1042 1140 1097 habeatis
1184 1041 1432 1098 vincendi
1477 1041 1727 1114 suffragia
1755 1086 1769 1110 ,

129 1145 282 1185 nec
328 1132 498 1187 semel
539 1132 758 1203 quidem
811 1135 1145 1205 proripuisse
1190 1134 1242 1188 in
1289 1134 1498 1189 hostem
1546 1135 1772 1204 gradum

129 1239 283 1289 non
317 1225 526 1296 pudet?
557 1227 653 1282 sed
686 1237 929 1282 armatos
957 1229 1124 1283 Otium
1175 1237 1381 1295 tenere,
1414 1237 1466 1283 et
1495 1222 1773 1296 procinctu

133 1323 399 1388 positos,
454 1319 661 1375 feriatis
702 1320 901 1375 animis
946 1329 1306 1397 exspectare,
1361 1329 1417 1375 ttt
1463 1321 1632 1374 fames
1675 1334 1772 1392 pro

130 1414 332 1471 nobis
361 1413 606 1477 dimicet,
643 1424 806 1486 atque
840 1414 1016 1470 inedia
1071 1415 1249 1484 potius
1295 1428 1413 1478 sua,
1463 1428 1621 1486 quam
1676 1431 1773 1468 no-

131 1509 299 1562 stris
331 1507 432 1562 fusi
466 1507 662 1576 gladiis
683 1550 696 1573 ,
746 1507 796 1562 itt
829 1506 1152 1580 opprobiutn
1183 1505 1338 1561 nobis
1370 1503 1773 1573 erubescendos

130 1611 384 1655 vertant
434 1600 758 1672 trumpbos?
804 1599 924 1655 Non
979 1599 1189 1672 pudet,
1231 1600 1452 1669 inquam
1485 1641 1499 1667 ,
1564 1600 1770 1655 strenui

129 1694 591 1762 commilitones,
621 1693 996 1749 universarum
1036 1695 1272 1750 victores
1300 1692 1542 1762 gentium
1570 1734 1584 1758 ,
1635 1691 1769 1747 nihil

129 1785 223 1842 de
255 1788 423 1843 armis
453 1804 698 1859 sperare,
730 1788 861 1843 nihil
893 1788 960 1844 de
994 1788 1228 1856 viribus,
1257 1787 1352 1854 sed
1395 1786 1463 1841 de
1508 1787 1619 1842 sola
1671 1787 1769 1841 ob-

131 1879 410 1947 sidione,
453 1867 502 1936 et
547 1881 748 1953 operiri
807 1880 1024 1956 quando
1067 1881 1237 1948 hostis
1267 1879 1454 1934 morbo
1504 1894 1770 1935 consene-

1885 583 1965 636 νῖν
1992 600 2130 654 unus
2158 589 2480 662 subterfugi!
2516 609 2530 647 :
2566 594 2641 662 illi
2674 597 2724 656 in
2767 600 3030 670 attgustiis
3074 602 3484 671 ρνῑῐτιὶειὺειιιιιιτν

1884 695 1950 734 ne
1975 681 2524 752 circumvenirentur.
2572 686 2646 745 De
2683 671 2944 761 Romanis
2972 693 3279 764 legionibus
3308 696 3491 765 pullus

1885 772 2048 840 vitam
2079 775 2265 844 elegit,
2301 777 2395 838 sed
2426 793 2616 846 omnes
2657 785 2846 851 mortis
2887 784 3260 853 baereditatem
3291 830 3304 858 ,
3355 803 3491 858 quq-

1881 882 1997 935 rutn
2026 882 2124 936 vos
2157 871 2362 939 posteri
2391 873 2524 930 estis
2559 892 2571 926 :
2616 875 2658 928 si
2705 887 3019 948 contemptu
3071 861 3440 950 periculorum
3471 924 3487 950 ,

1879 964 2030 1032 quasi
2060 963 2292 1034 gloriosa
2337 966 2578 1034 indoles,
2613 969 2826 1038 virtutis
2871 972 3178 1044 prosapiam
3230 989 3338 1028 non
3386 975 3486 1036 ab-

1879 1056 2079 1124 nuatis.
2144 1058 2277 1140 Quis
2321 1061 2464 1116 enim
2522 1060 2738 1125 fortium
2779 1064 3018 1120 virorum
3081 1082 3203 1124 esse
3235 1082 3294 1123 se
3336 1083 3486 1126 mor-

1878 1153 2039 1218 talem
2088 1168 2196 1218 non
2247 1155 2480 1222 noverit,
2527 1156 2885 1228 omnibusque
2939 1159 3174 1238 positum
3209 1160 3371 1228 linem
3406 1162 3482 1232 vi-

1877 1246 2037 1314 vendi
2060 1247 2082 1313 '3
2107 1246 2320 1322 Quanto
2352 1248 2514 1320 igitur
2539 1248 2733 1308 melius
2751 1252 2937 1324 patriae
2963 1252 3307 1324 impendere,
3341 1253 3485 1325 quod

1877 1349 2084 1408 natura:
2115 1342 2340 1408 debeas,
2371 1351 2424 1402 et
2458 1344 2846 1414 necessitatem
2888 1357 3225 1416 commutare
3264 1347 3436 1428 gloria
3468 1365 3481 1401 :

1879 1449 1977 1502 nec
2025 1433 2237 1502 anhela:
2286 1437 2588 1504 senectutis
2628 1438 2876 1509 SUSpll‘iiS
2917 1439 3211 1510 obnoxiam
3261 1440 3424 1498 vitam
3457 1452 3476 1478 θ

1876 1528 2139 1597 dejicere,
2188 1543 2288 1586 nec
2334 1528 2595 1584 ferventis
2639 1532 2980 1599 {egritudinis
3021 1548 3181 1602 casus
3229 1531 3482 1602 reformi-

1875 1620 2028 1690 dare,
2064 1637 2186 1692 cupi
2217 1622 2482 1694 depositis
2535 1638 2652 1691 aevo
2698 1624 3012 1694 quotidiana
3063 1627 3273 1686 fastidia
3323 1627 3480 1683 sint?

1875 1715 2093 1784 Illorum
2117 1725 2297 1786 autem
2324 1758 2339 1784 ,
2366 1717 2458 1790 qui
2507 1717 2766 1790 languore
2815 1729 3180 1789 marcescunt,
3221 1719 3480 1792 deficien-

1874 1809 2015 1874 tibus
2044 1809 2249 1870 viribus
2279 1811 2486 1882 pariter
2514 1827 2576 1867 ac
2605 1811 2877 1879 sensibus,
2926 1821 2982 1866 ut
3025 1813 3316 1874 multorum
3360 1816 3479 1886 opi-

1875 1903 1965 1958 nio
1997 1903 2180 1972 habet,
2222 1905 2421 1972 anima:
2461 1906 2622 1977 simul
2663 1924 2785 1974 eum
2816 1922 3047 1978 corpore
3092 1907 3345 1978 sepulcro
3382 1909 3480 1978 atl-

131 1981 300 2038 scat,
332 1983 494 2070 atque
606 1989 707 2070 suo
732 1973 997 2070 moriatur
1029 1969 1276 2070 lectulo?
1323 1973 1542 2070 iit-qum
1588 1983 1768 2070 potest
1797 1968 1844 2028 B
1868 1997 2200 2066 judiccnum
2254 1999 2324 2053 Αι
2368 1973 2496 2054 vero
2543 1971 2865 2064 bellatorum
2892 1968 2944 2056 εἰ
2971 1968 3475 2070 ειτευυξεείιηοτψη

131 2080 286 2121 esse
312 2067 428 2120 sine
457 2066 601 2122 bello
631 2065 856 2122 victoria
880 2066 903 2120 ?
927 2067 1110 2121 omnia
1143 2075 1268 2122 sunt
1301 2064 1503 2136 repleta
1535 2065 1768 2120 cadave-

137 2156 337 2237 ribus,
372 2157 645 2214 deformes
689 2137 901 2213 exuviae
927 2159 1131 2228 jacent,
1179 2173 1483 2234 exsangues
1525 2157 1765 2229 reliquit}:

133 2249 539 2308 tlel'unctoruttt
567 2293 582 2322 ,
616 2251 716 2307 nisi
744 2268 877 2322 quos
926 2251 1026 2322 ipsi
1062 2251 1202 2306 inter
1249 2265 1306 2306 se
1330 2251 1465 2312 ,suis
1514 2251 1766 2305 manibus

139 2343 593 2412 trucidaverunt.
627 2345 766 2422 Quid
803 2344 1057 2400 timemus
1086 2361 1200 2410 eos,
1235 2345 1500 2416 quosjatn
1550 2344 1719 2400 fames
1745 2387 1760 2412 ,

137 2434 336 2507 ignis,
384 2437 759 2504 latrocinium,
813 2438 1008 2494 seditio
1054 2437 1365 2492 exstinxit?
1412 2438 1550 2512 Quid
1595 2437 1767 2493 desti-

142 2533 364 2586 tuimus
389 2532 570 2586 divina
601 2532 906 2588 beneficia?
935 2532 1100 2606 Cujus
1129 2533 1273 2590 enim
1297 2533 1399 2588 nisi
1428 2515 1519 2587 Dei
1547 2543 1678 2587 nutu
1709 2533 1763 2588 in

140 2643 254 2682 sua
291 2629 466 2683 collisi
496 2644 642 2694 arma
672 2629 842 2683 sunt?
867 2607 1116 2684 Destituti
1141 2644 1356 2704 quoque
1387 2627 1642 2694 subsidiis
1667 2626 1764 2696 all-

144 2733 495 2789 mcntorttm,
529 2737 630 2776 nec
661 2722 806 2778 ullus
835 2721 1117 2776 domestici
1151 2721 1272 2776 finis
1305 2721 1520 2775 furoris.
1561 2719 1762 2774 Vereor

143 2829 223 2869 ne
279 2813 393 2884 jam
445 2824 499 2868 et
546 2813 867 2888 religionum
922 2812 1203 2868 videamur
1247 2812 1520 2880 rebelles,
1566 2812 1655 2883 qui
1709 2820 1763 2866 et

145 2907 386 2972 nostris,
419 2917 474 2962 et
501 2907 613 2960 suis
667 2906 1025 2977 religionibus
1068 2905 1262 2960 infidos
1310 2904 1541 2959 tamdiu
1585 2919 1762 2970 reser-

144 3016 372 3054 vamus.
407 2999 605 3069 Verum
639 3010 775 3076 esto,
827 3000 894 3054 sit
944 3011 1095 3054 atrox
1145 2999 1345 3054 bellum
1402 3007 1454 3053 et
1503 2998 1763 3062 formido-

145 3093 358 3147 losum.
419 3092 554 3160 Quid
604 3093 746 3146 enim
797 3106 894 3147 Vos
946 3091 1072 3146 belli
1123 3091 1409 3147 demulceo
1450 3091 1762 3146 facilitate?

145 3188 236 3241 Sit
282 3187 503 3242 victoria
537 3187 740 3240 incerta
772 3228 785 3250 ,
811 3195 1020 3241 certum
1049 3186 1365 3258 periculum.
1399 3185 1588 3241 Nonne
1615 3186 1757 3255 apud

145 3294 252 3334 cos
292 3278 420 3333 mihi
467 3294 647 3334 sermo
693 3288 817 3343 est,
858 3278 950 3350 qui
985 3279 1214 3334 humana
1261 3279 1542 3350 prudentia
1594 3295 1759 3335 nove-

146 3373 286 3437 rint,
313 3374 366 3426 in
396 3371 654 3443 periculis
684 3373 1077 3444 promptiorem
1103 3387 1222 3428 esse
1248 3374 1486 3428 omnium
1508 3375 1756 3430 animan-
1782 3366 1826 3428 C

147 3465 290 3518 tium
323 3464 735 3530 fortitudinem,
769 3480 928 3536 quam
973 3467 1024 3519 in
1078 3467 1485 3535 remissioribus
1530 3478 1757 3524 conten-

148 3557 439 3610 tionibus?
476 3555 631 3611 Ferai
660 3559 786 3638 ipse
819 3574 940 3614 cum
975 3574 1033 3614 se
1065 3560 1498 3618 circuitu-allatas
1529 3571 1554 3598 τι
1587 3567 1754 3621 armis

145 3650 390 3704 viderint
430 3651 636 3720 majore
691 3653 742 3707 in
785 3669 879 3718 eos
941 3655 1145 3724 impetu
1194 3666 1396 3724 ruunt,
1449 3671 1504 3712 ut
1552 3659 1600 3710 vi
1652 3659 1754 3726 sibi

146 3746 399 3815 aperiant
417 3746 539 3801 iter.
565 3745 634 3800 Et
659 3748 924 3805 atrociora
950 3764 1180 3821 serpens
1206 3751 1446 3806 latibulis
1466 3767 1750 3818 excussus,

149 3837 389 3892 infundit
413 3855 641 3894 venena.
680 3840 818 3900 Sunt
860 3827 1053 3908 etiam,
1097 3859 1217 3914 qua:
1268 3852 1458 3900 natura
1507 3845 1752 3911 innoxia,

149 3933 203 3986 in
235 3932 491 4002 periculis
525 3940 703 3986 tamen
727 3933 840 3986 suis
867 3932 930 3986 ad
959 3935 1260 3998 nocendum
1290 3935 1317 3974 ἲ)
1349 3938 1571 3992 fortiora
1605 3947 1750 3991 sunt.

149 4025 360 4079 Habent
388 4024 534 4078 cervi
569 4040 664 4078 sua
696 4040 843 4079 arma
872 4066 886 4091 ,
932 4026 976 4079 si
1019 4027 1139 4100 quis
1188 4043 1245 4082 se
1290 4029 1509 4084 obvium
1563 4030 1749 4093 ferat,

150 4129 205 4175 et
235 4130 463 4174 mortem
492 4120 747 4175 cornibus
777 4119 1064 4189 repellunt.
1097 4121 1311 4178 Habent
1346 4133 1401 4178 et
1448 4125 1592 4180 laesae
1639 4129 1754 4201 api-

149 4212 289 4268 Cul;e
333 4227 462 4267 suos
514 4227 743 4267 morsus.
801 4213 940 4279 Quid
991 4223 1172 4272 autem
1219 4215 1288 4273 de
1330 4218 1459 4274 viris
1512 4219 1749 4286 bellato-

152 4304 303 4359 ribus
341 4306 482 4378 apud
511 4303 787 4360 Romanos
816 4306 1046 4376 loquar?
1072 4325 1194 4364 eum
1233 4309 1506 4368 Leonides
1532 4315 1621 4369 ille
1647 4315 1752 4370 La-

150 4398 467 4462 cedtemone
497 4400 730 4468 genitus,
765 4399 1112 4470 prteliaturus
1139 4403 1399 4460 adversus
1437 4406 1752 4481 innumera-

153 4489 316 4546 bilem
365 4491 652 4554 Persarum
711 4494 1046 4570 exercitum,
1090 4496 1329 4553 dixerit:
1378 4499 1750 4568 Prandeamus

155 4584 206 4638 iu
260 4583 417 4640 terris
449 4626 464 4649 .
515 4587 656 4656 apud
705 4586 911 4656 inferos
959 4592 1248 4646 cmnaturi.
1291 4593 1522 4664 Tantum
1583 4599 1750 4654 valuit

155 4679 292 4750 apud
321 4679 542 4735 Grzeeos
575 4681 661 4736 hic
698 4696 900 4752 sermo,
938 4694 992 4738 ut
1025 4702 1131 4740 non
1166 4687 1340 4744 solum
1375 4689 1442 4745 de
1490 4693 1745 4752 trecentis

1872 2095 2131 2164 virorum,
2164 2095 2253 2166 qui
2300 2110 2360 2162 se
2404 2111 2504 2170 pro
2537 2098 2730 2168 patria,
2777 2099 3088 2171 proliberis
3124 2141 3139 2166 ,
3189 2116 3290 2172 pro.
3341 2099 3474 2172 reli-

1869 2187 2031 2258 gione
2083 2190 2243 2254 morti
2301 2189 2622 2248 devoverint
2691 2194 2902 2248 animas
2949 2194 3016 2260 de
3067 2194 3299 2264 vinculis
3347 2211 3473 2260 cor.-

1870 2281 2022 2351 potis
2051 2280 2208 2351 hujus
2238 2280 2388 2337 ferro
2418 2284 2698 2356 absolutas
2731 2286 2869 2354 nulli
2916 2287 3162 2355 dubittm,
3212 2288 3338 2358 qttin
3377 2305 3476 2359 pu-

1868 2388 1989 2428 rum
2033 2372 2167 2434 illud
2200 2374 2497 2442 (etltercum
2549 2376 2880 2448 elementum
2927 2378 3213 2435 stellarum
3266 2380 3473 2436 lumine

1867 2466 2164 2540 refulgens,
2195 2470 2246 2537 in
2279 2470 2594 2540 etplestibus
2621 2473 2880 2545 suscipiat
2911 2472 3255 2548 habitaculis,
3288 2473 3473 2546 hospi-

1871 2560 1944 2614 tio
1975 2562 2206 2630 quodam
2236 2575 2486 2633 superna:
2517 2564 2720 2638 quietis
2753 2584 2765 2618 :
2814 2564 2868 2620 in
2911 2567 3070 2634 terris
3116 2581 3333 2638 quoque
3381 2583 3470 2638 re—

1868 2674 2109 2725 manere,
2164 2661 2376 2732 insigne
2421 2662 2640 2735 aliquod
2668 2661 2693 2700 ιι
2723 2674 2803 2720 est
2831 2663 3020 2735 gratias
3071 2664 3154 2725 vel
3199 2664 3416 2736 injuria:
3451 2706 3466 2733 ,

1867 2764 1923 2810 ut
1951 2763 2005 2810 et
2031 2754 2288 2824 languore
2315 2766 2749 2814 eommaceratos
2779 2757 2984 2825 oblivio
3031 2757 3328 2828 abscondat
3356 2775 3370 2812 :
3413 2765 3472 2813 et

1864 2846 2156 2910 adversum
2193 2859 2376 2917 peetus
2407 2848 2460 2904 in
2504 2845 2719 2906 hostem
2751 2848 3013 2920 ferentes,
3055 2852 3098 2920 si
3142 2866 3292 2920 mors
3333 2865 3468 2913 cott-

1865 2942 2092 3008 venet-it,
2120 2954 2380 3012 sequatur
2407 2943 2600 3012 gloria.
2634 2943 2714 3010 Ad
2745 2943 2861 3000 haec
2886 2957 2981 3014 vos
3014 2943 3182 3002 invito
3207 2944 3426 3014 praemia
3445 2985 3461 3012 ,

1863 3035 2290 3104 commilitones,
2325 3044 2382 3092 ut
2409 3037 2461 3092 itt
2489 3036 2699 3102 hostem
2732 3052 3055 3116 pergamus,
3104 3053 3266 3108 quem
3312 3038 3463 3100 clan-

1862 3144 1980 3184 sutn
2012 3136 2260 3186 tenemus
2294 3146 2306 3182 :
2335 3129 2693 3184 ascendamus
2735 3130 2786 3184 in
2839 3145 3054 3196 murum
3102 3146 3199 3202 per
3248 3131 3461 3200 ruinam

1862 3221 2000 3282 muri
2035 3222 2334 3300 validioris,
2369 3239 2486 3294 qua:
2516 3223 2672 3294 nobis
2702 3224 2852 3278 velut
2877 3224 3164 3296 quemdam
3211 3239 3462 3294 aggerem

1863 3325 2114 3385 prtestat,
2144 3327 2198 3372 et
2229 3328 2474 3389 aequatur
2524 3333 2678 3386 muro
2721 3317 2988 3386 inferipri.
3039 3318 3295 3389 Quisquis
3344 3318 3456 3374 vir-

1863 3410 1990 3478 tutis
2018 3411 2272 3470 vexillum
2314 3410 2626 3487 prtcferens,
2655 3411 2863 3482 primus
2905 3411 2960 3466 in
3007 3427 3220 3480 murum
3271 3426 3462 3468 ascen-

1859 3504 2020 3576 derit,
2055 3503 2138 3568 vel
2165 3506 2458 3574 secundus,
2484 3505 2567 3574 vel
2601 3506 2812 3570 tertius,
2839 3504 2922 3559 vel
2957 3505 3204 3576 pluribus
3228 3518 3412 3572 comes
3443 3520 3457 3570 ;

1858 3599 2271 3670 haudquaquam
2306 3600 2438 3668 inibi
2479 3615 2587 3670 non
2620 3599 2852 3670 donatus
2897 3600 3079 3671 opimo
3117 3599 3285 3668 abibit
3333 3615 3454 3663 mtt-

1857 3707 2029 3762 nere;
2064 3691 2164 3748 etsi
2196 3691 2342 3760 nulla
2389 3691 2564 3762 major
2613 3692 2984 3756 remuneratio
3038 3707 3198 3760 quam
3244 3689 3458 3760 fortitu-

1857 3783 2000 3838 dinis
2025 3783 2233 3854 gloria,
2277 3798 2398 3856 quae
2426 3783 2746 3853 plerumque
2796 3790 2881 3853 est.
2935 3783 3121 3838 tutior.
3179 3780 3312 3850 Nam
3363 3781 3454 3847 ubi

1856 3877 2092 3946 primum
2148 3874 2346 3942 animis
2399 3883 2451 3942 et
2519 3874 2723 3942 viribus
2781 3873 3279 3940 conlidentissimus
3332 3873 3454 3943 quis

1857 3967 2183 4035 ascenderit,
2213 3967 2417 4039 fugient
2446 3972 2537 4039 qui
2571 3970 2902 4023 resistebant
2950 3975 3044 4022 aut
3078 3967 3144 4021 ad
3195 3965 3453 4032 inferiora

1856 4075 1915 4116 se
1943 4061 2257 4132 conferent,
2307 4071 2400 4128 aut
2453 4061 2695 4122 latibulis
2748 4058 3120 4124 abscondent:
3178 4058 3249 4114 ita
3302 4059 3450 4134 quod

1855 4156 2090 4222 maximo
2107 4172 2247 4224 nunc
2263 4157 2505 4226 periculo
2527 4157 2618 4226 sit,
2636 4157 2681 4220 si
2699 4157 2750 4210 in
2775 4155 3122 4210 inferioribus
3135 4154 3448 4224 quatrituus;

1853 4251 1973 4316 sine
2005 4250 2190 4322 labore
2235 4266 2432 4324 magno
2458 4263 2719 4323 sequetur
2748 4292 2762 4320 ,
2820 4260 2878 4308 ut
2931 4249 3156 4321 dejectis
3207 4249 3451 4320 hostibus

1855 4345 2055 4416 bellum
2086 4344 2422 4417 carificiatttr.

2398 4479 2628 4538 CAPUT
2667 4479 2906 4538 XXVIII.

1923 4593 2024 4649 Vix
2056 4609 2360 4652 sermonem
2392 4597 2548 4653 Titus
2576 4597 2867 4664 clauserat,
2894 4604 2948 4650 et
2978 4593 3212 4652 Sabinus
3255 4609 3314 4650 se
3354 4595 3452 4650 ob-

1855 4690 1976 4744 tulit
2003 4705 2067 4746 ex
2093 4691 2266 4764 Syrian
2292 4693 2448 4770 viris,
2484 4692 2735 4770 egregius
2768 4691 2997 4747 bellator
3024 4732 3039 4756 ,
3068 4699 3122 4746 et
3158 4701 3286 4745 ante
3333 4687 3450 4744 Cac-

155 4773 260 4828 illis
291 4773 720 4830 Lacedaemoniis
767 4778 896 4832 viris
937 4779 1134 4849 quibus
1195 4783 1308 4864 ipse
1369 4797 1636 4858 przrerat,
1687 4805 1746 4846 se
1775 4757 1825 4817 ί)
1852 4798 2028 4838 sarem
2057 4787 2386 4853 consistens,
2420 4769 2493 4848 ait
2524 4804 2535 4838 :
2571 4785 2808 4841 Obedire
2847 4800 2906 4840 sc
2944 4786 3210 4856 imperiis,
3259 4799 3452 4841 ascen-

156 4882 312 4921 nemo
342 4867 689 4936 subtraxerit,
725 4882 928 4954 prmter
957 4890 1119 4929 unum
1150 4867 1378 4945 tantum,
1434 4895 1594 4951 quem
1653 4899 1745 4938 su-

158 4962 429 5042 perstitem
467 4972 650 5034 postea
680 4961 856 5028 nullus
896 4969 1143 5042 recepit:
1187 4970 1281 5025 sed
1327 4961 1489 5027 etiam
1536 4973 1603 5030 de
1643 4991 1747 5031 ete-

160 5054 284 5110 teris
311 5056 401 5128 qui
429 5055 593 5111 simul
621 5057 686 5112 ad
717 5058 1024 5114 bellandum
1060 5075 1460 5144 processerant,
1489 5067 1590 5121 nisi
1610 5083 1748 5139 quos

158 5149 414 5204 Leonides
446 5161 593 5206 tanto
633 5151 936 5224 degeneres
973 5153 1116 5208 bello
1150 5157 1471 5227 repudiavit.
1506 5145 1644 5228 Quid
1679 5161 1747 5218 de

160 5243 520 5300 Romanorum
552 5245 775 5316 integris
808 5245 1111 5317 legionibus
1150 5248 1383 5321 loquar?
1429 5268 1565 5322 quos
1614 5254 1744 5310 Cato

158 5336 410 5393 Romana:
440 5348 686 5392 assertor
716 5338 1006 5404 facundiae,
1034 5349 1089 5394 et
1119 5343 1361 5397 veritatis
1385 5345 1631 5400 sincerus
1664 5348 1745 5402 in-

161 5437 380 5500 terpres,
412 5430 648 5485 asseruit
679 5447 801 5485 cum
844 5431 1212 5488 exsultatione
1255 5434 1320 5496 ad
1369 5436 1567 5491 bellum
1614 5455 1742 5508 pro-

159 5523 418 5577 cessisse:
477 5522 570 5576 sed
605 5537 711 5591 quo
739 5537 798 5577 se
827 5521 1098 5576 redituros
1139 5525 1534 5582 arbitrarentur
1559 5571 1572 5594 ,
1627 5531 1744 5585 uni-

159 5630 442 5686 versosque
473 5615 706 5670 libenter
730 5614 1108 5686 procubuisse,
1135 5632 1201 5672 ne
1225 5627 1496 5673 mutarent
1520 5630 1740 5684 senten-

161 5711 294 5763 tiam.
349 5706 499 5760 Beati
537 5722 764 5778 quorum
808 5719 972 5761 nemo
1012 5707 1126 5760 suis
1175 5706 1409 5763 hostium
1459 5711 1738 5769 victoriam

229 5810 254 5838 ⁸
279 5799 528 5853 Armatis.
562 5800 732 5855 Buta.

226 5872 251 5910 δ
283 5869 467 5924 Fortia
491 5872 613 5924 sint.
643 5871 722 5929 In.

227 5955 261 6032 θ’
276 5941 490 6020 Degere.
526 5943 603 6002 lo.

1853 4876 1991 4930 sioni
2020 4887 2289 4950 paratum,
2323 4879 2367 4932 si
2397 4889 2622 4933 eventus
2678 4880 2778 4935 sibi
2828 4880 3040 4934 adesset
3075 4921 3089 4944 ,
3147 4887 3205 4933 ut
3249 4878 3448 4946 Caesari

1855 4970 2135 5040 placeret:
2178 4972 2220 5040 si
2256 4981 2278 5008 θ
2314 4971 2687 5034 destrueretur
2728 4973 2983 5028 secundis
3008 5015 3023 5039 ,
3076 4971 3207 5026 nihil
3253 4984 3450 5044 praeter

1852 5082 2004 5150 Spem
2042 5068 2143 5121 sibi
2178 5051 2425 5126 accidere
2451 5109 2466 5133 ,
2511 5069 2598 5138 qui
2644 5068 2849 5138 judicio
2898 5071 3115 5152 proprio
3159 5068 3449 5154 delegisset

1853 5175 1949 5230 pro
1977 5157 2190 5215 C:esare
2219 5161 2376 5216 mori.
2412 5161 2506 5216 His
2531 5162 2689 5217 dictis
2727 5163 2914 5217 lteVam
2947 5162 3248 5219 extendens
3273 5205 3287 5230 ,
3333 5163 3449 5234 cly—

1849 5269 2008 5324 peum
2045 5269 2206 5325 supra
2239 5265 2400 5330 caput
2426 5256 2659 5324 extulit,
2710 5265 2765 5311 et
2815 5257 3036 5312 dextera
3067 5257 3288 5312 vibrans
3336 5258 3450 5327 gla-

1849 5347 2017 5412 dium,
2069 5335 2592 5419 immaneqnatttum
2641 5350 2692 5404 in
2753 5365 2898 5404 arma
2949 5351 3353 5406 insurrexerit:
3389 5359 3448 5402 ut

1848 5439 2026 5512 quivis
2077 5457 2200 5496 eum
2259 5458 2363 5495 non
2421 5451 2822 5516 cognosceret,
2888 5459 3044 5515 quem
3101 5442 3262 5513 paulo
3324 5451 3448 5494 ante

1847 5534 2003 5588 exilis
2032 5523 2283 5606 corporis
2307 5536 2489 5606 specie
2535 5535 2920 5608 despicabilem
2953 5543 3236 5606 putaverat
3267 5573 3284 5603 ,
3317 5532 3448 5586 sub-

1846 5626 1924 5680 ito
1953 5641 2076 5682 cum
2121 5628 2332 5694 videret
2379 5644 2605 5712 pergere
2637 5631 2690 5685 in
2722 5630 3046 5710 adversum,
3098 5635 3151 5681 et
3197 5627 3446 5694 hostibus

1848 5723 2052 5790 pariter
2098 5734 2156 5779 et
2203 5725 2373 5780 muris
2401 5726 2694 5781 minantem
2749 5740 2870 5780 sese
2929 5722 3246 5790 extendere,
3293 5736 3446 5792 quast

1918 5813 1945 5852 ἀ
1982 5816 2098 5873 γει.
2135 5819 2212 5876 In.

1925 5897 1947 5924 θ
1976 5886 2225 5948 Destituei
2239 5900 2367 5945 etur.
2400 5891 2568 5952 Buta.
