4082 6344
623 348 768 406 21ῗό

1947 353 2193 412 SANCTI
2234 357 2560 421 AMBROSII

3760 375 3879 433 2176

621 464 734 536 jam
763 461 965 520 celsior
996 463 1048 520 in
1083 465 1359 538 subjectos
1388 466 1746 539 prreliaretur,
1774 477 1827 526 et
1854 484 2065 525 murum
2089 484 2221 541 qua-
2249 475 2302 537 Α
2327 479 2518 534 mortis
2543 478 2906 538 formidinem.
2943 482 3004 538 lli
3038 493 3255 554 sumptu
3294 484 3483 558 gloriae
3519 485 3760 546 virtutem
3785 491 3881 547 ale-

631 567 773 615 teret
807 575 992 615 manu.
1021 560 1402 630 Sequebantur
1421 577 1546 618 eum
1575 563 1826 620 undecim
1869 563 1967 618 viri
1998 564 2223 619 studiosi

626 651 696 707 ad
729 652 1077 719 imitandum,
1119 652 1216 709 sed
1261 654 1503 726 impares
1530 655 1597 710 ad
1626 655 2092 727 consequendum.
2122 656 2227 712 Re-

628 746 939 817 pugnabant
965 746 1033 800 de
1064 762 1219 802 muro
1251 746 1419 818 judaai
1449 748 1675 820 spiculis
1698 791 1713 815 ,
1746 751 1890 804 saxis
1918 791 1934 815 ,
1974 749 2183 821 sagittis
2211 768 2224 806 :

627 847 681 894 et
713 837 856 909 quod
885 837 1150 909 cujusque
1176 855 1367 895 manus
1415 841 1698 897 invenerat
1725 841 1914 908 telum,
1966 843 2019 896 in
2070 841 2225 898 Sabi-

628 946 757 986 num
783 931 1158 1001 dejiciebatur.
1209 933 1281 989 At
1330 932 1420 991 ille
1468 936 1768 1004 interritus,
1816 951 1978 992 cursu
2013 936 2226 993 concito

627 1024 820 1080 insiliit
849 1026 903 1081 in
934 1026 1362 1097 fragmentorum
1396 1044 1666 1101 aggerem,
1711 1041 1764 1087 et
1796 1031 1848 1085 in
1883 1047 2096 1087 summo
2148 1032 2228 1087 lo-

628 1125 807 1185 catus,
861 1115 1075 1173 hostem
1122 1121 1350 1186 avertit,
1381 1120 1511 1177 dum
1541 1123 1822 1192 proximus
1843 1124 2073 1194 quisque
2118 1123 2228 1179 for-

630 1211 799 1267 midat
832 1213 1155 1283 periculum.
1191 1215 1298 1270 Sed
1329 1216 1459 1271 dum
1493 1232 1553 1273 se
1581 1217 1744 1273 librat
1789 1219 1842 1274 in
1889 1235 2100 1275 murum
2147 1228 2229 1275 at-

631 1306 827 1362 tollens
857 1347 871 1373 ,
922 1315 978 1362 et
1025 1323 1252 1364 securus
1281 1310 1527 1366 victoria:
1577 1311 1630 1366 in
1687 1311 1899 1366 hostem
1945 1312 2224 1379 intendit,

629 1397 812 1468 lapsus
843 1398 894 1454 in
929 1399 1145 1466 faciem,
1177 1416 1298 1456 cum
1331 1404 1573 1458 maximo
1617 1407 1798 1460 sonitu
1839 1406 1966 1460 ruit.
1999 1405 2118 1474 Quo
2142 1423 2230 1462 re-

629 1490 807 1545 vocati
859 1489 1032 1546 Judati
1067 1533 1082 1559 ,
1137 1504 1425 1565 cmpernnt
1467 1496 1737 1565 jacentem
1794 1497 2092 1553 missilibus
2141 1514 2231 1552 ur-

630 1597 781 1652 gere.
811 1582 906 1640 Ille
929 1601 1071 1657 genu
1105 1587 1297 1656 nixus,
1347 1598 1402 1644 et
1446 1603 1507 1646 se
1538 1600 1830 1662 protegens
1874 1603 2028 1647 scuto
2067 1608 2227 1662 quam

630 1673 724 1730 ditt
754 1679 953 1747 potuit,
993 1694 1023 1734 a
1067 1681 1292 1738 vulnere
1338 1683 1604 1752 defendit,
1654 1700 1757 1742 nec
1804 1687 2099 1742 immunem
2146 1703 2233 1743 re-

630 1767 832 1840 liquit,
893 1787 1056 1843 quem
1117 1775 1422 1845 proxitnum
1481 1778 1705 1849 reperit.
1762 1781 1842 1834 Ad
1898 1789 2229 1851 postremum

2331 566 2480 635 bant,
2515 569 2590 624 illi
2629 571 3011 643 desperatione
3037 576 3229 632 salutis
3253 592 3417 635 omne
3444 579 3884 639 effnndebantvir-

2331 663 2462 718 tutis
2488 665 2764 735 viaticum,
2797 685 2899 725 nec
2926 672 3305 728 reservabant.

2899 760 3129 821 CAPUT
3169 764 3339 821 XXX.

2402 847 2833 908 Pulclterrimttm
2863 869 3082 925 quoque
3112 855 3320 913 facinus
3350 857 3578 916 adorsus
3619 868 3700 916 est
3741 859 3887 916 Julia-

2332 955 2432 994 nus
2463 945 2736 1014 centurio,
2767 947 2848 1002 vir
2877 945 3043 1004 armis
3073 951 3363 1017 maximus,
3409 968 3475 1008 ex
3522 953 3760 1026 Bithynia
3783 969 3888 1024 pro-

2331 1032 2505 1089 fectus
2530 1038 2828 1106 provincia,
2855 1039 2948 1096 sed
2978 1041 3238 1097 Romanis
3260 1044 3597 1101 assuefactus
3618 1046 3890 1118 disciplinis

2333 1127 2597 1198 bellisque
2625 1133 2924 1199 exercitus,
2953 1143 3009 1190 et
3036 1123 3326 1192 honoratae.
3354 1139 3562 1194 militiae
3601 1140 3770 1196 clarus
3813 1142 3894 1196 sti-

2332 1219 2566 1288 pendiis.
2611 1222 2868 1291 Quicum
2917 1243 3085 1298 prope
3126 1227 3396 1286 Cmsarem
3449 1231 3726 1298 adstaret,
3773 1231 3889 1288 ubid

2331 1310 2591 1370 adversos
2621 1316 2753 1371 vidit
2777 1317 3070 1386 Romanos,
3105 1322 3228 1392 quia
3252 1321 3422 1378 Judzci
3449 1340 3678 1381 numero
3699 1338 3894 1396 praesut-

2333 1401 2484 1469 bant,
2514 1415 2567 1459 et
2589 1406 2766 1462 adhuc
2788 1409 3018 1466 Romani
3051 1414 3334 1482 pauciores
3354 1415 3610 1482 aderant,
3654 1417 3819 1474 subito
3839 1419 3894 1474 de

2333 1493 2571 1552 Antonia
2625 1513 2685 1555 se
2715 1504 3013 1574 proripuit,
3061 1515 3116 1561 et
3162 1506 3510 1579 insequentes
3545 1512 3775 1568 avertit:
3814 1527 3895 1569 nec

2333 1598 2462 1644 sunt
2483 1592 2598 1646 ausi
2632 1595 2910 1664 resistere,
2939 1597 3052 1667 ipsa
3082 1600 3264 1669 specie
3283 1602 3761 1671 praecellentissimi
3791 1606 3894 1673 viri,

2335 1690 2389 1736 et
2416 1683 2649 1752 superba
2677 1687 2910 1757 quadam
2937 1690 3074 1745 ultra
3103 1689 3392 1747 humanam
3445 1693 3672 1750 fortnam
3711 1697 3898 1751 virtutis

2335 1776 2679 1842 auctoritate,
2712 1777 2786 1832 ita
2819 1787 2876 1833 ut
2901 1781 3015 1849 ipse
3044 1779 3227 1836 Caesar
3253 1784 3562 1839 miraretur.
3590 1785 3636 1841 Ο
3665 1785 3802 1842 varia
3833 1795 3898 1841 at-

634 1871 814 1918 tamen
843 1872 870 1900 ει
897 1876 1185 1922 consertus
1217 1868 1560 1936 vulneribus,
1595 1871 1848 1942 spiritum
1892 1873 2040 1943 prius
2070 1887 2230 1944 quam
2264 1883 2309 1943 Β
2337 1881 2443 1936 que
2471 1865 2702 1934 incerta,
2731 1869 2879 1924 velut
2900 1871 3149 1942 quwdam
3177 1873 3442 1930 bellorum
3474 1875 3623 1931 alea!
3649 1893 3763 1947 qua:
3781 1877 3898 1933 sicut

633 1955 830 2012 bellum
856 1958 1130 2030 deposuit,
1160 1978 1260 2018 nec
1291 1964 1538 2034 dejectus
1567 1965 1737 2036 gradu
1762 2008 1777 2033 ,
1822 1982 1924 2022 nec
1946 1983 2104 2022 muro
2134 1984 2232 2025 ex-

633 2063 826 2107 cussus
864 2063 968 2121 εει,
996 2055 1098 2110 nisi
1124 2065 1369 2114 mortuus
1401 2077 1413 2114 :
1435 2059 1608 2114 tribus
1626 2075 1843 2132 quoque
1863 2059 1982 2115 aliis
2003 2061 2230 2128 necatis,

563 2216 567 2220 .
632 2155 758 2200 octo
769 2147 1095 2214 semineces,
1113 2150 1242 2207 licet
1259 2166 1285 2204 a
1307 2153 1521 2208 caeteris
1547 2163 1728 2209 tamen
1751 2152 1924 2210 exitio
1944 2153 2229 2210 subtracti.

1203 2242 1433 2301 CAPUT
1461 2243 1660 2300 XXIX.

705 2331 867 2389 Necb
899 2343 1105 2390 tantum
1149 2352 1258 2392 non
1310 2340 1504 2393 terrori
1542 2339 1766 2410 reliquis
1811 2354 1962 2394 mors
2019 2339 2229 2410 Sabini,

632 2427 728 2483 sed
764 2429 1042 2485 incentivo
1075 2429 1192 2486 fuit.
1224 2429 1358 2487 Nam
1384 2432 1613 2488 Romani
1647 2433 1747 2488 viri
1788 2433 1880 2504 qui
1928 2433 2233 2504 praetende-

635 2531 759 2576 rant
785 2522 1089 2593 vigiliarum
1127 2525 1335 2592 munia,
1367 2539 1725 2596 compensare
1746 2526 2030 2596 cupientes
2051 2527 2234 2596 operis

633 2615 850 2682 effectu,
875 2617 1019 2688 quod
1050 2617 1236 2674 Sabini
1259 2618 1444 2674 studio
1485 2619 1746 2691 praeventi
1787 2618 2000 2686 forent,
2043 2617 2232 2691 viginti

636 2726 863 2766 numero
895 2712 1086 2768 ineunt
1109 2714 1399 2770 Consilium
1433 2729 1682 2785 magnum
1729 2722 1787 2769 et.
1825 2714 2182 2770 memorabile
2215 2735 2230 2772 :

637 2813 696 2859 ut
743 2805 1009 2863 advocato
1063 2809 1239 2879 quinti
1292 2811 1502 2866 ordinis
1561 2811 1862 2882 signifero,
1917 2822 1971 2867 et
2022 2811 2234 2868 duobus

634 2904 907 2972 equestris
932 2903 1142 2960 militia:
1172 2905 1302 2961 viris
1339 2921 1477 2976 quos
1506 2906 1870 2977 promptiores
1890 2907 2234 2962 arbitraban-

637 3004 743 3062 tur,
771 3007 935 3066 atque
960 3013 1072 3053 uno
1101 2999 1360 3066 tubicine,
1394 2999 1584 3070 quinta
1627 2999 1757 3054 liora
1794 3000 1970 3056 noctis
2015 3001 2233 3056 silentio

635 3103 733 3159 per
753 3105 979 3161 aggeres
1015 3105 1138 3146 sese
1183 3093 1610 3163 fragmentorum
1658 3094 1952 3148 muralium
1990 3094 2043 3149 in
2071 3109 2235 3163 supe-

637 3181 779 3237 riora
805 3184 1143 3252 attollerent,
1172 3185 1438 3257 cacsisque
1466 3184 2087 3250 custodibus,Antoniae
2117 3203 2235 3241 tnu-

2332 1955 2481 2026 jactu
2509 1960 2765 2030 quodam,
2801 1961 2871 2016 ita
2901 1977 3029 2017 casu
3056 1963 3292 2034 quodam
3319 1967 3497 2037 potius
3526 1984 3687 2039 quant
3708 1969 3896 2035 virtute,

2338 2049 2658 2120 plerumque
2687 2053 2982 2124 inopinatis
3009 2054 3146 2110 ludit
3175 2059 3485 2126 eventibus,
3517 2058 3786 2115 sufficiens
3821 2076 3900 2115 nuc

2337 2156 2432 2196 vos
2461 2144 2658 2199 exitus.
2693 2144 2936 2216 Namque
2964 2157 3018 2203 et
3049 2149 3134 2203 hic
3156 2148 3336 2218 jactus
3364 2160 3516 2217 sunt,
3564 2167 3675 2207 non
3693 2160 3900 2208 tessera-

2337 2251 2455 2290 rum
2482 2237 2722 2307 quidem,
2763 2239 2857 2295 sed
2900 2243 3240 2312 sagittarum,
3286 2245 3630 2317 telorumque
3652 2248 3899 2319 plurium,

2336 2326 2574 2398 lapidum
2598 2346 2838 2403 quoque,
2870 2334 3068 2404 quibus
3097 2351 3242 2408 saepe
3273 2337 3450 2394 victor
3477 2342 3737 2396 sternitur
3752 2341 3901 2395 alieno

2335 2423 2582 2480 vulnere.
2629 2425 2696 2480 Et
2735 2427 2864 2482 dum
2904 2429 3084 2485 aliena
3127 2432 3297 2502 spolia
3340 2433 3482 2504 rapit
3510 2475 3526 2500 ,
3585 2434 3699 2506 ipse
3741 2434 3901 2505 dispo-

2337 2515 2544 2572 liatur:
2587 2518 2731 2574 velut
2777 2519 2879 2576 hic‘
2911 2520 3198 2590 Julianus,
3263 2524 3355 2596 qui
3415 2535 3570 2597 tergo
3624 2525 3903 2582 imminebat

2338 2609 2596 2676 hostium,
2630 2612 2756 2667 dum
2789 2614 2926 2669 alios
2974 2615 3217 2686 perimit,
3271 2627 3326 2672 et
3371 2617 3621 2675 claustro
3668 2627 3900 2684 coercet,

2338 2705 2452 2774 ipsa
2495 2705 2783 2764 alacritate
2824 2709 3094 2766 incautior
3120 2752 3136 2778 ,
3183 2712 3456 2768 confixum
3513 2713 3687 2770 clavis
3728 2714 3904 2770 calcea-

2338 2806 2579 2852 mentum
2609 2815 2828 2870 gerens,
2864 2818 2962 2858 usu
2992 2804 3310 2861 militarium
3343 2807 3592 2863 virorum
3622 2826 3636 2863 :
3670 2823 3773 2864 non
3797 2821 3905 2862 eon-

2337 2887 2596 2946 sideravit
2629 2892 2799 2962 polito
2832 2895 3013 2965 lapide
3042 2895 3224 2953 solum
3254 2908 3510 2966 stratum,
3551 2901 3696 2972 quod
3738 2915 3906 2956 caveo-

2337 2981 2464 3037 dum
2511 2983 2684 3052 foret;
2733 2989 2828 3044 sed
2869 2989 3026 3061 quasi
3066 2992 3118 3046 itt
3157 3007 3351 3064 campo
3398 2994 3737 3064 prteliaretur
3777 3011 3906 3052 secu-

2339 3091 2454 3144 rus,
2484 3078 2723 3146 labitur,
2768 3092 2822 3138 et
2871 3084 3145 3155 ingentem
3199 3096 3380 3158 strage
3425 3103 3524 3143 sua
3575 3088 3906 3146 sanitumde-

2339 3169 2436 3226 dit.
2471 3171 2581 3229 Nec
2613 3176 2785 3244 potuit
2827 3193 3116 3250 assurgere
3161 3181 3372 3238 lubrico
3393 3184 3511 3239 solo
3556 3184 3746 3251 fusus,
3787 3199 3904 3255 genu

637 3291 756 3330 rttm
787 3287 1140 3348 occuparent.
1172 3279 1291 3347 Quo
1317 3288 1568 3349 peracto,
1601 3279 1894 3334 terribilior
1940 3279 2102 3336 solito
2147 3295 2234 3334 so-

2341 3273 2521 3321 lamen
2566 3281 2627 3323 se
2670 3271 2946 3327 sustinens
2975 3314 2990 3339 ,
3037 3288 3348 3346 regressum
3391 3275 3610 3334 ltOstem
3644 3278 3907 3351 repellebat

638 3369 785 3424 nitus
813 3369 1085 3440 increpuit
1109 3372 1275 3439 tubae,
1309 3382 1366 3426 ut
1393 3373 1520 3428 fessi
1546 3373 1730 3428 labore
1750 3372 1924 3428 Judari
1945 3382 2000 3428 et
2039 3388 2234 3429 somno

637 3461 824 3528 soluti,
859 3462 927 3518 de
958 3464 1254 3534 improvisi)
1285 3466 1759 3536 perturbarentur,
1791 3466 1915 3536 quia
1940 3468 2122 3522 omnia
2152 3483 2238 3523 te-

639 3555 780 3625 pleta
812 3554 1056 3610 hostibus
1078 3557 1390 3613 crederent.
1422 3557 1565 3612 Ante
1600 3559 1781 3628 itaque
1830 3560 2016 3628 fugere
2055 3573 2239 3629 coepe-

638 3657 786 3715 runt,
816 3664 979 3719 quam
1009 3649 1123 3705 veri
1155 3649 1290 3706 fides
1323 3659 1557 3722 pateret.
1589 3650 1780 3722 Neque
1816 3651 1960 3706 enim
2010 3652 2238 3722 periculi

637 3756 760 3796 sors
784 3743 1198 3814 tenebrosmque
1221 3747 1398 3801 noctis
1415 3746 1592 3817 caligo
1616 3746 1944 3816 patiebatur,
1972 3756 2030 3802 ut
2050 3748 2238 3819 quanti

639 3846 842 3904 essent,
865 3847 1312 3909 cognosceretur.
1338 3839 1406 3894 Et
1425 3839 1610 3895 Cmsar
1630 3838 1815 3895 audito
1837 3839 2053 3911 fragore
2073 3840 2237 3905 tubae,

643 3929 842 3984 armari
875 3932 1347 4002 exercitumjubet
1379 3949 1392 3986 :
1431 3933 1548 4002 ipse
1578 3949 1703 3989 cum
1730 3933 1923 3988 electis
1947 3934 2157 4003 primus
2186 3932 2238 3988 in

643 4040 856 4079 murum
879 4024 1146 4092 ascendit,
1179 4027 1294 4082 suis
1310 4028 1536 4095 auxilio,
1563 4028 1808 4083 hostibus
1825 4027 2236 4096 impedimento.

638 4115 824 4172 Illuxit
852 4117 993 4186 dies,
1025 4126 1080 4173 et
1105 4119 1216 4190 jam
1250 4120 1433 4175 Caesar
1467 4122 1795 4192 conspicuus
1835 4138 1866 4177 e
1913 4137 2072 4177 muro
2113 4137 2242 4177 suos

641 4210 1033 4267 adhortabatur
1068 4229 1082 4266 :
1115 4212 1207 4268 alii
1239 4213 1492 4268 manibus
1515 4231 1740 4270 suorum
1786 4214 1839 4269 in
1887 4230 2102 4270 murum
2131 4214 2244 4270 ele-

641 4304 932 4372 vabantnr,
989 4306 1084 4361 alii
1133 4322 1228 4377 per
1276 4308 1616 4374 cuniculum,
1673 4324 1833 4380 quem
1888 4308 2127 4365 Joannes
2173 4308 2242 4363 ad

641 4396 1041 4454 subverteudos
1062 4398 1432 4456 Romanorum
1464 4415 1692 4473 aggeres
1725 4401 2031 4470 defoderat,
2062 4402 2115 4458 in
2147 4419 2243 4458 ur-

643 4491 765 4546 bem
816 4507 878 4548 se
908 4504 929 4530 ο
957 4490 1301 4549 deferebant.
1348 4494 1515 4552 Versa
1573 4495 1626 4551 in
1683 4497 1981 4567 perniciem
2016 4497 2244 4569 perfidis

641 4585 886 4641 subsidia
924 4601 1020 4641 sua
1047 4627 1062 4650 ,
1105 4588 1311 4642 exclusi
1363 4589 1602 4658 undique
1630 4590 1685 4645 in
1717 4591 1978 4662 templum
2005 4606 2065 4648 se
2112 4607 2246 4647 con-

2341 3368 2396 3412 ut
2449 3364 2956 3435 appropinquantes
3003 3367 3275 3437 caederet,
3321 3369 3630 3440 jaculautes
3677 3380 3904 3443 quantum

2342 3464 2546 3522 posset,
2576 3467 2817 3513 caveret.
2857 3458 2962 3515 Sed
2993 3461 3106 3531 ipsa
3138 3463 3394 3535 fatigatus
3434 3473 3601 3536 atque
3649 3477 3908 3537 oppressus

2343 3545 2714 3615 multitudine,
2745 3550 2894 3606 solus
2917 3551 3066 3619 licet,
3100 3554 3223 3625 quia
3277 3555 3456 3611 nullus
3490 3565 3646 3613 tanto
3686 3573 3743 3613 se
3788 3557 3910 3612 inse-

2343 3654 2467 3696 rere
2497 3642 2743 3710 periculo
2770 3645 3017 3711 auderet,
3052 3662 3160 3702 non
3187 3647 3538 3720 despicabilis
3573 3661 3781 3716 tamen,
3827 3665 3907 3702 ne-

2341 3749 2448 3805 que
2489 3736 2714 3809 inultus,
2744 3739 2970 3812 impigre
3013 3744 3288 3799 occubuit.
3341 3744 3492 3799 Haud
3538 3745 3819 3815 equidem,
3864 3749 3910 3796 ut

2344 3829 2620 3898 arbitror,
2680 3833 2769 3888 tali
2818 3834 3012 3906 dignus
3063 3837 3214 3892 exitu
3259 3837 3396 3904 fuit,
3453 3847 3510 3893 ut
3563 3847 3711 3894 tanta
3764 3839 3909 3893 virtus

2345 3922 2445 3977 viri
2477 3922 2555 3978 sic
2585 3923 2954 3998 deciperetur.
3004 3927 3111 3984 Sed
3161 3929 3451 3999 plurimum
3505 3929 3560 3984 in
3617 3930 3759 3986 bello
3807 3943 3910 4000 ιιι-ιι⁸

2345 4015 2527 4070 dentia
2562 4019 2726 4084 valet,
2765 4035 2885 4090 quae
2913 4029 3069 4075 cauta
3100 4035 3319 4092 semper
3350 4029 3407 4078 et
3447 4023 3731 4095 perspicax
3763 4023 3912 4077 inccr-

2348 4118 2523 4164 torutu
2555 4112 2804 4181 providet
2849 4129 3030 4168 casus.
3062 4114 3222 4171 Solus
3263 4131 3323 4171 se
3371 4115 3440 4171 de
3485 4116 3721 4173 Antonia
3763 4115 3913 4189 prori-

2348 4203 2487 4273 puit,
2512 4204 2662 4259 solus
2685 4206 2736 4260 in
2767 4205 2986 4262 ltosﬁlia
3009 4209 3223 4277 agmina
3259 4209 3387 4276 ruit,
3413 4210 3563 4265 solus
3612 4226 3673 4266 se
3716 4206 3913 4266 armatis

2347 4295 2562 4350 miscuit
2600 4338 2614 4362 ,
2685 4297 2838 4354 solus
2878 4299 2930 4354 itt
2985 4303 3245 4372 templum
3291 4301 3508 4357 Jttdtros
3554 4303 3738 4358 redire
3789 4315 3913 4357 com-

2348 4389 2506 4460 pttlit.
2539 4390 2746 4447 Vereor
2775 4408 2843 4448 ne
2873 4394 3018 4450 istud
3042 4395 3283 4452 obt’uerit
3310 4396 3479 4468 magis
3500 4439 3515 4466 ,
3550 4397 3679 4469 quia
3709 4396 3772 4452 de
3802 4406 3914 4451 tent-

2350 4484 2438 4554 plo
2469 4485 2690 4541 fuerunt
2714 4488 3112 4544 cxterminandi
3143 4489 3258 4546 Deo
3288 4489 3555 4560 inﬁdeles,
3611 4492 3734 4548 ideo
3757 4492 3912 4562 lapsus

2350 4591 2458 4633 non
2518 4579 2724 4635 invenit
2779 4580 3103 4636 remedium.
3176 4580 3468 4652 Spectabat
3521 4583 3678 4639 Titus
3720 4583 3914 4638 vincen-

643 4680 840 4734 ferttnt.
875 4680 949 4734 Eo
978 4697 1194 4752 quoque
1220 4683 1467 4739 volentes
1515 4683 1748 4740 Romani
1795 4684 2008 4742 irruere
2031 4727 2048 4753 ,
2092 4686 2235 4740 colti-

2349 4680 2455 4726 tetu
2505 4687 2628 4728 cum
2676 4674 2914 4745 gaudio,
2964 4676 3361 4748 periclitantem
3408 4692 3531 4733 cum
3592 4678 3790 4750 ingenti
3835 4676 3914 4731 do-

645 4773 842 4828 bentur
868 4775 1133 4845 angustiis
1163 4776 1440 4848 armisque
1467 4778 1828 4849 repelluntur.
1861 4778 1946 4833 Fit
1969 4779 2036 4848 .in
2076 4779 2241 4834 vesti-

643 4863 776 4919 bulo
804 4880 972 4935 grave
1001 4867 1278 4936 praelium,
1313 4884 1414 4924 nec
1444 4869 1556 4940 jam
1595 4871 1816 4940 spiculis
1866 4881 1959 4927 aut
2005 4871 2241 4943 sagittis,

641 4960 738 5014 sed
755 4961 952 5030 gladiis
966 4961 1214 5016 cominus
1227 4963 1458 5033 geritur,
1476 4978 1666 5019 manus
1687 4964 1753 5019 ad
1767 4964 2017 5030 vulnera,
2031 4964 2244 5035 gladius

645 5068 812 5124 super
841 5054 1104 5123 gladium,
1120 5055 1259 5110 ictus
1283 5056 1648 5126 superictum,
1667 5072 1959 5128 percussor
1970 5072 2241 5113 caesorum

642 5145 908 5217 sanguine
957 5149 1408 5217 perfundebatur,
1454 5159 1511 5206 ut
1558 5154 1673 5222 ipse
1716 5152 1898 5223 potius
1953 5167 2243 5222 percussus

641 5241 1024 5297 aestimaretur.
1051 5242 1107 5298 lu
1139 5244 1256 5316 ipso
1280 5243 1489 5313 templo
1517 5244 1670 5300 furor
1688 5245 1910 5301 bellicus
1928 5246 2244 5303 dominaba-

642 5343 748 5390 tur.
776 5333 1045 5392 Natabant
1076 5340 1385 5406 pavimenta
1413 5340 1678 5409 sanguine
1712 5357 1724 5393 :
1757 5341 2106 5396 morientium
2149 5357 2244 5412 ge-

641 5429 838 5494 mitus,
872 5429 1204 5485 vincentium
1253 5430 1523 5487 clamores
1564 5433 1684 5488 sine
1734 5434 1927 5490 ordine
1974 5443 2032 5491 et
2077 5435 2240 5490 modo

641 5523 1048 5593 personabant:
1079 5521 1351 5578 Romanos
1391 5523 1712 5594 perficiendi
1751 5526 2067 5583 certaminis
2115 5542 2242 5598 spes

639 5615 1204 5684 accenderat,.luda:is
1226 5631 1475 5691 suprema
1494 5619 1681 5690 patria:
1693 5621 1902 5678 excidia
1924 5621 2242 5682 ademerant

711 5811 739 5874 9
768 5799 1066 5874 Qonfectm.
1101 5804 1268 5862 Buta.

714 5871 742 5909 δ
775 5871 991 5929 Tamen.
1020 5874 1094 5929 lu.

2349 4764 2465 4820 lore
2502 4766 2758 4824 :volebat
2784 4768 3115 4837 subvenire,
3159 4767 3254 4824 sed
3303 4769 3461 4841 longe
3506 4771 3716 4827 aberat.
3766 4769 3917 4824 Revo-

2347 4863 2578 4919 cabatur
2605 4880 2636 4920 a
2663 4867 2814 4934 suis,
2848 4865 2973 4937 quia
3025 4866 3078 4920 in
3131 4866 3304 4922 milite
3331 4867 3489 4922 unius
3533 4882 3657 4923 sors
3709 4874 3830 4931 est,
3873 4863 3916 4917 in

2348 4959 2680 5030 imperatore
2711 4961 3096 5016 universorum
3127 4959 3425 5031 periculum
3461 4978 3474 5015 :
3502 4960 3733 5016 docebat
3754 4969 3916 5015 exem-

2350 5052 2521 5123 plum,
2549 5053 2676 5124 quid
2708 5053 3011 5110 cavendum
3039 5055 3240 5124 potius,
3270 5067 3428 5124 quam
3457 5052 3787 5124 sequendum
3811 5050 3915 5105 Ca:—

2351 5148 2462 5203 sari
2513 5149 2675 5205 foret.
2723 5148 2969 5220 Denique
3013 5148 3092 5204 sic
3136 5149 3465 5203 consternati
3511 5149 3728 5203 fuerunt
3765 5143 3913 5206 socii.

2351 5242 2431 5297 sic
2473 5242 2603 5298 elati
2639 5243 2972 5307 adversarii,
3022 5252 3082 5296 ut
3132 5250 3189 5297 et
3234 5256 3434 5312 corpus
3480 5240 3678 5296 Juliani
3710 5239 3762 5294 itt
3789 5245 3918 5310 pote-

2348 5349 2542 5396 statem
2577 5338 2790 5394 veniret
2817 5336 3082 5404 hostium,
3111 5336 3269 5407 quasi
3314 5333 3491 5390 adhuc
3539 5343 3591 5389 et
3629 5332 3914 5389 defunctum

2349 5433 2628 5498 timerent,
2659 5431 2703 5485 si
2742 5429 3005 5486 Romanis
3048 5427 3455 5483 restitueretur.
3485 5422 3680 5481 Cteteri
3723 5422 3914 5478 Juliauo

2346 5540 2516 5594 c3350,
2548 5523 2694 5580 facili
2726 5525 2944 5596 negotio
2986 5535 3222 5577 cessere.
3273 5518 3521 5574 Nondum
3560 5518 3703 5574 enim
3747 5526 3915 5568 ascen-

2346 5618 2542 5675 derant
2573 5614 2871 5684 numerosi,
2901 5625 2956 5674 et
2979 5614 3184 5671 Judaeis
3213 5613 3432 5672 occasio
3475 5610 3621 5668 necis
3667 5609 3779 5681 ejus
3817 5605 3914 5659 vir-

2425 5819 2447 5882 ?
2482 5809 2803 5882 Inferebant.
2828 5809 2904 5864 In.

2423 5881 2450 5920 ἀ
2480 5881 2716 5939 Aversor.
2743 5881 2818 5939 lu.
