4082 6344
199 298 332 356 ειη

1066 293 1338 352 lllSTOR.
1384 293 1472 351 DE
1516 294 1794 352 EXCIDIO
1835 292 2110 354 lllEROS.
2158 294 2381 354 URBIS.
2422 296 2554 357 LIB.
2598 297 2664 353 V.

3346 298 3490 356 2178

200 423 359 468 tutem
399 418 624 468 auxerat
658 429 670 466 :
701 409 1126 483 promptissimis
1173 426 1240 468 eo
1280 409 1470 480 praelio
1512 408 1578 464 ad
1612 407 1789 480 repel-
1817 416 1866 477 Α
1894 409 2062 466 belles
2103 410 2302 466 civium
2351 411 2564 466 animos
2615 409 2754 465 tulit.
2813 408 2942 464 Fide
2983 424 3100 464 mea
3130 449 3144 474 ,
3193 410 3341 465 salva
3372 414 3490 467 haec

199 508 382 564 lentlos
421 507 694 560 Romanos
741 505 908 561 Alexa
959 513 1016 561 et
1046 514 1070 542 τι
1099 505 1283 562 Gitteo
1330 504 1559 561 Joannis
1602 505 1795 575 conju-

196 601 324 657 ratis
349 641 366 668 ,
407 599 501 672 qui
540 599 795 656 factionis
829 600 951 670 ejus
998 607 1429 671 propugnatores
1471 597 1654 655 forent
1683 617 1696 652 :
1727 613 1794 655 ex

199 693 435 750 Simonis
461 708 676 765 quoque
725 701 879 764 parte
919 692 1153 748 Melchio
1190 701 1247 748 et
1293 690 1500 747 Jacobo
1531 690 1798 746 Idumaeo-

197 805 311 845 rum
341 788 483 845 duce
527 787 764 861 egregiis
807 787 1162 844 bellatoribus
1193 804 1206 842 :
1240 787 1533 843 Arsimone
1580 798 1800 856 quoque

198 895 244 939 et
294 880 433 937 Juda
479 881 654 936 tertia:
694 879 946 935 factionis
987 878 1119 932 viris
1162 878 1364 948 pariter
1400 875 1796 940 adnitentibus,

199 974 288 1046 qui
315 974 609 1046 conjuncta
625 989 785 1030 manu
818 971 1004 1044 pulsos
1024 971 1304 1027 Romanos
1327 971 1467 1026 intra
1508 969 1798 1026 Antoniam

201 1069 469 1125 clausere.

769 1157 1000 1215 CAPUT
1031 1156 1226 1213 XXXI.

270 1253 477 1312 Contra
506 1254 661 1311 Titus
699 1269 806 1309 non
853 1252 1192 1308 munimento
1247 1248 1390 1316 sibi,
1437 1247 1534 1304 scd
1577 1245 1806 1318 impedi-

204 1359 388 1408 tnento
417 1347 694 1421 angustias
717 1346 971 1404 Antonia:
997 1354 1170 1412 ratus,
1193 1343 1348 1414 jubet
1376 1341 1516 1397 dirui
1546 1340 1806 1395 munitio-

206 1461 328 1501 nem
362 1443 480 1514 ejus
511 1441 753 1497 funditus
780 1483 795 1507 ,
848 1449 905 1495 ut
946 1435 1327 1508 congressuris
1369 1437 1470 1491 iter
1511 1433 1562 1489 in
1591 1433 1805 1488 hostem

205 1539 532 1610 aperiretur.
579 1535 981 1606 Compertoque
1041 1531 1182 1604 quod
1236 1529 1553 1586 solemnitas
1607 1526 1809 1584 Judaais

207 1630 470 1688 festorum
511 1627 721 1684 dierum
754 1625 1285 1697 appropinquasset,
1334 1623 1595 1692 praecepit
1639 1618 1810 1674 inter.

207 1725 411 1798 pretari
451 1721 750 1793 Josephum
781 1719 1010 1776 Hebraeo
1049 1732 1307 1774 sermone
1330 1757 1345 1781 ,
1378 1731 1502 1786 quae
1528 1714 1644 1784 ipse
1667 1712 1809 1768 allo-

1896 505 2074 560 omnia
2107 505 2200 561 tibi
2234 505 2407 559 futura
2449 504 2692 576 spondeo
2717 545 2732 568 ,
2787 504 2995 560 veniam
3029 503 3123 559 tibi
3152 503 3347 559 salutis
3378 503 3492 574 pol—

1898 598 2087 666 liceor,
2119 615 2224 654 non
2256 615 2354 671 pro
2379 600 2633 656 mercede
2671 599 2894 656 sceleris
2918 641 2934 667 ,
2986 599 3081 656 sed
3116 614 3216 670 pro
3243 599 3493 670 redemp-

1900 693 2046 749 tione
2074 693 2245 761 urbis,
2279 703 2336 749 ut
2362 710 2390 748 a
2423 703 2474 750 te
2507 694 2769 750 redimam
2797 694 3165 765 periturorum
3195 695 3493 751 culminum

1898 793 2140 842 statum.
2173 786 2400 842 Desinas
2428 801 2624 842 moneo
2665 786 2968 843 latrociniis
3011 787 3119 843 tuis
3163 787 3496 844 conturbare

1900 880 2235 950 propositum
2277 879 2490 950 pietatis
2539 880 2816 937 Romanae.
2866 879 2981 935 Non
3031 891 3053 920 ο
3113 880 3496 938 formidabitur

1903 971 2299 1045 Hierosolyma,
2329 981 2388 1028 ut
2407 972 2686 1029 diruatur:
2717 974 2936 1044 quando
2965 975 3146 1046 potior
3173 973 3379 1029 viribus
3409 989 3498 1030 re-

1902 1075 2114 1121 servata
2136 1076 2218 1121 est
2240 1066 2547 1122 Antiochia.
2571 1065 2734 1123 Certe
2763 1066 3054 1123 Jechonias
3085 1075 3270 1123 vester
3294 1078 3348 1122 et
3373 1067 3502 1122 Per-

1903 1159 1979 1215 sis
2009 1160 2238 1215 credidit
2265 1201 2281 1226 ,
2324 1171 2378 1216 et
2405 1162 2594 1217 urbem
2625 1176 2878 1233 egressus
2908 1203 2923 1228 ,
2969 1161 3242 1217 commisit
3281 1175 3344 1218 se
3373 1175 3498 1216 cum

1908 1255 2020 1311 suis
2045 1256 2309 1328 proximis
2335 1255 2622 1313 barbarico
2646 1255 2840 1323 furori,
2870 1271 2939 1312 ne
2972 1265 3194 1327 propter
3223 1270 3282 1311 se
3312 1255 3502 1312 civitas

1907 1355 2263 1404 everteretur.
2293 1347 2610 1406 Celebratur
2638 1363 2666 1401 a
2695 1347 2850 1403 vobis
2880 1347 2998 1418 ejus
3025 1346 3310 1412 memoria,
3341 1347 3502 1402 sicuti

1908 1442 2076 1498 vestri
2102 1452 2350 1498 asserunt
2376 1460 2390 1498 :
2425 1442 2478 1498 id
2508 1453 2590 1498 est
2616 1442 2886 1512 Josephus
2913 1451 3155 1498 assertor
3189 1441 3328 1512 ejus,
3358 1442 3506 1497 cele-

1910 1535 2230 1606 britatisque
2261 1537 2437 1601 testis,
2469 1550 2574 1606 qua
2607 1535 2888 1611 honoratis
2914 1536 3086 1590 virum
3117 1577 3131 1602 ,
3161 1536 3253 1607 qui
3285 1549 3382 1606 pro
3411 1549 3510 1604 pa-

1911 1625 2015 1681 tria
2043 1642 2102 1681 se
2133 1625 2432 1697 captivitati
2460 1627 2674 1685 obtulit.
2730 1627 2979 1682 Servavit
3003 1642 3125 1682 cum
3154 1636 3206 1683 et
3245 1627 3510 1683 barbarus

1914 1718 2077 1774 Persa
2103 1762 2118 1786 ,
2167 1729 2221 1775 et
2265 1735 2367 1792 ego
2400 1721 2493 1775 tibi
2542 1721 2785 1791 spondeo
2813 1721 3210 1792 impunitatem.
3256 1719 3418 1778 Certe
3455 1730 3513 1778 et

207 1828 487 1890 queretur.
516 1817 670 1886 Quae,
701 1815 898 1871 malum
923 1815 937 1869 Ξ
969 1813 1109 1868 ratio
1140 1811 1336 1868 Joanni
1366 1807 1623 1865 suaderet
1653 1849 1667 1874 ,
1693 1815 1753 1862 ut
1780 1805 1809 1845 ι’
1841 1833 1889 1894 Β
1914 1811 2182 1883 Josephus
2212 1828 2359 1868 arma
2389 1813 2648 1870 Romanis
2677 1815 2904 1871 adversa
2930 1815 3110 1871 intulit
3136 1835 3148 1869 :
3195 1815 3358 1872 crede
3386 1831 3513 1886 pro-

209 1912 488 1967 Romanos
517 1911 827 1965 lacesseret.
878 1907 933 1963 Si
982 1905 1200 1961 virtutis
1250 1902 1504 1959 fiduciam
1552 1909 1809 1972 gereret,

209 2005 442 2076 eligeret
485 2003 650 2058 alium
708 2017 900 2073 pugnae
957 2001 1184 2056 locum:
1246 2013 1313 2053 eo
1353 1995 1811 2068 progrederetur,

210 2096 511 2156 dummodo
555 2095 675 2152 urbi
728 2091 1300 2165 parceretztemplum
1344 2105 1452 2145 non
1480 2089 1818 2144 contamina-

212 2201 319 2258 ret,
349 2189 615 2247 sacrificia
645 2188 906 2244 festorum
938 2187 1148 2242 dierum
1177 2198 1284 2240 non
1309 2181 1626 2253 impediret:
1653 2180 1819 2236 relin-

211 2295 408 2360 queret
436 2299 573 2357 qttos
603 2283 830 2338 idoneos
877 2280 1270 2337 sacrificiorum
1319 2276 1636 2334 ministeriis
1674 2273 1821 2331 aeSti-

212 2378 512 2441 mavissct;
556 2373 887 2431 fortitudinis
932 2388 1046 2428 suze
1092 2373 1482 2427 documentum
1531 2368 1620 2424 ubi
1653 2366 1822 2422 vellet

216 2480 419 2542 przeter
436 2469 624 2526 urbem
656 2478 712 2524 et
732 2465 1015 2538 templum,
1066 2464 1254 2520 ederet
1283 2481 1296 2516 :
1327 2460 1700 2533 congressioni
1724 2460 1826 2514 mi-

216 2565 346 2622 lites
371 2563 604 2621 Ctesaris
629 2577 736 2618 non
762 2561 1086 2617 defuturos:
1135 2559 1363 2614 invitum
1406 2572 1468 2612 se
1495 2556 1616 2626 cogi
1648 2553 1713 2610 ad
1745 2563 1823 2609 to-

221 2662 334 2715 tius
361 2659 513 2714 urbis
542 2657 885 2714 eversionem
913 2672 928 2708 :
972 2656 1128 2725 cujus
1173 2651 1430 2722 reliquias
1469 2663 1692 2706 servare
1716 2647 1829 2704 vel-

219 2757 288 2812 let
323 2798 337 2823 ,
368 2755 413 2811 si
443 2762 718 2825 pateretur
758 2751 1036 2808 Joannes:
1071 2749 1354 2804 imminere
1405 2744 1607 2816 templo
1638 2744 1787 2800 faces
1812 2783 1827 2808 ,

224 2869 336 2908 non
367 2850 510 2921 quod
541 2849 799 2919 templum
837 2845 1067 2902 Romani
1110 2841 1431 2899 festinarent
1453 2854 1706 2907 exurere,
1735 2836 1832 2892 sed

223 2961 254 3000 e
278 2942 486 3013 templo
511 2941 743 2997 educere
769 2937 1251 2995 belliineitatores.
1280 2934 1336 2990 Si
1357 2933 1528 2988 victos
1554 2947 1614 2987 se
1643 2929 1834 2986 crede-

225 3049 377 3105 rent,
409 3051 600 3092 manus
623 3035 846 3090 darent:
875 3042 930 3087 at
953 3032 996 3088 si
1020 3036 1258 3086 victores
1285 3027 1497 3082 futuros
1517 3030 1831 3096 sperarent,

227 3150 340 3190 nun
371 3133 508 3188 intra
536 3131 775 3186 claustra
819 3142 879 3184 se
913 3125 1263 3197 reciperent,
1297 3121 1392 3178 sed
1426 3121 1478 3176 in
1510 3119 1718 3189 campis
1748 3117 1834 3172 de-

1918 1907 2084 1962 misso
2107 1947 2123 1975 ,
2152 1908 2307 1978 cujus
2333 1915 2390 1964 et
2416 1910 2720 1979 exemplum
2753 1910 3137 1981 praemisimus.
3183 1909 3388 1967 Vadem
3419 1910 3517 1967 tibi

1917 2000 2224 2070 sponsionis
2255 2010 2456 2056 nostrze
2471 2001 2766 2072 Josephum
2791 2003 2984 2058 damus
3011 2022 3024 2058 :
3078 2009 3242 2060 immo
3278 2005 3390 2073 jam
3421 2004 3518 2062 dc-

1918 2093 2114 2160 dimus,
2159 2111 2317 2166 quem
2348 2097 2766 2154 reservavimus.
2795 2097 3074 2170 Loquatur
3092 2099 3242 2155 vobis
3259 2113 3518 2156 sermone

1921 2189 2119 2258 patrio,
2151 2189 2352 2260 obliget
2382 2205 2442 2246 se
2472 2190 2572 2245 ritu
2595 2206 2702 2262 quo
2732 2192 2921 2249 soletis
2947 2209 2960 2247 :
2993 2208 3098 2249 non
3127 2193 3292 2264 pudet
3315 2209 3400 2250 me
3426 2209 3521 2250 va-

1923 2281 2048 2336 dem
2078 2297 2343 2353 qu:erere,
2380 2282 2754 2353 ﬁdejussorem
2786 2285 2915 2341 dare
2939 2327 2956 2354 ,
2988 2303 3055 2343 ne
3085 2303 3395 2344 eversorem
3427 2304 3524 2345 ex-

1926 2373 2141 2430 hibeam
2167 2420 2180 2443 ,
2212 2375 2304 2447 qui
2332 2377 2457 2431 volo
2488 2393 2728 2448 parcere.
2774 2379 2933 2435 Flere
2961 2381 3026 2436 ad
3072 2382 3186 2438 hmc
3206 2381 3480 2456 Josephus
3504 2425 3519 2450 ,

1928 2484 2120 2541 rogare
2146 2469 2435 2536 Joannem,
2463 2471 2752 2542 deplorare
2774 2474 2959 2542 patriae
2986 2483 3209 2543 statum,
3235 2477 3526 2534 obsecrare

1927 2576 2184 2618 sermone
2214 2561 2399 2633 flebili,
2428 2565 2707 2635 appellare
2739 2577 2795 2621 ut
2823 2566 3020 2634 civem,
3050 2570 3144 2624 sed
3163 2571 3378 2627 eteteris
3400 2587 3529 2642 per-

1930 2656 2246 2712 tinaciorem
2275 2674 2287 2712 :
2323 2667 2525 2715 testare
2558 2659 2651 2714 Dei
2683 2660 3069 2732 omnipotentis
3105 2664 3331 2734 gratiam
3358 2705 3372 2730 ,
3423 2667 3530 2719 sal-

1929 2764 2054 2804 vum
2085 2748 2200 2806 fore
2227 2765 2346 2806 cum
2377 2751 2524 2818 suis;
2560 2753 2934 2809 tantummodo
2962 2753 3255 2812 desisteret
3283 2755 3528 2815 excitare

1934 2843 2162 2898 militem
2216 2843 2521 2900 Romanum
2563 2844 2631 2900 ad
2669 2845 2821 2902 urbis
2848 2847 3210 2905 eversionem.
3243 2850 3412 2916 Quem
3444 2851 3536 2908 ubi

1937 2935 2156 2993 flectere
2205 2939 2480 3011 nequivit:
2527 2939 2644 2995 Non
2673 2941 2868 2996 mirum
2891 2983 2907 3008 ,
2941 2941 3156 3014 inquit,
3185 2942 3458 3012 Joannes,
3489 2945 3534 3000 si

1939 3046 2255 3101 perseveras
2279 3047 2448 3104 usque
2479 3032 2546 3087 ad
2576 3033 2846 3089 excidium
2882 3034 3071 3106 patriae
3096 3076 3112 3104 ,
3152 3050 3271 3091 cum
3297 3035 3407 3106 jam
3450 3051 3538 3093 rc-

1933 3124 2192 3196 liquerint
2241 3141 2359 3182 eam
2413 3126 2660 3197 przesidia
2706 3127 2906 3183 divina.
2969 3127 3076 3186 Sed
3149 3130 3344 3185 mirum
3389 3128 3534 3201 quod

229 3225 564 3290 tenderent,
611 3237 720 3294 quo
765 3220 1029 3291 templum
1084 3215 1391 3273 labentibus
1429 3214 1540 3284 jam
1573 3209 1835 3267 incendiis

1941 3220 2234 3291 perituram
2284 3237 2392 3276 non
2430 3221 2644 3291 credis,
2697 3237 2819 3278 cum
2851 3223 3048 3294 legeris
3086 3223 3437 3295 propheticus
3467 3223 3537 3280 li-

230 3321 562 3390 eriperetur,
593 3323 814 3371 vacaret
845 3310 1333 3386 purificatiOuibus.
1367 3307 1437 3362 Et
1465 3307 1833 3376 interpretan-

235 3424 288 3470 te
341 3410 544 3468 Judaeis
595 3408 866 3480 Josepho,
909 3421 1032 3462 cum
1087 3403 1303 3459 silentio
1341 3401 1562 3465 audita,
1619 3398 1840 3453 tacitura

233 3507 433 3578 vulgus
479 3503 782 3576 probabat,
828 3500 924 3557 sed
971 3497 1251 3555 metuebat
1299 3493 1625 3552 sententiam
1689 3504 1842 3547 suam

235 3600 524 3675 pandere:
558 3597 754 3669 quibus
785 3593 1082 3665 respondet
1122 3591 1362 3648 Joannes
1389 3629 1403 3656 ,
1448 3587 1658 3643 nullum
1711 3600 1848 3656 prze-

237 3696 494 3753 stabilius
526 3693 633 3749 Dco
663 3706 782 3748 esse
807 3688 1133 3746 sacrificium
1164 3728 1179 3752 ,
1223 3701 1384 3757 quam
1414 3699 1514 3756 pro
1556 3681 1666 3737 aris
1690 3723 1704 3748 ,
1753 3695 1849 3749 pro

242 3791 407 3856 focis,
433 3803 534 3860 pro
565 3786 766 3858 templo
796 3799 998 3856 ponere
1021 3783 1254 3838 animam
1284 3821 1298 3845 ,
1344 3779 1493 3834 viros
1519 3777 1632 3833 Deo
1672 3789 1851 3831 sacra-

241 3894 332 3941 tos
358 3900 374 3938 :
405 3889 463 3938 et
483 3880 604 3938 ideo
634 3880 678 3935 si
704 3893 934 3935 necesse
965 3877 1056 3942 sit,
1103 3873 1334 3930 libenter
1362 3871 1723 3942 procumbere
1755 3881 1853 3935 pro

225 3976 500 4032 libertate
525 4015 538 4038 ,
573 3983 753 4027 tamen
782 3985 1004 4042 sperare
1034 3985 1093 4024 se
1117 4010 1131 4034 ,
1165 3965 1308 4037 quod
1340 3963 1611 4021 excidium
1643 3960 1856 4034 perpeti

244 4086 360 4128 non
391 4070 566 4142 possit
592 4068 784 4124 civitas
814 4067 929 4122 Dei.
965 4065 1120 4120 Titus
1164 4063 1231 4118 ad
1271 4061 1386 4117 haec
1415 4080 1427 4117 :
1471 4060 1663 4116 Merito
1697 4059 1858 4130 igitur

247 4179 446 4238 puram
459 4163 572 4219 Deo
599 4159 1045 4230 servatisurbcm
1067 4167 1122 4214 et
1148 4164 1396 4212 sanctum
1429 4153 1856 4214 immaculatum,

253 4257 505 4315 necando
533 4257 701 4322 cives,
728 4253 1106 4311 interficiendo
1137 4251 1410 4316 innoxios,
1437 4249 1754 4320 perimendo
1777 4263 1863 4302 sa-

254 4349 513 4408 cerdotes
532 4350 555 4403 '!
575 4347 794 4405 Talibus
823 4345 1041 4417 flagitiis
1070 4360 1180 4399 non
1205 4343 1484 4413 placantur
1512 4340 1691 4396 divina
1711 4381 1725 4406 ,
1765 4337 1861 4394 sed

256 4442 631 4502 offenduntur.
663 4440 970 4497 Abdicastis
1000 4438 1173 4494 Deum
1197 4445 1437 4492 vestrum
1471 4434 1863 4491 sacrificiorum

255 4538 516 4595 cultibus.
545 4537 600 4592 Si
621 4535 715 4592 tibi
743 4535 940 4606 aliquis
964 4542 1186 4605 negaret
1205 4531 1412 4594 cibum.
1435 4530 1694 4597 Joannes,
1720 4545 1866 4600 qua:-

256 4647 414 4688 rcrcs
434 4646 556 4687 eum
585 4649 598 4684 :
632 4629 743 4686 Deo
766 4636 949 4686 vestro
975 4642 1086 4683 sua:
1117 4625 1309 4681 hostire
1338 4641 1446 4680 non
1480 4623 1854 4690 immolantur,
1885 4627 1937 4688 ι)

261 4741 374 4781 non
398 4722 700 4780 redduntur
726 4736 825 4777 sua
855 4734 1080 4777 munera
1108 4760 1124 4786 ,
1153 4718 1468 4790 iugulantur
1490 4717 1738 4774 homines
1766 4758 1780 4783 ,
1809 4723 1865 4772 et

260 4817 448 4874 adhuc
473 4826 632 4889 putas
654 4815 824 4872 Deum
864 4813 1156 4869 auxiliari?
1187 4811 1396 4867 Revera
1427 4826 1506 4867 src
1555 4819 1708 4883 gesta
1738 4809 1868 4866 edo-

262 4919 417 4977 cent,
451 4907 768 4965 testificatur
795 4921 1062 4964 czesorum
1093 4904 1400 4976 congeries,
1452 4911 1508 4959 et
1544 4902 1744 4959 cumuli
1776 4917 1869 4959 ve-

265 5013 506 5061 strarum
533 5002 921 5058 calamitatum.
973 4999 1104 5068 Quis
1149 4997 1268 5054 haec
1307 4995 1497 5053 videns
1522 5039 1537 5064 ,
1587 5011 1694 5052 non
1725 4997 1874 5068 inge-

270 5099 512 5156 miscat?
539 5097 648 5154 Nec
677 5094 1160 5169 reprehenderem,
1189 5091 1332 5166 quod
1365 5106 1634 5163 pugnares
1661 5106 1760 5163 pro
1788 5105 1875 5162 pa-

272 5193 383 5249 tria
408 5235 424 5260 ,
456 5192 502 5248 si
531 5191 733 5248 nollem
763 5204 986 5262 parcere
1009 5230 1027 5258 ,
1053 5188 1097 5243 si
1130 5188 1333 5245 nollem
1376 5187 1603 5259 patriam
1637 5197 1871 5242 vestram

269 5295 372 5342 aut
400 5285 656 5356 templum
687 5280 1193 5353 reservare.Neque
1223 5281 1367 5337 enim
1395 5279 1556 5350 digna
1578 5275 1868 5347 Carthago,

272 5389 373 5434 aut
399 5378 721 5435 metuendus
749 5376 1012 5434 Hebraeus
1052 5374 1305 5431 Annibali
1332 5417 1348 5442 ,
1400 5373 1493 5444 qui
1525 5383 1733 5442 partem
1762 5384 1875 5425 mc-

275 5472 427 5530 diam
457 5472 604 5528 orbis
631 5471 862 5528 Romani
881 5470 1170 5542 subegerat
1195 5486 1206 5523 :
1238 5477 1291 5524 et
1323 5476 1501 5524 tamen
1527 5467 1641 5538 ipsa
1663 5478 1882 5537 quoque

278 5574 535 5638 reparata
560 5564 856 5637 Carthago,
887 5580 1010 5637 quae
1053 5577 1228 5635 usque
1253 5561 1323 5618 ad
1353 5560 1623 5619 excidium
1651 5559 1735 5615 sui
1788 5573 1883 5616 re-

322 5735 390 5854 hf
430 5725 702 5854 Jgsephus
749 5725 1007 5799 Gyptheo.
1054 5723 1123 5780 Et
1151 5739 1275 5781 mox
1304 5721 1568 5779 Malachia
1612 5733 1710 5792 pro
1743 5719 1884 5776 Mat-

359 5815 428 5853 io.
507 5815 632 5854 ann.

285 5815 428 5856 εηιο.
462 5815 632 5854 υλιιιι.

367 5868 394 5910 ι’
426 5870 591 5930 Vetus
613 5869 738 5929 cod.
775 5869 1040 5928 Romanos
1066 5870 1121 5926 in
1155 5868 1332 5941 templi
1373 5866 1630 5925 excidium
1665 5867 1888 5924 lacesse-

1945 3315 2093 3378 bros,
2113 3315 2308 3386 quibus
2337 3315 2546 3371 excidia
2573 3316 2764 3386 patriae
2793 3317 2948 3372 nobis
2972 3318 3292 3373 annuntiata
3324 3326 3544 3388 sunt,ct

1945 3418 2197 3478 reparata
2225 3405 2460 3462 culmina
2492 3448 2506 3473 ,
2535 3423 2724 3463 rursus
2751 3423 2780 3461 a
2809 3407 3052 3465 Romano
3086 3409 3350 3466 diruenda
3380 3425 3543 3468 exer-

1947 3500 2077 3554 citu.
2109 3499 2249 3568 Quid
2269 3499 2411 3555 enim
2439 3488 2583 3555 aliud
2615 3501 2814 3556 clamat
2842 3501 3067 3558 Daniel?
3095 3503 3209 3559 Non
3227 3504 3371 3560 enim
3400 3503 3547 3574 quod

1944 3594 2056 3666 jam
2086 3593 2287 3649 factum
2305 3603 2425 3650 erat
2449 3635 2464 3661 ,
2496 3595 2590 3651 sed
2619 3595 2762 3666 quod
2792 3607 2914 3667 post
2943 3596 3180 3652 futurum
3203 3638 3219 3665 ,
3250 3597 3548 3669 prepheta-

1948 3688 2042 3745 bat
2067 3706 2078 3740 :
2110 3702 2229 3758 qua:
2257 3695 2341 3742 cst
2369 3687 2699 3743 abominatio
2726 3689 3080 3745 desolationis
3100 3731 3115 3757 ,
3144 3707 3304 3762 quam
3339 3691 3549 3748 vocife-

1952 3788 2105 3835 ratus
2134 3787 2218 3834 est
2258 3780 2604 3834 venientibus
2635 3779 2896 3835 Romanis
2928 3780 3044 3837 fore
3067 3821 3082 3848 ,
3133 3782 3236 3836 nisi
3284 3781 3387 3836 ista
3429 3798 3553 3853 quae

1956 3886 2099 3927 nunc
2127 3870 2407 3925 imminet?
2443 3870 2586 3940 quod
2643 3882 2726 3927 est
2784 3870 2917 3927 illttd
2972 3873 3282 3940 oraculum,
3324 3875 3464 3944 quod
3519 3889 3552 3932 a

1957 3965 2111 4020 nobis
2123 3980 2267 4036 s:epe
2281 3975 2763 4020 commemoratum
2784 3975 2886 4034 est,
2901 3981 3158 4023 asummo
3178 3968 3554 4027 denuntiatum

1959 4060 2071 4116 Deo
2099 4078 2111 4115 :
2146 4070 2272 4115 tunc
2300 4059 2508 4115 scilicet
2540 4061 2834 4131 perituram
2880 4063 3070 4120 urbem
3098 4064 3340 4121 funditus
3361 4108 3376 4132 ,
3429 4081 3556 4124 cum

1959 4154 2159 4212 civium
2193 4153 2443 4211 manibus
2477 4156 2801 4213 contribulis
2839 4173 2971 4214 suus
3017 4160 3176 4216 fuerit
3221 4161 3518 4218 exstinctus
3542 4203 3559 4232 ,

1962 4250 2065 4307 nisi
2096 4250 2238 4321 quod
2271 4266 2415 4307 nunc
2459 4253 2672 4324 impleri
2715 4254 3006 4312 videmus?
3050 4265 3106 4314 et
3132 4256 3362 4314 fortasse
3387 4299 3402 4324 ,
3433 4259 3560 4330 quia

1959 4343 2069 4414 jam
2095 4342 2310 4399 defendi
2338 4343 2596 4415 templum
2629 4360 2738 4401 non
2766 4346 2975 4416 placet,
3005 4347 3294 4406 interdicto
3325 4349 3566 4406 macula-

1966 4445 2076 4491 tutn
2105 4436 2391 4507 sanguine,
2426 4437 2644 4510 purgari
2673 4438 2924 4494 incendio
2949 4439 3144 4510 placet.

2522 4570 2752 4631 CAPUT
2792 4572 3006 4631 XXXII.

2043 4707 2345 4779 Complevit
2374 4724 2683 4767 sermonem
2713 4710 3004 4783 Josepbus,
3030 4711 3124 4770 sed
3147 4714 3311 4772 nullis
3334 4713 3574 4774 Joannes

1976 4814 2228 4858 movetur
2260 4802 2477 4862 fletibus
2502 4848 2518 4874 ,
2561 4821 2660 4863 nec
2709 4809 2994 4878 promissis
3029 4809 3284 4867 flectitur.
3337 4811 3575 4884 Urgebat

1981 4903 2122 4958 Deus
2154 4902 2473 4975 jamdudum
2527 4907 2762 4977 perfidas
2792 4917 3005 4966 mentes
3028 4949 3044 4977 ,
3078 4924 3143 4965 ex
3171 4924 3278 4981 quo
3304 4909 3472 4980 impio
3514 4924 3574 4967 se

1982 4997 2277 5068 parricidio
2325 5000 2809 5059 commacularunt.
2875 5001 3155 5059 Cunts'ruu
3209 5004 3380 5062 Jssuu
3427 5005 3578 5061 cruci

1980 5083 2318 5157 suffigentes.
2368 5086 2463 5142 llic
2491 5097 2575 5143 est
2603 5087 2694 5144 ille
2723 5088 2880 5159 cujus
2905 5104 3053 5146 mors
3079 5089 3396 5148 Judaeorum
3424 5093 3581 5149 exci-

1980 5175 2129 5233 dium
2152 5187 2236 5234 est
2261 5177 2458 5236 :Natus
2470 5195 2535 5235 ex
2550 5180 2716 5239 Maria
2741 5198 2755 5234 :
2777 5181 2869 5253 qui
2890 5181 2960 5236 ad
2990 5199 3112 5240 suos
3139 5185 3294 5254 venit,
3309 5184 3580 5240 etsuieum

1981 5289 2084 5328 non
2111 5283 2408 5346 receperunt
2436 5275 2616 5348 (Joan.
2648 5291 2686 5342 ι,
2719 5273 2832 5347 ll).
2867 5272 3095 5345 Quando
3123 5280 3266 5335 enim
3305 5294 3435 5335 suos
3470 5293 3581 5334 non

1982 5369 2300 5425 occiderunt
2327 5369 2501 5427 Judaei
2522 5370 2546 5425 ?
2566 5369 2756 5428 Nonne
2774 5371 2947 5428 filium
2977 5373 3103 5428 Saul
3117 5374 3198 5429 sui
3225 5371 3540 5428 occiderunt
3563 5372 3586 5428 ?

1984 5461 2196 5519 Naboth
2225 5463 2491 5536 propheta
2513 5482 2542 5522 a
2570 5463 2684 5523 suis
2712 5467 2902 5539 utique
2940 5467 3208 5539 lapidatus
3235 5475 3319 5523 est
3345 5484 3358 5520 :
3397 5466 3586 5524 Judaea

1987 5560 2087 5617 fuit
2113 5560 2332 5619 Jezabel
2348 5601 2363 5632 ,
2387 5575 2507 5632 quae
2529 5559 2694 5632 jussit
2709 5560 2938 5630 Judaeis,
2969 5562 3321 5633 senioresque
3348 5576 3590 5639 praecep-

1991 5727 2090 5776 νει.
2119 5719 2196 5777 In.

2069 5804 2091 5832 ο
2122 5792 2510 5850 Formidabilis.
2544 5791 2620 5850 In.
