4082 6344
587 310 730 377 9179

1925 308 2168 375 SANCTI
2208 310 2530 375 AMBROSII

3737 326 3857 391 2180

585 445 699 493 tum
726 435 968 492 exsecuti
993 440 1139 491 sunt.
1174 430 1395 490 Judaeus
1424 432 1648 501 Achab,
1678 433 1769 506 qui
1796 446 1959 490 causa
1992 430 2185 489 mortis
2212 429 2268 492 A
2289 432 2509 505 guinem
2542 434 2682 489 intra
2731 434 2992 505 templum
3035 431 3260 495 funditis
3281 481 3298 507 ,
3348 438 3774 514 advenarumque
3798 446 3862 500 si-

584 528 702 599 ejus
727 526 899 584 factus
929 533 1034 581 est.
1068 524 1265 593 Quanti
1296 522 1393 579 alii
1430 538 1459 578 a
1502 522 1709 580 civibus
1739 524 1889 581 cives
1917 522 2187 595 perempti

2292 522 2404 583 mul
2450 536 2503 584 et
2550 516 2749 585 civium
2801 544 2998 587 cruore
3027 541 3204 587 vestra
3236 518 3426 589 aitaria
3458 537 3859 597 commaculatis.

586 628 642 675 et
673 627 852 674 tamen
878 618 971 679 diu
1015 617 1219 689 integra
1263 616 1456 672 civitas
1498 617 1737 683 mansit,
1787 617 1890 673 eisi
1932 615 2108 672 diruta
2156 629 2187 670 a
2289 608 2576 678 Testillror
2599 624 2700 693 ego
2730 636 2834 679 non
2867 623 3241 696 impressionis
3270 636 3477 683 nostrae
3506 642 3645 695 esse,
3676 629 3767 686 sed
3787 647 3863 688 ve-

586 706 898 780 Babyloniis
926 716 1045 778 post
1082 714 1261 762 annos
1300 706 1764 774 innumerabiles,
1803 705 1898 763 sed
1937 710 2185 777 reparata

588 800 797 870 postea!
830 798 942 855 Hoc
964 805 1050 855 est
1073 807 1387 868 supremum
1419 797 1710 861 excidium,
1739 800 1862 869 post
1889 795 2031 867 quod
2061 795 2190 851 irre-

586 890 828 962 parabilo
875 890 1135 961 tentplttm
1161 930 1178 958 ,
1226 889 1352 961 quia
1380 897 1695 945 averterunt
1741 889 2040 946 sceleribus
2070 887 2187 944 suis

586 983 877 1057 praesulem
907 984 1117 1056 templi,
1149 981 1513 1053 reparationls
1537 981 1824 1037 arbitrum.

1148 1084 1381 1153 CAPUT
1421 1086 1664 1150 XXXIII.

661 1198 776 1269 Tali
809 1210 972 1269 aifatu
996 1206 1225 1271 Caesaris
1247 1225 1302 1271 et
1329 1214 1558 1288 repetita
1590 1213 1859 1279 oratione,
1884 1211 2083 1267 inﬂexa
2105 1219 2190 1267 est

589 1308 895 1381 aliquorum
918 1310 1207 1378 sententia,
1240 1308 1333 1382 qui
1359 1326 1419 1366 se
1442 1292 1764 1366 subtrahere
1789 1315 2103 1376 potuerunt,
2132 1314 2189 1360 ιιι

588 1401 657 1459 ad
687 1400 962 1458 Romanos
984 1401 1359 1459 convenirent.
1392 1400 1636 1458 Ctetcros
1663 1388 1937 1455 revocavit
1960 1395 2189 1468 periculi

592 1507 789 1565 metus,
823 1494 911 1568 qui
940 1512 971 1552 a
1004 1495 1307 1552 latronibus
1337 1495 1725 1551 intendebatur
1771 1493 1849 1570 (et
1876 1491 2014 1547 forte
2043 1506 2192 1562 quac-

591 1578 714 1647 dam
747 1578 1025 1648 inclinatio
1051 1591 1313 1647 mentium
1340 1599 1459 1647 erat
1487 1631 1504 1659 ,
1537 1604 1607 1645 ne
1634 1584 1820 1660 plures
1849 1586 2192 1657 eriperentur

591 1670 787 1767 futurae
839 1683 1136 1755 eversioni)
1163 1702 1177 1739 :
1211 1699 1348 1755 quos
1372 1683 1557 1739 Ca-sar
1589 1679 1963 1751 confugientes
1992 1676 2059 1733 ad
2090 1692 2149 1732 se
2174 1710 2190 1742 ,

590 1779 713 1850 quia
742 1788 897 1834 erant
941 1774 1081 1835 inter
1110 1793 1206 1835 eos
1233 1790 1287 1834 et
1316 1777 1415 1832 viri
1459 1775 1825 1833 sacerdotales
1868 1789 1992 1831 cum
2018 1771 2144 1828 filiis
2172 1810 2188 1838 ,

592 1870 645 1928 et
675 1870 765 1927 alii
799 1870 1183 1943 splendidioris
1215 1870 1433 1925 familia:
1461 1869 1593 1937 viri,
1626 1870 1868 1938 suscepit
1895 1867 2036 1922 bona
2065 1880 2191 1936 gra—

594 1954 668 2021 tia
698 2009 710 2033 ,
743 1958 1007 2036 pollicens
1037 1964 1384 2021 securitatem
1414 1962 1606 2040 salutis
1631 2003 1647 2031 ,
1666 1960 1756 2033 jus
1785 1958 2191 2031 possessionum

594 2075 816 2116 suarmn
844 2077 859 2128 ;
892 2070 1052 2132 atque
1078 2058 1143 2114 ad
1178 2058 1371 2115 urbem
1399 2058 1484 2113 cui
1510 2073 1707 2113 nomen
1730 2055 1935 2121 Gosna,
1965 2053 2192 2108 direxit:

593 2171 664 2211 ne
690 2152 820 2226 quid
843 2152 1162 2210 oB‘ensionis
1190 2152 1427 2208 eriretur
1454 2152 1559 2207 ritu
1588 2149 1793 2220 diSpari
1825 2158 1878 2204 et
1903 2147 2081 2205 cultus
2116 2143 2198 2199 di-

594 2248 872 2305 versitate.
917 2242 1069 2315 Quod
1100 2247 1170 2302 ab
1197 2243 1307 2312 his,
1337 2247 1429 2317 qui
1473 2245 1527 2300 in
1560 2244 1695 2299 urbe
1737 2240 1898 2313 positi
1929 2253 2196 2311 repugna—

592 2328 725 2400 bant
756 2338 894 2415 (seu
924 2341 1049 2411 quia
1081 2332 1391 2409 lmjusmodi
1424 2335 1664 2405 suspicio
1707 2322 2048 2397 incesserat,
2081 2328 2196 2385 sive

591 2434 738 2491 nllus
768 2440 1158 2505 composuerat
1185 2428 1314 2488 dolo
1339 2472 1353 2495 ,
1388 2448 1456 2487 ne
1483 2429 1669 2502 plures
1695 2424 2112 2497 dilaberentur)
2141 2423 2196 2479 in

592 2537 975 2602 argumentum
1005 2536 1091 2584 est
1118 2526 1421 2583 derivatum
1456 2525 1608 2583 necis
1628 2566 1645 2594 ,
1695 2535 1753 2580 ut
1775 2523 2031 2580 exstincti
2061 2514 2197 2591 obji-

592 2634 869 2681 cereutur.
918 2618 995 2678 Eo
1017 2631 1298 2694 comperto
1325 2664 1339 2688 ,
1375 2628 1660 2677 revocatos
1690 2605 1845 2675 Titus
1877 2617 2043 2689 jussit
2072 2630 2195 2671 cum

592 2712 835 2788 Josepho
864 2710 1083 2788 propius
1112 2718 1297 2770 muros
1318 2702 1503 2779 obire,
1545 2722 1603 2767 ut
1631 2728 1658 2766 a
1688 2710 1803 2767 suis
1833 2723 2199 2782 agnosceren-

596 2812 703 2868 tur.
756 2796 835 2866 illi
865 2825 988 2866 cum
1020 2807 1275 2881 lacrymis
1305 2806 1614 2879 gemituque
1662 2821 1858 2876 magno
1886 2840 1903 2874 ,
1952 2818 2061 2859 non
2099 2816 2195 2857 sua

593 2907 821 2974 deflere,
851 2900 946 2962 sed
977 2903 1165 2976 patria:
1195 2902 1490 2974 templique
1516 2899 1725 2957 excidia
1759 2916 1773 2953 :
1804 2912 1999 2969 rogare
2024 2897 2194 2961 cives,

593 3009 653 3059 ut
696 3002 1059 3073 sequerentur
1089 2994 1321 3052 Cmsaris
1363 2995 1521 3050 fidem
1548 3036 1564 3063 ,
1611 2995 1891 3066 eriperent
1936 2992 2196 3063 templum

606 3105 794 3167 parato
823 3088 1080 3150 incendio
1105 3134 1119 3159 ,
1156 3091 1289 3147 nihil
1321 3089 1424 3147 sibi
1452 3088 1711 3144 adversus
1758 3087 1931 3159 legem
1962 3099 2199 3157 praecep-

598 3201 710 3245 tum
739 3231 754 3254 ,
789 3182 922 3244 nihil
952 3185 1020 3243 de
1066 3184 1317 3242 libertate
1343 3183 1724 3239 imminutum.
1773 3179 2198 3251 Acquiescerent

2292 710 2420 803 strue
2450 716 2941 803 praevaricatiOnis,
2973 719 3114 790 quod
3147 718 3362 775 violatis
3389 738 3512 793 qua:
3538 733 3712 778 veSIra
3736 733 3861 780 sunt.

2293 795 2408 880 Ego
2434 794 2641 866 ailenu's
2670 827 2776 866 non
2804 813 2983 885 exigo,
3016 812 3183 870 immo
3208 808 3477 885 obtestor,
3511 812 3555 873 si
3583 817 3752 873 velitis
3773 817 3869 873 dis-

2292 894 2489 959 cedere
2512 946 2526 968 ,
2561 899 2834 962 incolume
2866 906 3124 976 templum
3159 906 3397 963 futurum
3442 927 3455 963 :
3486 910 3747 965 neminem
3773 892 3867 963 ito-

2293 1002 2576 1053 manoru'm
2632 982 2861 1055 hostiles
2926 997 3289 1071 irrogaturum
3342 1016 3577 1068 manus,
3636 990 3762 1056 nihil
3809 1002 3867 1059 de

2291 1090 2490 1146 vestris
2534 1091 2908 1148 temerandum
2953 1107 3077 1149 esse
3116 1092 3421 1151 sacrificiis.
3470 1084 3708 1151 Servabo
3753 1103 3869 1151 tem-

2294 1184 2441 1255 plum
2471 1185 2624 1240 vobis
2656 1196 2678 1223 τε
2711 1196 2767 1241 et
2797 1184 3093 1258 proselytis
3132 1204 3147 1251 ;
3193 1185 3373 1243 cultus
3415 1188 3566 1242 enim
3614 1203 3868 1243 sacrorum

2293 1265 2547 1332 diversus
2573 1318 2587 1342 ,
2620 1276 2716 1333 sed
2746 1279 2935 1348 operis
2960 1274 3265 1334 communis
3296 1295 3429 1335 usus
3456 1296 3469 1333 :
3518 1277 3674 1347 Quod
3713 1270 3871 1335 cultus

2292 1357 2392 1426 fuit
2418 1413 2432 1435 ,
2487 1387 2514 1427 a
2547 1368 2702 1427 vobis
2729 1372 2958 1429 recessit
2983 1390 2997 1428 :
3041 1366 3186 1446 quod
3213 1368 3397 1445 operis
3426 1382 3510 1429 est
3539 1417 3554 1440 ,
3600 1370 3872 1430 victoribus

2293 1462 2578 1520 remansit.

2845 1578 3077 1638 CAPUT
3118 1568 3341 1637 XXXV.

2369 1695 2469 1751 Ubi
2501 1712 2567 1752 ne
2599 1695 2689 1753 bis
2710 1697 2930 1768 quidem
2960 1713 3057 1766 per
3085 1696 3377 1769 Josephu'm
3423 1697 3709 1753 insinuatis
3735 1712 3875 1755 ravo-

2295 1790 2410 1844 cari
2433 1788 2616 1845 Caesar
2644 1789 2881 1847 advertit
2908 1789 3206 1863 (factionis
3254 1792 3399 1846 enim
3433 1791 3704 1863 principes
3740 1801 3873 1862 puta~

2228 1895 2277 1957 Β
2304 1882 2435 1939 bant
2457 1883 2779 1941 difﬁdentia,-
2806 1886 2986 1956 petitis
3012 1922 3026 1950 ,
3058 1887 3219 1956 quani
3250 1885 3467 1956 pietatis
3493 1898 3618 1940 esse
3644 1892 3745 1940 tam
3780 1885 3874 1942 fre-

2297 1982 2555 2050 quentem
2590 1978 2888 2036 desistendi
2921 1979 3389 2050 conventionem),
3423 1979 3489 2034 ad
3520 1979 3759 2050 prteliam
3789 1992 3873 2032 ne-

2293 2074 2551 2129 cessitate
2576 2074 2777 2129 invitus
2801 2074 3024 2130 revertit
3049 2116 3064 2140 ,
3086 2074 3245 2144 jubet
3266 2073 3460 2129 adesse
3473 2072 3766 2129 Romanos.
3782 2070 3874 2128 Sed

2297 2168 2421 2239 quia
2439 2177 2603 2222 tanta:
2624 2165 2952 2224 multitudini
2969 2168 3219 2238 angustia
3238 2166 3628 2238 impedimento
3649 2175 3778 2231 erat,
3795 2164 3876 2221 tri-

2296 2260 2443 2332 ginta
2474 2260 2666 2317 electis
2699 2260 2866 2327 viris,
2918 2259 3127 2331 singula
3158 2259 3383 2331 deputat
3409 2259 3733 2316 bellatorum
3762 2258 3868 2313 mil-

2298 2353 2392 2410 lia.
2427 2352 2545 2409 Non‘
2577 2353 2723 2409 enim
2758 2362 2926 2410 totum
2957 2353 3259 2408 eaercitum
3284 2352 3599 2423 reciperent
3629 2360 3734 2406 tam
3760 2349 3877 2406 den-

2297 2461 2357 2503 sa
2385 2446 2737 2503 wdiliciorum
2763 2445 3061 2503 obstacula.
3095 2444 3214 2516 Ipse
3244 2456 3461 2516 quoque
3485 2445 3649 2500 simul
3676 2444 3877 2499 descen-

2298 2541 2431 2598 dere
2461 2541 2672 2609 volens,
2703 2542 3061 2597 revocabatur
3086 2556 3117 2595 ιι
3148 2546 3262 2596 suis
3288 2583 3304 2607 ,
3334 2556 3403 2596 ne
3431 2540 3486 2595 in
3511 2549 3746 2611 angusto
3763 2552 3876 2593 noc«

2300 2634 2476 2691 turnis
2501 2635 2664 2690 etiam
2695 2634 3017 2706 plerumque
3045 2632 3381 2705 temporibus
3402 2675 3417 2701 ,
3450 2632 3649 2701 quibus
3675 2636 3877 2688 necesse

2298 2735 2420 2783 erat
2449 2726 2823 2783 insidiantium
2852 2726 3029 2783 fraudi
3070 2732 3396 2791 occurrere,
3430 2724 3662 2796 periculi
3700 2720 3876 2794 aliquid

2297 2820 2354 2876 in
2383 2835 2445 2877 se
2471 2821 2734 2877 excitaret
2764 2839 2780 2875 ε
2823 2826 2947 2876 cuin
2979 2819 3209 2889 amplius
3237 2816 3526 2889 proﬁceret
3547 2857 3565 2885 ,
3609 2817 3654 2872 si
3686 2820 3873 2886 specta-

2302 2924 2387 2970 tor
2428 2913 2559 2971 belli
2590 2914 2826 2979 adesset,
2861 2927 2983 2984 qua:
3024 2913 3401 2984 unusquisque
3445 2910 3745 2982 promptius
3768 2907 3875 2974 sibi,

2300 3010 2701 3067 decernendum
2744 3010 3141 3076 arbitraretur,
3170 3008 3273 3064 sub
3302 3007 3473 3063 oculis
3498 3004 3732 3062 Caesaris
3759 3016 3876 3074 prat-

2299 3106 2519 3162 liatnro.
2550 3105 2741 3161 Omnia
2778 3105 2922 3161 enim
2955 3118 3075 3174 quas
3099 3104 3241 3158 circa
3271 3102 3531 3173 ternplmn
3554 3107 3875 3174 gererentur,

2302 3200 2448 3255 velut
2477 3199 2530 3254 in
2565 3198 2779 3255 theatro
2803 3196 3038 3269 quodam
3063 3238 3077 3263 ,
3133 3211 3201 3252 ex
3237 3196 3359 3252 loco
3384 3194 3642 3251 Antonia:
3666 3195 3877 3262 desuper

593 3292 650 3341 et
677 3282 779 3353 ipsi
805 3281 1184 3352 experirentur
1211 3268 1578 3334 Romanorum
1620 3275 1965 3330 clementiam
1994 3314 2008 3339 ,
2062 3286 2193 3343 quo-
2223 3299 2269 3364 ρ
2303 3292 2637 3348 νίεθιηηιηι..
2674 3268 2911 3346 [unum
2930 3290 2999 3344 ad
3029 3293 3153 3346 eam
3182 3288 3507 3345 sementim,
3534 3286 3721 3344 Cm,
3742 3327 3757 3353 ’
3783 3282 3874 3340 ce.

595 3392 713 3432 rnm
747 3368 1176 3445 insuperabilem
1209 3370 1464 3425 virtutem
1494 3367 1703 3438 experti
1733 3375 1880 3422 sunt.

1140 3458 1371 3517 CAPUT
1413 3456 1657 3516 XXXIV.

667 3558 804 3616 Cum
834 3556 958 3614 talia
987 3556 1371 3614 miserabiliter
1397 3552 1768 3625 deplorarent,
1809 3546 2196 3622 proturbantur

594 3671 624 3711 a
656 3653 791 3721 suis,
824 3646 1135 3723 bellumque
1163 3640 1519 3724 accenditur;
1541 3635 1785 3704 insiliunt
1805 3643 2002 3713 Judaei,
2034 3644 2196 3716 atque

591 3736 647 3806 in
693 3750 807 3821 ipsa
856 3748 1164 3818 irrumpunt
1205 3753 1232 3783 ⁸
1264 3743 1569 3802 temeritate
1626 3738 1945 3811 penetralia.
1994 3736 2195 3793 Omnes

591 3848 843 3903 recessus
868 3885 885 3913 ,
934 3843 1116 3900 omnia
1161 3851 1372 3898 secreta
1403 3845 1712 3908 occupant,
1761 3850 1881 3906 qua;
1911 3835 2192 3888 inaccessa

594 3937 726 3993 viris
756 3945 913 3993 erant
939 3949 1222 3991 sacrorum
1252 3931 1579 3989 exsortibus.
1617 3928 1842 3983 Ronnani
1892 3939 2106 3997 quoque
2136 3938 2195 3978 se

591 4033 787 4106 praclio
824 4038 1050 4104 parant:
1098 4036 1438 4086 temerantur
1482 4024 1771 4082 interdicta
1819 4032 2032 4095 patrum
2066 4019 2193 4077 belli

592 4129 920 4187 necessitate
947 4170 962 4196 ,
991 4126 1199 4198 majore
1228 4133 1410 4181 tamen
1440 4123 1809 4180 Romanorum
1837 4160 1853 4186 ,
1883 4133 2042 4189 quam
2070 4130 2194 4172 suo-

591 4241 711 4281 rum
745 4221 1073 4279 reverentia.
1132 4219 1379 4277 Gentiles
1406 4218 1551 4273 enim
1580 4232 1703 4272 eum
1737 4212 2024 4269 formidine
2058 4220 2194 4266 tem-

593 4310 740 4390 plum
770 4312 1133 4387 spectabant,
1182 4304 1355 4367 Judaei
1398 4325 1520 4365 cum
1569 4309 1758 4363 furore
1797 4321 1863 4361 ac
1889 4305 2193 4360 temeritate

597 4404 862 4475 adibant;
917 4418 974 4465 et
1025 4404 1273 4464 madidas
1304 4419 1495 4460 manus
1526 4402 1763 4458 humano
1791 4408 2044 4472 gerentes
2069 4415 2194 4453 san-

587 4508 778 4580 guine,
810 4504 927 4576 ipsa
957 4500 1321 4558 attractabant
1354 4498 1564 4554 altaria.
1617 4496 1984 4552 Titustamcn
2013 4492 2192 4548 adhuc

589 4604 646 4659 in
679 4598 960 4672 proposito
987 4606 1249 4663 manens,
1280 4582 1662 4664 alloquebatur
1689 4590 1955 4648 Joannem
1981 4635 1996 4657 ,
2025 4597 2079 4645 et
2111 4589 2193 4643 in-

2295 3385 2427 3441 reali
2473 3383 2694 3440 mandat
2737 3384 3012 3456 negotium
3039 3424 3054 3450 ,
3124 3394 3184 3438 ut
3223 3380 3693 3453 praetendentibus
3740 3380 3869 3436 circa

2299 3478 2557 3549 templum
2588 3477 2808 3542 Iudaeis,
2838 3478 2968 3533 hora
2998 3476 3174 3532 noctis
3202 3484 3343 3533 nona
3365 3476 3759 3546 superveniret,
3780 3487 3874 3527 ea:—

2299 3585 2553 3643 terosque
2583 3571 2832 3629 hortatur
2860 3570 3105 3627 studiose
3150 3569 3406 3642 ingruere
3444 3569 3779 3635 certamine;
3822 3580 3873 3622 se

2297 3681 2513 3738 quoque
2549 3665 2924 3721 dimicantium
2975 3665 3187 3722 meritis
3235 3681 3341 3720 non
3395 3664 3726 3727 defuturum,
3767 3672 3873 3717 Cum

2297 3756 2531 3829 desuper
2560 3766 2653 3814 aut
2686 3758 2912 3830 ignaviae
2937 3757 3201 3828 cujusque
3227 3758 3381 3814 testis
3406 3796 3419 3824 ,
3446 3765 3539 3812 aut
3565 3754 3776 3812 virtutis
3795 3768 3872 3807 ar-

2294 3854 2432 3911 biter
2461 3869 2692 3926 pugnant
2720 3853 3078 3909 examinaret.
3109 3851 3353 3908 Cerealis
3398 3852 3719 3923 praescripto
3749 3858 3870 3905 ιοιιμ

2299 3964 2431 4019 pore
2456 3948 2684 4019 impigre
2711 3946 2887 4012 adest,
2916 3945 3012 4002 sed
3039 3945 3293 4001 custodes
3319 3945 3608 4012 vigilantes
3651 3941 3871 4014 reperit:

2300 4043 2547 4112 praelium
2572 4040 2899 4098 conseritur.
2956 4037 3240 4111 Siquidem
3270 4047 3323 4094 et
3350 4038 3490 4093 intra
3517 4036 3772 4108 templum
3799 4032 3875 4087 siti

2298 4154 2406 4193 non
2436 4136 2821 4202 dormiebant,
2868 4142 2926 4192 et
2965 4133 3445 4206 congredientibus
3488 4133 3583 4204 qui
3631 4128 3875 4188 ett-cubitis

2295 4232 2550 4300 obibant,
2582 4231 2740 4287 facile
2770 4245 2829 4286 se
2852 4229 3037 4286 caeteri
3071 4228 3139 4285 ad
3188 4228 3389 4284 bellum
3431 4233 3705 4298 pararam.
3750 4222 3874 4279 Gon-

2294 4324 2434 4381 l’erto
2454 4325 2688 4395 agmine,
2719 4323 2953 4379 instabat
2974 4321 3252 4378 Romanus
3279 4338 3293 4374 :
3319 4318 3494 4377 Judaei
3523 4361 3538 4385 ,
3584 4319 3712 4376 dum
3736 4316 3870 4372 σιω.

2295 4417 2426 4475 stris
2454 4424 2616 4488 atque
2643 4416 2907 4489 angustiis
2932 4415 3215 4483 nituntur,
3247 4430 3319 4471 ne
3334 4412 3871 4471 eit'cttmvenircntur,

2298 4510 2682 4583 percursabnnt
2711 4510 2964 4566 diversa:
2997 4517 3055 4563 ut
3072 4506 3408 4579 frequensies
3428 4504 3531 4561 sibi
3559 4518 3588 4559 a
3613 4503 3727 4558 suis
3743 4505 3871 4557 esset

2298 4605 2619 4677 periculum,
2652 4603 2785 4659 dum
2814 4603 2867 4658 in
2897 4601 3137 4659 tenebris
3164 4616 3277 4656 non
3304 4605 3763 4672 cognoscerentur
3784 4622 3799 4657 ε
3824 4598 3871 4648 et

591 4698 764 4753 vitum
794 4709 855 4750 se
897 4691 1093 4750 deduci
1122 4690 1190 4747 ad
1220 4688 1492 4747 excidium
1523 4687 1673 4744 urbis
1698 4698 1754 4744 et
1785 4686 1973 4758 templi
2000 4696 2191 4741 eontc-
2215 4698 2270 4760 1)
2296 4698 2615 4770 plerumque
2646 4694 3091 4766 ιηηεηεθηηιυι-
3116 4709 3151 4748 3.
3172 4692 3372 4758 magis,
3411 4691 3540 4748 dum
3573 4688 3755 4745 tum“
3780 4699 3869 4756 ρυ.

593 4789 854 4855 stabatur,
890 4786 1078 4844 dicens
1107 4784 1177 4841 ad
1206 4799 1329 4841 eum
1354 4801 1370 4840 :
1401 4781 1539 4852 Quid
1566 4783 1668 4838 sibi
1699 4781 1905 4847 volunt,
1930 4779 2189 4846 Joannes,

592 4883 843 4954 impressi
872 4881 951 4937 illi
978 4886 1105 4935 ante
1137 4879 1280 4934 fores
1308 4876 1501 4948 templi
1525 4877 1706 4947 apices
1752 4868 2193 4932 elementorum?

595 4977 784 5035 Nonne
813 4974 1123 5048 significant
1160 4972 1433 5030 neminem
1462 5012 1478 5038 ,
1526 4969 1630 5026 nisi
1674 4978 1955 5046 sacratum
1991 4969 2192 5025 debere

596 5069 803 5140 templo
830 5058 1310 5140 appropinquare?
1347 5062 1487 5133 Quid
1517 5063 1605 5119 illa
1635 5070 1787 5134 septa
1818 5076 1916 5133 pro
1947 5061 2190 5134 templo?

595 5165 810 5231 Nonne,
841 5171 901 5219 ut
928 5170 1255 5233 conspectus
1283 5168 1504 5215 arceant
1532 5157 1906 5213 universorum
1946 5155 2150 5212 liberos
2173 5196 2189 5224 ,

594 5261 836 5331 solisque
862 5252 891 5297 ι)
935 5254 1181 5329 mysticis
1208 5261 1391 5326 pateat
1426 5260 1760 5309 secretorum
1788 5252 2028 5323 cognitio
2065 5269 2079 5305 :
2110 5260 2194 5307 at-

591 5372 699 5430 que
723 5355 806 5410 his
836 5356 908 5411 sit
939 5350 1078 5409 liber
1106 5355 1359 5420 aspectus
1389 5388 1411 5415 ,
1453 5346 1647 5419 quibus
1693 5354 1779 5403 est
1806 5345 2080 5420 legitimus
2111 5347 2194 5402 in—

585 5451 855 5525 gressus!
882 5447 1215 5518 Prospectus
1239 5440 1522 5500 excluditis
1553 5442 1987 5525 peregrinorum,
2018 5451 2075 5499 et
2100 5456 2188 5498 ae-

590 5522 778 5602 cessus
806 5540 1021 5613 cogitis.
1044 5536 1317 5605 Scribitis,
1342 5542 1404 5592 ut
1428 5534 1617 5592 nullus
1640 5522 1976 5607 ingrediatur
2017 5536 2186 5593 adve-

582 5658 652 5700 na
674 5685 689 5712 ,
715 5630 898 5700 nullus
924 5640 1242 5712 peregrinus
1270 5635 1510 5694 introeat
1540 5650 1556 5703 ;
1587 5641 1643 5693 et
1671 5632 2024 5706 peregrinum
2063 5646 2187 5690 San-

660 5853 687 5881 ει
712 5839 942 5897 Temere.
966 5838 1134 5896 Bm.

654 5911 684 5955 ι’
714 5913 876 5972 Forte
901 5910 1102 5983 mystia.
1134 5907 1411 5967 GALLAND.

2295 4801 2494 4848 tamur.
2526 4789 2665 4861 Quis
2688 4790 2837 4846 euim
2877 4796 3038 4845 nocte
3079 4787 3448 4853 discerneret,
3478 4784 3628 4842 socie
3650 4800 3719 4838 an
3743 4777 3869 4835 hosti

2294 4885 2656 4943 occurreret?
2694 4900 2816 4942 cum
2859 4885 3193 4955 interrogare
3234 4897 3419 4939 serum
3465 4884 3612 4938 esset
3638 4910 3657 4949 ε
3692 4887 3869 4934 cavere

2295 4982 2430 5039 utile
2455 5012 2470 5048 ι
2496 4982 2807 5038 consultum
2835 4980 3180 5052 praeveniret
3226 4987 3283 5033 et
3329 4975 3673 5033 tolerabier
3713 4970 3871 5039 culpat

2295 5076 2495 5144 exitus,
2526 5090 2716 5132 errare
2744 5075 2797 5130 in
2825 5073 3003 5130 alieno
3027 5072 3273 5138 vulnere,
3302 5086 3469 5142 quam
3493 5068 3764 5142 proprium
3785 5063 3871 5119 eli-

2293 5187 2423 5244 gere
2454 5170 2751 5242 periculum
2772 5210 2788 5237 ,
2819 5168 2908 5224 ubi
2939 5167 3111 5223 host-is
3137 5167 3377 5222 timetur.
3427 5164 3661 5234 Aueipiti
3706 5162 3871 5241 itaque

2296 5280 2394 5336 per
2426 5265 2641 5319 noctem
2669 5261 2910 5335 periculo
2933 5259 3249 5317 laborabant
3271 5256 3473 5323 Judaei,
3508 5256 3595 5311 vel
3620 5250 3761 5325 quod
3795 5250 3869 5306 ia-

2294 5356 2464 5414 ferret
2496 5356 2665 5411 hostis
2688 5398 2701 5423 ,
2731 5354 2816 5412 vel
2847 5354 2903 5410 in
2930 5367 3036 5423 quo
3064 5352 3243 5409 socius
3267 5356 3497 5407 erraret:
3538 5348 3651 5405 Nec
3676 5346 3869 5403 minore

2298 5465 2397 5521 per
2421 5450 2564 5505 diem
2592 5449 2868 5505 Romanus
2895 5446 3271 5504 vehementior
3295 5445 3503 5513 aderat,
3534 5450 3695 5516 quem
3720 5438 3871 5496 totius

2304 5552 2578 5615 spectator
2622 5541 2941 5600 certaminis
2987 5539 3140 5596 Titns
3188 5538 3274 5595 vel
3317 5539 3513 5595 tacitas
3538 5534 3777 5607 urgebat.
3815 5528 3868 5585 in

2295 5636 2483 5693 horam
2515 5636 2755 5709 quintam
2789 5644 3085 5708 pugnatum
3125 5643 3210 5691 est
3236 5632 3472 5690 acriter:
3507 5629 3708 5689 Judzris
3748 5638 3872 5698 quc--

3568 5711 3599 5738 1

2372 5850 2392 5877 ο
2425 5840 2543 5897 Etsi
2572 5839 2769 5899 notitia.
2795 5840 2968 5900 Bm.
