4050 6460
76 369 257 430 2181

992 358 1267 430 HISTOR.
1310 369 1400 426 DE
1450 356 1732 426 EXCIDIO
1774 358 2059 430 lllEROS.
2108 372 2310 433 URBIS
2350 376 2479 433 LIB.
2524 365 2589 433 Ἴ.

3299 380 3446 447 2182

78 501 216 559 que
254 500 490 551 strenue
515 492 904 550 rebellantibus
931 533 946 557 ,
1002 498 1059 546 ιιι
1102 497 1291 544 neutra
1336 502 1459 559 pars
1486 480 1609 542 loco
1640 501 1728 541 ce-
1760 493 1809 552 Α
1838 486 1934 543 sed
1958 489 2073 544 sola
2134 492 2441 548 temeritate
2470 480 2772 552 vindictam
2796 509 3149 568 quwrerent:
3202 501 3450 575 nihilque

81 580 311 641 deret.

671 672 898 734 CAPUT
940 666 1183 731 XXXVI.

190 772 346 831 Dum
380 773 496 829 haec
526 774 667 829 inter
687 787 746 827 se
778 772 965 842 prmlia
990 768 1183 842 gerunt
1213 810 1227 833 ,
1279 772 1487 838 septem
1518 766 1729 824 dierum

82 868 302 935 Spatia
332 867 596 938 depositis
622 867 874 922 omnibus
920 882 1091 937 usque
1131 863 1199 920 ad
1248 854 1595 919 fundamenta
1624 870 1735 919 ter-

84 972 217 1025 rae,
259 975 383 1031 qua:
402 971 587 1015 castro
615 959 704 1014 cui
736 959 986 1014 Antoniae
1018 971 1242 1023 nomen,
1270 946 1514 1011 Herodes
1542 955 1734 1010 imum-

87 1052 347 1111 niverat
373 1097 389 1123 ,
440 1055 604 1112 latior
631 1054 769 1111 facta
794 1065 879 1111 est
907 1056 993 1111 via
1023 1072 1141 1125 qua:
1173 1053 1239 1110 ad
1282 1054 1540 1125 templum
1573 1053 1734 1108 duce-

90 1143 212 1200 bat
243 1164 263 1201 :
298 1154 492 1202 utnon
524 1145 700 1202 solum
743 1145 1092 1216 percursandi
1140 1136 1406 1200 militibus
1453 1142 1601 1201 esset
1653 1130 1732 1197 fa-

87 1241 344 1304 cultas,
397 1239 491 1296 sed
531 1240 694 1295 etiam
735 1240 787 1294 in
839 1239 1192 1295 munimentis
1232 1234 1629 1293 constituendis
1677 1245 1731 1293 ct

88 1332 520 1389 euincervandis
552 1332 871 1403 aggeribus,
903 1340 1162 1404 quantum
1189 1337 1336 1387 esset
1364 1330 1730 1387 necessarium

90 1426 412 1490 locorum,
446 1434 695 1498 pateret,
721 1441 829 1497 quo
861 1427 1207 1498 pulsarentur
1235 1423 1398 1481 etiam
1433 1422 1617 1495 templi
1653 1422 1731 1479 fa-

91 1520 413 1592 stigiorum
444 1534 652 1575 summa
684 1538 697 1573 :
752 1536 845 1590 per
874 1536 995 1591 qua:
1029 1516 1290 1573 Romanis
1329 1506 1596 1574 intentius
1625 1516 1730 1572 im-

93 1613 470 1669 morantibus
496 1655 511 1678 ,
558 1628 681 1669 eum
732 1621 758 1649 ει
790 1602 1185 1668 intolerabilius
1221 1606 1364 1667 fame
1408 1614 1733 1681 urgerentur

91 1704 326 1773 Judaei,
358 1715 641 1777 cmperunt
671 1702 916 1762 insidiari
943 1705 1312 1761 Romanorum
1358 1698 1654 1777 iumentis:
1685 1702 1729 1760 si

93 1803 247 1874 quis
281 1803 598 1859 bellatorum
629 1820 825 1876 equum
851 1805 1049 1876 pabulo
1071 1805 1372 1873 laxaverat,
1400 1816 1491 1861 aut
1522 1805 1725 1862 mulum

1837 580 2013 635 laudis
2056 581 2322 653 futurum,
2365 586 2410 640 si
2442 587 2757 645 vinceretur
2787 593 3004 649 excidio
3032 592 3297 651 finitimus
3326 613 3339 651 :
3390 606 3446 653 et

1837 675 2129 745 plurimum
2161 675 2469 749 dedecoris,
2493 681 2536 736 si
2563 682 2685 754 quis
2707 685 2859 757 lapsu
2880 688 3066 760 aliquo
3091 696 3440 746 communem

1836 766 2114 824 victoriam
2141 777 2405 843 turparet.
2441 769 2694 831 JaCtabat
2716 782 2777 833 se
2833 772 3332 849 insolentisSimus,
3390 790 3447 838 et

1836 864 2041 916 metum
2074 862 2366 933 objiciebal
2414 866 2749 925 victoribus:
2780 874 3031 930 convicia
3067 872 3271 941 ferens,
3299 874 3445 947 qutid

1836 971 1942 1009 non
1972 954 2083 1011 suis
2110 958 2339 1027 viribus,
2373 960 2469 1016 sed
2516 950 2713 1017 alienis
2744 954 2959 1022 anitiliis
2991 958 3223 1024 Romani
3251 969 3447 1027 inuite-

1835 1060 2043 1117 rentnr;
2081 1067 2179 1107 nec
2207 1049 2428 1108 Judacos
2457 1053 2604 1111 bello
2652 1055 2914 1128 hostium,
2969 1048 3065 1116 sed
3122 1061 3445 1121 domesticis

1833 1138 2064 1199 afflictos
2078 1140 2462 1203 seditionibus.
2494 1136 2621 1203 Erat
2649 1146 2702 1204 in
2731 1160 2961 1208 nttme‘ro
2983 1148 3214 1211 mllitum
3243 1154 3449 1212 Roma-

1835 1254 2026 1293 norum
2053 1226 2268 1296 l’udens
2287 1240 2530 1309 nomine,
2562 1243 2652 1315 qui
2681 1249 3018 1315 praestrictus
3045 1244 3297 1306 inanibus
3313 1264 3447 1307 con-

1834 1329 2092 1398 tumeliis,
2117 1333 2244 1388 dum
2294 1318 2604 1391 inconsulte
2656 1328 2846 1407 pudori
2902 1338 3160 1408 consolit,
3205 1332 3442 1400 salutem

1834 1424 2091 1496 neglexit,
2118 1437 2282 1498 atque
2313 1428 2428 1497 ipsa
2479 1428 2854 1501 indignatione
2900 1424 3194 1502 incautior,
3224 1436 3445 1495 vulneri

1834 1520 2030 1589 patuit,
2063 1519 2325 1592 fususque
2350 1521 2405 1576 in
2439 1526 2667 1589 terrain,
2718 1514 2951 1582 incuSsit
2981 1529 3148 1584 sociis
3177 1546 3444 1587 verecun-

1833 1604 1976 1669 diam
2013 1629 2026 1669 ε
2060 1608 2428 1673 insn‘ltatlonis
2459 1624 2676 1689 quoque
2702 1629 2953 1676 Caussam
2985 1620 3235 1681 Jonatha!
3276 1614 3441 1682 simul

1833 1716 1887 1763 et
1918 1711 2111 1765 moi-tis
2140 1708 2378 1782 reliquit.
2423 1708 2672 1785 Namque
2713 1702 2757 1770 is
2799 1722 3054 1773 successu
3084 1719 3241 1777 hetus
3268 1726 3445 1777 ceria-

1835 1801 2020 1868 minis,
2055 1809 2109 1859 ct
2133 1810 2384 1876 pompam
2411 1807 2667 1864 attollens
2703 1802 2989 1882 triumphi,
3022 1799 3152 1868 dum
3187 1815 3446 1887 tripttdiat

96 1896 358 1953 levando
400 1899 554 1955 oneri
588 1899 955 1979 necessarium
982 1940 996 1965 ,
1042 1909 1198 1971 rapto
1224 1901 1580 1968 avertebant,
1630 1915 1729 1955 nec
1759 1896 1807 1960 B
1834 1898 1997 1967 ablue
2021 1886 2283 1968 exsultat,
2325 1912 2706 1973 concussoque
2742 1892 2940 1977 clypeo
2964 1905 3127 1961 simul
3165 1914 3222 1963 et
3266 1886 3447 1979 gladio

95 1989 304 2044 solum
350 1990 506 2045 cibus
533 1991 611 2047 eis
638 1978 925 2062 dispendio
970 1990 1340 2047 Romanorum
1366 2036 1380 2059 ,
1427 1992 1525 2049 scd
1565 1990 1728 2049 etiam

94 2081 353 2153 ﬂagitio,
387 2080 414 2120 ι)
451 2072 942 2155 petebatur.Cujus
966 2084 1185 2140 incuria:
1214 2085 1473 2156 probrum
1497 2078 1549 2142 in
1573 2103 1734 2142 exor-

94 2173 209 2229 dio
240 2175 450 2240 statim,
485 2176 806 2246 pnescripto
839 2177 992 2232 necis
1019 2176 1313 2248 supplicio,
1349 2174 1533 2233 Caesar
1552 2194 1732 2236 remo-

99 2270 189 2322 vit
232 2285 248 2335 ;
307 2264 550 2324 fraudem
600 2280 801 2338 tamen,
824 2272 1182 2341 pervicaciam
1226 2288 1330 2326 non
1373 2271 1727 2344 compescuit.

98 2363 343 2419 Exclusi
370 2364 514 2419 enim
534 2363 603 2421 ab
623 2362 931 2436 huiusmodi
946 2366 1147 2437 rapina:
1161 2368 1470 2423 necessario
1484 2362 1734 2423 esurien-

100 2457 269 2511 tibus
300 2458 562 2512 alimcnta
588 2499 605 2524 ,
652 2457 944 2513 herbarum
988 2457 1228 2515 subsidia
1272 2458 1552 2530 captantes
1580 2500 1598 2526 ,
1631 2456 1730 2514 de-

98 2550 439 2606 struendum
474 2568 687 2607 murum
729 2567 889 2623 quem
927 2554 1073 2608 circa
1105 2554 1403 2624 pomarium
1434 2548 1588 2608 Titus
1632 2550 1732 2608 du-

100 2653 282 2702 xerat
308 2690 322 2713 ,
354 2646 768 2717 cogitaverunt,
805 2656 862 2702 ut
888 2646 1120 2718 vagandi
1149 2656 1204 2703 et
1233 2642 1552 2719 exquirendi
1582 2644 1730 2704 radi-

99 2756 208 2797 ces
237 2742 520 2807 arborum,
551 2741 992 2814 pabulorumquc
1015 2738 1241 2797 liberior
1262 2738 1420 2798 fieret
1442 2748 1728 2810 exeursus,

98 2851 261 2906 quos
283 2836 350 2890 ad
367 2835 648 2905 cujusdam
673 2832 911 2892 carceris
941 2832 1113 2892 vicem
1136 2830 1393 2892 circuitus
1416 2830 1555 2891 muri
1583 2837 1732 2893 clau-

101 2938 293 2995 serat,
319 2945 418 2986 nec
443 2940 559 2985 erat
582 2930 694 3002 jam
718 2973 732 2999 ,
766 2946 874 2999 quo
903 2931 1101 2987 famem
1132 2926 1398 2987 levarent.
1448 2928 1733 3002 Obrepnnt

106 3027 308 3094 itaque
349 3037 404 3082 et
430 3041 661 3083 excursu
690 3027 983 3098 repentino
1027 3024 1093 3081 ad
1139 3037 1378 3082 montem
1407 3018 1605 3082 Oliveti
1656 3026 1734 3081 in-

101 3133 318 3194 gruunt
350 3122 813 3193 prtetendentibns
854 3140 866 3176 :
916 3138 1021 3177 nec
1073 3121 1151 3177 illi
1183 3123 1477 3177 commisso
1509 3118 1732 3179 dcl’ncre

104 3215 341 3272 muneri
368 3257 381 3282 ,
424 3225 480 3272 et
528 3217 670 3271 tuine
698 3215 930 3272 claSsieo
957 3215 1026 3271 de
1051 3214 1268 3271 eseteris
1304 3226 1607 3271 castrorum
1639 3224 1731 3270 ant

1839 1980 2095 2064 proludit.
2133 1994 2394 2051 excitavit
2421 1996 2476 2052 in
2506 2012 2606 2053 sua
2637 1998 2866 2054 vulnera
2891 2001 3271 2058 centurionem
3304 1994 3450 2057 Pris-

1835 2101 1982 2151 cum,
2037 2084 2131 2159 (ιιιί
2186 2088 2420 2158 superba
2461 2099 2511 2145 et
2566 2082 2769 2146 tumida
2797 2080 3100 2163 iactantem
3151 2106 3258 2150 neu
3292 2084 3440 2163 tulit,

1835 2190 2000 2252 atque
2055 2166 2332 2261 incautum
2374 2180 2602 2239 victoria
2652 2175 2961 2255 penetravit
3018 2187 3125 2243 ictu
3208 2183 3441 2261 Sagittae.

1833 2270 1954 2342 Quo
1978 2280 2181 2331 stratus
2197 2260 2485 2344 .lonathes,
2501 2262 2689 2333 docuit
2715 2281 2765 2334 in
2791 2272 2980 2350 pnelio
2998 2260 3285 2336 neminem
3306 2272 3444 2335 irra-

1838 2368 2169 2424 tionabiliter
2207 2364 2476 2426 insultare
2513 2375 2771 2442 oportere
2805 2389 2818 2427 :
2850 2368 2939 2427 ubi
2973 2363 3199 2430 victoris
3228 2384 3281 2429 et
3309 2368 3441 2430 victi

1836 2452 2081 2518 Conditio
2103 2450 2332 2531 incerta,
2362 2461 2539 2520 donec
2567 2460 2766 2520 bellum
2790 2453 3099 2522 claudatur.

2347 2543 2578 2614 CAPUT
2616 2542 2912 2613 XXXVIII.

1908 2640 1974 2702 At
2031 2636 2083 2703 in
2137 2644 2269 2703 urbe
2309 2634 2598 2717 interiore,
2648 2654 2772 2706 cum
2806 2648 3018 2707 bestetn
3066 2646 3203 2708 intra
3253 2660 3442 2712 muros

1834 2744 2126 2797 eernerent
2162 2734 2445 2798 altissimis
2485 2744 2818 2801 eminentem
2867 2735 3180 2817 aggeribus,
3223 2747 3444 2805 univero

1833 2833 2017 2907 sisque
2070 2836 2441 2892 imminentem
2491 2828 2784 2907 ominibus,
2838 2842 3095 2910 tanquam
3145 2841 3343 2896 vulnus
3385 2844 3440 2897 in

1834 2930 2086 2998 carpere,
2112 2929 2183 2984 ita
2214 2929 2514 3001 perieulum
2544 2930 2840 2989 introrsum
2868 2942 3097 3004 pergere
3118 2924 3443 2990 reformida-

1834 3018 1973 3086 rent,
2019 3019 2351 3077 intercidunt
2402 3020 2672 3092 porticum
2722 3017 3206 3094 septentrionalem
3258 3038 3324 3081 ex
3374 3036 3441 3083 ea

1834 3118 1987 3181 parte
2035 3120 2141 3182 qua
2177 3102 2494 3169 adhaerebat
2520 3106 2793 3180 Antonia},
2836 3121 2903 3171 ne
2937 3128 3033 3186 per
3061 3113 3235 3187 ipsam
3268 3112 3443 3174 hostis

1836 3204 1887 3259 in
1919 3194 2105 3277 templi
2148 3204 2434 3278 Superiora
2475 3208 2826 3277 ascenderet,
2860 3209 2946 3266 vel
2976 3204 3034 3265 in
3083 3195 3444 3269 inferiarlbus

110 3310 356 3366 turrimn
388 3312 739 3367 munimentis
765 3311 900 3366 alios
929 3319 1282 3366 accerserent
1303 3310 1369 3364 ad
1389 3309 1561 3382 prtelii
1591 3321 1612 3348 ο
1642 3322 1731 3363 so-

1836 3298 1968 3353 sitos
2007 3300 2264 3369 stiperior
2307 3297 2523 3372 urgeret
2556 3318 2569 3356 :
2602 3304 2659 3358 et
2690 3303 2932 3363 proxima
2980 3312 3211 3377 quazque
3253 3303 3440 3362 deme-

105 3407 396 3460 cietatem.
428 3401 743 3460 Conseritur
774 3419 950 3474 pugna
977 3405 1159 3461 acrior
1188 3403 1241 3459 in
1265 3403 1567 3475 principio:
1600 3402 1729 3458 dum

109 3496 299 3565 pudor
330 3493 454 3560 hos,
482 3494 605 3550 illos
634 3494 802 3550 fames
828 3504 986 3566 urget
1015 3512 1163 3551 smvo
1202 3492 1431 3567 imperio
1455 3512 1517 3550 ae
1541 3510 1729 3551 neces-

108 3588 309 3654 sario;
361 3587 456 3643 sed
506 3588 904 3645 conﬂuentibus
949 3586 1210 3646 Romanis
1254 3590 1591 3662 repelluntur
1637 3578 1729 3646 Ju-

107 3681 223 3737 daei
254 3723 268 3747 ,
316 3691 479 3752 atque
520 3681 586 3737 ad
617 3681 768 3737 urbis
797 3699 910 3738 sua:
943 3699 1129 3740 muros
1153 3676 1529 3740 reflectuntur.
1578 3678 1731 3739 Tunc

111 3797 265 3839 unus
295 3798 328 3838 e
371 3791 547 3838 turma
575 3781 817 3854 equitum
843 3828 856 3851 ,
905 3778 1177 3839 Pedanius
1225 3784 1442 3840 nomine
1469 3826 1484 3849 ,
1516 3774 1731 3838 concito

111 3890 287 3946 equo,
322 3874 573 3930 dextram
602 3874 889 3943 extendit,
923 3883 976 3930 et
1007 3889 1067 3928 se
1111 3872 1391 3945 paululum
1423 3866 1691 3928 inclinans
1716 3913 1731 3938 ,

115 3984 291 4027 unum
324 3967 393 4023 de
422 3967 631 4023 Iudaeis
658 3965 952 4038 fugientem
977 3962 1283 4037 suspendit,
1315 3967 1586 4035 captivum
1613 3962 1731 4020 Cm-

113 4062 231 4119 sari
288 4060 509 4128 ferens,
554 4059 919 4131 gloriosaeque
970 4059 1145 4114 victor
1174 4057 1411 4129 rapinas,
1458 4057 1605 4114 velut
1654 4057 1733 4114 le-

111 4155 411 4226 pusculum
457 4153 680 4225 aquila,
728 4161 823 4208 aut
867 4151 1127 4223 accipiter
1191 4151 1409 4206 fulicam
1461 4161 1587 4207 ante
1633 4167 1729 4222 pe-

113 4250 218 4304 des
245 4248 474 4303 C:esaris
496 4248 769 4303 viventem
798 4244 1018 4316 dejccit.
1058 4244 1178 4314 Quo
1204 4239 1513 4300 delectatus
1542 4243 1732 4300 admo-

114 4342 251 4397 dum
281 4339 452 4409 Titus,
486 4339 756 4395 laudatum
794 4355 916 4393 eum
950 4347 1004 4393 et
1036 4328 1361 4393 honoratum
1390 4330 1616 4393 dimisit.

654 4428 885 4490 CAPUT
927 4420 1200 4487 XXXVII.

191 4529 314 4585 Jam
335 4528 675 4585 circumfusae
705 4527 891 4602 templi
932 4520 1195 4583 ardebant
1219 4524 1492 4598 porticus:
1528 4516 1731 4595 ubique

118 4626 320 4692 luctus,
351 4625 551 4696 ubique
581 4639 756 4679 mors:
806 4622 939 4680 foris
968 4612 1195 4689 bellum,
1229 4622 1373 4678 intus
1423 4638 1584 4691 supra
1614 4620 1730 4677 bel-

1835 3401 1975 3459 tunt,
2030 3402 2097 3449 ne
2146 3393 2530 3465 pepuiantibus
2580 3386 2852 3453 incendiis
2902 3399 3108 3470 templo
3184 3390 3438 3471 finitima,

1832 3490 1997 3546 etiam
2048 3492 2311 3560 templum
2343 3491 2518 3563 ipsum
2548 3480 2688 3564 ignis
2713 3490 3130 3563 depasceretttt‘,
3159 3492 3321 3566 atque
3363 3490 3446 3550 lit-

1832 3586 2037 3641 tercisa
2071 3584 2180 3658 igni
2214 3590 2448 3642 cturtint
2483 3594 2496 3642 ε
2530 3586 2602 3643 ita
2643 3584 2790 3659 quod
2821 3587 2889 3643 ab
2912 3586 3073 3646 hoste
3103 3582 3445 3653 metuebant.

1832 3679 2048 3749 priores
2079 3684 2383 3751 crept-runt.
2435 3674 2749 3737 Salomonis
2788 3688 3007 3752 quoque
3054 3684 3323 3752 porticum
3374 3682 3445 3739 ad

1832 3771 2078 3827 fraudem
2111 3783 2397 3845 pararunt,
2442 3782 2503 3829 ut
2529 3773 2827 3830 culminum
2864 3775 3127 3831 interiora
3171 3776 3448 3845 replerent

1834 3864 1956 3936 pice
1978 3881 2040 3921 ac
2063 3860 2358 3934 bitumine,
2393 3874 2510 3936 qna:
2541 3856 2568 3904 ά
2600 3856 2740 3924 infra
2769 3858 3037 3924 fornicem
3072 3870 3268 3925 Summi
3297 3862 3436 3927 late-

1834 3960 1956 4013 rent
1986 3956 2208 4026 fastigii,
2243 3959 2611 4031 simulatoque
2647 3960 2789 4031 quod
2833 3966 2953 4018 eant
2985 3950 3191 4019 vellent
3243 3954 3435 4020 defen-

1832 4049 1984 4116 dere,
2033 4054 2086 4105 et
2128 4046 2445 4122 frequentes
2486 4048 2672 4106 hostes
2720 4046 3086 4121 lnceSSErent,
3141 4042 3445 4113 sollicitant

1835 4132 2110 4198 Romanas
2137 4153 2300 4215 atque
2330 4145 2385 4199 ln
2412 4154 2535 4199 sese
2566 4142 2828 4201 excitant.
2860 4144 2941 4200 llli
2967 4144 3200 4202 admotis
3252 4136 3445 4218 scalis,

1833 4241 2044 4292 summa
2075 4224 2319 4307 porticus
2368 4244 2600 4309 petunt:
2648 4228 2824 4294 .lttdtel
2875 4236 2996 4294 loco
3043 4239 3301 4308 paulatint
3347 4244 3443 4298 ee-

1833 4328 1984 4395 dere,
2010 4328 2154 4402 quod
2182 4329 2368 4402 plures
2410 4318 2644 4387 Romani
2674 4330 3061 4388 ascenderant.
3105 4324 3171 4389 ill
3194 4335 3442 4392 certatim

1834 4421 2100 4494 irrepere,
2136 4426 2320 4480 tamen
2364 4425 2746 4496 prudentiores
2788 4415 3029 4497 suspecti
3062 4422 3173 4483 doli
3204 4432 3440 4486 cavere:

1832 4512 1931 4576 sed
1957 4519 2154 4591 vulgus
2183 4506 2454 4578 intentum
2491 4516 2763 4588 victoria},
2797 4514 3195 4592 prtefestintire,
3229 4522 3316 4578 ubi
3348 4530 3438 4580 res

1836 4600 2020 4669 fraude
2050 4626 2240 4670 carere
2270 4606 2405 4681 "visa,
2437 4602 2687 4684 plurimis
2742 4614 2895 4685 quasi
2943 4611 3091 4670 inter
3130 4614 3267 4671 retia
3299 4614 3447 4674 toea.

121 4718 236 4773 lum
281 4688 336 4773 et
364 4688 697 4772 incendium.
726 4713 833 4771 Nec
866 4714 1258 4786 frangebantur
1287 4688 1684 4770 animis'Jmlmi
1713 4731 1727 4769 ε
1758 4688 1808 4760 D
1838 4711 1927 4775 tis,
1962 4708 2283 4765 admovetur
2336 4708 2476 4782 ignis
2513 4700 2815 4766 fornicibus
2843 4698 3194 4765 interioribus
3217 4752 3232 4777 ,
3284 4716 3449 4783 atque

122 4810 388 4882 putabant
428 4808 679 4864 vindictae
709 4808 907 4879 perire,
956 4804 1222 4879 quidquid
1258 4807 1377 4862 sine
1417 4803 1609 4862 fraude
1635 4822 1731 4877 ge-

122 4915 308 4959 rerent
338 4892 421 4957 vel
452 4890 764 4958 insolentia.
798 4896 1033 4971 Quando
1079 4899 1372 4971 aliterjam
1397 4894 1732 4972 nequibant,

126 4995 495 5069 provocabunt
515 4988 793 5052 Romanos
810 4995 877 5051 ad
891 4992 1089 5051 excidii
1110 4984 1737 5051 celeritatemJonathes

125 5080 346 5160 quidam
394 5088 621 5161 exiguos
665 5100 918 5159 corpore,
966 5082 1230 5158 desltecth
1279 5076 1527 5159 dignior,
1579 5082 1736 5156 juxta

125 5180 350 5239 Joannis
365 5176 994 5253 sepulcrumlacessebat
1020 5183 1321 5250 Romanos,
1347 5188 1405 5238 ut
1429 5192 1613 5237 secum
1640 5179 1735 5251 qui

128 5279 309 5343 vellet,
338 5294 500 5333 manu
555 5270 899 5333 decerneret.
929 5262 1066 5332 Aliis
1093 5264 1523 5347 despicientibus
1557 5272 1731 5345 pusil-

129 5372 331 5427 litatem
380 5368 638 5437 hominis,
664 5368 783 5425 aliis
808 5362 1208 5424 fastidientibus
1227 5383 1352 5423 cum
1388 5384 1453 5423 eo
1475 5354 1730 5423 decerta-

129 5480 205 5532 re,
235 5480 395 5536 quem
450 5462 713 5517 continuo
757 5460 1030 5532 captivum
1076 5454 1315 5516 habituri
1369 5456 1577 5525 forent,
1607 5458 1730 5516 aliis

127 5548 599 5613 considerantibus
636 5554 943 5627 periculoso
971 5553 1270 5610 certamine
1298 5562 1410 5609 rem
1450 5552 1568 5626 geri
1588 5566 1729 5609 «cum

131 5651 278 5719 viris,
299 5649 397 5722 qui
430 5651 484 5704 in
510 5642 770 5707 extremis
795 5647 990 5705 salutis
1017 5662 1126 5703 non
1156 5646 1339 5719 aliqua
1364 5634 1687 5703 fortitudine
1710 5687 1726 5716 ,

199 5774 225 5802 ι
252 5760 596 5818 Intolerabili.
627 5762 822 5819 Βιιιιι..

198 5833 227 5874 ιι
254 5832 572 5904 Βᾳνὶοὺαειη·
602 5873 615 5886 .
652 5873 666 5887 .
689 5877 718 5904 7.
755 5873 769 5888 .
808 5874 818 5887 .
848 5831 1078 5904 injuriis.
1109 5832 1185 5889 lo.

203 5914 225 5943 θ
270 5901 649 5960 Necessitatem
682 5903 856 5961 Bson.
897 5901 907 5904 ⁷
1090 5906 1095 5909 ’

1841 4812 1864 4841 θ
1885 4792 2086 4859 additis
2103 4804 2221 4877 pice
2235 4800 2571 4861 etbitumine
2598 4813 2762 4874 atque
2782 4804 2998 4860 exteris
3022 4792 3259 4860 incendii
3274 4798 3450 4861 antri-

1840 4898 2059 4963 mentis,
2081 4898 2133 4953 in
2169 4906 2334 4953 totam
2360 4894 2680 4953 diﬂ'unditur
2714 4890 3006 4969 portiCum.
3036 4894 3438 4956 Circumvalla-

1841 4990 1972 5049 bant
2020 4986 2254 5049 flammae
2299 4991 2537 5049 victores
2565 4980 2866 5059 Romanos,
2920 4990 2977 5048 ut
3008 5008 3107 5050 nec
3156 4984 3448 5052 resistendi

1844 5084 2076 5142 facultas
2104 5094 2448 5159 Suppeteret,
2494 5096 2599 5141 nec
2629 5076 2870 5158 fugiendi
2912 5087 3072 5159 Copia
3100 5107 3114 5143 :
3148 5087 3275 5159 quid
3305 5076 3448 5145 lace-

1845 5189 1966 5236 rent
1995 5197 2100 5236 non
2145 5170 2508 5252 reperiebant.
2542 5174 2840 5251 Spectabat
2866 5168 3026 5239 Titus
3053 5184 3179 5239 sues
3226 5170 3445 5254 pericli-

1843 5284 2044 5343 tantes,
2094 5273 2385 5347 indignans
2409 5268 2626 5346 quidem
2659 5274 2803 5348 quod
2833 5264 3022 5348 iniussi
3060 5270 3438 5346 ascenderunt,

1832 5369 1932 5426 sed
1983 5369 2252 5425 miserans
2301 5364 2447 5439 quod
2494 5364 2734 5425 victores
2776 5370 3041 5441 perirent.
3076 5371 3330 5441 Plerique
3379 5386 3442 5428 se

1836 5452 2135 5535 praecipitio
2180 5454 2424 5520 dabant:
2471 5458 2566 5518 sed
2625 5454 2713 5518 ubi
2768 5454 3077 5521 incendium
3132 5468 3439 5532 evaserant,

1831 5557 2016 5615 fractis
2045 5550 2324 5623 cruribus,
2356 5550 2535 5614 collisi
2562 5564 2791 5630 cerpore
2820 5554 3193 5615 meriebantur
3226 5574 3238 5611 :
3275 5552 3439 5615 mise.

1832 5648 1947 5705 rius
1988 5660 2128 5718 erat,
2157 5642 2203 5708 si
2231 5640 2447 5709 debiles
2494 5640 2925 5725 superviverent.
2973 5640 3199 5709 Volebat
3236 5650 3447 5710 subve-

1912 5765 1940 5804 ά
1980 5766 2152 5826 Intra.
2184 5770 2262 5828 In.

1917 5846 1941 5876 °
1981 5839 2219 5897 Adustis.
2250 5840 2325 5896 lo.
