4050 6466
631 275 774 335 2183

1977 273 2220 332 SANCTI
2260 273 2586 333 AMBROSII

3790 276 3885 336 llill

631 392 751 452 nire
796 390 1007 459 Caesar,
1040 404 1143 448 nec
1169 397 1380 462 poterat
1415 404 1428 444 :
1461 385 1778 444 hortabatur
1825 396 2004 442 tamen
2052 391 2232 458 proxi-
2258 395 2312 456 Α
2339 404 2458 459 quae
2489 399 2638 445 trans
2668 387 2967 444 Jordanem
3008 387 3175 458 jacet.
3219 385 3363 443 Belli
3392 387 3420 426 ι)
3459 385 3694 442 horrore
3729 385 3892 454 oborta,

638 502 779 552 mos,
827 486 1096 542 clamabat
1147 495 1203 539 nt
1229 483 1431 540 auxilio
1459 483 1572 538 suis
1621 486 1828 538 essent.
1879 480 1986 537 Has
2035 497 2236 546 voces,

640 577 785 635 hunc
831 579 1076 634 dolorem
1124 574 1380 642 Caesaris,
1430 590 1530 646 pro
1559 589 1820 645 supremo
1843 573 1921 629 illi
1972 574 2242 630 habebant

635 674 859 731 solatio.
893 673 1008 728 Hoc
1048 680 1166 727 erat
1195 669 1475 726 morituris
1515 669 1798 735 viaticum,
1835 668 1940 724 hoc
1994 684 2054 724 se
2095 669 2243 724 velut.

640 765 862 822 sublimi
899 764 1141 825 solantes
1180 763 1438 834 sepulcro
1483 762 1550 817 ad
1601 771 1834 818 mortem
1883 760 2237 829 festinabant,

640 859 782 932 quod
816 859 870 915 in
899 858 1202 915 visceribus
1233 858 1470 914 Caesaris
1499 856 1969 914 reconderentnr:
1998 873 2099 912 nec
2129 857 2240 911 vita

638 967 827 1009 eorum
875 951 1102 1022 periret,
1132 966 1362 1020 quorum
1391 950 1601 1006 viveret
1626 949 1798 1022 gloria
1825 951 1917 1022 qui
1959 965 2244 1004 moreren-

639 1054 726 1102 tur
754 1061 851 1117 pro
873 1045 1116 1111 Caesare,
1144 1046 1520 1117 relinquentes
1547 1046 1630 1100 sui
1653 1043 2028 1100 hmrcditatem
2055 1044 2245 1099 trium-

639 1139 829 1212 phum.
875 1140 1058 1212 Itaque
1085 1140 1181 1197 alii
1225 1139 1798 1197 circumveniebantur
1849 1141 2093 1210 ignibus,
2146 1139 2243 1195 alii

635 1234 1140 1305 praeveniebantur;
1187 1249 1288 1291 nec
1313 1235 1474 1306 longe
1517 1233 1713 1299 hostis,
1751 1232 1845 1304 qui
1870 1232 2118 1288 flammas
2162 1231 2246 1287 fu-

640 1325 880 1399 gientem
912 1326 1122 1384 feriret.

1179 1419 1410 1478 CAPUT
1450 1420 1702 1478 XXXIX.

709 1513 992 1586 Longinus
1019 1522 1206 1572 tamen
1232 1514 1468 1587 egregize
1494 1516 1717 1590 virtutis
1747 1513 1864 1578 vir,
1896 1528 2020 1571 cum
2051 1527 2247 1586 provo-

634 1618 856 1666 caretur
883 1625 914 1664 a
942 1609 1170 1677 Judaeis,
1204 1618 1262 1664 ut
1292 1625 1414 1666 sese
1447 1610 1535 1666 his
1564 1609 1935 1665 committeret
1979 1607 2245 1680 promissa

634 1705 832 1761 salutis
859 1703 1193 1771 securitate,
1224 1703 1413 1758 maluit
1459 1718 1519 1759 se
1565 1704 1741 1759 solum
1773 1701 2094 1774 transfigere
2133 1701 2247 1773 gla-

2340 497 2464 538 cum
2490 484 2727 559 ὀιιτιετίε
2768 498 2827 538 se
2860 482 2911 536 in
2946 480 3509 554 Hierosolymitanam
3542 479 3729 535 urbem
3755 493 3898 534 cantu-

2342 575 2502 644 lerat,
2529 575 2674 647 quod
2729 583 2879 631 esset
2923 574 3125 630 tutior:
3155 589 3224 630 eo
3253 589 3476 645 quoque
3502 587 3635 628 suas
3662 570 3904 628 devexerat

2341 683 2496 738 opes,
2551 684 2686 738 quas
2731 667 3005 739 principes
3035 667 3332 724 factionum
3378 667 3639 723 certatim
3687 669 3903 722 invasere.

2342 762 2744 820 Alimentorum
2793 763 2958 818 etiam
2989 763 3035 818 si
3076 762 3208 833 quid
3247 762 3427 834 pretio
3480 760 3824 832 quaesiverat,
3861 761 3906 816 de

2345 856 2593 913 manibus
2639 856 2960 913 eruebatur.
3014 855 3407 928 Exagitabalur
3460 871 3490 910 a
3544 855 3782 927 perfidis,
3825 856 3908 909 dira

2344 949 2769 1020 imprecabatur,
2799 951 3020 1006 volebat
3055 950 3217 1019 mori,
3259 950 3358 1006 scd
3407 965 3793 1022 percussorem
3835 966 3910 1006 rm

2344 1041 2679 1099 inveniebat.
2718 1043 2986 1100 Malebant
3008 1043 3272 1100 insultare
3303 1043 3538 1110 diutius,
3564 1043 3806 1115 affligere
3825 1061 3912 1114 gra-

2343 1137 2485 1204 vius,
2519 1153 2679 1208 quam
2708 1137 2817 1193 cito
2848 1137 3096 1208 perdere.
3133 1137 3408 1194 Putabant
3435 1137 3705 1209 quamdiu
3730 1138 3912 1207 viverra,

2355 1230 2593 1301 prtedam
2651 1232 2790 1286 fore.
2824 1230 3150 1287 Defecerant
3193 1232 3308 1302 jam
3367 1232 3583 1298 omnia,
3639 1240 3699 1286 ct
3747 1230 3914 1286 deliciis

2345 1333 2583 1392 assueta,
2611 1326 2887 1394 asperiora
2918 1325 3201 1395 palearum
3242 1325 3325 1382 vel
3353 1326 3641 1383 coriorum
3689 1324 3813 1380 dura
3839 1342 3915 1379 nee

2347 1419 2684 1475 emolliebat.
2714 1419 2868 1476 Saeva
2893 1419 3067 1478 fames
3094 1420 3300 1477 intimis
3331 1436 3392 1477 se
3443 1419 3658 1476 infudit
3684 1421 3914 1487 medullis,

2347 1514 2698 1584 exasperavit
2742 1512 3020 1582 humores,
3066 1524 3304 1571 mentem
3349 1515 3680 1586 exagitavit.
3721 1514 3919 1570 Habebat

2348 1606 2548 1661 mulier
2595 1607 2917 1663 infantulum
2945 1624 3108 1679 quem
3133 1611 3439 1680 'genuerat.
3472 1607 3676 1680 Vagitu
3717 1609 3832 1678 ejus
3856 1625 3920 1663 cx-

2348 1701 2476 1768 cita,
2503 1715 2627 1755 cum
2660 1715 2720 1756 se
2741 1710 2794 1756 et
2819 1701 3101 1772 parvulqu
3134 1701 3533 1757 commacerari
3566 1700 3803 1767 videret,
3836 1709 3920 1754 tas-

635 1797 772 1865 dio,
817 1813 977 1868 quam
1025 1797 1302 1854 maculare
1353 1797 1556 1868 probro
1584 1797 1843 1853 Romanae
1895 1795 2094 1852 indolis
2140 1795 2252 1852 for-
2282 1792 2326 1854 B
2359 1796 2425 1850 tis
2474 1795 2617 1850 victa
2673 1795 3109 1851 immunitatibus
3147 1803 3311 1867 atque
3365 1797 3548 1867 impar
3605 1805 3716 1850 tam
3786 1796 3920 1849 atrati

639 1890 952 1947 titudiuem.
979 1891 1232 1947 Artorius
1262 1899 1449 1946 autem
1489 1891 1624 1946 satis
1652 1901 1831 1946 astute
1871 1904 2004 1946 voce
2050 1903 2244 1961 magna

637 1984 895 2042 clamavit
935 1986 1184 2051 Lucium,
1213 1986 1405 2043 dicens
1441 2004 1454 2042 :
1489 1986 1677 2042 l-lzeres
1699 1986 1834 2041 mihi
1873 1987 2020 2052 eris,
2067 1985 2114 2041 si
2160 1999 2247 2040 me

639 2077 984 2136 decidentem
1015 2080 1324 2150 exceperis.
1377 2081 1447 2134 At
1493 2079 1586 2136 ille
1627 2077 1970 2134 miserandus
2005 2077 2246 2134 occurrit

640 2174 846 2241 ruenti,
874 2183 1039 2245 atque
1070 2175 1124 2229 in
1152 2189 1211 2230 se
1241 2174 1490 2230 morituri
1538 2188 1730 2229 necem
1763 2172 2072 2228 transfudit.
2105 2171 2246 2228 Vere

639 2265 897 2323 bellicum
925 2274 1335 2334 testamentum,
1370 2281 1476 2322 non
1505 2275 1812 2322 atramento
1834 2265 2121 2335 scriptum,
2149 2264 2243 2319 sed

638 2364 949 2434 sanguine;
980 2376 1082 2418 nec
1107 2362 1160 2418 in
1189 2361 1401 2429 charta,
1430 2359 1526 2416 sed
1561 2361 1614 2415 in
1644 2375 1932 2416 mucrone.
1957 2357 2111 2426 Quod
2135 2358 2247 2413 lue-

639 2455 827 2512 redem
853 2454 1128 2523 promisit,
1155 2469 1416 2528 magnum
1450 2455 1613 2527 plane
1643 2453 1945 2525 ingenium,
1990 2461 2048 2508 ut
2089 2452 2242 2508 inve-

641 2550 784 2607 niret
801 2551 1172 2607 voluntarium
1195 2551 1388 2607 mortis
1399 2551 1690 2606 vicarium.
1715 2549 1941 2606 Incensa
1959 2557 2044 2605 est
2063 2548 2246 2619 itaque

640 2643 885 2716 porticus
916 2659 1086 2716 usque
1109 2643 1178 2700 ad
1206 2645 1423 2711 turrim,
1446 2659 1608 2716 quam
1632 2642 1873 2700 Joannes
1893 2659 2016 2699 cum
2042 2642 2243 2700 bellum

642 2737 906 2794 adversus
958 2738 1240 2795 Simonem
1288 2749 1544 2810 gereret,
1595 2737 2034 2794 exazditicaverat
2078 2751 2245 2806 super

639 2841 828 2902 portas
855 2831 1019 2903 regite
1043 2830 1283 2898 domus,
1339 2846 1502 2902 quam
1561 2830 1830 2886 Ezechias
1881 2830 1986 2886 sibi
2041 2845 2135 2885 rex
2175 2827 2244 2884 ad

641 2923 1000 2980 habitandum
1027 2922 1278 2980 condidit
1306 2940 1319 2978 :
1350 2923 1614 2995 reliquam
1647 2923 1766 2994 ejus
1798 2934 2006 2993 partem
2040 2921 2141 2992 ipsi
2163 2920 2246 2976 di-

641 3028 866 3076 ruerant
918 3018 1118 3076 Judaei.
1175 3019 1432 3090 Sequenti
1501 3033 1720 3090 quoque
1763 3017 1853 3074 die
1905 3033 1936 3072 a
1982 3017 2243 3074 Romanis

639 3118 831 3168 exusta
862 3120 947 3168 est
969 3112 1151 3168 omnis
1174 3112 1416 3183 porticus
1446 3111 1917 3182 septentrionalis,
1960 3126 2132 3183 usque
2175 3111 2242 3166 ad

2349 1888 2669 1958 calamitati,
2699 1888 2949 1944 affectum
2979 1891 3162 1945 amisit
3195 1905 3209 1944 :
3241 1898 3298 1946 et
3325 1887 3551 1960 pietatis
3572 1889 3824 1961 genitalis
3849 1904 3919 1943 uss

2348 1984 2660 2054 obliterato,
2706 1985 2952 2040 dolorem
2985 1983 3292 2051 absorbuit,
3335 1983 3589 2039 furorem
3644 1986 3917 2051 assumpsit.

2347 2078 2622 2134 Conversa
2674 2078 2855 2148 itaque
2898 2077 2964 2132 ad
2995 2076 3281 2148 parvulum
3330 2077 3442 2147 jam
3478 2083 3719 2131 matrem
3763 2075 3918 2140 oblita,

2349 2183 2404 2230 et
2437 2173 2622 2230 furens
2664 2174 2831 2228 animi
2877 2175 2957 2229 sic
2982 2175 3093 2228 ait:
3128 2173 3268 2242 Quid
3302 2173 3399 2228 tibi
3441 2173 3673 2237 faciam,
3718 2171 3919 2242 parvula,

2347 2268 2478 2338 quid
2529 2267 2720 2324 faciam
2755 2268 2899 2323 tibi?
2927 2269 3080 2324 Saeva
3113 2280 3164 2325 te
3201 2269 3569 2325 circumstant
3613 2269 3816 2335 omnia,
3840 2267 3922 2321 hel-

2350 2362 2482 2428 lum,
2506 2363 2697 2431 fames,
2733 2364 3004 2430 incendia,
3032 2363 3293 2430 latrones,
3329 2365 3504 2418 ruina:
3531 2379 3549 2429 ;
3577 2363 3668 2419 cui
3699 2372 3751 2418 te
3794 2364 3921 2416 mori-

2348 2466 2465 2513 tura
2497 2458 2742 2526 credam,
2776 2469 2867 2514 aut
2893 2459 2982 2514 cui
3051 2467 3102 2514 te
3133 2457 3406 2514 tantillum
3435 2455 3798 2527 relinquam?
3822 2455 3922 2522 sae

2349 2567 2620 2619 raveram,
2654 2553 2798 2624 quod
2823 2554 2868 2608 si
2892 2552 3254 2620 adolevisses,
3279 2567 3369 2608 me
3401 2566 3670 2623 pasceres
3704 2561 3920 2612 matrem,

2347 2659 2440 2703 aut
2470 2647 2736 2718 sepelires
2766 2648 3100 2704 defunctam.
3134 2645 3296 2703 Certe
3326 2647 3372 2702 si
3421 2646 3764 2716 praevenires
3783 2645 3922 2707 obitu,

2347 2742 2489 2813 quod
2518 2757 2620 2812 ego
2649 2749 2700 2797 te
2733 2740 2972 2811 pretioso
3005 2740 3210 2796 tumulo
3241 2739 3378 2796 meis
3429 2739 3691 2794 manibus
3718 2738 3924 2793 include-

2347 2849 2488 2890 rem.
2535 2834 2677 2903 Quid
2704 2849 2861 2907 agam
2888 2835 3131 2891 misera?
3161 2833 3376 2890 vivendi
3430 2833 3528 2890 tibi
3562 2848 3628 2888 ac
3667 2833 3794 2887 mihi
3831 2831 3924 2886 nul-

2346 2927 2456 2982 lum
2506 2926 2806 2984 subsidium
2855 2927 3034 2984 video.
3061 2928 3254 2984 Omnia
3303 2936 3498 2998 erepta
3527 2925 3715 2990 nobis,
3759 2926 3843 2980 cui
3888 2934 3924 2977 te

2347 3021 2685 3078 reservabo?
2729 3032 2824 3078 aut
2867 3031 3019 3079 certe
3046 3037 3153 3093 quo
3176 3021 3408 3078 condam
3448 3021 3710 3091 sepulcro
3751 3035 3816 3074 ne
3859 3035 3925 3074 ca-

2349 3113 2509 3169 nilms
2561 3114 2852 3170 alitibusvc
2900 3115 2985 3170 vel
3032 3113 3163 3170 feris
3191 3114 3373 3187 prada
3421 3114 3547 3169 sis?
3595 3113 3818 3180 Omnia,
3859 3115 3923 3167 in-

639 3207 909 3278 porticnm
937 3205 1283 3263 orientalem.
1314 3204 1447 3261 Nam
1477 3220 1602 3262 cum
1631 3205 1744 3262 suis
1773 3205 1875 3274 ipsi
1920 3219 2115 3261 manus
2157 3203 2241 3260 in-
2273 3201 2318 3265 C
2350 3224 2534 3280 Quam,
2565 3219 2757 3279 erepta
2789 3209 2968 3265 nobis.
3012 3209 3178 3266 Potes
3208 3219 3414 3275 tamen,
3465 3209 3652 3265 dulcis
3693 3224 3857 3276 meus,
3887 3217 3923 3262 et

630 3299 868 3370 jicerent
909 3300 1182 3370 aediliciis,
1219 3301 1527 3358 docuerunt
1583 3301 1861 3358 Romanos
1907 3310 1934 3338 ⁸
1981 3299 2089 3357 illis
2135 3315 2241 3354 non

642 3404 891 3460 parcere.
923 3391 1077 3448 Nuda
1101 3403 1221 3449 erat
1244 3392 1356 3464 jam
1387 3393 1572 3465 templi
1607 3395 1796 3460 facies,
1821 3403 1879 3450 et
1900 3409 2042 3450 saava
2073 3394 2244 3450 homi-

640 3500 770 3541 num
802 3485 972 3542 fames
1002 3503 1015 3539 :
1048 3485 1448 3543 insidiabantur
1470 3485 1575 3542 sibi
1604 3487 1865 3551 invicem,
1896 3487 2020 3558 quis
2047 3487 2132 3544 cui
2159 3503 2244 3544 ra-

639 3584 797 3648 peret
821 3576 1026 3632 cibum.
1061 3577 1162 3634 Ubi
1188 3577 1436 3634 alimenti
1465 3578 1726 3649 suspicio,
1759 3579 1830 3634 ibi
1862 3578 2064 3636 bellum
2102 3581 2242 3635 inter

635 3667 992 3726 domesticos.
1028 3669 1378 3743 Pugnabatur
1409 3686 1508 3742 pro
1534 3671 1682 3738 cibo,
1734 3673 2071 3730 necabantur
2112 3673 2244 3730 cha-

635 3761 836 3818 rissimi
849 3805 865 3832 ,
887 3761 1324 3822 discutiebantur
1338 3763 1606 3833 defuncti,
1623 3781 1692 3823 ne
1709 3766 1827 3838 quis
1846 3767 1987 3822 intra
2007 3767 2241 3824 amictus

634 3870 826 3912 eorum
852 3855 1010 3912 cibus
1042 3857 1261 3914 lateret.
1291 3858 1557 3914 Simulato
1585 3859 1752 3930 aliqui
1775 3860 1976 3916 mortui
2002 3860 2242 3915 aestima-

635 3950 858 4018 bantur,
893 3966 961 4007 ne
989 3952 1238 4008 viventes
1267 3950 1472 4023 aliquid
1503 3951 1707 4008 habere
1737 3954 1983 4010 alimenti
2019 3969 2240 4025 suspec-

634 4053 922 4102 tarentur:
957 4045 1052 4101 sed
1082 4061 1150 4102 ne
1181 4045 1428 4102 viventes
1459 4046 1720 4117 quidem,
1767 4055 1861 4102 aut
1910 4047 2034 4104 vitae
2086 4048 2235 4120 fungi

634 4148 990 4205 munerc,aut
1007 4147 1238 4196 mortem
1252 4139 1511 4196 simulare
1531 4150 1804 4211 poterant.
1827 4140 2027 4198 Verum
2047 4152 2238 4214 aperto

633 4247 730 4288 ore
756 4232 898 4287 sicut
917 4230 1091 4286 rabidi
1115 4246 1299 4298 canes,
1326 4247 1584 4289 aurarum
1607 4243 1890 4304 captantes
1911 4237 2232 4308 spiramina,

635 4327 743 4386 huc
767 4337 934 4399 atque
963 4326 1091 4384 illuc
1117 4326 1650 4385 cireumferebantur
1670 4329 1858 4400 inopia
1888 4329 2047 4387 duce.
2081 4328 2237 4400 Saepe

630 4421 794 4478 etiam
815 4420 972 4492 quasi
996 4419 1135 4476 ebrii
1155 4421 1209 4476 in
1231 4419 1422 4477 eadem
1449 4420 1728 4478 domicilia
1759 4421 2232 4492 regrediebantur,

631 4521 692 4570 ut
718 4515 914 4571 iterum
943 4529 1062 4585 quac
1090 4529 1260 4569 vacua
1301 4515 1679 4586 reliquerant,
1731 4525 2228 4587 perscrutarentur.

2347 3303 2427 3359 sic
2484 3313 2709 3359 matrem
2737 3319 2959 3374 pascere
2991 3321 3005 3358 :
3035 3303 3249 3360 idonea:
3277 3305 3356 3359 'ad
3388 3303 3575 3360 cibum
3607 3319 3800 3359 manus
3823 3314 3922 3358 tum.

2346 3396 2392 3454 Ο
2445 3398 2574 3452 mihi
2623 3398 2812 3453 suavia
2861 3398 3072 3455 viscera
3134 3408 3245 3462 tua,
3295 3405 3448 3454 artus
3492 3397 3749 3469 iucundi,
3804 3398 3924 3469 prius

2344 3506 2506 3562 quam
2549 3505 2647 3547 vos
2675 3492 2892 3562 penitus
2920 3499 3206 3547 consumat
3257 3491 3452 3558 fames,
3499 3490 3722 3548 reddite
3769 3492 3922 3555 matri,

2343 3585 2489 3651 quod
2528 3585 2862 3656 acccpistisl:
2896 3585 3035 3651 redi,
3081 3583 3181 3656 fili,
3212 3586 3263 3640 in
3297 3583 3427 3640 illud
3478 3585 3734 3641 naturale
3771 3599 3926 3639 secre-

2345 3689 2480 3744 tum,
2513 3679 2564 3733 in
2587 3693 2695 3750 quo
2718 3676 2998 3733 domicilio
3019 3678 3298 3748 sumpsisti
3327 3676 3583 3748 spiritum
3609 3695 3622 3730 :
3659 3678 3715 3732 in
3746 3692 3811 3733 eo
3851 3675 3923 3729 tibi

2345 3770 2589 3826 tumulus
2619 3769 2877 3826 defuncto
2899 3779 3141 3840 paretur.
3169 3770 3290 3840 lpsa
3315 3770 3654 3841 complectar
3676 3784 3832 3840 quem
3850 3783 3922 3838 ge-

2343 3867 2457 3932 nui,
2503 3867 2618 3935 ipsa
2671 3864 3030 3921 cxosculabor
3069 3882 3084 3920 ε
3135 3871 3191 3920 et
3236 3864 3382 3935 quod
3415 3863 3760 3934 impatientia
3799 3878 3924 3917 ame-

2344 3958 2420 4012 ris
2449 3958 2646 4026 habet,
2681 3959 2880 4014 habeat
2909 3958 2991 4014 vis
3019 3958 3384 4023 necessitatis,
3437 3965 3498 4012 ut
3540 3961 3659 4027 ipsa
3692 3956 3919 4012 devores:

2341 4068 2495 4110 meos
2525 4061 2695 4122 artus,
2730 4070 2839 4109 non
2887 4053 3173 4117 simulatis,
3205 4052 3300 4108 sed
3333 4052 3618 4123 impressis
3651 4050 3916 4106 morsibus.

2345 4147 2484 4219 Ergo
2530 4158 2649 4203 esto
2695 4147 2849 4204 cibus
2890 4147 3044 4213 mihi,
3076 4146 3231 4202 furor
3276 4145 3604 4211 latronibus,
3635 4154 3694 4200 et
3723 4145 3843 4199 vita:
3867 4146 3922 4194 fa-

2341 4242 2468 4298 bula
2495 4284 2509 4308 ,
2559 4258 2678 4310 quae
2726 4242 2840 4298 sola
2886 4242 3040 4298 deest
3091 4241 3490 4298 calamitatibus
3532 4244 3762 4297 nostris.
3808 4239 3920 4307 Quid

2340 4338 2548 4394 faceres
2571 4378 2585 4403 ,
2617 4336 2692 4392 fili
2714 4379 2729 4403 ,
2761 4338 2804 4393 si
2837 4344 2894 4393 et
2935 4347 2989 4392 tu
3035 4336 3200 4392 lilium
3251 4334 3514 4393 haberes?
3543 4334 3777 4392 fecimus
3803 4335 3919 4405 quia!

2340 4434 2556 4504 pietatis
2606 4433 2738 4500 fuit,
2768 4433 3032 4490 faciamus
3063 4432 3207 4504 quod
3241 4431 3410 4488 fames
3455 4430 3668 4488 suadet.
3716 4432 3823 4488 Tua
3860 4440 3920 4484 ta-

2339 4541 2460 4581 men
2492 4541 2653 4582 causa
2682 4526 2896 4594 melior,
2929 4535 2983 4582 ct
3010 4525 3258 4597 quaedam
3289 4523 3511 4595 pietatis
3538 4526 3786 4596 species;
3818 4525 3916 4594 quia

631 4605 698 4662 El
727 4622 852 4664 cum
876 4607 983 4662 alia
1009 4606 1169 4662 famis
1197 4606 1391 4663 δοίθῐίδ
1438 4623 1543 4662 ηοη
1592 4608 1923 4678 reperirem»
1974 4608 2230 4666 delrahe-
2257 4615 2310 4676 D
2339 4619 2675 4676 tolerabilius
2703 4630 2784 4676 est
2808 4661 2822 4685 ,
2855 4620 3000 4692 quod
3047 4621 3205 4676 matri
3252 4619 3474 4676 dederis
3502 4621 3688 4678 cibum
3718 4621 3916 4676 visceri-

628 4697 761 4755 bant
784 4699 933 4755 coria
963 4700 1156 4766 scutis,
1187 4708 1245 4755 ut
1273 4699 1399 4756 cibo
1430 4710 1618 4757 essent
1643 4699 1780 4768 sibi,
1833 4717 1956 4772 quae
1979 4703 2229 4773 praesidia

628 4805 738 4847 non
758 4799 963 4848 essent.
1001 4791 1328 4849 Mandebant
1368 4794 1802 4850 calceamentum
1834 4812 1847 4850 :
1902 4811 2003 4851 nec
2060 4797 2234 4868 pudor

628 4891 748 4938 erat
775 4885 1015 4940 solutum
1052 4884 1282 4956 pedibus
1311 4887 1597 4960 suscipere
1636 4903 1734 4944 ore
1758 4930 1773 4955 ,
1803 4898 1860 4944 et
1884 4890 2067 4962 lingua
2092 4890 2231 4947 lant-

629 4977 784 5034 bere.
816 4977 1053 5035 Vetusta:
1077 4994 1295 5052 quoque
1327 4982 1500 5052 paleae
1521 4998 1642 5054 qua:
1666 4982 1799 5037 olim
1827 4983 2087 5054 proiecta:
2115 4984 2231 5041 fue-

628 5079 773 5138 rant,
807 5085 915 5127 non
942 5071 1204 5129 mediocri
1234 5075 1420 5131 studio
1452 5075 1878 5146 requirebantur
1904 5092 1916 5131 :
1964 5084 2019 5133 et
2044 5077 2087 5133 si
2111 5076 2233 5149 quis

628 5172 931 5237 repererat,
958 5164 1152 5235 grandi
1181 5168 1358 5237 pretio
1385 5170 1689 5224 mutuabat.

1239 5260 1467 5317 CAPUT
1509 5260 1624 5316 XL.

695 5352 834 5424 Quid
863 5351 1086 5410 adoriar
1113 5351 1300 5415 dicere
1328 5351 1528 5409 factum
1561 5353 1766 5422 Marias,
1816 5353 1960 5427 quod
1989 5353 2228 5427 cujusvis

624 5445 844 5505 barbari
871 5457 1035 5519 atque
1074 5444 1226 5516 impii
1249 5459 1402 5500 mens
1424 5444 1852 5514 perhorrescat?

697 5541 773 5599 Ea
801 5551 920 5600 erat
949 5541 1019 5600 de
1041 5537 1497 5612 locupletioribus
1528 5537 2014 5615 fetninis_regionis
2039 5539 2227 5598 Perece

701 5742 730 5773 ι
756 5732 969 5791 Alienis.
1001 5733 1172 5792 BARR.

2337 4713 2438 4769 llllS
2468 4715 2575 4768 tuis
2601 4755 2615 4779 ,
2644 4729 2804 4786 quam
2836 4713 2984 4784 quod
3015 4721 3068 4770 te
3099 4723 3273 4771 mater
3296 4755 3312 4781 ,
3352 4722 3446 4770 aut
3484 4715 3744 4771 occidere
3773 4723 3918 4787 potest

2334 4816 2428 4862 aut
2473 4807 2759 4864 devorare.
2823 4807 2950 4864 Harc
2997 4807 3207 4875 dicens,
3257 4823 3453 4864 averso
3509 4809 3660 4864 vultu
3708 4809 3916 4880 gladium

2335 4903 2614 4970 demersit,
2643 4914 2700 4960 et
2746 4907 2800 4961 in
2847 4906 3018 4962 frusta
3063 4905 3229 4961 ﬁlium
3282 4920 3475 4962 secans
3522 4906 3631 4977 igni
3662 4905 3912 4976 imposuit,

2340 5005 2547 5066 partem
2580 4996 2841 5064 comedit,
2872 5007 3082 5068 partem
3112 4998 3350 5070 operuit,
3380 5013 3450 5055 ne
3473 4999 3596 5070 quis
3621 4999 3912 5071 superveni-

2339 5101 2420 5145 ret
2449 5107 2464 5144 :
2495 5090 2588 5146 sed
2633 5091 2791 5147 nidor
2841 5089 3053 5148 incensi
3115 5092 3368 5163 pervenit
3413 5091 3481 5147 ad
3531 5091 3802 5164 principes
3841 5107 3912 5145 se-

2332 5183 2588 5251 ditionis;
2633 5185 3003 5258 continuoque
3062 5185 3287 5242 odorem
3352 5185 3567 5252 seculi,
3622 5185 3911 5242 introierunt

2333 5279 2581 5336 mulieris
2633 5282 2967 5353 hospitium,
3020 5283 3291 5339 minantes
3353 5297 3586 5350 necem,
3624 5281 3765 5351 quod
3806 5292 3909 5333 ausa

2330 5380 2478 5427 esset
2500 5372 2875 5444 jejunantihus
2914 5375 3045 5447 ipsis
3085 5375 3250 5431 edere
3285 5383 3450 5446 atque
3472 5383 3719 5431 exsortes
3745 5387 3832 5429 eos
3854 5371 3911 5422 fa-

2330 5477 2456 5554 cere
2483 5465 2611 5532 cibi,
2645 5483 2808 5539 quem
2855 5468 3169 5540 reperisset.
3221 5465 3294 5522 At
3344 5468 3459 5535 illa,
3487 5479 3698 5540 partem
3744 5463 3906 5535 inquil.

2333 5566 2571 5614 vestram
2599 5560 2756 5618 vobis
2779 5561 3030 5618 servavi:
3057 5575 3166 5617 non
3195 5559 3267 5617 fui
3291 5574 3457 5617 avara
3485 5575 3588 5619 nec
3610 5559 3906 5617 inhumana:
3996 5619 3997 5634 ξ

2418 5745 2446 5787 δ
2487 5745 2725 5806 Terrore.
2739 5820 2742 5821 ν
2757 5749 2924 5806 Βιιιιι.
