4082 6344
257 339 394 396 2185

1112 337 1381 397 HISTOR.
1423 339 1513 395 DE
1553 336 1828 396 EXCIDIO
1868 338 2139 396 HIEROS.
2185 337 2390 396 URBIS
2430 338 2561 395 LIB.
2601 340 2666 395 γ.

3409 345 3552 402 2136

255 456 419 513 nolite
450 453 739 527 indignari,
773 453 983 511 habetis
1013 454 1159 526 quod
1185 466 1238 512 et
1268 471 1365 511 vos
1392 455 1586 522 edatis,
1613 454 1681 512 de
1710 455 1845 513 meis
1871 473 1921 533 Α
1949 470 2304 529 quaecumque
2333 455 2384 509 in
2414 454 2556 510 coelo
2587 461 2829 524 potestas
2859 466 2940 509 es.
2974 452 3115 520 Scis,
3140 454 3248 512 scis
3266 457 3511 527 profecto
3537 503 3553 528 ,

254 549 407 604 vobis
452 547 755 604 visceribus
814 547 991 603 cibum
1043 549 1251 619 paravi.
1306 546 1596 605 Considete
1642 548 1839 603 ocius:

255 658 499 699 mensam
544 658 812 713 apponam
844 660 859 697 :
892 641 1082 698 mirari
1125 641 1356 708 habetis,
1389 650 1444 697 et
1486 641 1843 697 ministerium

254 752 437 793 meum
478 745 506 775 ι
549 735 822 805 indicate,
878 736 1021 808 quod
1069 735 1231 792 talem
1279 735 1480 791 nullius
1524 736 1843 792 inveneritis

255 829 508 899 mulieris
528 828 777 886 allectum
800 870 815 895 ,
847 843 969 901 qua:
994 842 1093 888 vos
1121 844 1225 885 nec
1248 827 1418 886 dulcis
1446 828 1541 883 filii
1570 826 1849 883 fraudaret

252 922 444 995 gratia.
478 922 603 979 Hac
630 920 851 992 dicens,
878 921 1040 978 simul
1065 922 1382 1006 redoperuit
1405 920 1653 979 ambusta
1677 935 1849 977 mem-

253 1017 375 1083 bra,
398 1023 453 1072 et
476 1012 742 1086 epulanda
767 1013 966 1071 obtulit
985 1030 1108 1072 cum
1133 1013 1513 1071 adhortatione
1537 1014 1847 1086 hujusmodi

254 1108 567 1165 sermonis:
598 1108 712 1164 Hoc
759 1117 841 1165 est
896 1107 1183 1179 prandium
1244 1122 1462 1177 meum,
1507 1106 1626 1164 haec
1668 1115 1850 1163 vestra

255 1217 342 1274 po:
360 1203 436 1259 t':o
466 1220 481 1258 :
513 1202 692 1259 videte
715 1200 1047 1274 diligentius,
1076 1217 1144 1259 ne
1171 1216 1269 1257 vos
1298 1200 1683 1258 fraudaverim.
1708 1199 1851 1256 Ecce

253 1299 409 1371 pueri
442 1312 633 1354 manus
655 1313 783 1365 una,
813 1311 940 1353 ecce
966 1311 1063 1368 pes
1086 1296 1203 1368 ejus
1232 1310 1394 1363 unus,
1417 1311 1544 1353 ccce
1569 1295 1849 1351 dimidium

253 1390 453 1460 reliqui
496 1389 786 1462 corporis:
818 1398 875 1446 et
925 1404 994 1445 ne
1040 1389 1275 1445 alienum
1325 1391 1559 1460 putetis,
1591 1388 1734 1443 filius
1770 1394 1856 1443 est

255 1497 449 1549 meus;
479 1497 547 1538 ne
591 1481 818 1538 alterius
860 1496 996 1552 opus
1024 1479 1365 1537 arbitremini
1399 1497 1413 1534 :
1450 1495 1551 1551 ego
1580 1478 1715 1548 feci,
1752 1494 1853 1551 ego

255 1576 548 1648 diligenter
573 1574 729 1632 divisi
755 1575 885 1631 mihi
916 1574 1062 1648 quod
1091 1574 1499 1643 manducarem,
1527 1574 1682 1632 vobis
1708 1574 1854 1645 quod

254 1684 619 1726 reservarem.
652 1668 954 1741 Numquam
985 1669 1119 1724 mihi
1144 1667 1293 1725 fuisti
1322 1667 1535 1724 dulcior
1558 1709 1573 1736 ,
1605 1666 1683 1722 fili
1716 1685 1729 1720 :
1760 1666 1854 1722 tibi

255 1763 454 1829 debeo,
488 1764 631 1835 quod
677 1763 853 1821 adhuc
888 1762 1040 1821 vivo.
1073 1764 1187 1820 Tua
1232 1764 1472 1819 suavitas
1510 1762 1749 1819 animam
1777 1770 1858 1818 te-

1946 550 2072 623 quia
2101 549 2292 606 intimo
2321 548 2516 605 aﬁ‘ectu
2540 563 2729 620 pacem
2759 547 3075 621 frequenter
3094 550 3288 618 obtuli,
3322 563 3377 609 et
3411 557 3556 626 quod

1948 659 2059 699 non
2099 642 2265 714 pudet
2285 642 2473 699 dicere
2491 684 2506 710 ,
2536 642 2710 699 victor
2734 643 2921 713 rogavi
2954 660 2968 699 :
2991 642 3116 714 quia
3140 659 3365 715 parcere
3385 647 3549 703 etiam

1949 736 2081 807 ipsis
2105 745 2374 792 tantorum
2389 735 2714 807 ﬂagitiorum
2737 735 3217 808 prodigiorumque
3241 740 3554 797 auctoribus

1949 831 2094 886 volui
2114 873 2131 899 ,
2162 846 2392 903 parcere
2429 830 2632 902 populo
2649 872 2663 899 ,
2686 831 2876 887 urbem
2901 846 3118 888 servare
3144 851 3158 888 :
3187 835 3284 889 sed
3310 835 3439 906 quid
3468 836 3550 890 fa-

1949 940 2133 982 cerem
2176 927 2635 998 repugnantibus,
2684 925 2783 983 sed
2827 926 2956 996 quid
3008 926 3246 984 facerem
3291 928 3554 986 adversus

1950 1036 2080 1078 suos
2108 1020 2462 1077 furentibus?
2488 1020 2693 1078 Positis
2719 1020 3037 1092 plerumque
3076 1023 3273 1090 armis,
3322 1024 3449 1094 quia
3476 1023 3556 1080 illi

1950 1128 1981 1169 a
2011 1129 2235 1169 suorum
2284 1113 2524 1170 caedibus
2556 1129 2664 1170 non
2721 1112 3082 1183 desinebant,
3128 1115 3181 1169 iu
3230 1114 3434 1171 bellum
3466 1132 3556 1172 re-

1953 1207 2128 1274 verti,
2173 1214 2234 1262 ut
2271 1206 2562 1263 liberarem
2603 1209 2896 1273 obsessos,
2953 1224 3060 1264 non
3090 1209 3413 1279 perderem:
3458 1211 3561 1281 ipsi

1953 1314 2053 1355 nos
2073 1298 2139 1355 de
2159 1299 2328 1355 muris
2351 1298 2550 1354 hortati
2578 1315 2724 1370 saepe
2748 1308 2877 1356 sunt
2922 1299 3204 1367 dimicare,
3233 1318 3300 1358 ne
3329 1303 3553 1373 gravius

1955 1406 1985 1447 a
2014 1393 2128 1447 suis
2159 1394 2418 1462 perirent.
2452 1391 2651 1460 Quales
2681 1403 2805 1448 sunt
2833 1393 3000 1460 cives,
3033 1395 3232 1463 quibus
3263 1393 3437 1453 hostis
3461 1412 3551 1452 re.

1956 1483 2139 1539 medio
2161 1484 2290 1539 eSt?
2319 1483 2610 1539 Audieram
2638 1483 2890 1555 equidem
2945 1485 3344 1542 intolerabilem
3393 1486 3554 1559 hujus

1955 1592 2079 1634 esse
2108 1577 2294 1648 pepuli
2318 1576 2659 1634 ferocitatem
2691 1620 2705 1645 ,
2738 1578 2827 1649 qui
2877 1578 3284 1638 incredibilibus
3334 1596 3395 1637 se
3438 1583 3558 1652 opi-

1956 1671 2210 1727 nionibus
2236 1672 2290 1726 in
2322 1686 2540 1728 omnem
2560 1672 2761 1727 excitat
2790 1672 3155 1729 insolentiam.
3214 1674 3294 1730 De
3315 1676 3457 1731 coelo
3499 1691 3561 1733 se

1958 1780 2131 1836 genus
2161 1765 2482 1829 ducere,‘ibi
2506 1764 2740 1836 primum
2773 1764 3016 1821 induisse
3032 1766 3280 1838 corporis
3305 1767 3560 1837 formam,

257 1863 378 1916 nuit
418 1874 591 1916 meam
618 1903 632 1928 ,
667 1868 722 1916 et
752 1859 1003 1930 produxit
1034 1859 1191 1915 matri
1226 1859 1438 1915 miserae
1468 1859 1612 1915 diem
1644 1860 1855 1914 mortis.
1886 1866 1936 1927 B
1962 1857 2085 1914 coeli
2112 1872 2172 1912 se
2192 1855 2361 1912 fuisse
2403 1857 2608 1913 incolas
2635 1898 2650 1923 ,
2690 1856 3040 1913 descendisse
3089 1859 3155 1913 ad
3185 1857 3365 1930 cultus
3388 1869 3559 1917 terra-

254 1955 570 2013 Subvenisti
603 1956 655 2011 in
678 1954 820 2012 fame
852 1974 864 2010 :
902 1965 957 2011 tu
989 1970 1185 2010 munus
1232 1969 1545 2027 supremum
1593 1961 1853 2021 senectae,

255 2064 642 2120 percussorum
670 2063 972 2120 repressor.
1006 2048 1283 2104 Venerunt
1310 2046 1549 2103 necaturi
1571 2089 1586 2115 ,
1616 2046 1859 2102 convivae

256 2140 391 2198 facti
421 2150 548 2196 sunt
581 2157 595 2195 :
624 2139 900 2197 habebunt
940 2139 1041 2211 ipsi
1092 2138 1238 2212 quod
1262 2138 1291 2178 ι)
1325 2140 1422 2195 tibi
1452 2139 1707 2208 debeant,
1735 2154 1857 2194 cum

257 2236 451 2306 cpuias
477 2246 625 2289 meas
654 2232 1005 2304 sumpserint.
1034 2231 1143 2289 Sed
1189 2231 1319 2302 quid
1367 2231 1581 2287 refertis
1608 2230 1858 2303 gradum,

257 2327 394 2399 quid
443 2324 762 2383 horrescitis
807 2325 1029 2391 animo,
1079 2339 1177 2380 cur
1221 2339 1331 2379 non
1382 2322 1673 2395 epulamini
1719 2321 1864 2394 quod

260 2426 440 2475 mater
486 2417 628 2474 feci?
654 2416 890 2472 Possunt
920 2427 974 2473 et
1001 2431 1097 2473 vos
1123 2402 1399 2472 delectare
1418 2458 1433 2484 ,
1466 2431 1587 2486 quae
1627 2423 1860 2471 matrem

261 2519 668 2568 exsaturarunt.
715 2507 835 2565 Non
878 2508 1063 2566 esurio
1083 2508 1230 2580 jam,
1270 2517 1555 2580 postquam
1592 2522 1679 2563 me
1723 2506 1866 2563 filius

261 2618 422 2661 meus
459 2602 606 2675 pavit
636 2619 650 2656 :
679 2600 893 2659 abunde
919 2599 1180 2658 exsatiata
1222 2615 1343 2656 sum
1367 2641 1381 2666 ,
1411 2598 1607 2655 famem
1634 2597 1821 2655 nescio
1848 2619 1863 2653 :

263 2696 495 2754 Gustate
542 2703 599 2751 et
642 2693 853 2761 videte,
904 2695 1030 2766 quia
1080 2693 1263 2750 suavis
1307 2693 1452 2749 filius
1482 2707 1658 2749 meus.
1690 2691 1867 2749 Nolite

265 2790 389 2847 fieri
418 2789 695 2846 molliores
738 2796 934 2857 matre,
962 2787 1292 2845 infirmiores
1318 2786 1565 2845 muliere.
1599 2789 1669 2844 At
1697 2788 1743 2845 si
1770 2803 1868 2844 vos

264 2887 323 2943 in
352 2901 475 2943 meo
502 2885 729 2942 vulnere
773 2885 1156 2943 misericordes
1182 2887 1336 2955 estis,
1369 2895 1424 2943 et
1456 2902 1563 2943 non
1593 2885 1869 2958 suscipitis

267 2980 507 3038 hostiam
526 2994 724 3047 meam,
741 2988 903 3052 atque
919 2980 1247 3037 aversamini
1271 2979 1645 3036 holocaustum
1666 2995 1867 3046 meum;

265 3087 373 3145 ego
421 3072 810 3129 consummabo
868 3071 1193 3129 sacrificium
1257 3087 1439 3129 meum
1471 3114 1486 3140 ,
1533 3072 1872 3129 manducabo

266 3165 420 3239 quod
457 3165 725 3237 reliquum
772 3174 876 3222 est.
924 3164 1115 3223 Videte
1163 3179 1231 3222 ne
1276 3166 1430 3223 vobis
1477 3167 1773 3239 opprobrio
1802 3167 1873 3223 sit

1956 1966 2103 2016 rum,
2133 1951 2199 2007 de
2232 1950 2389 2006 terris
2420 1951 2487 2006 ad
2513 1950 2712 2007 caelum
2759 1949 2942 2007 redire
2965 1992 2979 2017 ,
3012 1951 3272 2010 transisse
3306 1969 3403 2023 per
3442 1969 3558 2010 ma-

1955 2044 2035 2099 ria
2067 2044 2212 2100 sicco
2233 2043 2392 2116 pede,
2426 2043 2630 2115 fugisse
2686 2053 2812 2100 ante
2841 2060 2901 2101 se
2939 2044 3134 2101 fluctus
3182 2046 3347 2103 maris
3373 2090 3389 2115 ,
3420 2063 3551 2104 con-

1960 2152 2118 2194 versa
2148 2136 2402 2193 Iordanis
2446 2137 2651 2193 fluenta
2692 2139 2745 2193 in
2777 2152 2934 2193 suum
2970 2139 3171 2195 fontem
3212 2144 3558 2211 recurrisse;

1961 2231 2181 2287 stetisse
2205 2231 2398 2298 solem,
2428 2241 2488 2286 ut
2514 2229 2569 2285 hi
2595 2229 2782 2286 hostes
2813 2245 2944 2286 suos
2993 2231 3272 2288 vincerent
3304 2275 3319 2299 ,
3352 2249 3422 2291 ne
3450 2251 3559 2291 nox

1962 2324 2278 2395 impediret:
2314 2333 2499 2397 raptos
2550 2325 2603 2379 in
2635 2324 2830 2381 caelum
2878 2324 3050 2394 igneis
3097 2326 3345 2381 curribus
3393 2343 3562 2396 suos,

1966 2418 2238 2488 praeliatas
2269 2433 2368 2488 pro
2395 2432 2455 2473 se
2494 2417 2617 2473 caeli
2658 2426 2954 2487 potestates
2980 2459 2993 2484 ,
3036 2428 3088 2473 et
3123 2419 3439 2477 absentibus
3480 2423 3563 2478 his

1967 2510 2246 2566 universas
2284 2509 2519 2565 hostium
2564 2509 2714 2565 fusas
2754 2509 2969 2579 copias,
2997 2510 3392 2568 dormientibus
3438 2529 3563 2584 par-

1967 2608 2076 2656 tam
2102 2602 2405 2657 victoriam.
2441 2601 2568 2657 Haec
2591 2615 2986 2672 compereram,
3019 2603 3113 2658 sed
3145 2604 3396 2674 putabam
3421 2607 3566 2677 quod

1966 2695 2152 2751 divina
2176 2694 2319 2751 circa
2346 2709 2405 2750 se
2430 2693 2703 2765 jactarent
2729 2694 3014 2762 beneficia,
3042 2711 3148 2751 nun
3178 2713 3565 2771 usquequaque

1969 2789 2250 2846 audaciam
2280 2780 2641 2845 extenderent
2672 2830 2688 2855 ,
2736 2797 2793 2843 ut
2823 2804 2883 2844 se
2914 2804 3014 2844 nec
3044 2806 3074 2845 a
3119 2789 3380 2847 Romanis
3426 2794 3566 2849 vinci

1968 2896 2128 2951 posse
2153 2880 2569 2937 arbitrarentur.
2603 2880 2858 2951 Agnosco
2895 2880 3080 2951 itaque
3123 2896 3244 2937 cum
3295 2882 3381 2940 his
3409 2885 3567 2941 nobis

1969 2987 2092 3029 esse
2115 2972 2357 3043 praelium
2390 3014 2404 3037 ,
2438 2972 2608 3044 quise
2631 2973 3026 3043 insuperabiles
3055 2975 3283 3031 credant
3310 3018 3327 3044 ,
3362 2993 3482 3034 cum
3508 2995 3569 3036 se

1967 3065 2220 3137 jactitent
2248 3065 2437 3121 diluvii
2464 3067 2781 3138 superstites
2800 3108 2816 3131 ,
2850 3066 3097 3123 hatredes
3118 3068 3402 3126 fluminum
3428 3113 3443 3138 ,
3471 3083 3570 3128 ter-

1973 3174 2154 3214 rarum
2181 3160 2442 3231 hospites,
2467 3160 2704 3216 viatores
2726 3174 3033 3231 aequoreos,
3059 3176 3380 3219 ascensores
3398 3164 3569 3221 aethe-

268 3257 418 3330 quod
443 3258 635 3315 fortior
664 3257 820 3315 vobis
848 3257 1047 3316 mulier
1074 3268 1287 3331 reperta
1334 3261 1446 3331 sit,
1474 3276 1595 3332 quae
1621 3261 1872 3318 absume—
1898 3253 1942 3317 C
1974 3269 2132 3321 reos;
2163 3253 2362 3325 quibus
2383 3252 2525 3309 unda
2552 3269 2742 3309 murus
2761 3261 2867 3322 est.
2896 3268 2988 3310 aer
3011 3255 3117 3322 via.
3135 3255 3332 3311 coelum
3364 3255 3572 3312 habita-

268 3359 355 3406 ret
387 3348 572 3421 epulas
596 3350 861 3406 virorurn.
891 3349 1003 3423 Ego
1032 3350 1251 3422 quidem
1281 3350 1416 3408 tales
1444 3353 1629 3423 paravi
1660 3353 1872 3424 epulas,

270 3442 370 3498 sed
421 3456 520 3498 vos
564 3441 642 3498 sic
695 3442 905 3514 epulari
951 3451 1182 3500 matrem
1230 3443 1433 3502 fecistis
1472 3462 1485 3499 :
1524 3460 1611 3502 me
1659 3444 1877 3502 tenebat

273 3533 481 3605 passio,
510 3533 607 3590 sed
638 3533 768 3590 vicit
806 3535 1127 3592 necessitas.

873 3628 1102 3686 CAPUT
1139 3629 1280 3687 XLI.

347 3723 598 3797 Replevit
653 3726 915 3782 continuo
962 3734 1133 3783 totam
1196 3727 1387 3785 urbem
1450 3729 1587 3784 tanti
1648 3730 1877 3786 sceleris

272 3817 459 3885 nefas,
500 3825 593 3873 etc
624 3817 909 3890 utriusque
942 3829 1216 3890 tamquam
1256 3829 1382 3876 ante
1408 3820 1595 3876 oculos
1615 3821 1873 3891 positum,

273 3909 619 3983 parricidalis
665 3912 901 3968 convivii
964 3912 1332 3969 ministerium
1396 3911 1875 3984 perhorrescebat.

273 4006 579 4077 Coeperunt
624 4014 680 4063 et
727 4005 831 4078 ipsi
876 4006 1194 4063 incentores
1239 4005 1528 4062 seditionis
1564 4006 1879 4063 examinare

276 4110 405 4173 post
451 4102 599 4171 haec,
650 4116 789 4173 quos
827 4112 1084 4174 raperent
1123 4102 1274 4159 cibos
1300 4143 1316 4169 ,
1358 4115 1428 4158 ne
1475 4100 1685 4158 similes
1722 4116 1879 4159 escas

276 4192 620 4260 invenirent,
650 4202 704 4249 et
736 4194 888 4251 velut
912 4193 1290 4265 imprudentes
1328 4203 1633 4251 sumerent.
1681 4194 1877 4266 C(epe-

276 4295 404 4343 ruut
431 4286 671 4343 universi
685 4288 898 4357 timere,
915 4303 982 4344 ne
1012 4287 1107 4344 diu
1136 4289 1404 4357 viverent,
1420 4297 1476 4343 et
1497 4288 1637 4344 mori
1658 4288 1875 4345 vellent.

275 4381 538 4439 Pervenit
581 4382 742 4438 etiam
775 4382 844 4438 ad
869 4383 1148 4440 Romanos
1177 4384 1337 4455 hujus
1376 4385 1499 4440 facti
1544 4384 1875 4442 immanitas.

279 4477 415 4534 Nam
466 4477 713 4549 plerique
762 4477 865 4534 hoc
910 4478 1140 4536 horrore
1187 4478 1500 4550 perterriti,
1546 4479 1613 4534 ad
1665 4478 1877 4535 hostem

280 4570 557 4642 fugerunt.
583 4571 700 4637 Quo
729 4580 1010 4644 comperto
1048 4573 1251 4642 Cresar,
1297 4582 1614 4630 exsecratus
1648 4573 1881 4631 infelicis

1976 3350 2071 3417 tio,
2103 3348 2305 3406 cedunt
2333 3348 2567 3404 ﬂamma:
2590 3390 2606 3417 ,
2638 3362 2741 3404 nec
2771 3348 2984 3403 vincula
3014 3355 3219 3404 tenent.
3253 3348 3574 3406 Sitientibus

1976 3452 2129 3515 petra
2158 3444 2402 3511 solvitur,
2438 3458 2502 3499 ac
2525 3457 2650 3499 sese
2690 3442 2866 3498 fundit
2895 3442 2948 3497 in
2980 3453 3163 3513 potus.
3196 3443 3577 3501 Esurientibus

1973 3536 2175 3593 coelum
2221 3536 2485 3607 aperitur,
2536 3536 2691 3592 cibus
2740 3535 3015 3604 mittitur,
3055 3551 3221 3593 carne
3276 3538 3577 3593 volatilium

1977 3639 2155 3687 castra
2210 3630 2528 3700 implentur,
2581 3638 2637 3686 et
2691 3644 2885 3700 panem
2930 3630 3245 3701 angelorum
3289 3632 3580 3688 manducat

1978 3723 2162 3778 homo.
2227 3721 2580 3792 Striuguntur
2634 3721 2938 3793 liquentia,
2982 3737 3171 3777 amara
3220 3722 3573 3792 dulcescunt,

1978 3813 2060 3869 soi
2110 3822 2134 3850 θ
2181 3814 2410 3879 statuit,
2455 3812 2695 3868 tenebrae
2744 3812 3073 3871 illuminant.
3114 3814 3402 3871 Postremo
3448 3816 3579 3888 quid

1978 3903 2207 3974 amplius
2258 3913 2436 3975 poteSt
2485 3917 2645 3973 esse,
2700 3903 2918 3976 quando
2971 3904 3056 3961 his
3112 3906 3341 3963 audacia
3386 3908 3578 3965 deesse

1981 3997 2202 4069 potest?
2228 3996 2353 4066 Qui,
2385 4006 2443 4053 ut
2461 3996 2645 4064 aiunt,
2686 3998 2886 4053 mortui
2910 4001 3098 4054 vivunt
3130 4039 3148 4068 ,
3187 4008 3243 4055 et
3270 4001 3467 4071 sepulti
3492 4018 3579 4058 re-

1986 4092 2335 4148 suscitantur.
2383 4090 2659 4147 Adversus
2717 4090 2900 4146 divina
2958 4106 3175 4163 quoque
3229 4095 3575 4164 conspirasse

1980 4186 2081 4242 hos
2102 4186 2351 4242 homines
2388 4185 2574 4257 opinio
2610 4184 2866 4257 frequens
2895 4227 2910 4252 ,
2951 4193 3009 4241 et
3042 4200 3201 4257 poena
3231 4186 3434 4243 indicio
3471 4198 3575 4244 est.
3642 4226 3668 4249 ο

1991 4276 2202 4334 Ardent
2231 4275 2392 4333 hodie
2437 4292 2652 4349 quoque
2684 4287 2844 4333 terrae
2882 4286 3103 4348 pr0pter
3128 4277 3427 4334 incolarum
3478 4279 3579 4334 im~

1982 4368 2271 4440 pietatem:
2301 4369 2596 4441 plerosque
2617 4370 2780 4425 etiam
2810 4384 2876 4424 ex
2906 4367 3025 4424 istis
3054 4367 3232 4424 hiatus
3261 4369 3364 4425 soii
3393 4370 3583 4425 absor-

1981 4460 2119 4518 buit.
2142 4461 2409 4530 Quamdiu
2431 4462 2593 4532 igitur
2641 4463 2695 4516 in
2722 4460 2805 4517 his
2843 4460 2979 4517 locis
3012 4461 3384 4518 morabimur?
3411 4463 3499 4518 ubi
3527 4474 3583 4519 et

1982 4564 2246 4611 terrarum
2270 4555 2422 4611 ruina
2438 4562 2540 4622 est,
2556 4553 2782 4611 vidimus
2800 4562 2856 4610 et
2877 4569 3026 4610 mare
3040 4562 3334 4622 mortuum,
3352 4555 3588 4613 vidimus

282 4669 442 4720 ιεπω
470 4665 807 4736 ροηιεῧίυω’
840 4643 1032 4722 manus
1052 4665 1122 4723 ad
1143 4665 1345 4723 coelum
1367 4666 1586 4724 elevans
1614 4668 1736 4723 talia
1759 4682 1888 4739 pro-
1912 4643 1966 4704 D
1990 4648 2150 4704 etiam
2182 4658 2395 4704 mortua
2429 4657 2695 4704 terrarum
2728 4648 3046 4715 nascentia,
3074 4647 3297 4703 humum
3329 4647 3535 4705 aridam
3565 4693 3579 4715 ,

282 4757 625 4814 testabatur:
679 4757 761 4813 Ad
815 4758 1018 4814 bellum
1049 4759 1269 4831 quidem
1314 4760 1563 4817 venimus
1592 4803 1606 4828 ,
1637 4761 1734 4817 sed
1777 4776 1885 4817 non

283 4865 407 4906 cum
442 4848 749 4907 hominibus
780 4849 1101 4908 dimicamus
1126 4870 1141 4921 ;
1166 4853 1428 4911 adversus
1444 4868 1664 4909 omnem
1679 4852 1885 4911 rabiem

283 4944 588 5000 beiluarum
629 4960 692 5000 ac
741 4945 976 5002 ferarum
1002 4991 1017 5016 ,
1062 4948 1192 5020 quid
1224 4946 1250 4987 ἀ
1281 4948 1620 5006 sensibilium
1650 4948 1890 5021 loquor?

283 5036 550 5093 adversus
579 5052 797 5095 omnem
829 5039 1044 5110 rupium
1090 5040 1488 5098 immanitatem
1518 5040 1884 5099 decernimus.

285 5129 529 5202 Diiigunt
556 5129 687 5186 ferte
707 5130 852 5188 fetus
870 5148 1019 5198 suos,
1037 5148 1173 5205 quos
1194 5136 1358 5189 etiam
1375 5134 1431 5189 in
1450 5133 1590 5189 fame
1608 5134 1883 5202 nutriunt;

285 5233 343 5280 et
367 5240 490 5296 quae
515 5225 711 5283 alienis
739 5227 1069 5299 corporibus
1095 5237 1412 5299 pascuntur,
1443 5243 1474 5283 a
1519 5227 1884 5285 consimilium

284 5316 527 5373 ferarum
568 5318 848 5376 abstinent
888 5319 1271 5377 cadaveribus.
1314 5321 1431 5377 Hoc
1434 5322 1621 5430 λιιι-θ
1669 5337 1885 5380 omnem

286 5412 649 5469 acerbitatem
680 5422 793 5483 est,
836 5423 895 5469 ut
915 5415 1158 5472 membra
1197 5430 1319 5487 quis
1348 5412 1543 5494 geniti:
1571 5425 1764 5484 mater,
1788 5431 1887 5473 vo-

286 5511 458 5561 raret.
486 5503 712 5561 Mundus
734 5521 835 5578 ego
862 5507 931 5564 ab
961 5506 1064 5563 hoc
1093 5507 1343 5578 contagio
1370 5524 1383 5561 :
1420 5507 1515 5565 tibi
1538 5523 1625 5564 me
1643 5508 1888 5577 absolvo,

366 5674 394 5702 ιι
430 5664 693 5721 Judicale.
722 5666 889 5724 BARR.

365 5733 396 5774 ι’
438 5735 592 5792 Mihi.
622 5738 701 5794 In.

373 5818 395 5846 ε
436 5807 604 5866 Forte
632 5810 998 5883 unusquisque.
1032 5810 1311 5870 GALLAND.

706 5905 981 5966 ΡΑτιιοιρ.
1032 5905 1173 5970 XV.

1992 4738 2280 4795 virentium
2312 4738 2581 4795 fructuum
2605 4739 2824 4795 umbras
2864 4738 3054 4795 inanes
3088 4780 3104 4807 ,
3149 4738 3278 4795 foris
3303 4741 3531 4811 gratiam
3565 4784 3580 4810 ,

1987 4831 2133 4886 intus
2165 4829 2420 4886 favillam.
2457 4831 2588 4898 Quis
2609 4830 2861 4887 dubitare
2884 4839 3063 4902 potest
3095 4872 3112 4900 ,
3143 4832 3272 4904 quin
3304 4833 3445 4904 apud
3496 4834 3585 4889 in-

1989 4925 2133 4984 feros
2158 4943 2456 4997 versemur,
2482 4928 2626 4999 apud
2647 4943 2784 5000 quos
2815 4928 2979 4984 etiam
3032 4929 3302 4986 elementa
3332 4932 3579 4988 moriun-

1992 5020 2111 5075 tur?
2142 5019 2261 5093 ipsa
2285 5022 2411 5092 quin
2432 5021 2620 5088 etiam,
2649 5036 2771 5090 quae
2798 5028 2925 5091 post
2950 5032 3183 5078 mortem
3214 5023 3399 5081 vivere
3423 5024 3580 5089 solet,

1987 5112 2132 5184 apud
2166 5111 2184 5151 ί
2211 5128 2349 5185 quos
2389 5123 2596 5169 natura:
2635 5113 2808 5184 pietas
2833 5122 3047 5169 mortua
3088 5124 3143 5170 et
3178 5126 3458 5187 superstes
3484 5116 3584 5174 de-

1987 5206 2186 5263 functis
2212 5207 2417 5274 religio.
2451 5206 2587 5276 Quis
2616 5208 2764 5263 enim
2795 5216 3052 5277 parentes
3093 5224 3201 5263 non
3242 5209 3407 5264 etiam
3441 5224 3586 5264 mor-

1990 5307 2110 5356 tuos
2128 5300 2352 5372 diligat?
2380 5300 2515 5370 Quis
2555 5300 2701 5356 enim
2731 5304 2965 5357 amissos
3009 5302 3151 5357 filios
3177 5317 3286 5358 non
3307 5309 3455 5358 amet
3482 5343 3498 5366 ,
3531 5312 3587 5358 et

1990 5392 2111 5449 ioco
2141 5393 2428 5464 pignorum
2461 5393 2690 5449 teneat?
2717 5393 2898 5450 Manet
2942 5392 3203 5461 affectus,
3234 5394 3338 5450 etsi
3392 5394 3587 5466 pignus

1992 5488 2210 5555 obierit,
2239 5496 2554 5559 perseverat
2581 5502 2780 5545 nomen
2814 5497 3047 5555 naturae,
3074 5487 3244 5559 gratia
3280 5502 3389 5545 non
3418 5487 3586 5544 inter-

2064 5665 2092 5705 ἀ
2133 5667 2412 5725 Sensibilia
2435 5669 2635 5741 loquar.
2661 5669 2827 5728 ΒΑΜ.

2071 5750 2094 5778 θ
2119 5740 2505 5797 Statuitur.....
2540 5742 2922 5798 illuminantur.
2962 5742 3032 5798 In.

2072 5809 2093 5849 ί
2130 5810 2259 5868 Hos.
2292 5811 2369 5869 in.
2456 5854 2466 5865 .

3060 5907 3140 5971 32
