4082 6344
494 305 633 361 2187

1826 295 2077 354 SANCTI
2120 292 2445 361 AMBROSII

3653 300 3797 359 2f88

488 423 639 479 cidit.
671 420 828 492 Apud
851 421 953 485 hos
986 433 1115 475 vero
1143 433 1243 474 nec
1289 418 1559 472 viventem
1612 425 1783 470 mater
1824 427 2089 484 recogno-
2117 412 2173 473 Α
2198 422 2308 467 tum
2333 412 2474 468 mole
2503 426 2601 468 sua
2629 411 2881 468 viderunt
2929 426 3246 485 permanere
3273 454 3289 481 ,
3321 412 3579 471 aluerunt
3629 417 3798 471 auda-

495 519 593 574 scit
620 515 813 579 filium,
847 530 947 571 nec
974 513 1338 586 appellantem
1366 510 1535 571 audit,
1570 524 1667 565 nec
1689 508 1953 578 vagientis
1987 507 2087 561 mi-

494 616 736 665 seretur:
766 614 821 664 ct
845 616 1066 680 propter
1093 606 1252 665 unius
1281 605 1428 659 horae
1471 601 1858 661 exsecrabilem
1882 600 2085 664 cibum,

495 700 843 772 parricidales
872 709 896 735 ιι
921 698 1104 767 injecit
1129 696 1338 769 pignori
1370 709 1581 750 manus.
1632 692 1738 749 Sed
1764 692 1891 764 quid
1935 692 2087 762 quasi

494 812 690 852 novum
716 810 903 861 arguo,
936 808 1057 847 cum
1090 809 1118 845 a
1153 791 1444 863 parricidio
1477 789 1721 845 fraterno
1762 788 1980 861 generis
2005 788 2087 845 sui

494 898 780 943 numerent
806 884 1061 941 exordia?
1083 900 1205 939 cum
1240 885 1407 953 ipsius
1442 881 1672 937 Abraha)
1718 897 1876 950 quem
1904 881 2090 951 appel-

493 983 605 1039 lant
636 990 840 1051 patrem
865 991 918 1034 et
940 978 1239 1049 disciplina:
1267 988 1550 1037 auctorem
1574 993 1636 1033 ac
1668 975 1750 1029 sui
1787 975 2085 1045 principem

490 1074 692 1139 cultus,
723 1073 774 1131 in
822 1089 887 1129 eo
916 1072 1150 1127 maxime
1182 1069 1341 1125 fidem
1375 1070 1688 1140 prmdicent,
1716 1069 1860 1141 quod
1899 1083 1999 1124 nec
2029 1067 2090 1123 Ii-

491 1169 565 1224 lio
590 1166 919 1239 parcendum
962 1166 1269 1235 putaverit,
1294 1180 1526 1236 eumque
1552 1165 1691 1219 sicut
1719 1162 1949 1217 hostiam
1977 1162 2088 1217 aris

490 1261 835 1326 admoverit,
872 1268 1037 1332 atque
1067 1258 1442 1313 holocaustum
1490 1256 1688 1312 offerre
1724 1272 1829 1310 non
1870 1254 2084 1309 dubita-

488 1355 647 1410 verit.
680 1354 797 1409 Non
818 1352 1123 1408 condemno
1170 1350 1516 1407 devotionem
1545 1392 1560 1415 ,
1591 1350 1685 1405 sed
1711 1364 1895 1421 qua-ro
1921 1348 2088 1418 pieta-

490 1456 621 1501 tem.
653 1446 829 1503 Alium
860 1460 1072 1519 quoque
1104 1460 1133 1499 e
1157 1445 1268 1500 suis
1298 1443 1517 1498 vovisse
1543 1442 1995 1505 aiuntvictorem,
2033 1449 2089 1495 ut

488 1538 748 1609 quidquid
782 1536 886 1592 sibi
913 1537 1142 1607 primum
1166 1536 1493 1591 occurrisset
1515 1536 1730 1591 donmm
1762 1532 2083 1593 revertenti.

488 1630 793 1686 immolaret
828 1629 942 1687 Deo
965 1644 1098 1682 suo:
1146 1636 1202 1684 et
1226 1644 1348 1683 cum
1401 1627 1603 1682 rediret
1631 1668 1645 1692 ,
1674 1627 1980 1685 occurrisse
2028 1623 2088 1677 fi-

488 1727 821 1796 Iiam,atque
856 1724 1005 1778 illum
1062 1723 1311 1793 injecisse
1365 1721 1491 1775 filiae
1534 1737 1749 1777 manus.
1809 1720 2086 1793 Multaque

2192 504 2329 559 ciam
2362 521 2374 557 :
2405 504 2624 575 ingenio
2652 514 2831 560 tamen
2863 502 3049 561 Caesar
3088 506 3448 576 praeveniens,
3475 507 3673 577 ianuas
3705 522 3798 562 ar-

2192 604 2354 666 gento
2377 605 2596 668 opertas
2649 596 2909 652 succendi
2947 596 3361 669 jussit,quibus
3409 600 3533 671 igne
3577 600 3799 655 admoto

2190 701 2474 758 argentum
2501 688 2740 743 defluere
2778 730 2795 755 ,
2830 689 3028 745 deinde
3068 691 3328 762 paulatim
3380 693 3546 748 etiam
3591 693 3797 764 lignum

2191 781 2412 836 ardere:
2445 783 2594 836 sicin
2624 782 2891 851 porticum
2930 783 3249 842 interiorem
3281 784 3463 841 aditus
3493 794 3798 855 patescere.

2194 873 2301 930 Sed
2322 879 2612 930 miseratus
2634 873 2840 962 Caesar,
2868 891 2939 931 ne
2963 876 3208 933 finitimis
3235 877 3513 937 interioris
3544 860 3800 937 veStibuli

2193 967 2494 1037 porticibus
2518 966 2931 1038 comprehtﬂisis
2956 1011 2971 1034 ,
3009 969 3269 1039 templum
3320 980 3644 1033 exureretur
3666 1012 3680 1037 ,
3726 970 3799 1025 ad

2190 1062 2480 1117 consilium
2516 1061 2731 1117 vocavit
2763 1061 2930 1117 duces
2957 1066 3251 1127 exercitus,
3274 1063 3499 1121 dicens:
3531 1079 3638 1119 non
3668 1079 3796 1119 cum

2192 1155 2602 1211 insensibilibus
2628 1155 2733 1211 sibi
2762 1170 3039 1211 certamen
3070 1172 3193 1212 esse
3221 1198 3236 1225 ,
3270 1173 3371 1213 nec
3416 1156 3622 1213 bellum
3670 1172 3797 1213 cum

2190 1250 2458 1317 mdiﬁeiis,
2493 1264 2616 1319 qua:
2640 1249 2944 1305 victoribus
2970 1250 3297 1320 proficerent
3319 1292 3334 1317 ,
3363 1250 3410 1307 si
3438 1251 3686 1307 invxuSta
3707 1266 3797 1307 re-

2190 1349 2540 1395 servarentur
2567 1356 2579 1394 :
2604 1339 2771 1395 duces
2805 1350 2985 1397 tamen
3009 1341 3344 1410 asserebant,
3372 1352 3396 1390 8
3428 1343 3798 1399 valetudinem

2192 1432 2463 1501 parietum
2490 1442 2540 1487 et
2568 1433 2929 1489 munitionem
2963 1434 3169 1503 templi,
3200 1434 3402 1491 Judaeis
3426 1434 3479 1490 in
3525 1437 3799 1504 reliquum

2191 1541 2409 1597 (Iquue
2440 1528 2715 1583 incentivo
2748 1528 3007 1594 futuram,
3052 1529 3246 1600 quibus
3285 1536 3433 1585 esset
3474 1538 3624 1601 grata
3655 1532 3803 1585 inso-

2190 1623 2388 1691 lentia;
2413 1625 2625 1680 radices
2653 1625 2971 1682 rebellionis
2995 1623 3270 1681 eruendas
3303 1624 3544 1679 funditus
3567 1665 3582 1688 ,
3604 1639 3672 1681 ne
3697 1625 3802 1680 ite-

2188 1734 2308 1773 rum
2342 1719 2620 1775 temeritas
2648 1720 3083 1775 recrudesceret.
3134 1718 3352 1775 Distulit
3400 1726 3581 1774 tamen
3619 1717 3803 1775 Caesar

484 1818 589 1873 alia
620 1815 926 1887 hujnsmodi
954 1815 1226 1885 exempla.
1262 1814 1445 1883 Qualis
1485 1814 1586 1868 ista
1628 1827 1779 1884 gens,
1815 1830 1933 1885 qum
1963 1816 2088 1871 reli-
2117 1803 2166 1864 Β
2193 1814 2404 1869 coasilii
2441 1824 2727 1869 tractatum
2761 1814 2814 1869 in
2848 1824 3122 1890 posterum
3153 1812 3324 1891 diem.
3371 1811 3575 1867 Verum
3623 1811 3801 1867 Judaei

490 1912 633 1981 gioni
658 1910 861 1965 tribuat
906 1907 1143 1963 hominis
1191 1923 1379 1967 necem
1410 1951 1424 1975 ,
1478 1916 1533 1965 et
1584 1907 1907 1963 sacrificium
1936 1918 2093 1981 putet

488 2017 612 2059 esse
645 2001 991 2077 parricidium
1016 2001 1038 2055 ?
1066 2001 1199 2069 Quis
1230 2001 1369 2055 Deus
1398 1999 1566 2069 possit
1605 1998 1708 2055 hoc
1732 2000 1969 2073 exigere,
1999 2008 2093 2055 aut

488 2096 668 2167 qualis
721 2094 975 2151 sacerdos
1025 2095 1119 2164 qui
1182 2094 1284 2150 boc
1342 2094 1515 2163 possit
1557 2091 1811 2148 deferre?
1853 2093 2091 2163 Denique

483 2189 512 2230 ι)
557 2200 799 2247 veterem
854 2189 1005 2243 illum
1044 2188 1202 2259 quasi
1256 2185 1662 2255 prudentiorem
1720 2201 1828 2239 non
1896 2184 2091 2241 fecisse

486 2284 659 2347 aiunt,
687 2280 783 2335 sed
808 2279 1045 2334 voluisse
1070 2296 1085 2345 ;
1112 2280 1269 2333 istum
1310 2278 1465 2349 quasi
1502 2288 1522 2315 ο
1547 2276 1942 2332 consultiorem
1968 2292 2090 2347 per-

486 2386 789 2428 severasse.
827 2370 1075 2425 llabeant
1102 2384 1228 2423 suos
1271 2370 1407 2421 ritus
1436 2365 1463 2405 ἀ
1489 2366 1764 2439 duriatum
1798 2367 2084 2434 homines,

487 2464 630 2537 apud
658 2478 795 2535 quos
837 2461 1126 2532 disciplina
1184 2470 1266 2515 est
1298 2460 1439 2515 filios
1466 2461 1737 2517 occidere.
1771 2462 1964 2517 Infelix
2012 2463 2086 2517 ci-

486 2560 647 2625 vitas,
673 2561 723 2613 in
744 2574 846 2630 qua
872 2557 993 2612 talis
1023 2556 1260 2621 olficina,
1289 2555 1394 2609 tale
1415 2564 1438 2592 ε
1468 2556 1784 2628 mysterium
1809 2565 1911 2611 est.
1941 2554 2086 2626 Ope-

491 2653 634 2709 riant
662 2668 782 2708 eam
808 2652 977 2706 ruinzc
1010 2666 1143 2715 sum,
1174 2659 1335 2719 atque
1364 2648 1701 2704 abscondant
1731 2646 1747 2685 ί
1787 2648 1955 2703 invidi
1985 2650 2087 2720 ipsi

486 2748 887 2819 Contagionem,
910 2761 977 2802 ne
1006 2744 1091 2800 sol
1118 2743 1321 2809 videat,
1347 2758 1414 2797 ne
1437 2743 1717 2797 stellarum
1740 2744 1931 2811 globus
1960 2758 2087 2813 spe-

484 2849 634 2903 ctet,
667 2854 735 2894 ne
778 2838 1119 2893 maculentur
1155 2850 1411 2890 aurarum
1457 2833 1779 2904 spiramina:
1825 2846 2086 2906 purgato-

484 2933 599 2989 rius
625 2947 842 3003 quoque
872 2930 958 2985 ille
983 2940 1174 2985 exuret
1207 2930 1366 2999 ignis.
1397 2927 1698 3000 Thyesteas
1730 2928 1895 2999 dapes
1934 2928 2087 2985 fabu-

488 3028 596 3081 lam
632 3038 914 3097 putamus:
957 3023 1217 3095 ﬂagitium
1260 3022 1541 3089 videmus,
1592 3024 1877 3079 veritatem
1908 3024 2085 3080 cerni-

485 3134 605 3174 mus
626 3119 948 3172 atrociorem
979 3114 1274 3186 tragoediis.
1301 3113 1375 3170 lbi
1416 3115 1559 3170 enim
1600 3115 1808 3170 firmior
1836 3131 1999 3171 sexus
2029 3126 2084 3172 et

2194 1924 2253 1964 se
2279 1909 2640 1964 infundendos
2668 1918 2958 1978 putarunt:
2993 1905 3087 1964 sed
3118 1906 3351 1962 Romani
3382 1906 3659 1961 consertis
3688 1905 3802 1977 cly-

2196 2004 2312 2073 peis
2338 2046 2351 2069 ,
2400 2003 2651 2069 quamvis
2681 2001 2971 2072 pauciores
2996 2042 3013 2067 ,
3061 2003 3294 2071 primum
3324 2000 3585 2073 impetum
3640 2002 3805 2057 susti-

2195 2114 2382 2154 nuere.
2422 2097 2660 2154 Nutabat
2704 2108 2886 2151 tamen
2930 2097 3075 2152 acies
3116 2110 3388 2155 concursu
3427 2094 3800 2149 innumerabi-

2195 2192 2261 2246 lis
2284 2190 2673 2245 multitudinis.
2698 2188 2851 2245 Unde
2880 2188 3067 2243 CtBsar
3104 2204 3226 2245 cum
3259 2188 3536 2259 equitibus
3565 2202 3801 2258 propere

2192 2282 2380 2347 adfuit,
2408 2291 2695 2353 proterens
2720 2280 2877 2336 facile
2906 2295 3043 2355 quos
3076 2281 3392 2350 reperisset,
3415 2292 3579 2352 atque
3605 2278 3801 2335 hostile

2192 2390 2386 2446 agmen
2414 2374 2653 2437 reﬂexit,
2687 2390 2754 2430 eo
2780 2373 2973 2439 fretus.
2998 2373 3255 2444 quiajam
3301 2383 3515 2442 pateret
3556 2372 3798 2428 vestibu«

2189 2469 2363 2527 lorum
2389 2469 2589 2538 portio.
2624 2466 2827 2537 Maiore
2857 2482 3079 2522 suorum
3103 2482 3265 2521 manu
3287 2465 3539 2538 sequenti
3566 2465 3656 2521 die
3684 2465 3793 2519 dis-

2191 2563 2372 2629 posuit
2397 2562 2449 2616 in
2477 2562 2688 2615 hostem
2731 2562 3075 2633 irrumpere,
3128 2560 3383 2629 templum
3439 2559 3797 2621 succendere.

2190 2654 2345 2721 Quod
2372 2656 2570 2721 factum
2614 2654 2907 2722 eripuisset
2928 2652 3119 2709 urbem
3177 2653 3470 2715 incendio;
3513 2653 3619 2706 nisi
3669 2653 3798 2709 laeva

2188 2764 2344 2803 mens
2384 2749 2567 2819 populi
2594 2747 2913 2807 flammasin
2946 2762 3005 2801 se
3026 2745 3264 2801 hostium
3303 2756 3685 2818 provocasset.
3712 2746 3801 2803 Ju-

2188 2839 2280 2899 bet
2295 2842 2441 2896 enim
2470 2839 2656 2896 Caesar
2688 2841 2952 2911 restingui
2978 2840 3181 2912 ignium
3213 2841 3439 2912 globos,
3470 2856 3539 2896 ne
3563 2842 3799 2912 irruptu~

2186 2934 2262 2988 ris
2292 2934 2678 3005 impedimento
2706 2933 2905 2989 forent.
2949 2932 3106 3001 Quod
3133 2934 3385 2993 videntes
3428 2933 3627 3003 Judmi,
3661 2935 3789 2991 dum

2186 3026 2510 3083 insidiantur
2553 3026 2859 3083 volentibus
2900 3026 3148 3085 incendia
3184 3028 3369 3098 templi
3408 3028 3753 3097 restinguere
3779 3068 3793 3090 ,

2187 3118 2346 3173 cazsis
2397 3118 2688 3188 aliquibus,
2722 3117 2933 3173 hostem
2978 3118 3346 3177 accenderunt
3379 3135 3391 3173 :
3423 3135 3561 3176 unus
3589 3118 3660 3175 de
3688 3118 3795 3174 Ro-

483 3220 669 3280 partus
696 3211 943 3265 alienus:
972 3207 1059 3263 hic
1081 3208 1295 3274 mulier,
1325 3207 1414 3262 cui
1446 3217 1633 3277 partus
1678 3208 1933 3278 proprius
1970 3208 2085 3264 fue-
2114 3188 2160 3253 (ἶ
2195 3212 2372 3264 manis
2402 3212 2714 3266 semiustam
2750 3220 2941 3267 nactus
2961 3210 3245 3273 materiem
3272 3252 3288 3274 ,
3320 3226 3443 3280 qua:
3482 3210 3550 3266 de
3576 3211 3793 3282 fastigio

484 3306 555 3359 rit
584 3304 757 3359 cibus.
792 3302 866 3359 lbi
890 3302 1063 3356 aliena
1095 3300 1241 3355 fraus
1269 3342 1283 3365 ,
1317 3300 1405 3355 hic
1431 3302 1647 3370 propria
1692 3302 1964 3357 voluntas.
1992 3300 2084 3355 Ille

490 3397 697 3461 doluit,
736 3398 850 3450 lucc
889 3395 1197 3449 insultavit:
1237 3392 1395 3462 digna
1431 3394 1627 3447 talibus
1658 3392 1791 3447 viris
1818 3407 1965 3459 esca,
1994 3393 2084 3462 qui

488 3490 844 3562 pertinaciter
902 3484 1155 3541 bellando
1206 3484 1464 3539 mulieres
1507 3500 1633 3540 suas
1691 3483 1757 3538 ad
1807 3483 1914 3538 tale
1964 3498 2086 3555 per-

489 3589 770 3642 duxerunt
808 3581 1138 3639 convivium.
1189 3579 1451 3653 Equidem
1477 3595 1571 3633 eos
1601 3579 1767 3632 tantis
1817 3578 2084 3631 malorum

490 3679 726 3734 afﬂictos
745 3672 1137 3731 acerbitatibus
1160 3671 1270 3742 jam
1302 3671 1481 3725 furere
1503 3670 1737 3725 arbitror
1762 3711 1777 3735 ,
1812 3679 2086 3724 amentes-

488 3788 592 3843 que
632 3770 804 3824 factos
829 3809 844 3833 ,
886 3768 975 3837 qui
1006 3766 1121 3820 lucc
1145 3780 1251 3819 non
1301 3763 1559 3819 sentiant.
1592 3764 1771 3830 Quare
1822 3761 2087 3817 maturius

490 3862 691 3918 bellum
723 3859 1104 3926 eonficiamus,
1134 3858 1254 3925 quia
1283 3855 1562 3911 emendari
1601 3871 1706 3909 non
1736 3866 1975 3925 queunt:
2004 3855 2089 3908 in-

489 3970 746 4028 gruamus
777 3952 1089 4023 instantius.
1124 3960 1182 4004 ut
1211 3951 1481 4020 fugiamus
1531 3949 1811 4023 regionum
1859 3948 2085 4002 istarum

495 4050 792 4105 morientes
819 4059 1010 4115 aquas,
1036 4054 1179 4098 terra
1210 4054 1448 4097 ruentes.

1080 4134 1307 4191 CAPUT
1333 4135 1490 4189 XLII.

567 4235 658 4290 llis
700 4233 863 4289 dictis
908 4228 1187 4284 admoveri
1245 4228 1445 4297 templo
1485 4227 1682 4282 arietes
1725 4228 1923 4298 jubet,
1985 4228 2083 4284 sed

494 4330 624 4386 nihil
657 4327 821 4381 validi
851 4327 989 4379 ictus
1018 4321 1393 4392 proliciebant.
1429 4320 1678 4393 Plerique
1704 4332 1883 4376 tamen
1909 4325 2088 4378 territi

492 4424 561 4480 de
589 4423 723 4497 ipsis
752 4419 1077 4476 seditionum
1111 4414 1442 4485 principibus
1479 4414 1772 4485 confugere
1803 4416 1868 4471 ad
1909 4418 2090 4473 C.esa-

494 4533 609 4573 rem
645 4558 658 4580 ,
693 4529 831 4585 quos
854 4511 1005 4566 Titus
1041 4519 1311 4577 tamquam
1360 4508 1683 4563 necessitate
1732 4509 2043 4579 compulsos
2068 4554 2082 4575 ,

2189 3304 2513 3372 deciderat,
2544 3303 2730 3361 adulto
2767 3306 2887 3377 igne
2944 3316 3114 3377 porta:
3165 3305 3409 3363 admovit
3457 3322 3578 3376 qua}
3627 3321 3791 3367 aurea

2191 3410 2548 3468 nuncupatur,
2591 3396 2735 3466 quod
2786 3412 2922 3453 auro
2946 3398 3174 3455 vestitas
3204 3396 3438 3455 habebat
3480 3397 3648 3455 fores.
3703 3397 3792 3454 Li-

2190 3488 2472 3559 quefactus
2495 3489 2642 3543 illico
2665 3488 2899 3542 ﬂammis
2928 3490 3046 3544 auri
3084 3489 3231 3560 rigor
3278 3489 3482 3559 lignum
3518 3490 3748 3551 nudavit
3775 3533 3791 3558 ,

2189 3582 2333 3653 quod
2387 3585 2532 3635 velut
2573 3583 2773 3637 intecto
2816 3582 2987 3637 latere
3033 3583 3204 3650 patuit
3252 3582 3526 3637 incendio.
3579 3582 3795 3638 Exustis

2191 3677 2373 3748 itaque
2401 3676 2591 3741 valvis,
2619 3677 2669 3731 in
2709 3675 2967 3732 interiora
2996 3691 3056 3731 se
3101 3675 3290 3745 templi
3332 3676 3631 3746 penetralia
3667 3677 3794 3733 inse-

2192 3776 2299 3826 ruit
2352 3770 2513 3845 ignis.
2552 3768 2781 3840 Jamque
2832 3781 3002 3840 portm
3045 3769 3164 3841 ejus
3214 3769 3477 3829 vestibula
3525 3768 3793 3825 latebant.

2192 3863 2412 3919 Turbati
2444 3877 2634 3921 omnes
2656 3862 2747 3932 qui
2774 3877 2832 3923 se
2860 3862 3045 3931 templi
3075 3861 3375 3918 munimine
3404 3860 3789 3928 defensabant,

2191 3958 2462 4030 trepidare
2512 3957 2691 4023 illico;
2725 3965 2779 4013 et
2806 3956 3051 4027 quaedam
3084 3954 3197 4025 jam
3231 3954 3509 4023 inclinatio
3535 3955 3791 4015 mentium

2192 4062 2333 4115 erat,
2399 4050 2550 4104 illum
2608 4051 2752 4104 diem
2825 4063 2947 4102 esse
2999 4046 3198 4117 templo
3237 4046 3565 4107 excidialem
3609 4089 3625 4114 ,
3672 4045 3792 4115 quia

2194 4144 2246 4198 in
2274 4144 2391 4213 ipso
2419 4142 2506 4197 die
2557 4142 2827 4212 quondam
2860 4139 3174 4212 Babyloniis
3221 4137 3597 4211 ingruentibus
3622 4136 3794 4193 fuerat

2194 4238 2475 4292 incensum
2504 4277 2519 4301 ,
2554 4238 2677 4306 quia
2706 4241 2825 4289 erat
2846 4234 3088 4289 decimus
3129 4232 3248 4288 dies
3277 4229 3305 4268 ιι
3344 4230 3505 4291 Jama
3549 4234 3750 4293 mensis
3773 4275 3787 4299 ,

2192 4345 2352 4400 quem
2374 4328 2484 4399 jam
2516 4328 2717 4383 dndmn
2757 4328 2900 4381 inter
2951 4325 3193 4381 funestos
3229 4326 3685 4383 annumerabant.
3731 4325 3787 4381 ln

2192 4423 2474 4491 superiora
2496 4435 2708 4492 quoque
2735 4437 2793 4475 se
2824 4435 3076 4473 aurarum
3132 4418 3426 4488 spiramine
3463 4416 3604 4491 ignis
3634 4418 3789 4473 attol-

2193 4517 2331 4582 lens,
2363 4516 2658 4570 victoribus
2688 4515 2927 4569 la‘titiam
2961 4554 2975 4579 ,
3016 4514 3168 4569 victis
3214 4521 3357 4567 tanta
3392 4513 3510 4569 labe
3546 4512 3785 4570 dolorem

494 4627 598 4665 non
620 4610 771 4681 (μιηεί
797 4605 1121 4677 promissum
1147 4608 1365 4657 secutos
1389 4601 2084 4674 dubitavitsuscipere.88d
2117 4583 2168 4644 D
2194 4610 2411 4681 dignum
2458 4608 2673 4663 infudit.
2722 4607 2936 4662 Clamor
2978 4622 3191 4678 quoque
3230 4608 3604 4662 universorum
3636 4622 3785 4663 exor—

497 4705 634 4759 ﬁdes
659 4699 976 4770 temperavit
1008 4695 1363 4751 iracundiam.
1397 4692 1513 4750 Non
1546 4710 1613 4750 eo
1648 4695 1751 4750 loci
1778 4704 1956 4751 mmen
1986 4696 2086 4752 ha-

495 4798 611 4852 buit
634 4810 741 4850 eno
763 4791 1012 4864 perfugas
1059 4790 1371 4855 superiores
1399 4831 1412 4854 ,
1445 4789 1812 4861 intentiusque
1841 4805 1969 4845 suos
1998 4807 2087 4844 ur-

495 4904 624 4959 gere
654 4888 857 4956 erepit;
900 4890 960 4937 ut
997 4881 1235 4937 universi
1281 4881 1515 4934 hostium
1569 4881 1915 4937 discederent
1964 4900 2087 4953 per-

496 4980 634 5038 culsi
666 4986 832 5034 metu.
860 4975 967 5033 Sed
994 4975 1085 5030 ubi
1115 4975 1347 5046 parietes
1376 4971 1670 5028 inoffensos
1706 4975 1774 5029 ab
1801 4975 1911 5031 ictu
1947 4979 2090 5037 arie-

570 5172 593 5198 ει
623 5160 819 5231 Injicit.
845 5159 1010 5216 BARR.

566 5233 593 5273 ι’
628 5225 900 5288 Abraham
932 5227 1197 5297 intelligit.
1224 5225 1300 5281 In.

570 5318 591 5343 (τ
625 5302 1078 5365 Incomultiarem,
1105 5295 1302 5365 Jephte
1330 5295 1557 5351 scilicet.
1589 5295 1668 5351 In.

568 5373 592 5413 δ
623 5374 755 5431 Duri
776 5386 940 5430 tamen
959 5373 1204 5431 homines.
1239 5369 1310 5423 In.

575 5459 597 5483 ί·
632 5447 996 5503 Ministerinm.
1025 5446 1099 5499 In.

574 5517 593 5556 ί
630 5519 817 5573 Mundi
842 5520 1025 5587 ipsius.
1062 5516 1137 5568 ID.

571 5602 595 5637 κ
636 5591 984 5645 Validitatcm.
1018 5588 1093 5641 In.

569 5662 750 5717 Mlod.
794 5671 900 5715 vet.
952 5659 1139 5713 Loina.
1186 5651 1379 5709 Suidas
1425 5649 1592 5707 Loum
1634 5666 1663 5707 a
1709 5651 2087 5709 Macedonibus

495 5740 791 5804 Augustum
824 5733 1027 5804 dictum
1066 5735 1312 5804 testatur.
1351 5723 1521 5804 Brutti.
1555 5752 1625 5763 —-
1667 5722 1906 5804 Videsis
1944 5725 2086 5804 Dod-

488 5794 704 5865 wellum
730 5802 791 5855 de
812 5799 978 5873 Cyclis
1001 5808 1153 5853 veter.
1178 5795 1346 5850 (ἔνευε.
1373 5794 1774 5882 ειυῐῖοηιαηηίιιιί
1797 5794 2012 5855 dissert.
2031 5797 2086 5863 9,

2192 4713 2427 4769 tus,nec
2455 4703 2623 4757 multo
2675 4710 2793 4773 post
2848 4703 3065 4755 nuntius
3114 4699 3325 4755 hostilis
3363 4699 3632 4756 excidium
3675 4698 3786 4754 Ca:—

2192 4795 2300 4851 sari
2330 4794 2673 4849 manifestum
2728 4791 2992 4848 reddidit:
3025 4790 3115 4863 qui
3141 4806 3200 4845 se
3248 4790 3554 4859 proripiens
3592 4799 3783 4861 quanta

2191 4899 2407 4963 poterat
2426 4904 2579 4952 voce,
2615 4887 2872 4957 restingui
2898 4888 3047 4958 ignes
3068 4884 3318 4956 jubebat.
3350 4883 3457 4940 Sed
3492 4898 3669 4954 neque
3694 4898 3784 4955 per

2196 4982 2481 5037 tumultum
2523 4978 2778 5035 audiendi
2842 4978 3067 5033 facultas
3126 4984 3282 5041 erat,
3315 4989 3491 5045 neque
3535 4973 3781 5045 parcendi

2198 5175 2317 5231 pag.
2351 5159 2478 5225 597,
2511 5174 2728 5214 menses
2752 5156 3128 5231 Macedonicos
3157 5172 3278 5231 cuAm
3302 5153 3586 5231 Hebraicis
3607 5157 3784 5231 exiJo-

2195 5225 2349 5297 scpbi
2380 5235 2647 5288 sententia
2681 5233 2907 5286 collatos
2933 5230 3170 5285 exhibet.
3198 5225 3468 5283 Caeterum
3500 5227 3645 5284 Lous
3674 5230 3779 5284 Ma-

2192 5306 2489 5362 cedonibus
2524 5317 2606 5359 est
2655 5303 2857 5359 mensis
2884 5302 3082 5358 Julius.
3115 5300 3299 5369 Neque
3348 5309 3529 5354 tamen
3574 5313 3780 5357 errasse

2187 5378 2457 5446 putandus
2496 5376 2713 5434 Snidas.
2757 5374 3226 5447 Syromacedones
3271 5386 3506 5442 namque
3558 5371 3780 5447 Lexieo-

2186 5444 2425 5519 graphus
2459 5444 3088 5519 intellexisse'putandns
3108 5486 3122 5509 ,
3149 5458 3585 5519 quoruinannns
3613 5461 3641 5498 a
3676 5444 3780 5499 Ma-

2188 5513 2491 5576 cedoniano
2522 5535 2710 5575 mense
2758 5513 3024 5573 an'teverti
3078 5514 3217 5585 apud
3250 5513 3495 5585 eruditos
3535 5522 3773 5570 constat:

2189 5602 2249 5645 ut
2294 5604 2582 5662 propterea
2610 5600 2752 5653 Λῶος
2782 5591 2871 5662 qui
2922 5584 3298 5662 Macedonibus
3325 5592 3410 5639 est
3437 5584 3776 5662 Julius._Sy-

2189 5656 2649 5718 roniacédonibus
2680 5664 2751 5716 sit
2778 5660 3071 5730 Angustus.
3103 5657 3309 5730 Qua_de
3333 5671 3393 5710 re
3421 5658 3562 5714 scite
3590 5656 3775 5715 Fabri-

2192 5736 2307 5790 cius
2331 5736 2383 5790 in
2415 5733 2714 5804 Menologio
2739 5774 2752 5798 ,
2782 5728 2938 5802 pagg.
2970 5728 3063 5795 45,
3097 5728 3189 5785 45.
3210 5728 3491 5785 ϐΑιιΑΝυ.
