4050 6474
176 352 318 407 2189
1041 343 1305 403 HISTOR.
1354 349 1436 400 Di".
1480 346 1756 404 EXCIDIO
1797 347 2070 404 HIEROS.
2116 347 2324 404 UllBlS
2367 350 2494 406 LIB.
2528 351 2596 406 Υ.
3334 351 3482 409 2l90

177 468 450 531 voluntas,
481 481 600 524 eum
654 465 879 525 Romani
922 465 1122 521 milites
1146 466 1396 522 vindicta:
1435 465 1615 520 studio
1669 465 1771 520 fer-
1802 468 1851 528 Α
1881 466 2160 537 populusa
2224 467 2484 520 Romanis
2529 481 2652 522 sese
2703 467 3064 523 dissociaret:
3116 469 3249 538 ipsis
3299 477 3479 523 autem

176 569 386 620 verent.
421 569 650 630 notaque
681 559 850 627 pietas
879 557 1108 613 Caesaris
1140 559 1519 613 inobedientiae
1571 568 1771 616 metum
1884 559 2103 612 Pascha:
2135 558 2345 623 diebus,
2381 560 2632 614 Xantbici
2668 563 2870 617 mensis
2897 573 3092 616 octavo
3140 562 3229 618 die
3256 605 3270 627 ,
3305 573 3359 618 et
3383 579 3480 633 per

177 655 289 707 suis
318 653 588 717 demeret,
625 653 751 708 nulli
786 653 954 706 fraudi
990 653 1101 706 suis
1130 651 1370 706 futurum
1401 693 1415 715 ,
1448 667 1569 706 cum
1611 651 1774 704 etiam
1883 651 2124 722 singulas
2148 663 2336 708 noctes
2369 653 2497 707 hora
2532 654 2749 709 circiter
2778 671 2914 708 nona
2939 697 2954 721 ,
2989 656 3250 725 templum
3291 665 3344 710 et
3387 671 3479 710 ara

177 745 423 799 hostibus
451 746 843 815 ignosceretur.
897 745 1039 799 Nutu
1087 752 1268 798 tamen
1303 753 1357 797 et
1410 759 1570 797 manu
1624 743 1778 796 Titus
1884 751 2003 817 ejus
2034 749 2104 801 ita
2140 748 2341 802 lumine
2368 749 2714 818 refulgebat,
2760 749 2913 818 quasi
2940 749 3058 804 dies
3084 759 3251 811 esset,
3289 764 3384 817 per
3400 748 3482 802 di-

181 841 497 903 FB"t'08‘titl.
529 854 667 908 rI005
693 847 924 907 poterat,
962 837 1253 892 mandabat
1283 836 1552 904 aliquibus
1591 843 1649 888 nt
1701 836 1780 888 in-
1884 840 2106 894 midimn
2141 840 2309 896 ferme
2336 841 2484 894 horai
2547 841 2787 910 quotidie
2819 857 3073 896 mancus:
3108 841 3253 911 quod
3285 839 3480 910 vulgus

182 933 437 988 biberent
468 933 703 1001 impetus
745 931 996 984 militum.
1043 929 1150 984 Sed
1185 931 1260 982 ira
1296 929 1432 983 duce
1465 937 1488 964 ει
1531 927 1782 982 adolebat
1886 934 2367 1002 interpretabatur,
2405 934 2744 988 cumulantis:
2767 935 2942 1004 gentis
2974 933 3229 988 indicium
3263 932 3436 987 videri
3467 974 3483 997 ,

180 1024 524 1087 incendium,
553 1022 761 1077 hostem
812 1023 1074 1092 urgebant
1119 1023 1499 1091 desperatione
1548 1021 1737 1074 salutis
1765 1062 1778 1085 ,
1887 1043 2059 1096 eoque
2093 1027 2307 1098 impulsi
2339 1039 2458 1082 sum
2481 1067 2496 1092 ,
2533 1037 2802 1098 ιωηφιειιη
2835 1035 3046 1096 tempus
3097 1026 3294 1081 θίγοι-ει
3321 1025 3486 1079 “per-

176 1116 288 1187 jam
313 1116 393 1168 sui
417 1115 697 1184 prodigum
723 1123 778 1170 et
807 1125 973 1168 totum
999 1131 1058 1169 se
1080 1114 1474 1182 expendentem
1501 1113 1780 1180 periculis.

182 1208 388 1280 Vulgus
415 1210 648 1270 maxime
683 1209 915 1277 ignobile
960 1208 1250 1262 leriebatur
1281 1249 1295 1271 ,
1345 1206 1666 1273 ubicumque
1696 1221 1786 1258 oc—

182 1311 451 1368 currerat,
483 1302 606 1372 quia
637 1301 797 1360 nullis
826 1302 1090 1354 itumitum
1123 1299 1308 1358 annis,
1343 1314 1442 1356 nec
1472 1296 1787 1367 repellenda

184 1397 419 1457 vulneri,
450 1410 549 1456 nec
578 1393 947 1463 retorquendo
981 1391 1235 1446 idoneum
1267 1399 1402 1444 erat.

763 1484 991 1542 CAPUT
1019 1483 1208 1542 XLIII.

259 1582 539 1652 Fatigatus
577 1580 753 1650 itaque
794 1579 1123 1636 clamoribus
1151 1577 1333 1634 Cresar
1370 1620 1383 1640 .
1431 1575 1658 1647 gradum
1706 1590 1790 1629 re—

189 1676 333 1743 tulit,
370 1691 492 1730 cum
518 1673 735 1728 ﬂamma
779 1671 956 1728 adhuc
985 1671 1260 1726 conclavia
1315 1671 1499 1738 templi
1533 1668 1794 1738 depasce-

191 1771 369 1826 batur.
401 1769 607 1836 Quibus
629 1767 860 1831 densus,
894 1766 946 1819 in
982 1765 1154 1832 ipsam
1181 1765 1350 1820 (edem
1395 1779 1452 1818 se
1489 1763 1674 1817 furens
1706 1764 1791 1816 in-

1890 1121 2013 1173 tatis
2037 1120 2384 1188 recipiendae.
2417 1119 2801 1174 Prudentiores
2856 1131 3042 1174 c0ntra
3077 1119 3441 1189 opinabantur
3469 1160 3483 1183 ,

1891 1212 2031 1282 quod
2065 1212 2115 1266 id
2144 1228 2318 1282 genus
2345 1213 2517 1266 stellae
2547 1212 2743 1267 bellum
2774 1212 2948 1265 soleat
2990 1203 3345 1266 denuntiare.
3376 1209 3489 1265 Nec

1893 1306 2176 1374 quisquam
2201 1305 2492 1358 arbitretur
2515 1305 2688 1359 aliena
2711 1319 2806 1358 nos
2833 1319 2862 1356 a
2893 1304 3040 1358 cultu
3065 1314 3272 1367 nostro,
3298 1311 3351 1356 et
3381 1302 3490 1356 dis-

1891 1399 2083 1468 ciplina
2119 1400 2346 1452 locutos.
2377 1396 2642 1462 Primum,
2679 1397 2798 1464 quia
2824 1413 2929 1450 non
2963 1397 3089 1467 quid
3124 1395 3279 1450 nobis
3310 1395 3492 1450 videa-

1897 1500 2002 1553 tur,
2027 1490 2352 1553 astruimus;
2386 1490 2478 1543 sed
2505 1488 2630 1558 quid
2662 1488 2955 1553 acciderit,
2980 1505 3101 1559 quae
3114 1503 3178 1542 ve
3207 1487 3495 1557 opiniones

1898 1592 2025 1637 tunc
2073 1583 2334 1652 temporis
2381 1581 2635 1644 fuerunt,
2668 1578 2797 1650 quid
2833 1580 3126 1648 prudentes
3174 1581 3446 1634 senserint
3482 1618 3496 1638 ,

1897 1675 2026 1746 quid
2070 1675 2461 1744 imprudentes.
2505 1674 2688 1744 Neque
2740 1688 2860 1727 cum
2890 1673 2957 1728 de
3001 1685 3146 1729 secta
3190 1674 3502 1729 Judworum

1899 1769 2098 1838 aliquid
2119 1769 2320 1823 dictum
2339 1778 2443 1832 est,
2465 1768 2536 1821 ita
2556 1768 2816 1838 scriptum
2835 1767 3084 1820 videatur
3101 1780 3132 1818 a
3151 1766 3327 1831 nobis,
3347 1765 3502 1834 quasi

194 1865 344 1920 tulit.
373 1864 488 1929 Qua
523 1863 707 1930 specie
737 1859 978 1930 plerique
1007 1858 1328 1914 exanimati:
1361 1858 1451 1910 alii
1480 1873 1539 1912 se
1568 1857 1619 1910 in
1647 1857 1793 1925 ipsos
1828 1860 1874 1920 Β
1904 1861 1954 1913 in
1992 1861 2217 1914 veritate
2237 1861 2414 1915 cultus
2457 1875 2673 1926 eorum,
2710 1875 2814 1913 non
2844 1858 2996 1927 quasi
3025 1858 3076 1911 in
3130 1856 3316 1911 umbra
3347 1865 3402 1910 et
3436 1857 3499 1909 ti-

193 1956 219 1994 b
245 1955 446 2012 misere
477 1956 647 2024 ignes,
675 1969 904 2022 quorum
943 1952 1084 2005 ot-uli
1107 1953 1248 2006 ferre
1298 1966 1400 2004 neu
1434 1957 1715 2018 poterant,
1741 1955 1798 2000 nt

194 2050 521 2118 superstites
557 2046 756 2114 templo
803 2053 1236 2098 reservarentur.
1277 2043 1482 2096 Rursus
1524 2041 1798 2095 concurrit

193 2141 347 2196 Titus
373 2140 596 2208 cupiens
624 2138 926 2207 cujusntodi
961 2135 1105 2194 aedes
1146 2146 1292 2190 esset
1320 2135 1793 2202 circumspectare.

193 2233 359 2302 Cujus
392 2234 558 2302 gratia
593 2240 771 2286 motus
805 2274 815 2292 .
855 2231 1338 2298 pr;ecelleutiorem
1371 2227 1611 2281 omnium
1665 2236 1800 2279 tem-

198 2329 413 2398 plorutn
462 2327 631 2380 fuisse
676 2325 930 2393 operibus
980 2325 1266 2379 fatebatur.
1299 2322 1591 2376 Mirabatur
1639 2335 1800 2374 saxo-

200 2436 319 2474 rum
363 2417 829 2487 magnitudinem,
878 2418 1077 2471 metalli
1135 2417 1363 2470 nitorem
1403 2457 1416 2480 ,
1463 2423 1798 2469 venustatem

211 2514 429 2584 operis,
462 2513 687 2583 gratiam
731 2512 1164 2582 pulchritudinis.
1202 2512 1309 2565 Nec
1363 2509 1632 2564 immerito
1685 2517 1802 2562 tan-

203 2621 310 2664 tam
354 2608 518 2662 fuisse
578 2607 678 2660 loci
710 2605 1086 2664 celebritatem
1144 2603 1564 2672 pronuntiabat,
1629 2609 1686 2653 ut
1738 2615 1804 2653 eo

202 2717 269 2754 ex
342 2699 477 2760 locis
544 2699 796 2753 omnibus
871 2699 1312 2760 conveniretur,
1399 2696 1520 2762 quia
1597 2703 1802 2745 tantum

205 2810 312 2848 non
345 2794 446 2848 nisi
468 2793 662 2846 summi
685 2791 777 2847 Dei
809 2790 1124 2846 crederetur
1156 2805 1275 2843 esse
1308 2787 1661 2841 domicilium.
1697 2783 1804 2838 Ad-

197 2886 459 2957 jungebat
487 2887 657 2940 honos
693 2884 854 2938 fidem
881 2883 1176 2952 religionis,
1209 2898 1316 2950 quo
1351 2880 1515 2934 etiam
1547 2880 1807 2932 barbaro-

208 2994 327 3034 rum
359 2986 548 3048 gentes
581 2978 838 3046 templum
875 2975 1005 3030 illud
1040 2973 1465 3028 venerabantur:
1509 2980 1562 3024 et
1611 2969 1808 3024 infere-

207 3071 337 3124 bant
373 3086 594 3123 tnunera
617 3069 903 3138 praedones
938 3078 957 3103 ε
998 3066 1269 3136 religionis
1291 3108 1304 3129 ,
1337 3080 1455 3134 qua:
1480 3075 1654 3118 tamen
1683 3073 1808 3116 tunc

207 3165 539 3235 diripiebant
565 3165 645 3220 sui
673 3206 688 3228 ,
721 3174 776 3218 et
800 3162 1186 3230 diSperdvbant
1227 3161 1463 3214 latrones
1493 3199 1504 3221 ,
1539 3159 1808 3210 irruentes

1901 1968 2030 2021 gnra
2058 1954 2342 2021 praemisso
2373 1960 2813 2017 contexerentus,
2836 1961 2890 2004 ut
2913 1957 3274 2021 sequerentur
3297 1949 3506 2016 perfec—

1905 2046 2060 2099 tiora.
2092 2044 2225 2098 Nam
2271 2045 2339 2099 de
2368 2044 2537 2114 signis
2582 2044 2864 2105 stellarum
2896 2045 3058 2096 etiam
3111 2043 3164 2095 in
3200 2041 3502 2110 Evangelio

1902 2137 2182 2204 docemur,
2212 2139 2336 2208 quia
2369 2147 2517 2190 erunt
2548 2139 2695 2208 signa
2725 2137 2777 2189 in
2800 2136 2909 2190 sole
2944 2177 2957 2197 ,
3014 2145 3061 2188 et
3084 2134 3208 2188 luna
3231 2177 3243 2199 ,
3270 2144 3317 2188 et
3343 2135 3506 2188 stellis

1903 2231 2056 2300 (Luc.
2088 2248 2196 2294 xxr,
2229 2231 2344 2301 ‘25).
2407 2229 2599 2284 Vitulaz
2629 2245 2842 2300 quoque
2894 2239 3049 2297 partit
3103 2237 3458 2282 asserueruut
3490 2266 3504 2288 ,

1903 2341 2026 2380 cum
2061 2323 2382 2379 immolanda
2413 2332 2620 2378 astaret
2645 2323 2905 2377 altaribus
2933 2365 2947 2388 ,
3000 2323 3052 2374 in
3105 2321 3285 2376 medio
3318 2319 3508 2388 templi

1906 2436 2098 2487 agnum
2131 2419 2354 2479 editum.
2392 2418 2445 2471 in
2479 2417 2608 2485 ipsis
2629 2431 2908 2470 sacrorum
2939 2415 3083 2485 (qure
3109 2430 3272 2483 supra
3303 2429 3508 2467 memo-

1907 2511 2168 2580 ravimus)
2198 2509 2626 2565 celebritatibus.
2659 2506 2991 2562 Orientalem
3024 2521 3242 2576 quoque
3291 2515 3502 2575 portam

1908 2606 2222 2658 interiorem
2273 2601 2453 2655 solido
2495 2617 2604 2656 tere
2634 2615 2877 2670 gravem,
2907 2615 3029 2668 quae
3049 2598 3250 2654 soleret
3281 2598 3346 2652 ad
3384 2613 3501 2652 ves-

1913 2711 2096 2766 peram
2122 2694 2310 2764 viginti
2361 2695 2599 2748 virorum
2633 2693 2804 2746 multo
2845 2691 3024 2746 claudi
3074 2692 3258 2746 labore
3292 2733 3307 2756 ,
3348 2691 3511 2746 obse-

1911 2801 2082 2843 ratam
2114 2789 2359 2844 vectibus
2413 2785 2640 2850 ferreis,
2690 2801 2785 2855 per
2835 2785 3040 2853 aliquot
3067 2792 3256 2839 noctes
3314 2792 3512 2854 sponte

1911 2894 2208 2938 reseratam
2238 2923 2252 2946 ,
2279 2888 2336 2935 et
2364 2880 2450 2933 vix
2484 2888 2670 2948 postea
2703 2894 2730 2930 a
2786 2876 3101 2931 custodibus
3148 2876 3407 2930 clausam.
3457 2874 3516 2929 Id

1910 2992 2125 3045 quoque
2149 2973 2555 3027 arbitrabantur
2578 2969 2822 3039 plerique
2845 2969 3143 3022 futurorum
3173 2966 3386 3038 signum
3415 2966 3512 3021 bo-

1912 3084 2105 3122 norum
2137 3109 2150 3132 ,
2201 3065 2398 3136 quibus
2426 3062 2754 3135 ingressuris
2790 3060 2950 3131 porta
2991 3063 3320 3131 aperiretur.
3367 3061 3515 3115 Con-

1912 3159 2166 3214 sultiores
2189 3166 2370 3212 autem
2402 3156 2623 3210 aiebant
2653 3197 2665 3218 ,
2702 3153 3004 3208 custodiam
3059 3152 3248 3223 templi
3299 3153 3510 3207 resolu-

210 3261 262 3316 in
288 3261 470 3316 omnia
499 3275 620 3329 quae
657 3258 899 3327 deposita
948 3257 1225 3310 viduarum
1261 3253 1472 3308 fuerant
1522 3253 1606 3305 vel
1636 3251 1809 3320 pupil-
1837 3254 1882 3316 C
1915 3261 2021 3307 tam
2051 3250 2222 3305 videri
2257 3292 2270 3315 ,
2295 3259 2352 3302 ut
2381 3261 2738 3319 quatcumque
2762 3247 2908 3301 intus
2932 3246 3108 3302 forent
3143 3290 3157 3311 ,
3219 3245 3286 3300 ab
3339 3245 3512 3300 hosti-

211 3357 412 3420 lorutn,
447 3367 717 3421 tamquam
751 3352 818 3406 de
849 3351 1141 3406 victoribus
1176 3346 1580 3411 vindicaretur,
1613 3344 1657 3398 si
1683 3343 1808 3412 quid

207 3464 275 3504 ex
303 3447 480 3516 praeda
531 3445 788 3501 Romanis
839 3445 1191 3497 minueretur.
1253 3439 1539 3507 Templum
1585 3452 1803 3508 quoque

209 3540 404 3594 ardere
433 3537 829 3604 conspicientes
856 3576 870 3600 ,
906 3533 1006 3604 ipsi
1050 3533 1412 3587 incendebant
1439 3540 1634 3584 cmtera
1672 3571 1686 3595 ,
1742 3543 1809 3582 ne

214 3634 356 3704 quod
388 3630 603 3688 excidio
639 3630 821 3699 templi
867 3635 1144 3698 superstes
1173 3635 1318 3681 esset
1366 3624 1651 3678 u-diticium
1681 3639 1692 3673 :
1727 3635 1812 3675 re-

215 3727 401 3797 ligioni
433 3725 758 3796 deputantes
793 3767 806 3789 ,
859 3723 902 3776 si
928 3723 1104 3776 omnia
1149 3737 1270 3773 eum
1307 3718 1506 3786 templo
1552 3717 1811 3785 perirent.

216 3819 325 3874 Nec
349 3817 529 3874 adhuc
560 3827 737 3870 tamen
770 3814 940 3869 Judaai
979 3813 1254 3881 perfidiam
1286 3809 1663 3878 depouebant:
1693 3821 1814 3874 quae

217 3927 378 3967 causa
415 3909 634 3978 majoris
676 3907 871 3962 excidii
923 3905 1036 3960 fuit.
1086 3904 1220 3958 Natn
1272 3918 1393 3956 cum
1421 3900 1585 3954 animi
1618 3899 1816 3950 multo-

218 4020 339 4060 rum
371 4002 778 4060 inllecterentur
801 4041 816 4066 ,
870 4008 925 4052 ut
953 4012 1012 4052 se
1035 4039 1048 4061 ,
1097 3997 1236 4050 facto
1269 3993 1483 4062 agmine
1509 4033 1523 4054 ,
1555 3989 1814 4044 Romanis

222 4097 517 4162 traderent,
561 4090 1029 4164 pseudoproplteta
1061 4087 1274 4156 quidam
1316 4085 1523 4154 jactare
1549 4082 1713 4151 ρωρὶι
1762 4079 1814 4134 in

218 4204 448 4248 excessu
478 4189 675 4244 mentis
703 4200 838 4249 suze,
865 4182 1066 4252 templo
1098 4181 1278 4235 divina
1305 4176 1552 4246 praesidia
1594 4190 1696 4228 nou
1723 4173 1817 4226 de-

221 4284 423 4347 futura,
449 4297 647 4338 vocare
680 4280 933 4348 populum
955 4276 1018 4333 ad
1051 4291 1109 4330 se
1138 4275 1291 4329 velut
1316 4273 1548 4343 quodam
1573 4268 1812 4332 oraculo,

223 4377 404 4432 adhuc
461 4393 519 4430 se
551 4374 606 4428 in
641 4374 839 4442 templo
873 4386 971 4426 suo
1013 4384 1233 4424 manere
1291 4367 1438 4421 illico
1480 4363 1818 4430 repulsorum

226 4471 461 4527 hostium
495 4484 698 4526 cuneos
729 4509 742 4534 ,
774 4467 1112 4522 [laminarum
1165 4460 1433 4524 incendia.
1489 4459 1580 4513 Sie
1637 4455 1818 4510 miseri

225 4564 353 4620 dum
402 4562 687 4618 infeliciter
744 4560 892 4616 falsis
961 4553 1512 4612 circnn'iventionibus
1549 4549 1813 4613 credunt,

1913 3348 2010 3400 bus
2056 3344 2460 3415 diriperentur:
2504 3345 2678 3399 exiret
2702 3345 2912 3405 cultus,
2949 3343 3198 3400 introiret
3246 3343 3509 3408 vastitas,

1914 3451 2268 3496 evacuaretur
2337 3439 2674 3504 celebritas,
2729 3439 3054 3493 sacrificium
3115 3438 3510 3494 destrueretur.

1912 3535 2063 3603 Quod
2090 3536 2250 3589 etiam
2297 3543 2422 3588 ante
2470 3550 2630 3603 quam
2673 3533 3069 3588 erucifixissent
3105 3532 3382 3588 Christum
3425 3532 3516 3587 εἰει

1915 3645 2032 3682 sum
2058 3628 2265 3698 liquido
2312 3626 2676 3697 signiﬁcatum
2722 3629 2885 3682 lectio
2925 3629 3104 3681 docet.
3140 3625 3269 3680 Post
3317 3627 3518 3680 multos

1913 3734 2126 3786 quoque
2151 3719 2298 3781 dies,
2327 3718 2495 3786 figura
2531 3718 2776 3787 quaedam
2824 3719 3078 3786 apparuit
3110 3717 3510 3772 inaestimabilis

1915 3809 2319 3878 magnitudinis,
2349 3825 2506 3878 quam
2531 3810 2749 3873 plurimi
2782 3811 3249 3876 circumspexere,
3280 3810 3421 3863 sicut
3446 3810 3514 3862 li-

1917 3903 1997 3955 bri
2033 3903 2342 3958 Judazorum
2400 3901 2844 3956 manifestatum:
2904 3914 2958 3957 et
3011 3911 3136 3956 ante
3181 3903 3312 3957 solis
3361 3918 3520 3957 occa-

1917 4009 2034 4047 sum
2068 3993 2248 4047 subito
2277 3993 2374 4047 visi
2402 3993 2452 4046 in
2483 3993 2718 4047 nubibus
2742 4008 2934 4048 currus
2982 4001 3037 4047 et
3074 3994 3220 4048 acies
3255 4005 3475 4047 armatae
3499 4036 3514 4059 ,

1916 4090 2110 4159 quibus
2154 4091 2317 4142 totius
2372 4088 2573 4143 Jud:eae
2630 4089 2975 4159 regionisque
3033 4090 3149 4159 ejus
3215 4091 3376 4145 urbes
3430 4091 3515 4145 in-

1917 4191 2286 4236 cursarentur.
2319 4182 2373 4235 In
2406 4183 2521 4252 ipsa
2547 4193 2724 4238 autem
2760 4183 3113 4238 PenteeoStes
3153 4185 3520 4252 solemnitate,

1916 4274 2280 4344 ingredientes
2312 4277 2626 4330 sacerdotes
2666 4277 2716 4330 in
2749 4277 2934 4345 templi
2957 4277 3218 4331 interiora
3253 4289 3522 4333 nocturno

1919 4375 2161 4436 tempore
2187 4409 2200 4432 ,
2229 4377 2284 4419 ut
2338 4368 2602 4423 sacrificia
2647 4379 2862 4422 assueta
2913 4370 3296 4438 celebrarent,
3332 4370 3514 4442 primo

1920 4471 2121 4516 motum
2176 4463 2464 4532 quemdam
2499 4463 2735 4517 sensisse
2786 4480 2843 4518 se
2890 4465 3286 4535 prodiderunt,
3332 4475 3388 4521 et
3435 4482 3524 4521 so-

1922 4570 2047 4607 nimi
2090 4554 2323 4620 editum;
2355 4569 2540 4624 postea
2585 4556 2746 4610 etiam
2801 4556 3017 4612 audisse
3049 4558 3333 4626 repentina
3390 4574 3523 4614 voce

227 4660 528 4716 dedecores
554 4666 717 4723 atque
765 4651 916 4706 inulti
945 4651 1088 4703 sicut
1143 4661 1334 4716 pecora
1387 4641 1816 4699 trucidabantur-
1852 4637 1899 4696 D
1927 4645 2248 4699 clamatum:
2286 4646 2630 4701 Transeamus
2659 4648 2795 4702 hinc.
2830 4647 2987 4703 .lesus
3037 4665 3251 4719 quoque
3299 4652 3524 4705 Ananiae

227 4754 328 4820 Qui
359 4752 403 4804 si
437 4749 734 4804 voluissent
762 4745 984 4800 credere
1010 4787 1022 4808 ,
1059 4741 1326 4796 evidentia
1382 4735 1716 4792 imminentis
1747 4732 1822 4786 si-

230 4861 334 4917 gna
377 4841 575 4898 excidii
613 4839 911 4894 habebant:
962 4835 1154 4906 quibus
1199 4833 1362 4888 veltlli
1410 4831 1570 4888 claris
1600 4826 1821 4884 vocibus

230 4933 688 5001 admonebantur,
719 4931 876 4985 linem
907 4929 1005 4982 sibi
1039 4927 1225 4983 affore.

799 5021 1026 5076 CAPUT
1075 5019 1256 5074 XLIV.

307 5120 439 5174 Nam
466 5134 561 5188 per
589 5131 787 5170 annum
823 5115 991 5167 ferme
1018 5128 1180 5180 supra
1211 5112 1466 5182 templum
1522 5111 1695 5177 ipsum
1734 5124 1826 5162 co-

235 5225 408 5270 metes
437 5253 452 5276 ,
486 5212 682 5279 paSsittt
735 5207 871 5277 ignis
903 5216 955 5259 et
985 5204 1146 5275 gladii
1199 5205 1488 5274 quamdam
1535 5199 1828 5272 pratfercus

236 5304 669 5363 similitudinem,
701 5299 1053 5355 denuntiabat
1083 5313 1297 5366 quoque
1332 5296 1474 5350 ferro
1496 5305 1548 5349 et
1571 5293 1679 5362 igni
1702 5309 1834 5362 gen-

239 5401 304 5458 tis
332 5409 386 5455 et
411 5397 561 5465 regni
597 5395 852 5461 urbisque
888 5390 1050 5460 ipsius
1079 5390 1377 5444 vastitatem
1411 5388 1666 5442 futuram.
1697 5386 1834 5452 Quid

237 5494 382 5548 enim
408 5487 707 5544 similitudo
745 5484 904 5555 gladii
941 5484 1036 5534 nisi
1071 5483 1308 5534 bellum?
1355 5483 1491 5546 Quid
1539 5480 1698 5548 ignis,
1735 5479 1839 5535 nisi

238 5582 545 5639 incendium
579 5575 956 5632 denuntiaret?
985 5575 1135 5629 ViSus
1166 5586 1244 5628 εει
1280 5584 1479 5638 autem,
1510 5574 1657 5642 prius
1680 5590 1837 5642 quam

313 5778 335 5801 ει
371 5762 680 5819 Ασίοιεὺίιιιι.
720 5761 883 5812 ΒΑΒΡ..

314 5838 339 5874 ι’
375 5836 627 5889 Merserc.
665 5830 744 5882 In.

1930 4738 2090 4804 filius,
2134 4740 2367 4794 ruricola
2430 4743 2560 4808 vir,
2630 4751 2755 4797 ante
2823 4758 2996 4797 annos
3064 4757 3295 4814 quatuor
3360 4763 3521 4818 quam

1930 4833 2132 4887 bellum
2181 4832 2494 4889 Judzcorum
2542 4837 2772 4904 populus
2809 4836 3154 4905 adoriretur,
3207 4840 3260 4895 in
3308 4855 3521 4896 smnma

1930 4941 2062 4995 pace
2094 4926 2241 4979 urbis
2272 4935 2327 4980 et
2358 4927 2709 4993 abundantia,
2737 4944 2856 4983 cum
2887 4931 3208 5000 sceuopegia
3240 4933 3528 4988 sacrificiis

1931 5019 2264 5074 solemnibus
2287 5020 2712 5087 celebrarentur,
2743 5022 3001 5091 templum
3027 5023 3350 5093 ascendens,
3370 5026 3538 5094 (:(Bpil

1934 5115 2212 5168 clamare:
2252 5113 2368 5168 Vox
2414 5115 2476 5167 ab
2525 5115 2750 5178 oriente,
2784 5128 2880 5168 eoa:
2911 5115 2971 5167 ab
3017 5116 3303 5182 occidente,
3359 5134 3457 5172 vox
3504 5135 3537 5172 a

1934 5221 2158 5280 quatuor
2183 5212 2367 5277 ventis,
2399 5227 2494 5264 v0.1:
2520 5228 2676 5279 super
2710 5209 3123 5280 llit'rosolytrtrtirt
3155 5223 3200 5264 et
3232 5228 3386 5281 super
3416 5223 3541 5265 tem-

1936 5302 2101 5372 plum,
2135 5318 2234 5355 vox
2261 5320 2417 5372 super
2442 5320 2656 5370 sponsos
2685 5311 2731 5355 et
2761 5318 2999 5372 sponsas,
3031 5320 3128 5359 vox
3156 5323 3310 5376 super
3338 5319 3540 5358 omnem

1939 5397 2188 5463 papulum
2223 5409 2241 5444 :
2272 5397 2371 5450 hoc
2406 5395 2652 5450 noctibus
2683 5404 2737 5448 et
2762 5395 2954 5450 diebus
2979 5397 3399 5450 vnciferabatur.
3427 5397 3547 5458 Quo

1943 5489 2074 5540 moti
2124 5489 2392 5558 primores
2456 5491 2598 5553 loci,
2652 5491 3034 5558 corripuerunt
3086 5508 3207 5546 cum
3237 5531 3249 5552 ,
3299 5490 3542 5545 terribile

1945 5584 2096 5633 vocis
2158 5580 2276 5649 ejus
2328 5582 2584 5637 indicium
2637 5582 3147 5653 perhorrescentes,
3197 5592 3250 5635 et
3302 5583 3552 5649 plurimis

2018 5770 2036 5795 ε
2077 5760 2342 5827 Regionis.
2376 5759 2446 5818 In.
