4050 6460
582 296 719 355 1191

1904 292 1908 357 ί
1931 286 2174 346 SANC’I‘I
2216 285 2533 345 AMBROSII

3731 293 3847 350 2199.

586 388 712 468 eum
746 406 1028 479 suppliciis
1056 404 1303 466 afl‘ecere,
1331 416 1439 473 quo
1469 402 1660 458 saltem
1692 400 1925 458 afllictus
1949 403 2166 471 dolore,
2198 410 2253 470 Α
2280 401 2441 458 terris
2485 401 2783 458 secundum
2830 419 3048 461 carnem
3080 407 3302 476 genitus
3328 423 3394 462 ex
3430 407 3623 473 Maria,
3648 423 3847 479 regnum

580 505 855 560 desineret
905 499 1164 556 terribilia
1205 507 1259 553 et
1308 496 1463 567 plena
1514 495 1777 566 prodigiis
1821 496 2166 553 denuntiare.

579 602 648 654 At
677 598 767 653 ille
809 611 909 651 nec
941 601 1087 649 metu
1114 591 1224 645 ul‘.o
1243 631 1259 658 ,
1294 604 1394 645 nec
1422 590 1741 645 verberibus
1789 598 1880 644 aut
1909 589 2170 660 graviori-

576 690 681 746 bus
732 683 1262 743 interminationibus
1313 682 1569 751 territus,
1617 697 1773 738 nsum
1835 691 1927 738 aut
1979 698 2165 739 vocem

576 782 824 848 mutavit,
852 778 1041 835 eadem
1069 774 1494 831 denuntiationis
1519 775 1919 845 perseverantia
1952 784 2008 831 et
2032 790 2166 832 con-

576 873 814 930 textione
856 884 1205 933 sermonum,
1238 868 1384 924 nulla
1431 867 1830 925 obsecrationis
1874 868 2169 941 interpola-

576 969 720 1023 tione
752 965 806 1021 in
836 964 1025 1021 iisdem
1058 964 1343 1029 manebat,
1376 963 1589 1035 injuria:
1632 965 1938 1036 negligens,
1970 964 2168 1020 allecto

576 1057 890 1114 immobilis.
940 1055 1096 1125 Quod
1162 1071 1500 1127 nequaquam
1557 1056 1977 1127 perfunctorium
2042 1057 2164 1125 rati,

573 1151 668 1208 sed
699 1150 756 1205 in
781 1163 1010 1206 excessu
1039 1148 1237 1204 mentis
1261 1190 1274 1213 ,
1304 1156 1360 1202 ut
1386 1158 1535 1214 erat,
1568 1149 1822 1220 exprimi,
1855 1150 2167 1205 detulerunt

574 1243 639 1297 tul
684 1242 786 1298 loci
825 1241 1098 1312 judicem,
1130 1244 1220 1311 qui
1266 1248 1399 1296 tunc
1423 1242 1684 1312 temporis
1711 1258 1742 1297 a
1769 1241 2029 1298 Romanis
2069 1257 2169 1312 per

571 1336 625 1391 id
653 1338 932 1399 locorum,
981 1334 1193 1405 publica
1245 1333 1482 1405 agitabat
1528 1333 1763 1405 negotia.
1805 1334 1853 1390 Is
1904 1334 2166 1390 rimanda:

570 1430 815 1488 veritatis
842 1429 1014 1501 gratia
1040 1472 1054 1493 ,
1088 1427 1403 1484 saevissimis
1432 1443 1558 1483 eum
1587 1429 1761 1498 pmnis
1787 1428 2117 1484 exulceravit
2149 1445 2162 1482 :

566 1539 672 1594 quo
703 1523 875 1592 magis
906 1530 1300 1592 perseveraret,
1331 1536 1397 1576 eo
1427 1520 1805 1577 vehementius
1832 1521 2032 1592 corripi
2061 1522 2162 1576 lla-

565 1617 723 1688 gellis
750 1618 1024 1673 hominem
1064 1615 1296 1686 jubens,
1327 1624 1385 1670 ut
1412 1616 1458 1671 si
1502 1630 1609 1686 qua
1652 1617 1949 1672 secretiora
1998 1616 2164 1672 futuri

563 1710 828 1766 tumultus
870 1708 1231 1779 comperisset
1275 1706 1506 1772 indicia,
1538 1707 1932 1764 manifestaret.
1966 1708 2163 1777 Atille

2272 507 2429 548 suum
2461 508 2556 564 per
2599 494 2847 552 universa
2897 506 3163 553 terrarum
3214 501 3392 569 Spatia
3430 500 3659 555 diffudit.
3687 500 3850 557 Tantis

2272 587 2451 658 itaque
2478 586 2640 642 rebus
2666 599 2687 626 ε
2719 587 3157 655 advenientibus,
3191 609 3301 646 non
3332 602 3622 662 potuerunt
3648 609 3852 665 capere,

2270 679 2415 749 quod
2441 677 2697 735 divinitus
2726 680 3143 738 decernebatur.

2857 771 3090 832 CAPUT
3130 776 3294 832 XLV.

2343 864 2692 936 Fugientibus
2736 867 2916 939 itaque
2980 870 3301 927 auctoribus
3353 871 3684 928 seditionum
3749 888 3858 930 cum

2270 959 2529 1029 templum
2554 970 2893 1029 evureretur,
2925 962 3156 1019 Romani
3201 974 3507 1034 posuerunt
3535 966 3687 1036 signa
3730 966 3857 1021 intra

2269 1052 2549 1108 circuitum
2582 1055 2767 1125 templi
2794 1055 2993 1125 ipsius,
3022 1066 3076 1112 et
3096 1066 3285 1111 contra
3318 1069 3531 1128 portam
3558 1059 3861 1114 orientalem

2268 1144 2735 1211 sacrificaverunt,
2769 1146 3155 1219 imperatorem
3185 1148 3368 1205 Titum
3418 1151 3651 1205 summis
3687 1151 3867 1221 pradi-

2268 1247 2454 1293 cantes
2505 1239 2751 1295 vocibus.
2781 1238 2989 1296 Interea
3041 1256 3175 1312 puer
3225 1241 3447 1313 quidam
3483 1258 3554 1299 eo
3603 1245 3740 1310 loci,
3784 1247 3862 1299 ubi

2268 1332 2429 1386 etiam
2457 1332 2772 1389 sacerdotes
2796 1342 2973 1400 erant,
3003 1348 3140 1404 quos
3165 1344 3221 1391 et
3243 1336 3425 1406 inopia
3448 1351 3604 1407 aquae
3630 1346 3688 1392 et
3713 1347 3866 1391 testas

2269 1423 2478 1479 finitimi
2528 1424 2762 1481 incendii
2805 1426 3239 1483 commacerabat
3267 1428 3389 1496 siti,
3446 1429 3663 1500 rogavit
3711 1446 3863 1485 unum

2268 1516 2335 1571 de
2365 1517 2683 1574 custodibus
2708 1519 2968 1577 Romanis
3010 1520 3293 1578 dexteram
3341 1523 3450 1577 sibi
3497 1523 3662 1589 dare,
3690 1534 3863 1595 potum

2267 1609 2491 1665 oll‘erre.
2523 1609 2773 1667 Porrexit
2795 1612 2971 1681 illico,
3001 1623 3215 1670 aetatem
3255 1619 3461 1685 pariter
3486 1616 3780 1673 miseratus
3815 1634 3869 1674 ac

2268 1705 2649 1759 necessitatem
2678 1720 2693 1759 :
2718 1704 2853 1762 bibit
2883 1708 3138 1777 puerulus
3168 1727 3182 1761 :
3215 1718 3271 1765 et
3310 1711 3438 1780 quia
3483 1711 3682 1766 sedulo
3722 1714 3867 1767 inno-

559 1819 737 1874 neque
764 1803 932 1869 llevit,
964 1817 1139 1872 neque
1165 1801 1373 1873 rogavit
1392 1843 1405 1867 ,
1438 1800 1534 1857 sed
1565 1801 1631 1856 ad
1678 1802 1885 1871 singula
1935 1801 2161 1857 verbera
2192 1812 2241 1871 Β
2271 1795 2377 1850 xia:
2400 1796 2665 1851 creditum
2692 1796 2868 1854 fuerat
2893 1802 3061 1866 aetati,
3094 1803 3271 1871 rapuit
3295 1818 3452 1873 aqua:
3476 1819 3609 1871 vas,
3639 1814 3696 1860 et
3718 1820 3867 1860 cursu

564 1912 673 1953 non
704 1912 896 1963 suum,
923 1896 1017 1952 sed
1052 1893 1241 1966 patriae
1285 1895 1555 1951 excidium
1587 1894 1844 1951 flebiliter
1882 1895 2161 1966 plorabat,

564 1989 751 2045 dicens
785 2007 797 2043 :
831 1988 924 2045 γω
952 1988 1355 2060 Hierosolymis.
1386 1988 1596 2059 Neque,
1640 1990 2005 2060 interrogatus
2043 1990 2165 2060 quis

564 2090 742 2148 esset,
773 2082 857 2137 vel
887 2081 1057 2147 unde,
1090 2081 1174 2137 vel
1204 2096 1303 2136 cur
1331 2081 1519 2136 eadem
1564 2079 1770 2137 diceret
1789 2123 1804 2147 ,
1838 2096 2163 2152 responsum

563 2173 799 2230 reddidit
861 2191 874 2228 :

563 2266 783 2337 patriai,
813 2274 1005 2335 questu
1059 2265 1359 2321 miserabili
1416 2267 1868 2336 prosequebatur.
1910 2265 2165 2323 Defessus

561 2359 744 2429 itaque
767 2357 1000 2414 Albinus
1028 2357 1156 2429 (hoc
1185 2358 1330 2414 enim
1364 2373 1563 2414 nomen
1594 2357 1738 2428 viro)
1767 2358 1975 2414 dimisit
1997 2375 2120 2415 eum
2144 2401 2161 2428 ,

561 2462 834 2525 tamquam
886 2454 1125 2509 dementi
1176 2452 1549 2523 furore,quid
1594 2452 1833 2519 diceret,
1884 2470 1989 2510 non
2038 2469 2167 2511 sen-

561 2546 808 2601 tientem.
841 2546 909 2600 At
961 2545 1051 2600 ille
1095 2560 1271 2615 neque
1317 2560 1625 2601 sermonem
1672 2547 1841 2601 ullum
1877 2562 2001 2602 cum
2029 2563 2163 2618 quo-

560 2654 720 2709 quam
755 2637 1005 2704 habebat,
1040 2651 1142 2692 nec
1168 2636 1315 2693 aliud
1343 2637 1489 2708 loqui
1522 2653 1618 2708 per
1649 2640 1918 2709 reliquum
1950 2648 2164 2709 tempus

560 2730 779 2786 auditus
805 2738 921 2795 est,
946 2730 1042 2785 sed
1073 2729 1177 2786 hoc
1209 2739 1479 2800 tamquam
1528 2730 1755 2802 lugubre
1802 2741 1963 2803 atque
2009 2731 2165 2789 fune—

559 2840 715 2882 reum
764 2825 1032 2879 canticum
1083 2838 1315 2890 canens,
1347 2824 1540 2880 diebus
1569 2840 1634 2880 ac
1675 2826 1927 2881 noctibus
1962 2826 2165 2898 jugiter

561 2918 855 2975 resultabat
889 2935 901 2971 :
940 2916 1030 2973 νω
1060 2916 1457 2989 Hierosolymis.
1488 2917 1673 2988 Neque
1706 2920 2012 2975 verberanti
2033 2935 2163 2976 con-

565 3013 861 3069 viciabatur
880 3054 893 3078 ,
926 3026 1102 3083 neque
1132 3011 1314 3067 cibum
1344 3012 1675 3081 impartienti
1715 3014 1918 3083 gratias
1946 3014 2161 3082 agebat.

562 3106 681 3163 Una
705 3106 903 3162 eratad
932 3119 1142 3170 omnes,
1162 3103 1460 3176 eademque
1483 3104 1639 3175 plena
1666 3104 1907 3160 funebris
1929 3105 2165 3161 ululatus

936 2173 1030 2229 sed
1082 2173 1456 2228 tantummodo
1518 2173 1962 2230 lamentationem
2016 2174 2165 2229 illam
2206 2204 2209 2205 ν

2269 1901 2392 1941 sese
2426 1888 2713 1956 proripuit,
2741 1899 2802 1943 ut
2826 1889 2987 1945 etiam
3015 1893 3392 1948 sacerdotibus
3421 1894 3645 1951 bibendi
3667 1898 3864 1967 copiam

2270 1978 2620 2035 ministraret.
2652 1981 2835 2036 Voluit
2861 1982 3015 2053 sequi
3045 1984 3233 2049 miles,
3261 1985 3356 2041 sed
3389 2001 3497 2041 non
3530 1988 3709 2058 potuit
3729 2004 3871 2044 com-

2267 2068 2754 2141 prehendere..llle
2783 2074 3024 2143 periculo
3047 2089 3147 2131 suo
3175 2078 3524 2133 sacerdotum
3554 2080 3702 2135 sitim
3736 2080 3869 2136 lera—

2266 2161 2362 2216 vit.
2392 2163 2537 2218 Bona
2571 2164 2749 2231 fraus,
2779 2181 2901 2237 quae
2941 2168 3212 2223 neminem
3264 2169 3489 2226 laederet
3512 2213 3529 2236 ,
3565 2172 3870 2230 subveniret

2268 2259 2599 2313 necessitati.
2642 2260 2886 2331 Denique
2933 2260 3091 2317 miles
3129 2262 3247 2332 ipse
3296 2265 3524 2320 miratus
3575 2278 3663 2322 est
3712 2269 3868 2338 magis

2265 2350 2519 2407 allectum
2553 2355 2728 2423 pueri,
2761 2371 2922 2427 quam
2950 2356 3134 2413 dolum
3161 2358 3497 2427 detestatus,
3528 2364 3678 2434 quod
3712 2364 3764 2417 in
3786 2364 3869 2419 illa

2266 2451 2426 2499 (etate
2456 2446 2669 2501 excidio
2699 2447 2864 2504 totius
2896 2449 3045 2504 urbis
3070 2460 3125 2506 et
3145 2454 3426 2508 communi
3461 2456 3730 2522 periculo,
3755 2457 3868 2528 quid

2264 2534 2562 2593 deberetur
2592 2540 2917 2596 reverentia:
2946 2543 3353 2612 sacerdotibus,
3386 2546 3533 2616 quod
3564 2550 3746 2618 potuit
3781 2551 3869 2603 mi-

2265 2630 2583 2699 nisterium,
2629 2647 2736 2687 non
2784 2634 3163 2705 inexpressum
3230 2619 3491 2709 reliquit:
3521 2640 3641 2697 Nec
3714 2643 3868 2699 multo

2267 2733 2385 2791 post
2415 2723 2728 2780 sacerdotes
2749 2726 2977 2782 confecti
2999 2727 3142 2783 fame
3170 2739 3225 2784 et
3251 2730 3373 2797 siti,
3405 2732 3575 2786 vitam
3601 2746 3865 2804 rogarunt.

2264 2816 2413 2883 Quos
2441 2818 2592 2873 Titus
2643 2819 2801 2890 jussit
2830 2820 3035 2886 occidi,
3082 2822 3374 2893 degeneris
3430 2827 3604 2881 animi
3644 2842 3771 2884 esse
3795 2844 3869 2884 re-

2265 2910 2591 2980 spondens,ll
2610 2921 2667 2967 nt
2689 2914 2890 2984 templo
2907 2922 2965 2969 et
2988 2918 3196 2970 muneri
3223 2926 3490 2987 cuperent
3510 2921 3868 2990 supervivere.

2843 3005 3073 3062 CAPUT
3117 3007 3306 3065 XLVI.

2335 3097 2528 3152 Joanni
2556 3107 2738 3153 autem
2765 3110 2819 3155 et
2853 3099 3065 3156 Simoni
3085 3110 3140 3157 et
3174 3104 3393 3159 caeteris
3424 3104 3774 3177 principibus
3791 3124 3871 3165 se-

562 3197 875 3269 responsio,
919 3207 974 3253 et
1016 3197 1253 3253 maxime
1301 3197 1688 3253 sacrificiorum
1736 3197 2159 3254 celebritatibus.

2267 3187 2532 3244 ditionum
2583 3191 2931 3262 rogantibus,
2977 3202 3036 3248 ut
3081 3194 3358 3266 paulisper
3421 3213 3646 3255 cessare
3702 3201 3870 3271 iacula

564 3290 667 3345 Per
694 3297 903 3359 septem
942 3290 1125 3359 itaque
1167 3302 1341 3343 annos
1374 3297 1425 3343 et
1456 3288 1691 3358 quinque
1724 3305 1941 3345 menses
1966 3289 2159 3345 eadem

563 3384 852 3438 verborum
901 3381 1104 3447 series,
1132 3380 1274 3436 idem
1304 3380 1458 3435 vocis
1507 3394 1674 3435 sonus
1721 3382 1941 3436 mansit.
1972 3383 2160 3453 Itaque

562 3473 868 3529 indefessus
898 3480 1049 3527 tanto
1076 3484 1320 3542 tempore
1338 3513 1353 3538 ,
1379 3471 1468 3529 ubi
1497 3472 1710 3528 obsidio
1744 3475 1941 3543 cmpit,
1970 3474 2159 3531 eadem

565 3565 656 3620 illa
705 3562 992 3620 vociferari
1038 3560 1279 3629 destitit,
1309 3563 1459 3633 quasi
1490 3578 1706 3619 cessare
1750 3574 2029 3634 oporteret
2065 3565 2162 3620 de-

561 3659 821 3726 nuntiari,
848 3672 970 3714 cum
1002 3657 1274 3721 adessent,
1308 3671 1428 3727 quae
1455 3656 1668 3713 fuerant
1690 3657 2031 3714 denuntiata.
2054 3657 2161 3714 Sed

552 3754 645 3810 ubi
678 3754 896 3809 flamma
920 3751 1088 3821 coepit
1134 3750 1337 3821 pariter
1378 3749 1564 3805 urbem
1591 3759 1646 3805 et
1677 3752 1935 3821 templum
1978 3750 2157 3805 invol-

563 3862 722 3915 vere,
759 3845 1086 3901 circumiens
1129 3858 1343 3898 murum
1368 3885 1384 3911 ,
1427 3843 1666 3899 clamare
1708 3843 1904 3899 iterum
1948 3844 2159 3916 erepit:

576 3937 663 3993 Va:
689 3937 902 4001 civitati,
933 3935 1127 4008 populo
1156 3945 1203 3990 et
1226 3936 1437 4007 εεηιριο.
1465 3936 1532 3990 Et
1558 3935 1623 3991 ad
1652 3946 1986 4006 postremum
2009 3936 2161 3992 addi-

567 4030 647 4085 dit
676 4047 691 4083 :
726 4028 819 4083 Vw
845 4030 996 4082 etiam
1022 4027 1148 4081 mihi
1176 4044 1194 4082 :
1226 4035 1282 4083 et
1308 4028 1335 4056 ³
1362 4027 1647 4085 fundibulo
1675 4030 1811 4086 ictus
1833 4070 1849 4097 ,
1880 4032 1932 4085 in
1969 4030 2160 4087 eadem

565 4139 699 4179 voce
742 4121 923 4178 emisit
988 4122 1263 4192 spiritum.
1306 4121 1505 4177 Urbem
1553 4137 1770 4194 quoque
1819 4124 1990 4194 ipsam
2039 4139 2161 4179 cum

568 4216 795 4285 templo,
829 4213 1055 4269 vetus1is
1088 4213 1284 4269 litteris
1323 4214 1582 4284 scriptum
1625 4225 1744 4271 erat
1787 4225 1913 4271 tunc
1961 4217 2165 4286 peritu-

570 4323 715 4373 ram,
744 4322 867 4361 cum
899 4313 1236 4375 tetragonum
1276 4307 1537 4375 templum
1569 4306 1764 4361 factum
1824 4304 2033 4363 fuisset.
2059 4307 2165 4363 Ita-

571 4418 676 4475 que
706 4406 821 4458 sive
848 4400 1024 4465 obliti,
1056 4401 1173 4455 sive
1202 4399 1562 4468 obstupefacti
1590 4401 1955 4471 ingruentium
1988 4403 2161 4457 malo-

559 4515 678 4555 run
713 4496 1036 4553 necessitate
1057 4537 1071 4561 ,
1107 4493 1197 4550 ubi
1230 4503 1491 4564 occupata
1520 4502 1605 4549 est
1634 4493 1893 4564 Antonia,
1924 4505 2166 4568 tetrago-

2269 3282 2497 3337 telurum
2534 3293 2586 3340 et
2617 3286 2901 3355 strepitum
2926 3286 3169 3356 juberet;
3199 3288 3526 3360 dicendique
3550 3292 3658 3347 sibi
3694 3303 3864 3364 potes-

2267 3382 2432 3430 tatem
2483 3375 2674 3444 daret,
2703 3377 2773 3432 ab
2817 3377 3150 3449 indulgentia
3184 3396 3290 3436 non
3329 3385 3659 3441 abhorreret
3696 3404 3711 3441 :
3741 3388 3867 3443 facto

2262 3466 2482 3523 silentio
2512 3468 2585 3524 ita
2608 3471 2888 3540 respondit
2917 3490 2932 3528 :
2963 3474 3177 3539 Serum,
3198 3476 3545 3546 nequissimi,
3578 3487 3789 3550 tempus
3808 3479 3867 3535 ad

2263 3562 2712 3629 misericordiam,
2745 3580 2867 3621 cum
2891 3565 3004 3636 jam
3056 3567 3186 3638 quid
3216 3581 3535 3626 reservetur
3557 3614 3573 3637 ,
3604 3572 3741 3628 nihil
3782 3589 3863 3629 rc-

2263 3653 2449 3710 lictum
2478 3657 2568 3711 sit.
2599 3655 2902 3713 Offerebam
2931 3659 3103 3726 vobis,
3146 3670 3203 3717 et
3240 3662 3595 3732 despexistis,
3636 3674 3693 3721 et
3719 3665 3855 3721 difﬁ-

2266 3748 2506 3803 dentiam
2538 3751 2789 3819 putastis,
2833 3768 2939 3807 non
2970 3753 3385 3824 indulgentiam.
3412 3758 3486 3811 At
3523 3772 3629 3828 ego
3660 3758 3866 3814 innoxia

2265 3843 2495 3900 mdilicia
2526 3853 2708 3901 vestro
2732 3847 2941 3904 scelere
2984 3849 3160 3917 perire
3183 3850 3643 3921 ingemiscebam,
3688 3854 3865 3921 vulgus

2265 3936 2501 4007 ignobile
2522 3938 2643 4009 cogi
2669 3938 2737 3994 ad
2763 3947 2991 3996 mortem
3018 3940 3270 3997 dolebant
3304 3962 3317 3997 :
3345 3959 3573 4014 parcere
3606 3945 3864 4008 volebam,

2265 4044 2363 4086 vos
2389 4044 2498 4086 non
2525 4032 2790 4088 sinebatis
2817 4050 2829 4086 :
2862 4035 3256 4104 suspendebam
3296 4036 3481 4105 praelia
3508 4077 3523 4103 ,
3555 4052 3657 4093 vos
3705 4038 3865 4093 irrue-

2265 4122 2404 4178 batis
2435 4142 2448 4177 :
2481 4138 2666 4194 pacem
2713 4125 3006 4183 offerebam
3029 4170 3043 4194 ,
3084 4145 3180 4185 vos
3229 4144 3336 4185 non
3385 4131 3670 4201 recepiStis
3702 4132 3867 4186 :allo-

2265 4219 2470 4286 quebar
2499 4218 2839 4289 frequenter,
2872 4221 3067 4276 crebro
3111 4222 3529 4277 conveniebam.
3561 4222 3682 4278 Non
3711 4223 3867 4294 pudet

2266 4309 2451 4367 dicere
2473 4353 2487 4378 ,
2522 4312 2910 4368 insolentiores
2947 4329 3044 4368 vos
3086 4312 3191 4369 feci
3242 4314 3506 4386 rogando.
3539 4314 3681 4383 Quid
3722 4321 3864 4385 puta-

2266 4406 2444 4463 batis?
2473 4408 2616 4479 quod
2665 4408 2926 4465 Romanae
2955 4410 3100 4466 acies
3127 4395 3290 4465 vobis
3310 4411 3575 4467 cederent
3594 4452 3610 4477 ,
3642 4419 3699 4467 et
3728 4411 3861 4466 mul-

2268 4502 2499 4557 titudine
2524 4504 3002 4559 circumveniretis
3030 4504 3290 4560 victorem
3320 4505 3568 4560 omnium
3600 4513 3859 4561 terrarum

568 4606 695 4647 num
745 4588 1030 4645 circuitum
1101 4584 1288 4656 templi
1337 4584 1599 4641 fecerunt.
1658 4587 1803 4643 Inter
1856 4603 1979 4659 quae
2031 4588 2619 4657 illudDexercitum?
2649 4596 2826 4665 Quota
2873 4596 3053 4667 portio
3099 4597 3247 4653 orbis
3277 4598 3568 4670 pugnavit,
3596 4598 3722 4669 quia
3751 4598 3862 4653 uni-

562 4679 1153 4751 praecellentissimuin,
1196 4676 1342 4749 quod
1388 4678 1440 4732 in
1484 4679 1679 4735 litteris
1727 4695 1883 4751 atque
1932 4683 2161 4739 vetustis

557 4792 690 4847 quas
738 4791 918 4831 sacras
963 4773 1266 4838 vocabant,
1310 4772 1566 4828 manebat
1614 4774 1977 4844 impressum,
2011 4777 2155 4847 quod

560 4868 853 4923 secundum
898 4865 1027 4921 illud
1082 4873 1333 4933 tempus,
1382 4864 1594 4920 futurus
1636 4875 1784 4921 esset
1810 4867 1924 4934 vir,
1958 4869 2049 4939 qui
2091 4872 2158 4925 de

565 4964 783 5029 regione
808 4976 993 5017 eorum
1018 4957 1302 5029 imperium
1331 4969 1633 5016 assumeret
1674 4960 1727 5015 in
1756 4961 1941 5017 orbem
1991 4973 2161 5018 terra-

565 5070 702 5111 rum.
735 5053 865 5121 Quae
911 5067 999 5107 res
1028 5066 1124 5106 eos
1173 5050 1226 5105 in
1272 5059 1423 5106 tanto
1472 5050 1655 5109 furore
1698 5053 1910 5122 posuit,
1952 5065 2008 5110 ut
2056 5057 2160 5112 sibi

564 5165 670 5204 non
702 5146 874 5202 solum
901 5144 1231 5209 libertatem,
1259 5143 1355 5199 sed
1386 5143 1549 5200 etiam
1583 5160 1806 5216 regnum
1831 5148 2160 5217 polliceren-

562 5240 755 5296 tur.ld
801 5237 893 5293 alii
940 5236 1007 5291 ad
1035 5235 1423 5305 Vespasianum
1472 5237 1822 5295 referendum
1870 5252 2155 5311 putarunt;

563 5331 944 5406 prudentiores
989 5328 1056 5382 ad
1110 5325 1397 5381 Dominum
1445 5328 1654 5400 Iesum,
1687 5332 1780 5402 qui
1814 5330 2051 5389 beorum
2101 5336 2155 5391 in

626 5481 652 5509 ιι
681 5467 867 5541 εοάφς
881 5471 988 5541 vet.
1011 5456 1310 5541 {audibatoz
1334 5461 1555 5541 rectius.
1571 5464 1990 5541 Bima-fllabet
2017 5486 2153 5541 quo-

554 5558 666 5626 que.
693 5536 963 5619 fuudibalo
1010 5527 1731 5626 edition-ﬁgensti‘i.prima;
1757 5537 1836 5626 sic
1879 5540 2017 5626 itenr
2034 5527 2149 5626 top-

554 5601 704 5669 ἠως
731 5608 930 5683 quique
991 5601 1379 5683 titanuscripti._
1430 5601 1932 5683 Et’fundibalusa
1982 5601 2153 5683 βάλλω

557 5694 707 5740 recte
733 5671 864 5744 dici,
894 5685 1006 5731 tum
1033 5671 1242 5744 Glosste
1270 5671 1505 5743 antiqua:
1531 5671 1846 5742 declarant,
1871 5679 1922 5732 in
1959 5671 2155 5744 quibus

560 5749 818 5835 {audienti
858 5754 986 5804 sunt
1008 5743 1290 5814 λιθοϐόλοι,
1323 5750 1435 5800 tum
1484 5745 1649 5804 etiam
1699 5747 1937 5806 Isidorus
1970 5743 2152 5827 Drigg.

2261 4704 2478 4744 versum
2511 4705 2610 4746 nec
2639 4692 2792 4762 regio
2824 4701 3000 4747 vestra
3028 4693 3300 4749 sustinere
3330 4704 3561 4764 poterat,
3595 4709 3698 4750 nec
3726 4694 3860 4749 sine-

2262 4784 2355 4840 bat
2386 4788 2721 4843 uecessitas?
2745 4787 2939 4844 Melior
2965 4789 3107 4844 enim
3136 4804 3265 4846 cura
3288 4792 3449 4847 nobis
3481 4792 3667 4849 tuendi
3696 4793 3854 4857 orbis,

2263 4892 2422 4948 quam
2457 4880 2810 4951 propagandi.
2846 4880 3201 4954 Quocumque
3246 4899 3437 4941 eamus
3478 4885 3617 4940 nihil
3646 4894 3732 4941 est
3768 4900 3858 4940 no.

2260 4985 2410 5038 vum,
2446 4972 2578 5026 nihil
2611 4982 2694 5028 est
2720 4973 2991 5040 alienum,
3024 4975 3222 5046 quibus
3249 4978 3430 5033 omnis
3462 4987 3608 5035 terra
3655 4993 3859 5049 posses-

2258 5064 2343 5118 sio
2374 5074 2478 5120 est.
2509 5065 2881 5123 Latrocinium
2921 5067 3025 5124 hoc
3049 5069 3203 5140 quasi
3256 5085 3471 5126 naevum
3520 5072 3574 5127 in
3637 5086 3857 5143 corpore

2260 5155 2355 5211 diu
2384 5158 2832 5215 dissimulandum
2869 5164 3211 5232 putavimus,
3242 5165 3536 5235 aliquando
3564 5165 3857 5222 crudelitati

2260 5250 2613 5308 auferendum
2647 5254 2997 5325 credidimus,
3023 5272 3091 5314 ne
3112 5257 3383 5331 fulgorem
3404 5259 3616 5331 imperii
3640 5258 3854 5315 Romani

2262 5352 2444 5400 vestra
2496 5346 2872 5405 inobedientia
2917 5358 2975 5406 et
3003 5350 3248 5423 quaedam
3281 5352 3643 5424 interpolaret
3668 5352 3850 5423 caligo.

2259 5476 2353 5562 lib“.
2387 5483 2808 5562 {vitt,_cap._IO.
2839 5484 3043 5541 Mszoc.
3075 5487 3116 5562 ί.
3148 5503 3197 5540 c.
3226 5507 3352 5562 pag.
3378 5489 3508 5547 795.

2329 5549 2356 5588 ι)
2389 5550 2489 5617 Qui
2516 5553 2578 5607 de
2607 5549 2815 5624 fegioue
2843 5573 3040 5612 eorum.
3074 5549 3245 5614 ΒΑΜιῖ

2334 5632 2356 5660 ο
2382 5624 2788 5682 Admonentibus
2822 5667 2835 5681 .
2879 5669 2892 5682 .
2938 5667 2953 5683 .
2998 5645 3194 5685 cavere.
3228 5631 3304 5688 In.

2328 5688 2355 5729 ά
2389 5694 2543 5759 Quod
2569 5697 2743 5769 templ.
2778 5697 2853 5754 In.
