4082 6344
254 363 395 421 2195

1111 373 1385 435 HISTOR.
1433 376 1517 434 DE
1556 377 1833 437 EXCIDIO
1874 380 2148 441 IIIEROS.
2199 384 2403 447 URBIS
2440 386 2571 444 LIB.
2626 390 2691 447 γ.

3409 393 3552 453 2194

254 474 512 533 Sensistis
543 479 838 536 Romanam
868 482 1121 542 virtutem
1154 505 1259 545 non
1294 490 1577 559 bellando,
1611 494 1707 550 sed
1732 510 1850 551 mo-
1878 499 1930 559 Λ
1957 497 2346 570 inequitantem
2394 503 2706 562 ﬂuminibus
2731 507 2960 565 vicimus
3002 519 3164 583 atque
3210 512 3546 569 intonantem

250 568 463 625 ricndo.
499 571 686 643 Neque
735 574 879 630 enim
926 578 978 632 in
1032 594 1223 651 campo
1274 596 1451 639 vestra
1484 584 1716 641 vidimus
1764 603 1857 658 ag-

249 662 430 729 mina,
459 663 554 720 sed
586 665 637 719 in
674 683 860 735 muro,
895 685 1016 724 cum
1049 674 1201 729 vobis
1234 689 1333 731 nec
1367 676 1601 733 claustra
1632 678 1857 748 prodes-

246 766 367 810 sent
394 757 461 811 ad
494 766 850 816 tutamentum
884 765 1095 820 salutis.
1122 767 1253 837 Quis
1283 772 1424 826 enim
1460 788 1648 830 murus
1676 775 1844 830 resis-

245 857 422 917 teret,
459 853 653 922 quibus
683 869 921 911 oceanus
955 873 1060 913 non
1110 863 1343 918 restitit?
1372 864 1480 920 Aut
1517 881 1635 936 quae
1662 868 1851 923 civitas

245 950 447 996 nostra:
477 943 748 999 obsidioni
775 946 1217 1020 inexpugnabilis
1256 954 1396 1011 foret
1417 968 1568 1027 septa
1602 959 1850 1028 praesidio

245 1046 546 1099 murorum,
605 1052 727 1092 cum
784 1039 1091 1099 Britannias
1138 1061 1351 1119 quoque
1410 1049 1649 1106 Romana
1697 1068 1846 1108 arma

240 1129 668 1199 penetraverint,
732 1148 887 1191 muro
942 1136 1226 1196 frementis
1269 1144 1700 1204 circumvallatas
1736 1150 1849 1205 cle-

240 1223 452 1277 menti?
500 1223 815 1284 Substratus
870 1243 953 1287 est
996 1234 1154 1290 nobis
1200 1237 1288 1291 ille
1339 1251 1643 1311 praeruptus
1689 1258 1844 1314 aqua:

235 1326 415 1369 mons.
449 1314 639 1373 Patres
687 1330 935 1391 vestros,
985 1334 1042 1381 ut
1090 1327 1328 1386 Judaicae
1372 1330 1569 1388 fabula:
1628 1333 1841 1404 ferunt,

231 1405 403 1463 Rubri
432 1411 598 1467 maris
624 1414 767 1469 unda
790 1458 804 1483 ,
833 1419 977 1473 muri
1005 1422 1187 1490 specie
1216 1431 1581 1495 transeuntes,
1611 1428 1841 1485 circum-

232 1502 502 1559 vallavit:
538 1505 777 1563 Romana
830 1510 1091 1570 fortitudo
1141 1533 1355 1573 murum
1389 1519 1592 1577 Oceani
1640 1522 1844 1593 perfre-

233 1593 334 1665 git.
369 1594 484 1651 Non
516 1597 731 1657 invideo
774 1603 927 1659 vobis
968 1605 1144 1662 aliena
1188 1609 1473 1667 beneficia.
1509 1613 1718 1670 Viderit
1745 1630 1842 1672 vos

234 1702 390 1744 mare
415 1701 471 1746 et
512 1691 743 1764 fugerit,
779 1705 836 1752 ut
887 1699 1056 1755 clausi
1104 1705 1172 1759 ab
1204 1706 1358 1761 hoste
1406 1708 1683 1779 fugeritis,
1714 1712 1837 1782 quia

231 1797 590 1857 perrumpere
640 1789 851 1847 hostem
899 1808 1006 1849 non
1057 1800 1352 1867 poteratis,
1397 1816 1498 1856 nec
1540 1803 1831 1861 sustinere.

1959 590 2139 647 undis.
2198 593 2371 663 Ipsius
2420 601 2827 669 tempestatibus
2898 605 3241 673 quatiebatur
3290 604 3545 662 mundus.

1957 683 2025 738 Et
2075 686 2167 742 ille
2216 703 2398 744 muros
2430 700 2646 748 nostros
2693 695 2857 750 armis
2904 697 3171 766 pulsabat.
3206 697 3389 769 Neque
3418 714 3550 755 vero

1954 781 2319 836 necessarium
2351 781 2470 851 fuit,
2504 793 2561 839 ut
2590 784 2770 843 hostes
2797 792 2997 857 nostri,
3027 790 3167 846 sicut
3190 791 3398 863 Assyrii
3426 807 3550 848 ves-

1956 871 2022 927 tri
2054 871 2385 930 dormientes
2414 877 2907 948 exstinguerentur,
2940 880 3037 936 sed
3067 883 3396 951 przeliantes.
3428 883 3550 938 Non

1952 966 2096 1021 enim
2145 967 2197 1023 in
2245 970 2449 1026 somnis
2498 970 2721 1027 victoria
2768 975 3064 1043 qumritur,
3093 975 3187 1032 sed
3237 977 3288 1030 in
3317 977 3546 1047 praelio:

1951 1074 2058 1114 non
2108 1059 2323 1116 virtutis
2368 1062 2567 1119 adorea
2597 1074 2710 1132 est,
2742 1066 2832 1122 ubi
2867 1067 3083 1123 fortuita
3128 1069 3320 1140 gratia.
3354 1071 3547 1127 Hostes

1949 1155 2121 1210 nostri
2170 1173 2275 1212 non
2322 1173 2580 1229 aquarum
2625 1162 2790 1216 rutilo
2841 1162 3052 1234 decepti
3095 1164 3438 1220 renitentium
3479 1165 3547 1221 ad

1948 1248 2079 1302 solis
2107 1260 2352 1304 exortum
2373 1292 2387 1318 ,
2421 1251 2476 1306 in
2505 1267 2698 1308 manus
2738 1262 2953 1310 nostras
3001 1255 3359 1311 inconsultius
3409 1258 3549 1313 inci-

1946 1338 2179 1408 derunt,
2229 1341 2354 1396 dum
2410 1342 2513 1397 fusi
2563 1345 2842 1415 sanguinis
2880 1347 3059 1416 specie
3100 1362 3201 1402 nos
3246 1348 3545 1404 exstinctos

1946 1441 2272 1503 putaverunt
2305 1453 2317 1487 :
2352 1435 2447 1491 sed
2474 1435 2708 1493 scientes
2740 1448 2795 1493 et
2837 1439 2903 1493 ad
2932 1439 3133 1494 bellum
3162 1442 3369 1512 parati,
3398 1456 3546 1497 cam-

1944 1539 2042 1595 pos
2068 1536 2330 1581 terrarum
2359 1529 2681 1599 corporibus
2710 1532 2824 1585 suis
2853 1538 3056 1595 texere,
3085 1546 3148 1585 ac
3174 1532 3392 1602 proprio
3413 1546 3541 1587 san.

1943 1617 2107 1687 guine
2138 1617 2504 1686 repleverunt.
2536 1618 2665 1687 Quae
2691 1636 2788 1676 vos
2813 1621 3076 1676 fortitudo
3103 1623 3154 1677 in
3186 1631 3332 1678 tanta
3361 1625 3541 1693 posuit

1946 1708 2270 1765 insolentia?
2315 1710 2429 1767 Non
2480 1712 2747 1769 videbatis
2806 1728 2902 1769 eos
2960 1716 3169 1771 servire
3214 1716 3406 1783 nobis,
3438 1718 3540 1787 qui

1938 1805 2095 1861 vobis
2123 1806 2535 1876 imperitarunt?
2563 1806 2829 1880 Egyptus
2855 1824 2975 1880 qute
3004 1824 3100 1865 vos
3128 1808 3368 1881 afﬂigere
3395 1811 3538 1865 sole«

226 1873 397 1930 Nobis
425 1878 546 1951 fuga
579 1879 779 1939 Oceani
808 1884 1005 1941 damno
1032 1885 1254 1958 fuisset,
1282 1890 1330 1945 si
1368 1891 1610 1964 fugisset.
1641 1895 1825 1953 Gessi-
1862 1899 1908 1958 B
1934 1900 2023 1952 bat
2043 1940 2057 1966 ,
2090 1873 2249 1954 nobis
2271 1914 2510 1954 annuum
2540 1873 2727 1971 pendit
2753 1873 3046 1968 tributum,
3080 1911 3134 1958 et
3162 1902 3303 1958 viam
3335 1904 3543 1973 praebet

225 1985 350 2026 mus
377 1981 503 2029 ante
532 1975 731 2032 bellum
765 1992 885 2033 cum
916 1979 1204 2050 ﬂuctibus;
1236 1985 1483 2041 insanum
1515 2003 1666 2043 mare
1707 2002 1833 2047 ante

221 2066 637 2134 superavimus,
671 2085 832 2141 quam
884 2074 950 2128 ad
1006 2074 1219 2132 hostem
1268 2081 1697 2147 perveniremus.
1729 2085 1834 2139 Ex-

219 2158 372 2227 cepit
408 2174 509 2215 nos
545 2160 824 2219 Britannia
849 2206 862 2232 ,
896 2167 1132 2225 victores
1173 2171 1591 2233 elementorum.
1626 2177 1833 2246 Quibus

218 2250 309 2306 illi
338 2250 580 2309 ﬂdebant
600 2296 616 2322 ,
647 2271 743 2313 nos
773 2259 1119 2332 subegimns,
1156 2274 1212 2320 ut
1241 2267 1308 2322 ad
1341 2268 1598 2342 triumphi
1644 2286 1835 2330 cumu-

216 2343 333 2399 lum
364 2346 481 2417 ipse
508 2347 755 2406 Oceanus
804 2354 1111 2412 accederet.
1145 2360 1250 2414 Sed
1286 2359 1425 2418 forte
1472 2364 1674 2421 virtute
1711 2382 1832 2423 cor-

215 2439 372 2509 poris
403 2445 833 2511 prmsumebatis.
869 2444 1159 2521 Numquid
1187 2469 1283 2509 vos
1312 2455 1599 2514 Germanis
1643 2459 1835 2519 fortio-

214 2547 333 2599 res,
360 2548 497 2604 qnos
524 2549 709 2607 septos
738 2538 956 2611 Alpium
987 2560 1176 2613 muro,
1208 2548 1467 2605 fortitudo
1492 2552 1735 2608 Romana
1776 2556 1830 2611 in

186 2622 540 2683 servitutem
583 2630 844 2688 deduxit?
878 2633 989 2691 Nec
1040 2636 1128 2691 illa
1180 2640 1377 2695 similia
1421 2642 1583 2699 Tauri
1631 2646 1831 2703 montis

221 2719 448 2774 acclivis
496 2722 757 2791 collibus,
786 2736 879 2781 aut
904 2724 1172 2799 Canopeis
1211 2733 1516 2803 agminibus
1543 2735 1832 2809 Egyptio-

213 2825 378 2877 rum,
412 2827 535 2868 cum
592 2815 789 2886 quibus
836 2819 991 2873 vobis
1041 2821 1281 2879 bellandi
1326 2842 1453 2881 usus
1503 2838 1605 2883 est.
1654 2830 1831 2901 Supra

213 2906 397 2962 nubes
426 2909 803 2981 ascendimus,
833 2922 887 2968 et
931 2913 1000 2971 de
1030 2917 1172 2973 nube
1219 2919 1618 2979 descendentes
1655 2940 1828 2996 popu—

218 3000 309 3055 los
356 3001 582 3057 vicimus
616 3006 881 3074 :,aerium
937 3010 1148 3066 cunctis
1191 3014 1504 3082 aperuimus
1551 3018 1671 3073 iter.
1720 3018 1831 3075 Iter

216 3111 539 3164 mquoreum
603 3100 758 3155 vobis
816 3118 924 3158 non
976 3104 1306 3173 invidemus,
1357 3110 1649 3167 dummodo
1696 3114 1828 3171 illud

219 3191 673 3261 triumphantium
704 3195 888 3263 fuerit,
923 3197 1028 3253 hoc
1060 3200 1397 3271 fugientium.
1429 3204 1689 3261 Romanae
1720 3208 1825 3263 ita-

1940 2005 2110 2062 usque
2155 1992 2220 2045 ad
2271 1992 2483 2048 Indicos
2528 2001 2769 2059 tractus,
2820 2002 2972 2049 extra
3021 1995 3207 2053 orbem
3273 2004 3537 2051 terrarum

1936 2085 2118 2155 egredi
2146 2094 2307 2156 atque
2335 2087 2564 2141 alterum
2594 2087 2783 2143 orbem
2813 2102 3078 2158 qumrcre,
3114 2086 3279 2143 maris
3304 2097 3536 2154 secreta,

1936 2179 2068 2235 solis
2099 2180 2396 2248 oceanique
2422 2180 2632 2246 ultima,
2663 2188 2720 2236 et
2744 2180 2967 2236 alterius
2995 2181 3142 2236 orbis
3172 2180 3378 2236 incolas
3408 2195 3539 2237 nos-

1940 2282 2023 2326 tro
2069 2273 2296 2341 imperio
2347 2272 2663 2345 adjungerc.
2696 2273 2836 2340 Quid
2864 2272 3118 2330 Antiochi
3154 2288 3414 2343 regnum,
3442 2272 3536 2343 qui

1936 2379 2031 2419 vos
2056 2365 2309 2435 gravibus
2335 2365 2615 2435 suppliciis
2647 2364 2869 2419 affecit?
2896 2364 2993 2419 .lus
3037 2379 3254 2435 quoque
3302 2366 3477 2435 ipsum
3507 2362 3535 2400 ι’

1937 2464 2184 2526 ereptum
2216 2456 2496 2526 religionis
2528 2475 2541 2510 :
2571 2472 2670 2512 nos
2692 2456 2797 2527 ipsi
2821 2455 2973 2511 vobis
2994 2454 3312 2521 refudimus,
3335 2456 3538 2526 glorio-

1934 2549 2049 2604 sius
2097 2549 2426 2605 arbitrantes
2474 2549 2742 2618 imperare
2792 2547 3045 2619 regibus,
3096 2562 3260 2618 quam
3310 2562 3532 2620 regnum

1938 2643 2148 2698 tollere.
2182 2641 2302 2712 Ipsa
2334 2641 2494 2697 sedes
2524 2641 2868 2696 dominorum
2896 2649 3199 2695 vestrorum
3222 2639 3532 2707 Antiochia,

1934 2748 2115 2788 nonne
2144 2732 2387 2788 studiose
2416 2746 2543 2787 suos
2574 2731 2896 2800 repudiavit,
2925 2740 2978 2786 et
3010 2746 3107 2786 nos
3134 2729 3387 2786 dominos
3415 2731 3529 2789 ele-

1934 2826 2053 2896 git?
2097 2824 2207 2880 Vos
2253 2824 2357 2894 ipsi
2409 2839 2588 2881 nonne
2634 2824 2702 2880 ad
2753 2839 2853 2879 nos
2898 2821 3247 2895 confugistis,
3304 2832 3361 2878 ut
3410 2824 3534 2880 illos

1933 2915 2186 2971 dominos
2219 2914 2503 2985 l'ugeritis?
2528 2913 2649 2970 Non
2679 2914 2780 2985 ipsi
2819 2929 2919 2970 vos
2955 2914 3323 2983 suscepimus,
3354 2923 3409 2969 et
3438 2913 3532 2969 ad-

1933 3029 2150 3069 versum
2185 3014 2308 3067 illos
2333 3011 2711 3069 defendimus?
2744 3022 2765 3049 ο
2792 3011 3072 3067 Servimus
3102 3009 3257 3065 vobis
3280 3052 3296 3077 ,
3326 3018 3384 3066 ut
3409 3025 3533 3067 ves-

1934 3109 2032 3164 tris
2079 3108 2286 3178 legibus
2332 3105 2631 3162 viveretis:
2662 3104 2910 3160 dedimus
2966 3111 3287 3173 potestatem
3332 3104 3531 3158 vestris

1934 3203 2197 3259 inservire
2227 3200 2481 3256 cultibus.
2511 3199 2677 3255 Sacra
2709 3194 2889 3253 ve'stra
2919 3196 3060 3252 scire
3092 3196 3361 3252 noluimus
3386 3238 3400 3260 ,
3429 3196 3528 3251 sed

211 3299 322 3355 que
350 3284 535 3339 virtuti
562 3288 930 3344 consederunt
960 3302 1172 3349 montes
1191 3335 1206 3360 ,
1238 3310 1428 3351 arnncs
1457 3308 1814 3369 exaruerunt,
1846 3292 1891 3354 C
1926 3297 2330 3353 honoravimus.
2349 3294 2541 3351 Postea
2569 3290 2943 3348 rebellandum
2966 3287 3216 3358 putastis.
3237 3287 3533 3357 Pompeius

210 3380 418 3433 amisso
447 3393 607 3435 cursu
637 3397 796 3453 quem
830 3393 1020 3439 natura
1049 3387 1361 3455 direxerat,
1395 3401 1448 3446 et
1473 3391 1674 3449 inﬂexo
1713 3409 1821 3464 quo

213 3474 458 3531 victores
495 3475 780 3547 jubebant.
811 3478 1118 3535 Conversus
1140 3480 1212 3536 sit
1239 3482 1493 3551 Iordanis
1521 3495 1699 3541 vester
1720 3528 1735 3555 ,
1764 3495 1822 3543 ut

211 3567 416 3634 dicitis,
448 3580 609 3641 atque
636 3570 690 3626 in
722 3570 928 3627 fontem
956 3577 1268 3644 reverterit,
1304 3586 1360 3632 ut
1388 3578 1543 3635 vobis
1564 3580 1667 3636 iter
1689 3596 1822 3652 pan-

212 3659 369 3716 deret
398 3679 411 3716 :
436 3678 544 3717 non
568 3676 635 3719 eo
657 3663 847 3719 Cloelia
869 3664 1111 3721 Romana
1139 3669 1291 3739 virgo
1313 3670 1480 3741 eguit,
1504 3686 1625 3740 quae
1647 3673 1821 3741 ruptis

214 3753 458 3809 vinculis
490 3754 700 3811 hostem
734 3758 930 3823 evasit,
963 3771 1018 3813 et
1048 3757 1211 3813 ﬂuvio
1237 3760 1537 3818 decurrens
1564 3763 1822 3820 Romanis

211 3860 272 3901 sc
299 3845 489 3901 intulit
536 3847 753 3903 castris.
783 3847 892 3904 Nec
927 3849 1178 3906 incendia
1213 3864 1393 3907 veStra
1428 3856 1720 3922 miramur,
1753 3857 1821 3911 de

209 3941 412 4012 quibus
457 3941 718 3998 Hebrmos
765 3958 963 4013 pueros
1016 3946 1289 4013 evasisse,
1343 3949 1610 4005 maximos
1656 3950 1820 4005 edere

209 4042 403 4090 cantus
431 4035 639 4090 soletis.
662 4034 869 4091 Mucius
910 4048 1094 4093 noster
1137 4040 1286 4095 nullo
1316 4050 1546 4112 cogente
1598 4058 1818 4098 manum

211 4127 455 4182 admovit
485 4126 722 4197 ignibus,
756 4144 857 4184 nec
885 4131 1138 4195 removit,
1172 4132 1347 4189 donec
1368 4136 1815 4205 victorincendii,

211 4218 535 4275 miraculum
566 4219 810 4277 hostibus
839 4224 955 4277 suis
977 4224 1287 4281 iufunderet
1308 4225 1670 4297 fortitudinis,
1697 4246 1817 4301 quae

210 4310 461 4366 ﬂammas
494 4328 600 4367 non
630 4316 879 4370 senserit.
914 4315 1157 4387 Denique
1185 4333 1372 4388 pacem
1404 4330 1693 4391 rogarunt,
1727 4323 1816 4393 qui

213 4405 552 4475 triumphum
593 4408 904 4477 Sperabant.
939 4413 1022 4464 An
1052 4426 1181 4466 vero
1210 4413 1451 4468 caelestia
1482 4414 1570 4469 illa
1596 4429 1693 4469 vos
1718 4430 1817 4471 ex-

214 4497 389 4551 tulere
422 4497 640 4567 pabula,
673 4508 727 4553 et
781 4515 903 4555 esca
936 4502 1238 4571 pluviarum
1271 4505 1536 4562 adversus
1561 4505 1814 4563 virtutem

215 4590 557 4646 Romanam?
587 4593 690 4648 Sed
723 4595 1072 4652 considerare
1117 4597 1300 4654 decuit
1346 4600 1595 4657 altricem
1645 4603 1816 4672 ipsam

1923 3391 2188 3462 templum
2216 3387 2412 3459 coepit,
2445 3387 2540 3442 sed
2568 3400 2676 3441 non
2708 3384 2875 3441 diruit
2910 3401 2923 3436 :
2968 3383 3157 3438 urbem
3207 3381 3526 3452 occupavit,

1922 3484 2018 3542 sed
2051 3484 2258 3551 integra
2290 3482 2475 3536 omnia
2492 3477 2794 3534 reservavit
2824 3476 3072 3531 donaria.
3098 3474 3204 3530 Pro
3230 3475 3453 3543 quibus,
3485 3490 3518 3529 ο

1921 3577 2060 3648 grati
2094 3574 2264 3631 socii!
2302 3573 2442 3627 hanc
2484 3572 2658 3626 vicem
2688 3568 2845 3624 nobis
2875 3566 3200 3637 rependistis
3222 3608 3238 3633 ,
3265 3575 3325 3621 ut
3361 3570 3522 3621 tertio

1923 3667 2299 3726 rebellaretis?
2326 3665 2514 3721 Fuerit
2556 3663 2699 3719 Nero
2728 3660 3142 3732 deSpiciendus,
3177 3660 3273 3716 sed
3320 3675 3428 3716 non
3470 3661 3522 3716 in

1924 3778 2031 3818 uno
2060 3762 2301 3815 Romana
2331 3759 2503 3813 virtus
2535 3754 2943 3825 expendebatur
2984 3774 2997 3810 :
3032 3753 3127 3809 sed
3152 3751 3384 3808 habebat
3423 3752 3526 3806 mi-

1922 3855 2073 3909 litem
2103 3852 2497 3923 Vespasianum
2522 3891 2536 3914 ,
2565 3850 2653 3920 qui
2700 3852 2811 3917 jam
2841 3848 2907 3904 ad
2942 3862 3128 3918 pacem
3170 3856 3523 3901 revocaverat

1922 3945 2125 4003 Gallias
2156 3962 2170 3999 :
2204 3951 2314 3998 tam
2360 3943 2513 3998 fortis
2542 3944 2593 3996 in
2627 3941 2815 4012 praelio
2836 3982 2852 4006 ,
2882 3948 2943 3994 ut
2967 3954 3064 4009 per
3094 3938 3249 3994 illum
3281 3946 3337 3993 et
3372 3936 3518 3993 Nero

1922 4040 2193 4103 vinceret,
2225 4052 2320 4107 per
2351 4036 2501 4090 illum
2521 4033 2664 4091 Nero
2682 4041 2828 4089 esset
2852 4031 3100 4087 hostibus
3124 4028 3513 4085 formidabilis:

1925 4145 2032 4190 tam
2060 4132 2236 4188 fidelis
2263 4131 2486 4187 domino
2514 4129 2778 4201 principi,
2814 4138 2874 4183 ut
2902 4125 3051 4181 solus
3076 4123 3362 4195 imperium
3409 4138 3524 4179 non

1921 4238 2189 4301 qumreret
2210 4267 2226 4294 ,
2255 4226 2397 4297 quod
2427 4226 2574 4282 solus
2599 4225 2926 4281 merebatur.
2961 4222 3069 4281 Sed
3119 4223 3332 4279 Cestius
3361 4221 3518 4277 laese-

1920 4330 2007 4378 rat
2037 4340 2050 4377 :
2079 4319 2353 4392 querelam
2407 4317 2609 4373 deferri
2651 4316 2870 4384 decuit,
2912 4331 3016 4370 non
3067 4329 3216 4370 arma
3263 4314 3513 4385 irrogari.

1924 4417 2118 4472 Missus
2143 4425 2296 4485 pater
2326 4413 2710 4483 Vespasianus,
2740 4410 2831 4480 qui
2883 4407 3209 4478 improvisus
3256 4407 3431 4477 potuit
3461 4407 3514 4460 in

1922 4511 2219 4581 imparatos
2249 4523 2309 4564 se
2352 4507 2634 4563 effundere
2668 4522 2681 4559 :
2713 4503 2990 4561 Galilmam
3019 4501 3367 4564 circumibat,
3399 4500 3517 4555 lon-

1919 4603 2118 4672 ginqua
2168 4600 2465 4665 exurebat,
2498 4609 2557 4655 ut
2596 4616 2691 4656 vos
2734 4599 3078 4670 deponeretis
3126 4593 3469 4653 insolentiam
3496 4633 3512 4659 ,

211 4687 364 4741 orbis
409 4695 678 4742 terrarum
726 4688 960 4745 Africam
1009 4707 1130 4748 esse
1194 4692 1492 4765 subiectam
1551 4695 1814 4752 Romana:
1837 4679 1892 4740 Ῑ)
1919 4699 2131 4750 veniam
2162 4692 2533 4765 postularetis.
2560 4691 2810 4748 Ostendit
2836 4694 3122 4758 virtutem,
3157 4698 3362 4747 etcum
3393 4686 3513 4741 uni-

210 4780 534 4836 fortitudini.
568 4781 735 4838 Nobis
776 4785 978 4849 servit,
1009 4801 1128 4857 qua:
1174 4802 1365 4844 omnes
1411 4789 1505 4844 alit
1542 4807 1555 4843 :
1606 4790 1659 4845 in
1692 4805 1819 4847 nos-

216 4882 294 4929 tra
326 4883 594 4944 potestate
620 4884 705 4930 est
736 4875 907 4931 fames
937 4879 1219 4947 omnium,
1251 4888 1307 4934 et
1335 4881 1511 4937 victus
1538 4882 1819 4937 universo-

213 4982 357 5021 rum.
383 4966 539 5035 Quod
581 4976 773 5025 natura
816 4970 1069 5026 omnibus
1117 4971 1297 5039 dedit,
1351 4972 1523 5029 virtus
1573 4974 1816 5031 Romana

206 5060 301 5131 jus
332 5074 490 5115 suum
517 5060 663 5116 fecit.
691 5061 869 5131 Ipsum
918 5063 1236 5120 Annibalem
1281 5066 1533 5136 perculit,
1569 5070 1620 5122 in
1670 5069 1817 5123 exsi-

212 5154 457 5229 liumque
485 5156 682 5224 coegit,
715 5170 876 5225 quem
937 5172 1045 5211 non
1071 5158 1320 5226 capiebat
1347 5159 1494 5215 orbis
1524 5168 1812 5215 terrarum.

213 5247 508 5316 Augustior
537 5247 748 5303 civibus
776 5246 955 5303 Africa
1000 5249 1118 5304 fuit.
1150 5250 1265 5306 Non
1299 5252 1509 5308 idoneae
1536 5253 1602 5307 ad
1633 5252 1817 5309 demo-

214 5341 447 5396 randum
478 5342 607 5397 visae
637 5341 946 5412 Hispaniae;
979 5356 1130 5399 arcta
1160 5346 1321 5401 vianti
1364 5347 1536 5403 Gallia
1556 5390 1572 5415 ,
1605 5347 1820 5419 indigna

214 5432 370 5487 italia
402 5433 655 5488 amicitiae
684 5430 923 5501 findere,
960 5445 1015 5489 et
1055 5436 1330 5492 societatis
1376 5439 1672 5494 consortio.
1698 5439 1823 5495 Jac-

219 5524 348 5581 tetis
396 5525 583 5593 liceat,
615 5526 761 5596 quod
794 5536 815 5563 η
859 5526 1082 5582 ﬂumina
1135 5529 1488 5586 militaverint
1533 5533 1714 5601 vobis,
1767 5542 1824 5590 et

220 5616 480 5674 caelestes
530 5625 828 5688 potestates
883 5620 1240 5690 pugnaverint
1284 5641 1296 5674 :
1348 5636 1446 5676 nos
1494 5621 1817 5680 Annibalem

294 5791 322 5817 ιι
365 5776 709 5834 Fulmina...
760 5777 1080 5849 fulminibus.
1140 5777 1307 5833 BARR.
1368 5805 1436 5818 -—-
1499 5779 1818 5846 Huiusmodi

223 5852 500 5909 restitutio
522 5866 709 5919 parum
732 5860 1099 5905 consentanea
1122 5850 1279 5904 nobis
1302 5849 1536 5905 videtur.
1552 5851 1827 5909 Gaurano.

1923 4801 2110 4843 versos
2140 4786 2353 4840 clausos
2384 4793 2618 4849 teneret,
2650 4784 2945 4857 Aﬂgyptum
2976 4783 3149 4856 petiit,
3180 4790 3241 4838 ut
3270 4778 3513 4836 inducias

1920 4878 2281 4951 resipiscendi
2311 4878 2486 4935 daret.
2517 4878 2902 4935 lnsolentiorcs
2927 4894 3026 4935 vos
3058 4887 3241 4935 nostra
3269 4873 3514 4931 absentia

1919 4974 2072 5040 fecit,
2104 4975 2228 5045 quia
2258 4988 2356 5029 nos
2381 4983 2672 5043 occupatos
2695 4980 2948 5043 putastis.
2983 4971 3089 5029 Sed
3122 4984 3416 5041 numquam
3442 4968 3514 5023 ita

1921 5067 2170 5136 occupati
2217 5080 2439 5132 sumus,
2470 5075 2529 5120 ut
2553 5065 2805 5120 absentes
2853 5065 3025 5120 simus
3065 5064 3183 5119 orbi
3223 5074 3511 5120 terrarum.

1924 5161 2056 5217 Nam
2089 5172 2144 5216 ct
2167 5162 2422 5217 absentes
2461 5159 2717 5215 adsumus
2740 5202 2754 5225 ,
2787 5168 2844 5215 et
2870 5159 3030 5232 longe
3058 5160 3251 5232 positis
3295 5161 3520 5232 propius

1925 5254 2249 5309 assistimus.
2303 5251 2545 5324 Namque
2594 5262 2652 5306 ut
2719 5266 2896 5307 anima
2947 5261 3002 5307 tn
3051 5267 3282 5324 corpore
3337 5252 3515 5311 omnia

1926 5346 2169 5402 membra
2210 5345 2454 5402 vivificat
2481 5360 2578 5401 sua
2601 5386 2617 5411 ,
2648 5346 2729 5400 sic
2758 5345 2999 5403 Romana
3036 5347 3378 5420 providentia
3404 5360 3520 5403 om-

1926 5442 2086 5499 nibus
2132 5442 2344 5514 imperii
2386 5444 2470 5499 sui
2523 5444 2767 5516 partibus
2813 5447 2997 5516 adest,
3028 5455 3084 5503 et
3130 5453 3298 5499 totum
3333 5444 3521 5502 orbem

1925 5536 2227 5593 Romanum
2255 5579 2269 5603 ,
2306 5546 2578 5611 tamquam
2607 5558 2848 5613 praesens
2873 5543 3157 5615 gubernat.
3186 5540 3318 5597 Nam
3345 5540 3389 5595 si
3411 5540 3525 5595 sin-

1924 5629 2063 5699 gulis
2088 5630 2284 5684 animis
2327 5631 2416 5686 illa
2464 5635 2548 5690 vis
2596 5635 2775 5692 divina
2806 5637 3025 5708 regendi
3070 5633 3314 5706 corporis
3355 5633 3529 5689 virtu-

2001 5784 2028 5821 ιι
2062 5785 2291 5856 Eripuit.
2328 5791 2492 5846 ΒΑΜ.

2017 5868 2036 5895 τ
2071 5858 2414 5914 Scrt'ut’inms.
2449 5865 2520 5919 Ib.

3412 5866 3429 5874 ο
3485 5861 3509 5877 οδ
3528 5858 3531 5861 ’

3490 5880 3516 5898 ’.-
