4082 6344
552 395 697 453 2195

1898 387 2143 452 εΑΝετι
2184 384 2507 453 summa"

3703 367 3835 464 erat;

548 521 656 567 tem
684 510 873 576 dedit;
907 520 1110 582 quanto
1134 512 1305 582 magis
1330 508 1579 567 Romano
1609 514 1780 583 vigori
1806 556 1821 580 ,
1854 520 1962 582 quo
1991 513 2146 583 quasi
2174 522 2227 583 Α
2252 520 2443 582 captus
2469 511 2727 583 prodidit,
2757 514 3015 585 fugitivus
3044 518 3442 576 ἀριιίηιρμιεινίι.
3472 521 3527 577 id
3560 522 3632 579 illi
3657 524 3837 593 majori

553 618 721 660 unum
753 605 917 661 totius
940 606 1155 676 imperii
1187 609 1354 661 nostri
1401 622 1599 678 corpus
1629 610 1898 663 animatur
1920 651 1934 676 ,
1967 607 2151 664 tuendi

550 700 670 768 ejus
698 700 918 754 vitalem
961 700 1248 769 quamdam
1279 701 1634 756 substantiam
1676 700 2146 758 subministravit!

550 794 884 864 Suspensum
917 795 1098 866 itaque
1126 794 1322 848 bellum
1345 809 1442 850 vos
1469 798 1778 866 reparastis.
1805 795 2153 851 Profecturus

556 887 738 958 itaque
766 895 919 958 pater
943 887 1011 941 ad
1043 888 1229 944 urbem
1262 887 1488 944 Romam
1514 930 1530 957 ,
1561 905 1590 945 a
1616 892 1859 961 tyrannis
1889 891 2156 961 recipien-

553 980 701 1045 dam,
737 994 822 1032 me
857 994 887 1032 a
914 994 1009 1034 sua
1040 980 1221 1034 divisit
1249 981 1541 1047 societate,
1575 998 1644 1038 ne
1666 983 1820 1039 vobis
1876 998 1990 1038 suae
2046 986 2153 1051 pie-

552 1072 678 1125 tatis
717 1083 1007 1127 exsecutor
1036 1072 1271 1128 deesset.
1308 1072 1444 1129 Veni
1467 1073 1532 1128 ad
1577 1074 1777 1130 bellum
1815 1076 1995 1145 specie
2044 1083 2156 1129 ter-

551 1164 756 1233 rentis,
797 1164 993 1221 aﬂ'ectu
1033 1166 1296 1237 rogantis.
1322 1165 1546 1235 Quoties
1594 1182 1623 1221 a
1665 1167 1937 1223 mtenibus
1962 1166 2160 1222 vestris

554 1257 743 1313 vocavi
816 1259 1158 1313 exercitum!
1210 1259 1435 1326 Quoties
1484 1269 1669 1329 postea
1716 1274 1746 1312 a
1794 1257 2162 1328 penetralibus

558 1348 747 1420 templi
795 1349 1035 1404 retraxi!
1068 1349 1294 1417 Quoties
1340 1351 1568 1405 restinxi
1618 1350 1897 1406 incendia!
1936 1348 2161 1416 Quoties

559 1443 783 1497 monui!
835 1441 942 1498 Sed
990 1456 1281 1513 numquam
1309 1442 1557 1497 audistis.
1611 1442 1762 1499 Nunc
1810 1458 1896 1497 me
1941 1441 2160 1497 demum

557 1536 779 1607 rogatis,
811 1535 967 1607 quasi
982 1535 1095 1606 jam
1121 1535 1412 1608 quidquam
1436 1538 1697 1605 supersit,
1720 1538 1880 1608 quale
1897 1538 2006 1606 jam
2030 1551 2166 1591 con-

558 1638 830 1699 sumptum
859 1637 963 1697 est,
993 1639 1047 1685 et
1072 1638 1253 1685 tamen
1282 1645 1311 1684 a
1338 1630 1509 1698 crede,
1545 1629 1826 1698 incendio,
1861 1630 2165 1701 direptione

555 1719 728 1775 exemi
759 1719 1004 1775 militem.
1040 1720 1179 1788 Quid
1227 1719 1590 1779 desideratis?
1620 1721 1747 1791 quid
1792 1718 1970 1777 adhuc
2009 1721 2163 1777 statis

561 1813 755 1868 armati
785 1811 940 1882 quasi
988 1813 1165 1869 daturi
1203 1814 1381 1883 leges,
1414 1822 1520 1869 non
1565 1815 1879 1886 accepturi?
1906 1814 1964 1870 Si
2009 1813 2167 1869 dedi-

2256 606 2526 675 supplicio
2578 606 2676 660 fuit
2712 620 2724 660 :
2764 609 2904 677 apud
2951 607 3099 663 viros
3149 611 3292 665 enim
3341 612 3590 683 graviora
3644 616 3842 671 militia:

2255 703 2475 773 probra,
2510 718 2669 773 quam
2717 703 2906 758 mortis
2957 705 3179 758 vulnera
3226 715 3369 761 sunt.
3401 706 3621 779 Repulsi
3669 716 3839 765 tamen

2259 797 2405 851 illico
2434 796 2629 864 Judaei,
2655 797 2720 853 ad
2752 798 3028 869 superiora
3056 801 3207 855 urbis
3249 818 3306 856 se
3336 804 3629 868 contulere,
3665 806 3843 860 reliCta

2262 888 2447 959 templi
2488 903 2540 945 et
2573 891 2721 945 urbis
2772 891 3112 947 defensione.
3148 897 3367 963 Strages
3416 912 3610 966 magna
3657 898 3713 952 in
3756 913 3845 956 eos

2259 982 2351 1052 qui
2384 983 2704 1038 resederunt
2739 983 3123 1050 exercebatur,
3165 984 3525 1043 semiuecibus
3562 1002 3744 1043 autem
3767 1007 3850 1045 ca-

2262 1075 2551 1131 daveribus
2580 1076 2800 1146 repletae
2842 1078 2963 1132 viae.
2997 1077 3371 1134 JussitCmsar
3400 1081 3562 1136 etiam
3597 1080 3665 1136 ad
3700 1097 3852 1152 supe-

2264 1182 2407 1222 riora
2457 1167 2734 1223 admoveri
2766 1169 3083 1225 machinas:
3115 1171 3257 1241 quod
3309 1173 3557 1228 videntes
3598 1172 3848 1242 idumzei,

2266 1260 2551 1330 elegerunt
2580 1258 2725 1313 viros
2762 1276 2899 1330 quos
2928 1261 2994 1316 ad
3028 1261 3206 1316 Titum
3255 1258 3557 1332 mitterent,
3590 1265 3681 1335 qui
3714 1262 3856 1320 dedi-

2267 1352 2470 1407 tionem
2523 1360 2791 1424 rogarent.
2853 1354 2932 1409 Eo
2976 1356 3215 1425 cognito,
3249 1355 3435 1411 Simon
3485 1355 3771 1427 praevenit,
3805 1366 3856 1413 et

2268 1448 2476 1501 electos
2504 1444 2725 1515 quidem
2763 1447 3008 1514 petenda:
3049 1448 3343 1503 deditionis
3378 1449 3525 1503 viros
3554 1449 3854 1518 intercepit.

2268 1534 2376 1593 Sed
2405 1537 2625 1594 ldumtei
2650 1554 2756 1595 non
2781 1540 2950 1596 multo
2979 1550 3118 1611 post,
3143 1536 3389 1612 quamvis
3428 1534 3681 1597 destituti
3706 1541 3856 1611 adju-

2270 1636 2456 1688 mento
2486 1632 2814 1703 principum,
2844 1648 2965 1689 cum
2992 1635 3263 1689 suStinere
3294 1633 3498 1689 diutius
3539 1634 3651 1689 vim
3680 1636 3858 1705 nequi-

2269 1735 2390 1781 rent
2435 1727 2771 1783 tradiderunt
2810 1742 2870 1783 se
2916 1726 3176 1783 exercitui
3212 1725 3473 1783 Romano.
3503 1726 3581 1782 ita
3633 1727 3858 1797 primum

2273 1825 2464 1889 Iames,
2499 1828 2555 1875 et
2584 1819 2651 1874 ad
2685 1826 3019 1889 postremum
3061 1819 3372 1888 desperatio
3414 1818 3728 1886 resistendi,
3775 1818 3863 1874 de-

567 1905 771 1961 tionem
806 1904 1022 1976 petitis,
1050 1906 1307 1976 deponite
1348 1918 1534 1974 arma,
1561 1908 1672 1975 jam
1722 1922 1827 1963 non
1876 1907 2165 1963 metuenda
2197 1933 2245 1993 Β
2270 1913 2530 1969 ditionem
2583 1913 2835 1982 patravit.
2890 1906 3002 1966 Nec
3051 1910 3304 1977 Romani,
3340 1911 3509 1965 multa
3561 1911 3713 1965 caede
3755 1909 3857 1981 jam

560 1999 890 2065 victoribus,
920 1998 1014 2054 sed
1042 2000 1273 2070 superba
1317 2000 1503 2070 vicus,
1529 2010 1583 2056 et
1614 2001 1769 2071 plena
1814 2002 2113 2057 insolentiae
2148 2017 2159 2053 :

2275 2008 2423 2074 fessi,
2459 2007 2772 2062 abnuebant
2798 2007 2920 2061 vita:
2949 2006 3372 2076 indulgentiam;
3418 2014 3471 2060 et
3516 2004 3702 2060 studio
3744 2019 3859 2076 cap-

561 2100 620 2145 ιη
661 2091 855 2146 arma“
900 2091 1136 2162 roselis;
1184 2092 1338 2164 quasi
1384 2094 1452 2149 de
1512 2092 1618 2149 θάθ
1685 2103 1868 2149 "08ml
1908 2093 2164 2149 dilbilall-
2273 2103 2380 2157 tiva
2413 2102 2677 2171 mancipia
2711 2098 3005 2167 vendendi,
3038 2103 3398 2170 promptiores
3421 2097 3668 2155 erantad
3699 2106 3864 2154 rescr-

562 2183 690 2239 dum
732 2181 885 2239 vobis
924 2185 1029 2251 sit,
1059 2177 1152 2240 aut
1190 2184 1368 2241 adhuc
1410 2189 1663 2241 virtutem
1707 2187 2014 2255 lacessitis,
2053 2187 2166 2243 bel-
2274 2193 2503 2248 vendam
2542 2194 2797 2248 salutem.
2825 2193 3051 2249 Plurimi
3074 2194 3314 2261 venales,
3347 2190 3442 2247 sed
3471 2193 3628 2262 pauci
3660 2201 3863 2262 empto.

564 2279 674 2333 lum
722 2278 1033 2334 minantes?
1079 2278 1316 2350 Pupulus
1376 2283 1676 2337 exstinch
1738 2290 1858 2349 est,
1905 2281 2165 2350 lelltplum
2276 2300 2409 2344 res:
2459 2289 2582 2357 quia
2631 2287 2862 2342 Romani
2916 2286 3120 2342 habere
3170 2287 3223 2341 in
3277 2285 3598 2340 servitutem
3652 2284 3859 2340 Iuda-os

562 2373 743 2437 ardet,
784 2374 971 2429 urbem
1024 2380 1292 2429 tenemus.
1341 2376 1480 2443 Quid
1527 2375 1719 2444 reliqui
1752 2377 2015 2444 speratis,
2065 2375 2167 2430 nisi
2275 2380 2754 2450 dedignabantur:
2790 2396 2890 2435 nec
2919 2380 3090 2435 Judaei
3142 2388 3466 2449 supererant
3505 2380 3599 2449 qui
3645 2378 3868 2434 redime-

568 2472 626 2519 ut
651 2465 759 2519 vita
806 2465 963 2519 vobis
1009 2465 1285 2520 donetur?
1325 2467 1561 2522 Proinde
1606 2469 1787 2538 ponite
1826 2482 1975 2522 arma
2014 2467 2171 2536 quasi
2280 2485 2401 2531 rem
2433 2487 2585 2539 suos,
2618 2488 2741 2528 cum
2772 2488 2832 2527 se
2860 2474 3100 2528 evasisse
3128 2471 3501 2541 unusquisque
3537 2466 3623 2525 vei
3664 2470 3865 2540 inopem

566 2559 736 2623 victi;
779 2558 968 2615 vivere
1007 2559 1161 2614 vobis
1205 2559 1457 2624 donabo,
1499 2561 1605 2615 etsi
1662 2570 1766 2616 nott
1819 2560 2162 2626 mercantiui,

2280 2569 2663 2639 gratularetur.
2724 2568 2932 2623 Passim
2992 2568 3172 2637 itaque
3221 2581 3280 2620 se
3332 2563 3621 2619 tradebant
3670 2572 3868 2619 remoto

569 2652 700 2723 quia
747 2652 993 2707 noluistis
1041 2666 1163 2723 qua
1208 2659 1387 2708 vestra
1413 2662 1540 2708 sunt
1568 2660 1594 2689 α
1628 2653 1781 2708 vobis
1822 2662 2171 2709 conservare.
2285 2668 2470 2728 metu,
2522 2661 2777 2732 quoniam
2833 2660 3073 2714 latrones
3123 2657 3371 2725 aberant,
3416 2656 3648 2712 Romani
3702 2657 3870 2727 ignos-

571 2746 722 2801 'i‘unc
753 2745 830 2800 illi
876 2746 1063 2817 petere
1108 2748 1427 2815 cmperunt,
1460 2754 1517 2801 ut
1546 2746 1648 2801 sibi
1697 2745 1976 2801 obstrictis
1995 2756 2179 2800 saera-
2284 2756 2500 2811 ρριηιηι,

572 2848 796 2904 mento,
847 2852 914 2894 nc
958 2850 1212 2909 nmquam
1254 2853 1313 2894 se
1355 2839 1615 2894 Romanis
1659 2838 1975 2905 traderent,
2026 2852 2180 2909 egre-

571 2931 755 2990 diendi
801 2948 897 3003 per
938 2944 1151 2988 murum
1200 2936 1526 3004 potestatem
1550 2916 1741 2998 daret,
1787 2944 2040 3004 quocum
2067 2933 2181 2988 suis

574 3028 793 3084 familiis
828 3029 881 3083 in
908 3026 1181 3084 desertum
1213 3036 1535 3097 pergerent,
1565 3027 1756 3082 urbem
1790 3029 2044 3081 Romanis
2092 3042 2181 3081 ce-

575 3123 790 3179 dentes.
824 3122 901 3177 Eo
928 3124 1253 3178 commotior
1277 3122 1430 3177 Titus
1456 3137 1471 3177 :
1499 3121 1736 3175 etiamne
1758 3162 1773 3188 ,
1825 3120 2019 3190 inquit,
2047 3135 2162 3175 (3οης

2290 3146 2431 3196 rum,
2489 3131 2741 3184 lucernas
2787 3128 2942 3188 duas,
2978 3140 3214 3192 mensas,
3261 3136 3521 3191 crateras,
3565 3122 3779 3196 phialas
3826 3130 3877 3176 et

577 3217 812 3272 ditiones
837 3216 992 3271 nobis
1022 3216 1506 3286 imperatis‘iQuin
1551 3216 1729 3285 pOIiiiS
1768 3214 2047 3269 defensate
2091 3228 2186 3283 pa-
2292 3226 2472 3279 omnia
2523 3238 2650 3278 vasa
2701 3237 2861 3277 aurea
2887 3265 2899 3285 θ
2950 3222 3044 3275 sed
3075 3229 3125 3273 (τι
3157 3223 3596 3291 permensum”,
3632 3227 3690 3273 et
3738 3216 3877 3272 indu-

577 3311 757 3374 triam,
779 3306 1025 3364 adestote
1044 3308 1264 3377 templo,
1284 3310 1430 3363 omni
1448 3309 1645 3362 Virtute
1662 3309 1948 3378 insurgite,
1971 3317 2162 3361 SCI‘Viiit

2297 3329 2473 3373 menta
2503 3318 2803 3388 principum
2837 3313 3149 3373 sacerdotii.
3189 3328 3311 3368 cum
3343 3313 3633 3381 lapidibus,
3662 3320 3875 3381 accepta

580 3411 978 3456 sacramentum
1026 3402 1252 3462 mortis.
1292 3401 1509 3470 quando
1555 3402 1677 3455 vitae
1730 3400 2072 3471 repudiastls.
2121 3402 2158 3453 lC

2294 3410 2398 3464 fide
2442 3409 2653 3475 salutis,
2700 3408 2889 3462 volens
2936 3405 3176 3462 tradidit.
3228 3404 3676 3475 Comprehensos
3725 3404 3875 3458 etiam

584 3492 919 3565 simuljubet
964 3494 1250 3563 insurgere
1281 3495 1552 3548 Romanos
1596 3493 1647 3546 in
1687 3502 1878 3548 necem
1922 3495 2157 3546 ltostium

2295 3498 2529 3558 Pbinecs
2557 3512 2740 3556 custos
2772 3499 3144 3571 gaqubylacii
3181 3496 3580 3552 demonsu'a'vit
3630 3495 3873 3550 sacerdoo

587 3587 809 3643 Plurimi
836 3596 1053 3656 erepere
1089 3585 1343 3655 graviore
1387 3586 1653 3638 victorem
1699 3583 2070 3652 indignatione
2113 3585 2157 3635 la

2301 3605 2412 3647 tum
2447 3604 2741 3664 purpuram
2767 3592 3016 3656 multam,
3039 3597 3096 3645 et
3124 3603 3366 3654 coccum,
3397 3594 3453 3643 et
3474 3588 3576 3642 alia
3607 3582 3877 3655 complura

584 3679 845 3735 befactari
877 3694 891 3732 :
924 3674 1265 3733 tradiderunt
1314 3686 1373 3733 se
1402 3687 1580 3731 tamen
1611 3676 1760 3731 Zarat:
1794 3677 1934 3747 regis
1967 3674 2060 3730 lilii
2084 3715 2098 3742 ,
2134 3691 2162 3730 e

2294 3698 2415 3757 quae
2454 3686 2522 3740 ad
2554 3696 2709 3739 usutn
2741 3684 3181 3739 reservabantur.
3210 3681 3345 3736 Cum
3375 3679 3568 3749 quibus
3609 3681 3882 3732 cinnamo-

586 3775 780 3827 Ῐΐτιῑνεε
808 3769 959 3841 eius,
1005 3776 1053 3825 εἴ
1103 3769 1321 3839 Plurimi
1367 3780 1489 3824 cum
1542 3769 1673 3839 illgis
1738 3768 1807 3823 de
1854 3766 2031 3837 βίθῧθι
2082 3766 2189 3821 Nec
2297 3778 2781 3841 tnum,eteasiam,
2810 3785 2864 3831 et
2888 3785 3127 3831 aromata
3158 3770 3875 3844 plurima,ettitymiamata,

587 3863 763 3929 Titus,
794 3860 1039 3931 quamvis
1061 3861 1329 3916 catenatus
1358 3860 1423 3914 ad
1456 3859 1814 3923 iracundiam,
1850 3859 2162 3929 propositun

2298 3886 2421 3927 vasa
2444 3885 2657 3942 quoque
2693 3878 3155 3923 sacramentorum
3181 3866 3347 3919 multa
3381 3880 3396 3917 :
3425 3862 3586 3919 etiam
3621 3862 3744 3933 ipse
3784 3868 3881 3913 tra-

589 3966 747 4009 snutn
779 3955 940 4009 Solvit
960 3952 1202 4008 contuitu
1231 3952 1429 4022 regalis
1453 3949 1670 4021 fastigii,
1704 3951 1798 4006 sed
1831 3951 2039 4021 recepit
2061 3967 2162 4006 con

2295 3960 2428 4020 didit
2466 3970 2522 4018 et
2549 3971 2754 4017 vestem
2796 3966 3097 4027 sacratam,
3130 3959 3222 4014 sed
3266 3966 3488 4012 coactus
3526 3964 3701 4022 metu,
3753 3952 3880 4008 unde

590 4045 907 4116 fugientes:
941 4044 1112 4098 solius
1158 4048 1362 4098 tantum
1420 4042 1632 4113 pietatis
1679 4040 1852 4112 (quod
1898 4041 2191 4096 maximum
2296 4064 2352 4112 ει
2400 4053 2670 4110 veniabile
2700 4053 2843 4123 apud
2888 4068 3016 4106 suos
3049 4051 3309 4121 pagum,“
3350 4048 3451 4104 fuit
3482 4067 3496 4104 ε
3529 4056 3736 4111 tamen,
3789 4043 3881 4099 cui

590 4138 695 4211 est)
725 4140 929 4194 lucrum
955 4138 1101 4193 fecit.
1130 4134 1263 4192 Nam
1292 4135 1529 4208 praedam
1551 4149 1768 4192 omnem
1807 4133 2001 4190 domus
2032 4136 2160 4204 regi;

2298 4150 2549 4204 voluntas
2575 4147 2765 4210 defuit,
2793 4145 2989 4201 deesse
3020 4143 3190 4198 virtus
3220 4154 3327 4197 non
3358 4141 3565 4197 debuit.
3597 4139 3753 4195 Licet
3781 4137 3884 4207 ple-

591 4228 875 4292 seditionls
902 4238 1153 4287 auctores
1194 4229 1501 4299 diripuere,
1536 4237 1594 4283 ut
1620 4227 1753 4282 nihil
1779 4243 1845 4283 ex
1884 4242 1946 4281 ea
1988 4226 2054 4281 ad
2081 4224 2162 4280 Ro

2298 4257 2528 4312 rumque
2558 4239 2805 4295 severius
2840 4238 3167 4309 judicemus,
3197 4250 3356 4307 quam
3386 4249 3695 4305 praecavere
3724 4231 3883 4301 possi-

597 4338 787 4385 manos
814 4326 1139 4400 perveniret.

2296 4350 2441 4403 mus,
2473 4336 2519 4389 si
2561 4334 2660 4404 ipsi
2695 4334 2749 4387 in
2784 4332 2876 4387 tali
2921 4346 3207 4387 versemur
3250 4331 3598 4396 necessitate,
3647 4326 3884 4396 refugere

1154 4432 1385 4495 CAPUT
1425 4432 1635 4495 XLVII.
2297 4438 2483 4483 tamen
2504 4425 2766 4482 debemus
2796 4436 2817 4465 ο
2852 4424 2977 4480 furti
3010 4424 3469 4490 ministerium,et
3488 4420 3755 4492 judicium
3774 4422 3885 4490 prd-

671 4534 842 4594 Simul
885 4542 1064 4590 autem
1101 4542 1159 4588 ut
1207 4532 1351 4589 facto
1391 4528 1621 4602 impetu,
1656 4531 1708 4586 in
1739 4528 1916 4586 auiam
1949 4531 2193 4597 irruere,
2300 4522 2544 4579 ditionis.

604 4631 742 4688 duos
770 4630 837 4685 de
873 4622 1136 4683 Romanis
1177 4624 1440 4683 militibus
1477 4624 1829 4687 invadentes,
1883 4634 2047 4677 unum
2107 4632 2202 4694 pe~
2866 4611 3097 4669 CAPUT
3139 4609 3327 4666 XLIX.

608 4714 807 4778 destris
829 4716 1035 4776 militia!
1068 4722 1243 4775 virum
1277 4716 1721 4774 trticidaverunt:
1757 4730 1921 4785 eques
1952 4731 2078 4771 vero
2099 4730 2196 4784 po-
2226 4712 2280 4775 D
2374 4711 2600 4781 Jamque
2645 4710 3054 4765 insurrexerant
3084 4721 3332 4778 aggeres,
3374 4703 3471 4760 sed
3498 4711 3551 4758 et
3592 4701 3761 4757 ferire
3785 4713 3885 4754 cur.

608 4812 778 4882 poscit
804 4822 864 4868 Se
886 4814 951 4867 ad
986 4804 1265 4869 Simonem
1293 4804 1439 4875 duci,
1474 4809 1715 4879 allegans
1742 4820 1801 4861 se
1832 4806 2195 4877 babere,qu:e
2305 4815 2497 4876 perant
2528 4804 2730 4859 arietes
2768 4816 2979 4857 murum
3008 4802 3343 4871 superiorem
3371 4799 3599 4868 septima
3627 4795 3720 4852 die
3749 4806 3886 4848 nien-

608 4913 905 4962 memorato
931 4903 1232 4959 insinuaret
1270 4902 1495 4973 principi
1540 4900 1891 4956 seditionum.
1925 4900 2031 4956 Sed
2080 4912 2201 4970 pcr-
2304 4898 2402 4965 sis,
2434 4910 2594 4969 quem
2624 4894 3032 4966 dGorpiensem
3078 4901 3429 4963 nuncupant:
3456 4897 3675 4945 ventum
3713 4888 3777 4943 ad
3807 4900 3886 4940 suo

604 4999 799 5055 ductus
826 4995 891 5051 ad
922 5008 1067 5063 cum,
1095 5010 1216 5051 cum
1248 5008 1383 5051 Vana
1407 4994 1655 5066 quaedam
1684 4998 1972 5058 atteXeret,
2005 4993 2199 5064 perimi
2305 5000 2577 5065 premtttn.
2608 4990 2930 5046 Conturbati
2954 4998 3008 5043 et
3032 4987 3306 5057 perterriti
3336 4986 3436 5055 ipsi
3470 4999 3687 5055 quoque
3712 4979 3888 5037 factio-

600 5095 783 5165 jussus
816 5109 829 5145 :
869 5091 997 5146 dum
1050 5102 1339 5161 percussor
1387 5098 1655 5153 moratur,
1689 5088 1889 5143 clausis
1933 5080 2042 5157 ja'm
2094 5086 2203 5142 fas—
2308 5096 2439 5141 num
2466 5084 2872 5155 principes,qui
2901 5082 2954 5137 in
2986 5080 3245 5136 extremis
3266 5074 3887 5148 insuitabantpericulis,

603 5182 743 5243 ciola
771 5180 967 5249 oculis,
1012 5194 1134 5240 sese
1163 5182 1430 5254 proripuit
1468 5183 1533 5238 ad
1563 5178 1862 5238 Romanos.
1895 5180 1996 5249 Qui
2026 5179 2200 5236 comi-
2305 5176 2534 5248 genibus
2577 5175 2915 5244 singulorum
2963 5170 3415 5234 advolvebantur,
3458 5176 3619 5236 opem
3656 5174 3886 5221 orantes.

607 5288 708 5336 nus
731 5272 1043 5350 prmliantes
1087 5288 1377 5346 suscepere
1410 5275 1734 5347 fugientem,
1769 5271 2203 5344 perductumque
2303 5269 2544 5325 Cernere
2566 5272 2702 5333 erat,
2733 5282 2894 5339 quam
2932 5265 3257 5321 miserabilis
3289 5260 3385 5319 illa'
3412 5265 3639 5318 mutatio
3671 5261 3806 5316 foret
3828 5272 3887 5312 ex

607 5366 673 5428 ad
707 5381 829 5429 sese
855 5362 1009 5427 'I‘itus
1035 5369 1188 5441 quasi
1225 5368 1504 5439 indignum
1534 5366 1562 5405 ι’
1594 5360 1767 5423 videri
1793 5374 1988 5431 morte,
2012 5366 2103 5437 qui
2136 5364 2205 5422 ab
2307 5364 2400 5418 illo
2437 5362 2663 5418 terribili
2690 5369 2752 5415 ac
2793 5358 3029 5426 superbo
3059 5357 3278 5427 fastigio
3311 5358 3363 5410 in
3392 5354 3534 5410 hanc
3562 5352 3817 5409 humilem
3843 5355 3892 5402 et

611 5463 768 5521 hoste
816 5465 975 5520 vivus
1023 5461 1262 5535 potuerit
1308 5462 1451 5532 capi,
1490 5466 1713 5516 exutum
1739 5461 1905 5515 armis
1933 5459 2095 5530 jussit
2125 5457 2208 5514 di—
2306 5456 2571 5527 plebeiam
2601 5453 2988 5523 dejectionem,
3016 5452 3065 5504 in
3099 5450 3387 5520 lacrymas,
3409 5446 3589 5513 ﬂetus,
3624 5446 3886 5535 pavorem:

607 5559 747 5613 mitti
778 5574 791 5611 τ
820 5530 1108 5613 reservans
1146 5554 1197 5610 ei
1238 5530 1388 5624 quod
1432 5562 1529 5623 per
1574 5553 1750 5608 hostis
1794 5552 2062 5623 ignaviam
2095 5562 2201 5607 non
2303 5551 2543 5607 Necdum
2596 5556 2840 5604 cesserat
2883 5563 3071 5601 murus
3105 5545 3252 5600 urbis
3299 5542 3624 5613 superioris,
3664 5540 3775 5610 jam
3819 5530 3888 5590 illi

601 5653 883 5716 amiserat,
912 5658 967 5705 et
1012 5648 1268 5703 auferens
1316 5646 1529 5701 militia:
1579 5650 2004 5711 sacramentum,
2055 5644 2200 5717 quod
2304 5641 2695 5715 percursabant
2742 5640 3007 5710 singulos,
3044 5637 3179 5693 nihil
3213 5642 3505 5706 superesse
3550 5629 3789 5704 praesidii
3817 5628 3893 5680 in»

2821 2844 3053 2904 CAPUT
3092 2840 3324 2902 XLVIII.

2359 2943 2602 3014 Denique
2628 2953 2683 2997 et
2720 2940 2879 2997 Jesus
2928 2956 3065 2995 unus
3108 2956 3176 2995 ex
3224 2936 3617 3003 sacerdotibus,
3650 2934 3871 2992 'i‘bebnti

2289 3038 2436 3092 filius
2464 3052 2523 3091 se
2552 3034 2779 3102 dedidit,
2810 3044 2863 3090 et
2905 3051 3028 3089 vasa
3079 3033 3496 3089 sacerdotalium
3538 3032 3872 3086 ministerio-

2382 5762 2410 5799 ἀ
2450 5738 2533 5818 ᾹΙ,
2567 5759 2893 5831 Gorpiwum,
2924 5759 3019 5830 qui
3046 5756 3367 5828 September
3413 5754 3570 5810 nobis
3600 5747 3812 5814 dicitur,
3842 5751 3895 5801 ut

2312 5832 2506 5891 Suidas
2536 5834 2713 5890 docet.
2748 5834 2820 5888 in.

679 5775 706 5803 ι
743 5762 1018 5818 Vobiscum
1038 5776 1258 5816 servare.
1292 5759 1462 5816 Btnn.

676 5834 705 5875 ι›
764 5834 887 5875 Viri-
915 5833 991 5875 In-

679 5834 705 5943 ἲ
1011 5918 1078 5958 ox
1103 5903 1354 5958 indicium
1384 5917 1483 5974 pro
1502 5900 1783 5974 judicium.
1817 5899 1891 5960 In.
