4050 6460
216 406 377 463 2197

212 613 387 683 rique
421 624 697 683 tamquam
725 615 837 684 jam
868 614 937 670 de
956 616 1329 685 superioribus
1363 621 1685 685 pugnantes,
1716 612 1826 668 Ro-

216 720 423 762 manos
476 707 660 764 videre
715 708 819 762 sibi
876 708 1203 763 videbantur
1254 725 1268 761 :
1319 706 1460 775 quod
1515 706 1828 760 metuebant

218 801 436 865 animo,
473 798 647 855 oculis
680 798 1123 871 prteligurabant,
1156 813 1211 855 et
1239 802 1438 855 mentis
1470 816 1634 870 pavor
1662 798 1824 854 ﬁebat

220 890 411 963 imago
434 894 606 947 visus.
639 893 883 963 Denique
915 910 1015 964 pro
1040 903 1193 948 certo
1212 891 1325 963 jam
1357 893 1567 947 hostem
1597 890 1824 947 cervici-

216 982 331 1040 bus
378 988 493 1040 suis
532 985 849 1042 incumbere
888 987 1202 1051 credentes,
1247 987 1443 1057 quibus
1480 987 1659 1042 adhuc
1709 996 1822 1041 tres

224 1087 428 1146 turres,
460 1080 756 1134 Mariamne
789 1090 845 1134 et
883 1079 1145 1135 Phaselus
1187 1090 1242 1132 et
1276 1078 1557 1150 Equestris
1596 1095 1818 1149 supere-

221 1182 372 1238 rant,
426 1172 640 1227 creteris
692 1171 985 1228 validiores
1030 1191 1042 1226 :
1093 1173 1449 1228 deseruerunt
1499 1173 1816 1243 superiora,

222 1264 605 1336 confugientes
642 1265 710 1321 ad
740 1266 985 1338 hypogea
1015 1268 1095 1322 vel
1131 1275 1373 1321 relrusos
1404 1283 1621 1337 specus.
1654 1267 1820 1323 Joan-

224 1372 328 1412 nes
360 1366 541 1413 tamen
576 1374 682 1413 non
713 1359 885 1414 multo
908 1370 1028 1429 post
1054 1359 1193 1414 fante
1219 1358 1434 1415 tabidus
1464 1371 1517 1415 et
1543 1361 1818 1415 confectus

218 1449 450 1520 jejunio,
484 1450 702 1506 tradidit
730 1467 790 1507 se
812 1452 1040 1516 Ctesari,
1074 1451 1166 1520 qui
1196 1462 1507 1507 reservatus
1537 1451 1603 1507 ad
1633 1451 1820 1506 trium-

224 1543 414 1614 phum,
460 1543 555 1600 sed
604 1545 879 1616 perpetuis
919 1545 1153 1599 vinculis
1193 1545 1504 1610 innodatus,
1534 1560 1705 1615 usque
1749 1543 1815 1599 ad

223 1648 481 1705 mortem,
514 1637 687 1709 magis
720 1640 942 1693 trahens
980 1638 1230 1709 spiritum
1266 1637 1405 1702 vitae,
1449 1653 1609 1708 quam
1652 1638 1817 1691 ullam

221 1734 553 1803 voluptatem
578 1732 794 1788 vivendi
831 1742 1105 1803 expertus,
1138 1733 1370 1787 securim
1399 1732 1594 1787 evasit.
1627 1731 1813 1787 Simon

218 1835 398 1881 autem
432 1827 589 1881 latttit
616 1824 779 1881 etiam
801 1825 943 1879 intra
968 1836 1179 1880 exusta:
1205 1825 1355 1879 urbis
1387 1825 1593 1889 ruinas,
1628 1824 1681 1878 in
1713 1823 1813 1893 hy-

1101 407 1374 463 HlSTOIt.
1422 406 1508 462 os
1551 390 1829 462 EXCIDIO
1871 396 2144 462 manus.
2192 407 2391 464 URBIS
2430 410 2559 464 LIB.
2602 410 2669 466 v.

215 521 621 591 getniscentes,
664 518 875 576 hostem
907 523 1208 593 ingressum
1250 521 1671 577 arbitrabantur.
1702 514 1825 575 Ple—
1850 527 1899 583 Α

3392 414 3536 471 2198

1931 537 1998 575 an
2027 518 2052 558 δ
2074 517 2389 578 defensione
2412 523 2699 591 incertum,
2732 533 2790 578 ut
2813 518 3053 581 reseraia
3082 537 3257 596 porta,
3286 531 3532 599 eruptio.

1933 613 2017 666 nis
2058 612 2158 667 sibi
2190 616 2400 683 copiam
2441 614 2637 670 daret:
2668 632 2776 687 quo
2826 622 3135 690 impetrato,
3173 610 3421 675 infudere
3470 632 3531 675 se

1929 706 2073 772 genti
2120 702 2429 772 Medorum;
2457 716 2510 762 et
2542 706 2844 776 impetratis
2887 710 3036 766 brevi
3069 700 3346 767 velo’Cihus
3376 710 3529 783 equis

1929 806 1984 850 et
2012 792 2132 849 aliis
2161 799 2364 866 pariter
2389 792 2455 852 ad
2484 796 2765 855 dextetam
2800 804 2973 868 nexis;
3008 801 3061 857 itt
3093 817 3228 874 quos
3262 812 3359 872 per
3386 798 3535 858 vices

1927 902 2048 941 cum
2086 889 2225 944 foret
2264 891 2471 946 libitum
2501 892 2802 961 desilirent,
2837 905 2999 949 totam
3036 912 3202 966 pr0pe
3245 898 3524 966 regionem

1928 995 2318 1050 percursavere
2346 1006 2357 1041 :
2385 997 2439 1039 ut
2461 988 2637 1056 primo
2668 991 3047 1059 perturbarent
3078 992 3260 1045 omnia
3283 991 3531 1061 majoris-

1929 1090 2033 1143 que
2089 1076 2449 1132 multitudinis
2497 1080 2733 1150 Speciem
2789 1081 3003 1146 darent,
3051 1083 3313 1138 adversus
3362 1101 3522 1153 quatit

1924 1167 2105 1223 nnllus
2132 1170 2272 1239 fuga:
2310 1171 2461 1226 locus
2494 1183 2709 1228 vacaret
2737 1186 2749 1226 :
2782 1172 2978 1230 deinde
3001 1175 3385 1231 circumventis
3408 1194 3525 1231 om-

1922 1260 2100 1326 nibus,
2135 1274 2390 1331 quautatn
2424 1262 2645 1331 vellent,
2678 1278 2858 1336 Strage
2886 1268 3053 1331 edita,
3085 1272 3321 1337 prmdam
3354 1268 3520 1325 abdu-

1921 1366 2127 1411 Cerent.
2158 1356 2286 1411 Erat
2310 1360 2455 1413 enim
2509 1360 2659 1430 regio
2700 1362 2898 1432 populo
2932 1364 3183 1435 frequens
3220 1377 3274 1421 et
3302 1369 3514 1438 pecoris

1921 1449 2233 1517 abundans;
2274 1468 2393 1521 qua:
2435 1453 2586 1507 nullo
2620 1457 2907 1512 resistente
2951 1456 3106 1514 facile
3135 1458 3304 1530 patuit
3336 1462 3511 1532 direp-

1924 1542 2079 1599 tioni.
2136 1542 2414 1615 Siquidem
2450 1544 2567 1615 ipse
2600 1546 2833 1603 Pacorus
2865 1550 3143 1606 Medorum
3172 1569 3265 1608 rex
3320 1554 3371 1608 in
3397 1553 3514 1607 abs-

1926 1643 2071 1687 trusa
2098 1635 2213 1689 loca
2247 1650 2305 1690 se
2332 1636 2584 1704 contulit,
2606 1637 2763 1692 saluti
2787 1640 2964 1704 potius
2991 1659 3151 1712 quam
3190 1660 3357 1714 regno
3388 1660 3517 1700 con-

1922 1728 2103 1781 sulens
2127 1745 2141 1794 ;
2174 1728 2244 1781 ita
2272 1739 2326 1784 ut
2356 1746 2491 1784 uxor
2511 1729 2629 1799 ejus
2654 1746 2717 1786 ac
2742 1729 2896 1787 liberi
2926 1748 2988 1789 ac
3005 1736 3317 1791 concubinae
3344 1751 3516 1809 capta:

1920 1823 1989 1875 ab
2022 1821 2226 1887 Alanis,
2251 1836 2467 1878 centum
2497 1825 2718 1879 talentis
2747 1835 2930 1894 postea
2962 1827 3384 1885 redimerentur.
3416 1829 3521 1887 Nec

223 1920 407 1991 pogeis
454 1935 514 1975 se
557 1935 679 1974 cum
733 1920 919 1989 paucis
960 1917 1266 1973 recondens
1310 1915 1661 1971 fidelioribus.
1692 1915 1811 1971 Jam
1848 1914 1892 1975 Β
1922 1912 2204 1985 Tyridates
2233 1914 2501 1971 Armeniae
2544 1933 2645 1972 rex
2690 1918 2945 1974 immunis
2992 1920 3086 1974 fuit
3132 1921 3380 1991 periculi,
3425 1923 3519 1977 sed

218 2011 403 2067 Ca’sar
423 2012 754 2068 discesserat
788 2020 1026 2067 cremata
1064 2010 1197 2065 urbe
1218 2011 1493 2063 testimans
1528 2008 1689 2064 etiam
1731 2010 1814 2064 Si-

222 2121 442 2161 monem
472 2114 567 2160 aut
596 2106 703 2176 igni
732 2112 1011 2169 exustum,
1035 2114 1127 2158 aut
1158 2106 1311 2157 ruina
1342 2117 1663 2173 oppressum
1685 2145 1697 2169 ,
1722 2110 1815 2156 aut

219 2216 248 2255 a
302 2209 702 2271 quocumquell
738 2199 958 2253 homine
1006 2198 1412 2267 interemptum.
1465 2196 1665 2253 Verum
1719 2197 1814 2251 ille

222 2294 479 2364 quamdiu
509 2292 664 2349 cibus
711 2292 1114 2363 suppeditavit,
1166 2291 1219 2345 in
1267 2290 1500 2345 defossis
1546 2290 1813 2361 specubus

219 2385 531 2445 defodiebat
584 2386 875 2441 introrsum
908 2384 1042 2439 :sed
1080 2384 1170 2438 ubi
1213 2394 1267 2438 et
1314 2382 1467 2438 cibus
1512 2382 1729 2449 defecit,
1759 2392 1815 2438 et

222 2481 405 2536 nullus
443 2478 712 2535 evadendi
755 2481 930 2533 exitus
984 2478 1176 2548 patuit,
1209 2478 1389 2531 subito
1435 2477 1499 2531 ad
1531 2476 1811 2546 superiora

220 2572 448 2644 erepsit,
482 2574 704 2628 indutus
734 2583 883 2627 veste
928 2570 1155 2625 candida
1187 2577 1242 2624 et
1281 2584 1552 2640 purpureo
1578 2569 1814 2638 desuper

224 2667 571 2733 vestimento,
605 2673 665 2721 ut
711 2675 977 2719 terrorem
1021 2662 1307 2733 quemdam
1357 2663 1624 2716 incuteret
1671 2660 1812 2730 aSpi-

222 2757 507 2815 cientibus.
535 2758 636 2825 Qui
672 2755 846 2825 primo
879 2754 1219 2826 stupentibus
1248 2753 1509 2809 militibus
1556 2752 1816 2807 Romanis

222 2848 464 2915 mandat,
510 2858 568 2903 ut
595 2848 661 2903 ad
688 2848 882 2902 ducem
923 2860 1079 2900 suum
1122 2845 1478 2901 deducerent.
1511 2843 1635 2900 Erat
1671 2845 1721 2897 in
1750 2858 1816 2899 eo

223 2945 346 2998 loco
378 2942 550 2998 liuius
603 2940 915 3005 Terentius,
946 2955 1105 3011 quem
1147 2938 1303 2993 Titus
1345 2939 1465 2993 loco
1494 2936 1813 3010 praefectum

226 3035 432 3091 militim
472 3033 863 3104 dereliquerat.
895 3032 1015 3099 Quo
1058 3030 1380 3086 adveniente
1416 3029 1813 3099 interrogatus,

223 3130 343 3201 quis
375 3134 551 3191 esset,
577 3126 754 3199 primo
771 3125 873 3182 alia
893 3143 908 3191 ;
932 3134 1068 3195 post,
1100 3126 1376 3181 Simonem
1395 3123 1679 3179 confessus
1708 3134 1812 3177 est.

226 3224 355 3278 Inde
388 3221 740 3278 transmissus
768 3219 835 3276 ad
864 3218 1156 3285 thsarem,
1175 3227 1229 3273 et
1258 3220 1368 3287 ipse
1386 3217 1450 3272 ad
1485 3216 1813 3286 triumphum

1917 2009 2096 2061 alieno
2149 2011 2292 2064 malo
2336 2012 2564 2074 cautior,
2612 2024 2819 2083 pestem
2866 2015 3156 2084 praevidit:
3193 2024 3248 2071 et
3294 2017 3523 2071 viriliter

1917 2099 2138 2168 quidem
2171 2101 2340 2155 voluit
2377 2116 2688 2169 occurrere,
2741 2111 2799 2157 ut
2840 2122 2868 2156 a
2910 2105 3104 2160 finibus
3151 2108 3263 2162 suis
3303 2106 3519 2164 hoStem

1916 2206 2212 2251 averteret.
2249 2195 2382 2250 Dum
2408 2197 2690 2269 praeliatur
2721 2206 2900 2253 tamen
2930 2198 3125 2269 laqueo
3171 2203 3427 2270 insertus,
3467 2204 3520 2258 in

1918 2298 2243 2360 potestatem
2276 2288 2512 2344 hostium
2550 2291 2704 2344 vivus
2734 2303 3124 2359 concesserat,
3160 2293 3211 2347 ni
3246 2306 3521 2365 prtt'acuto

1914 2383 2096 2453 gladio
2123 2382 2323 2437 ttodutn
2359 2380 2643 2437 informem
2668 2384 2931 2438 velociter
2958 2380 3345 2441 intercidissel.
3386 2386 3519 2440 Nam

1918 2474 2209 2529 insolentia
2237 2473 2469 2543 quadam
2503 2474 2738 2545 propriae
2770 2472 3099 2532 fortitudinis
3131 2487 3183 2532 et
3210 2480 3261 2533 in
3291 2490 3520 2535 creteros

1917 2564 2171 2632 despectu
2205 2566 2460 2633 superbo,
2493 2566 2652 2621 simul
2700 2574 2759 2621 ut
2798 2566 3121 2624 familiarem
3155 2571 3257 2625 sibi
3290 2571 3509 2627 eminus

1917 2654 2244 2711 decernendi
2270 2658 2718 2712 consuetudinem
2741 2700 2755 2724 ,
2788 2658 3199 2733 refugiendique
3230 2674 3252 2701 ο
3284 2663 3515 2719 [τιςιιιιίισ

1919 2760 2027 2806 tem
2074 2750 2265 2806 fraude
2312 2751 2401 2805 tali
2445 2760 2841 2822 prmtexerent;
2874 2754 3099 2825 laqueos
3140 2755 3325 2826 jacere
3354 2769 3518 2829 atque

1919 2844 2128 2901 hostem
2159 2846 2460 2910 innectere,
2486 2862 2577 2900 ars
2604 2846 2791 2902 Alanis
2822 2849 3169 2920 bellandique
3195 2866 3314 2906 mos
3337 2863 3439 2907 est.

2474 2965 2483 2973 σ
2526 2936 2759 2996 CAPUT
2798 2936 2884 2996 LI.

1990 3030 2148 3103 Fugit
2198 3033 2375 3103 itaque
2423 3032 2735 3104 Tyridates,
2767 3034 2852 3088 cui
2896 3038 3135 3093 evasisse
3180 3039 3315 3094 satis
3362 3036 3511 3096 fuit:

1918 3143 2141 3193 regnum
2191 3138 2369 3183 autem
2417 3145 2573 3185 suum
2619 3129 3054 3201 depopulandum
3106 3132 3349 3205 reliquit.
3381 3134 3514 3189 Nam

1920 3225 2070 3293 quasi
2101 3233 2319 3293 accepta
2359 3224 2554 3294 injuria
2586 3224 2727 3295 quod
2751 3225 3007 3295 congredi
3038 3242 3203 3283 ausos
3235 3228 3394 3294 foret,
3418 3246 3515 3284 vc-

227 3320 562 3370 reservatns.
598 3312 703 3367 Sed
747 3312 869 3383 quia
920 3309 1162 3366 crudelia
1190 3317 1516 3363 excreuerat
1545 3307 1597 3362 in
1629 3308 1776 3363 cives
1799 3348 1813 3370 ,
1846 3300 1891 3363 C
1926 3313 2230 3368 hetncntius
2262 3300 2610 3381 Armeniunf,
2642 3331 2803 3385 quam
2837 3315 3024 3371 Media:
3056 3334 3283 3390 regnum
3324 3317 3519 3375 devas-

226 3422 328 3462 ttec
371 3423 430 3462 se
467 3404 670 3461 Caesari
718 3402 1033 3470 tradiderat,
1079 3410 1198 3473 p0st
1250 3399 1505 3469 trintnpbl
1564 3414 1811 3469 pompam

228 3498 347 3555 neci
379 3498 746 3569 adiudicatus.
792 3496 988 3553 Octava
1018 3494 1117 3550 'dic
1167 3493 1403 3564 Gorpizei
1456 3496 1657 3548 mensis
1687 3507 1817 3546 cnn-

228 3602 464 3648 rremata
490 3600 572 3646 est
593 3586 805 3647 civitas.
835 3589 986 3644 Casa
1018 3604 1115 3659 per
1145 3603 1305 3643 omne
1341 3594 1551 3654 tempus
1581 3584 1820 3640 obsidio-

231 3690 314 3743 nis
354 3688 633 3742 innumera
665 3683 851 3749 millia,
885 3684 1065 3738 decies
1097 3695 1327 3737 centena
1376 3680 1539 3735 millia
1585 3678 1672 3752 (cx
1706 3695 1818 3750 my-

230 3778 426 3845 riadcs,
461 3788 518 3834 ttt
549 3781 789 3850 plerique
818 3775 1445 3847 asscrunt),.|oda:orum
1494 3784 1671 3828 tamen
1700 3788 1815 3825 om-

232 3873 400 3941 nium,
443 3873 537 3927 sed
572 3889 677 3927 non
729 3873 970 3925 omnium
1012 3870 1253 3938 ejusdem
1304 3866 1542 3937 regionis
1589 3875 1643 3919 et
1690 3864 1817 3927 loci,

230 3968 352 4038 quia
404 3982 469 4021 eo
523 3965 761 4036 undique
814 3972 1192 4018 convenerunt
1252 3972 1495 4030 tempore
1552 3960 1822 4031 paschalis

231 4060 559 4116 festivitatis.
608 4056 817 4128 Captivi
867 4053 1090 4111 abducti
1142 4056 1208 4110 ad
1261 4057 1551 4126 nonaginta
1609 4063 1818 4123 septem

234 4150 422 4221 millia,
459 4154 697 4207 latrones
749 4166 917 4222 prope
964 4164 1153 4205 omnes
1183 4148 1448 4218 perempti
1480 4150 1660 4203 statim
1688 4166 1701 4199 :
1731 4150 1821 4218 qui

236 4242 524 4302 validiores
554 4254 731 4311 erant,
765 4260 859 4314 per
903 4242 1234 4313 triutnphutn
1282 4244 1448 4310 ducti,
1483 4253 1668 4313 postea
1693 4243 1822 4298 bes-

236 4341 324 4395 tiis
366 4338 560 4408 obiecti
606 4338 930 4407 creterisque
967 4335 1248 4406 suppliciis
1289 4335 1425 4401 dati,
1459 4352 1553 4407 per
1582 4335 1824 4405 singulas

236 4433 407 4487 ferme
437 4432 597 4486 urbes
630 4447 730 4499 qua
765 4432 866 4485 iter
886 4430 1081 4501 agebat
1114 4429 1286 4494 Titus,
1318 4440 1369 4483 ut
1402 4444 1496 4499 per
1538 4426 1825 4484 universos

237 4526 598 4583 rebellionum
632 4524 898 4596 supplicio
940 4534 1141 4578 metum
1168 4532 1465 4594 spargeret.

869 4612 1099 4673 CAPUT
1140 4612 1201 4671 L.

1923 3413 2196 3459 lth‘l‘lllli.
2253 3405 2433 3475 Opimi
2486 3405 2666 3477 itaque
2698 3408 2977 3479 utriusque
3017 3414 3165 3482 regni
3210 3412 3421 3483 spoliis,
3451 3412 3519 3467 ad

1924 3498 2138 3569 pmpria
2190 3513 2471 3553 recursum
2520 3498 2722 3555 fecere.
2755 3501 2996 3566 Quorum
3033 3515 3309 3574 comperta
3344 3505 3526 3560 incur-

1922 3591 2096 3654 sione,
2129 3590 2283 3644 Titus
2335 3590 2680 3647 Antiochiam
2714 3595 2996 3648 contendit
3035 3613 3047 3648 :
3082 3595 3282 3650 sensim
3320 3609 3523 3663 tamen,

1925 3692 1982 3736 ut
2010 3683 2459 3753 trinmpltatoretn
2492 3682 2751 3748 decebat,
2786 3701 3117 3755 causamque
3145 3687 3521 3753 dissimulans,

1924 3790 2020 3843 per
2053 3775 2296 3842 singulas
2322 3773 2485 3828 urbes
2526 3790 2775 3845 pompam
2805 3778 3047 3831 celebrat
3078 3779 3339 3834 victorim.
3372 3780 3524 3835 Peri-

1927 3866 2214 3919 mebantur
2264 3866 2316 3920 in
2368 3881 2531 3920 arena
2578 3867 2773 3931 Juda‘i,
2823 3885 3161 3939 quacumque
3205 3874 3520 3940 pergebant,

1927 3974 1989 4014 ac
2017 3959 2298 4013 dilacerati
2326 3975 2354 4013 a
2391 3958 2601 4025 bestiis,
2634 3961 2944 4030 pendebant
2969 3964 3163 4017 merita
3188 3963 3528 4021 rebellionis.

1927 4051 2228 4105 Antiochiae
2257 4065 2475 4122 quoque
2506 4067 2600 4106 eos
2625 4055 2853 4106 vetustis
2876 4054 3015 4107 odiis
3040 4056 3259 4124 gentilis
3292 4058 3521 4127 populus

1928 4143 2294 4199 insectabatur
2329 4158 2430 4198 :eo
2463 4143 2607 4214 quod
2637 4159 2792 4211 reges
2820 4143 3107 4200 Persarum
3133 4164 3253 4216 qua:
3289 4148 3356 4202 de
3396 4148 3522 4203 llic-

1930 4237 2317 4308 rosolyntitana
2354 4236 2486 4291 urbe
2517 4236 2743 4291 donaria
2780 4236 2904 4308 jure
2936 4238 3175 4293 victoria:
3218 4239 3522 4295 vindicave—

1931 4337 2076 4393 rant,
2131 4330 2422 4399 synagogis
2466 4330 2858 4384 contulerant:
2910 4330 3265 4387 Antiochenis
3307 4336 3375 4388 de
3425 4347 3526 4388 suo

1930 4443 2145 4499 quoque
2172 4425 2275 4481 alia
2313 4426 2516 4497 largiti.
2544 4428 2733 4498 Itaque
2774 4434 3049 4498 congesto
3090 4443 3223 4497 opes
3264 4426 3521 4483 invidiam

1932 4520 2086 4575 facile
2120 4536 2359 4575 movere.
2390 4519 2519 4576 Nam
2550 4530 2609 4575 ut
2641 4520 2728 4574 illa
2758 4534 2902 4575 nunc
2933 4519 3247 4574 omittamus
3273 4534 3394 4590 qua:
3424 4518 3525 4574 ad-

1933 4630 2148 4669 versum
2180 4611 2521 4668 Machabatos
2554 4615 2824 4682 gesserint
2868 4609 3160 4667 sacerdotii
3200 4610 3530 4681 competito-

312 4710 414 4766 Per
458 4709 599 4766 idem
646 4718 856 4780 tempus
899 4708 1080 4775 Alani,
1121 4723 1254 4779 gens
1303 4708 1409 4764 fera
1442 4714 1495 4761 et
1524 4708 1615 4761 diu
1646 4706 1825 4778 ignota
1855 4692 1906 4752 ἶ)
1937 4724 2044 4772 res,
2076 4716 2132 4761 et
2162 4715 2377 4776 qmutae
2403 4704 2541 4761 cladi
2574 4704 2769 4761 civium
2797 4703 2962 4760 fuerit
2998 4706 3245 4770 ambitio,
3273 4704 3412 4759 sicut
3434 4719 3527 4759 su-

243 4804 484 4872 nostris,
539 4803 681 4871 quod
730 4804 1047 4858 interiorum
1102 4802 1345 4856 lucorum
1405 4798 1725 4853 difficultate
1777 4806 1831 4853 et

241 4894 478 4953 claustro
500 4906 671 4967 portze
702 4896 889 4951 ferrea:
915 4910 1074 4965 quam
1108 4909 1332 4965 magnus
1358 4890 1672 4947 Alexander
1697 4905 1834 4959 pra:-

244 4996 403 5061 rupto‘
428 4988 646 5044 Taurim
668 4991 813 5043 ontis
839 4984 1090 5057 imposuit
1118 4984 1273 5055 jngo,
1302 5001 1421 5039 cum
1458 4985 1673 5038 caeteris
1704 4983 1836 5037 feris

242 5094 297 5140 et
334 5082 614 5137 indomitis
642 5081 934 5135 introrsum
959 5077 1209 5148 gentibus
1236 5076 1656 5132 cohibebantur.
1683 5073 1835 5129 Inco-

245 5178 427 5233 lebant
448 5173 761 5248 Scythicum
783 5172 1003 5227 Tanaim
1045 5172 1374 5239 finitimoque
1401 5172 1517 5237 ejus
1554 5178 1607 5221 ot
1634 5169 1834 5223 Matuti-

246 5272 328 5326 dis
358 5272 601 5339 paludes,
641 5270 787 5323 velut
818 5267 1049 5336 quodam
1079 5266 1246 5320 clausi
1288 5280 1508 5320 carcere
1552 5264 1835 5319 memorati

248 5363 462 5433 ingenio
487 5362 648 5431 regis,
682 5360 738 5414 ut
766 5374 891 5414 suas
923 5370 1095 5412 terras
1126 5366 1475 5423 exercerent,
1506 5357 1708 5410 alienas
1732 5371 1835 5409 non

248 5456 603 5511 incursarent.
638 5452 744 5508 Sed
776 5453 887 5507 sive
914 5450 984 5502 ob
1023 5449 1360 5503 sterilitatem
1393 5449 1653 5513 locorum,
1697 5446 1840 5517 quod

248 5550 393 5606 avari
440 5549 582 5601 votis
614 5548 866 5616 agricolae
906 5548 1117 5612 sperata
1156 5540 1381 5595 culturm
1414 5557 1518 5595 non
1552 5538 1844 5609 responde-

250 5658 328 5701 ret
358 5640 679 5705 fecunditas,
714 5638 829 5693 sive
852 5632 1128 5708 pr.ed.tndi
1160 5635 1458 5701 cupiditate
1491 5647 1671 5703 regem
1711 5631 1845 5702 llyr-

255 5749 519 5796 canorum
568 5732 658 5801 qui
711 5731 844 5785 locis
902 5734 1151 5799 praeerat,
1187 5725 1566 5790 stillieitarttnt,
1601 5724 1847 5795 pretioue

324 5841 349 5869 ⁸
402 5827 594 5882 Milite.
627 5825 796 5880 Bstut.

348 5901 377 5942 ι
412 5898 537 5955 Vct.
562 5895 799 5966 exempl.
828 5890 1138 5948 dissensione
1158 5892 1291 5946 inter
1319 5907 1373 5947 se
1397 5889 1641 5961 gentium.
1675 5884 1751 5943 lo.

1935 4817 2031 4872 pra
2087 4800 2537 4864 memoravimus;
2573 4799 2872 4853 Antiochus
2925 4811 3111 4869 postea
3166 4815 3271 4854 non
3307 4794 3531 4870 ignobili

1936 4907 2138 4962 genere
2164 4901 2339 4954 ortus,
2388 4889 2482 4944 sod
2518 4889 2758 4944 moribus
2789 4892 3030 4960 perditus
3050 4935 3063 4957 ,
3102 4892 3280 4946 afficto
3307 4890 3536 4946 crimine

1936 4986 2078 5057 quod
2134 4983 2305 5039 Judtei
2364 4985 2549 5040 urbem
2602 4984 2947 5039 Antiochiam
3010 4986 3260 5041 inccndio
3307 4999 3537 5040 exurere

1938 5076 2435 5148 conspiravissent,
2486 5086 2692 5147 patrem
2746 5080 3023 5148 proprium
3064 5079 3154 5147 qui
3182 5089 3325 5133 esset
3349 5080 3416 5131 dc
3442 5075 3537 5131 Ju-

1938 5172 2178 5225 dzeorum
2226 5170 2552 5240 primoribus
2599 5177 2651 5222 et
2690 5169 2979 5238 plerosque
3016 5168 3154 5222 alios
3202 5168 3542 5222 insitnulatos

1939 5264 2156 5334 gentilis
2184 5262 2387 5331 impetu
2417 5260 2802 5327 multitudinis,
2836 5260 2900 5312 ad
2944 5269 3173 5315 mortem
3212 5260 3406 5328 coegit.
3433 5256 3544 5313 Nec

1943 5370 2007 5406 eo
2030 5352 2323 5421 parricidio
2347 5353 2753 5420 multorumque
2782 5352 2931 5406 ca~de
2949 5356 3295 5408 t-xsaturatus
3317 5350 3545 5419 quievit,

1945 5444 2037 5499 sed
2085 5455 2271 5514 postea
2301 5460 2519 5513 quoque
2549 5453 2736 5498 nactus
2770 5444 3116 5506 facultatem,
3150 5441 3291 5513 quod
3324 5440 3546 5495 fortuito

1946 5537 2195 5591 incendio
2222 5534 2783 5608 acciderat,ejnsdctn
2817 5538 2965 5592 urbis
3000 5538 3261 5605 porticus,
3295 5541 3348 5586 et
3379 5540 3549 5587 tetra-

1951 5644 2144 5700 gonam
2203 5630 2435 5699 plateam
2500 5631 2901 5695 maximamque
2939 5636 3143 5697 partem
3195 5624 3549 5681 aedificiorum

1955 5719 2207 5778 cremati.
2243 5720 2434 5775 fraude
2467 5721 2739 5791 praedictae
2775 5718 3189 5788 eanjurationis,
3220 5715 3413 5770 iterum
3457 5712 3555 5768 .lu-

2040 5824 2060 5851 ο
2107 5804 2453 5868 Facilitatem.
2479 5813 2552 5870 In.
