4082 6344
499 318 643 376 ἓιξθ

1831 315 2075 372 SANLTI
2116 316 2443 374 AMBROSII

3667 319 3810 376 9.9.00

497 435 647 491 daeos
679 449 874 506 urgere
901 435 1070 506 erepit
1096 444 1259 506 atque
1281 434 1595 498 incessere.
1628 448 1693 490 ac
1724 447 1958 504 propere
1986 431 2102 486 uui-
2134 433 2181 495 Α
2211 447 2333 487 rum
2387 431 2718 486 instaurator
2766 444 3050 486 sacrorum
3079 448 3094 498 ;
3142 431 3272 489 vicit
3320 431 3541 489 Nechao
3570 435 3811 490 omnium

497 544 782 585 versorum
825 539 1062 601 stragem
1091 528 1333 594 fecisset,
1368 529 1471 584 nisi
1510 526 1825 584 advenienti
1860 525 1982 582 Tito
2012 540 2099 581 re-

495 630 712 679 servata
750 623 992 694 cognitio
1017 620 1180 689 foret,
1212 630 1357 676 metu
1382 637 1450 677 ue
1477 620 1661 677 Caesar
1692 627 1950 691 usurpato
1979 619 2099 689 plu-

496 714 767 771 rimorum
824 716 1098 787 supplicio
1153 725 1613 772 commoveretur.
1660 716 1732 771 Ea
1773 728 1862 771 res
1897 711 2100 770 Iudaeis

502 809 664 864 saluti
694 808 812 864 fuit.

1111 898 1341 957 CAPUT
1380 898 1489 955 LII.

573 994 836 1051 Massadze
881 1010 1098 1067 quoque
1128 995 1347 1067 plurimi
1393 1010 1452 1051 se
1494 993 1803 1049 Iudaeorum
1842 993 1964 1047 freti
1996 992 2101 1047 loci

501 1088 802 1143 munimine
846 1101 1288 1159 congregavere,
1334 1086 1489 1157 cujus
1538 1084 1883 1156 expugnandi
1937 1097 2102 1154 nego-

498 1180 633 1234 tium
670 1178 825 1234 Titus
874 1179 1156 1250 indignum
1197 1177 1494 1233 arbitratus
1520 1177 1663 1247 quod
1714 1177 2101 1246 imperatorem

498 1281 735 1340 teneret,
771 1280 797 1308 ἰ
830 1270 995 1343 Syllae
1040 1269 1343 1333 mandavit,
1375 1269 1461 1323 cui
1514 1282 1780 1322 summam
1814 1267 1867 1321 in
1910 1266 2102 1320 iisdem

495 1364 635 1419 locis
681 1361 892 1417 militia:
936 1362 1217 1428 Romanae,
1262 1360 1604 1431 cavendique
1645 1374 1715 1415 ne
1744 1359 1871 1429 quid
1905 1358 2101 1413 iterum

498 1456 820 1511 rebellionis
861 1456 1130 1523 oriretur,
1155 1454 1532 1510 commiserat.
1572 1451 1691 1523 Ipse
1719 1450 2103 1506 Alexandriam

498 1550 814 1616 contendit,
847 1560 903 1604 et
943 1547 1069 1604 inde
1094 1548 1310 1619 navigio
1340 1548 1568 1601 Romam
1602 1544 1923 1600 transmisit.
1955 1545 2104 1616 Sylla

502 1643 752 1713 gnaviter
808 1642 1068 1697 insistens
1113 1640 1359 1710 injuncto
1390 1637 1491 1694 sibi
1542 1638 1785 1704 muneri,
1841 1635 2104 1691 Massad-e

503 1754 715 1793 murum
741 1738 917 1791 ariete
948 1735 1218 1791 dissolvit.
1245 1734 1324 1788 llli
1356 1732 1673 1787 interiorem
1701 1733 1847 1800 ligno
1879 1744 2105 1797 compo-

2202 523 2664 580 sceleratissimus
2692 541 2705 578 :
2732 523 2829 580 sed
2858 524 2956 580 ille
2994 525 3194 593 victus,
3243 541 3388 582 nunc
3433 542 3557 583 cum
3600 527 3814 599 angelis

2203 626 2310 682 est,
2342 616 2431 673 hic
2454 617 2627 674 victor
2657 618 2709 673 in
2754 615 3061 689 suppliciis.
3107 619 3242 688 Quis
3286 620 3432 697 enim
3466 621 3662 688 nescit,
3693 637 3805 677 non

2204 709 2259 764 in
2315 708 2417 763 hac
2454 709 2565 764 vita
2602 709 2903 780 repositam
2951 724 3076 766 esse
3122 711 3432 767 mercedem
3471 712 3810 780 hominibus,

2202 799 2298 855 sed
2336 809 2457 871 post
2482 800 2643 872 hujus
2671 801 3077 857 absolutionem
3106 803 3460 858 certaminis?
3516 803 3615 859 Hic
3662 805 3817 859 enim

2203 894 2494 963 currimus,
2546 903 2605 951 ut
2656 896 2765 951 illic
2812 896 2878 951 ad
2935 897 3169 968 palmam
3219 897 3605 967 perveniamus
3653 917 3667 954 :
3727 899 3822 954 hic

2203 993 2523 1055 certamen,
2573 987 2643 1043 ibi
2688 988 2967 1059 prtemium
3024 998 3128 1045 est.
3205 989 3324 1045 Non
3377 1006 3508 1062 ergo
3567 990 3677 1046 ulla
3726 990 3822 1049 hic

2208 1083 2469 1153 longrevaz
2501 1082 2679 1138 artatis
2722 1083 2898 1154 gratia
2928 1092 3034 1139 est.
3073 1083 3317 1155 Denique
3348 1084 3484 1140 Abel
3524 1084 3632 1140 cito
3670 1084 3824 1140 occi-

2206 1174 2374 1242 ditur,
2406 1176 2542 1231 Cain
2569 1176 2875 1246 supervixit
2905 1193 2919 1231 :
2954 1177 3026 1231 ita
3065 1192 3211 1232 mors
3245 1178 3573 1234 innocentia:
3604 1178 3729 1245 fuit,
3764 1189 3824 1236 et

2208 1270 2317 1324 vita
2349 1284 2629 1325 :erumnm.
2662 1270 2742 1325 Ex
2770 1269 2867 1326 illo
2911 1269 2968 1325 in
3008 1270 3255 1327 eamdem
3293 1281 3499 1329 sortem
3543 1274 3822 1329 successi-
3910 1338 3919 1347 ο

2209 1377 2350 1429 mus,
2396 1372 2458 1418 ut
2504 1363 2687 1420 vivere
2743 1364 3111 1420 miserrimum
3144 1365 3323 1429 fieret,
3378 1367 3518 1422 mori
3567 1366 3818 1423 beatum.

2209 1454 2347 1523 Quid
2374 1462 2457 1510 est
2478 1455 2624 1511 enim
2648 1456 2778 1524 vita,
2810 1456 2913 1513 nisi
2942 1472 3132 1513 carcer
3150 1459 3346 1513 anima:
3374 1458 3516 1529 quod
3547 1460 3688 1513 intra
3712 1459 3824 1516 hoc

2209 1550 2543 1619 ergastulum
2567 1549 2862 1617 clauditur,
2890 1560 2945 1606 et
2975 1551 3185 1606 carnali
3221 1552 3465 1607 adhaeret
3490 1552 3781 1608 consortio
3799 1553 3825 1606 ’ἒ

2209 1643 2378 1716 Cujus
2421 1645 2832 1701 infirmitatibus
2875 1647 3140 1717 quatitur,
3182 1647 3369 1702 labore
3417 1645 3701 1719 affligitur,
3738 1648 3824 1703 ira

2210 1739 2536 1807 conteritur,
2569 1739 2886 1797 accenditur
2913 1740 3325 1811 cupiditatibus,
3356 1750 3583 1795 vexatur
3606 1739 3822 1809 furore,

496 1845 764 1893 διιονθοευ
784 1827 931 1899 (ἰυοά
946 1828 1015 1883 ad
1041 1825 1349 1897 huiusmo‘“
1375 1826 1515 1880 Ῐείυε
1542 1824 2104 1879 ηιθοδίηωηθιηοΐυω
2140 1832 2186 1893 Β
2214 1847 2313 1887 nec
2360 1848 2421 1888 se
2450 1832 2608 1889 facile
2634 1833 2885 1889 attollere
2930 1842 3132 1904 potest,
3158 1834 3308 1888 humi
3352 1849 3507 1898 nexa,
3554 1842 3823 1888 concreta

505 1923 731 1979 muralis
777 1924 1032 1978 materies
1080 1919 1239 1977 facile
1268 1936 1376 1976 non
1409 1918 1653 1975 cederet.
1706 1918 1813 1973 Sed
1843 1917 2106 1982 Romani,

507 2027 716 2075 mutato
757 2017 998 2073 bellandi
1026 2030 1251 2087 genere,
1282 2015 1462 2085 ignem
1485 2012 1673 2085 jecere
1694 2054 1709 2080 ,
1743 2010 1835 2081 qui
1862 2022 1917 2067 et
1950 2010 2110 2065 facile

505 2112 652 2182 ligno
684 2111 933 2179 inhaesit,
963 2120 1018 2166 et
1063 2112 1183 2165 sine
1224 2109 1331 2164 ulla
1379 2105 1619 2163 adolevit
1665 2120 1840 2160 mora.
1887 2104 2111 2174 Magnus

508 2204 693 2274 itaque
739 2204 954 2258 adultus
989 2201 1244 2258 incendio
1292 2200 1523 2255 flamma:
1577 2196 1856 2253 ferebatur
1904 2195 2108 2266 fragor,

508 2301 599 2371 qui
635 2300 870 2370 primum
901 2299 1083 2354 boreae
1118 2296 1418 2368 spiramine
1444 2309 1473 2347 a
1502 2290 1823 2347 munitionis
1868 2288 2113 2358 partibus

509 2392 900 2462 repellebatnr,
924 2399 983 2447 et
1008 2389 1376 2444 Romanorum
1406 2387 1580 2457 magis
1609 2384 1796 2439 vineas
1824 2380 2107 2437 exurebat.

509 2485 749 2551 Deinde,
781 2492 973 2539 exorto
1022 2483 1137 2538 noti
1184 2481 1518 2553 spiramine,
1554 2480 1605 2532 in
1656 2477 1940 2532 castellum
1989 2489 2114 2530 Sese

506 2580 750 2642 retorsit,
777 2579 849 2632 ita
874 2587 933 2632 ut
953 2577 1317 2647 conﬂagraret
1337 2574 1516 2629 omnis
1539 2572 1632 2628 ille
1656 2571 1865 2643 ligneus
1886 2570 2115 2625 muralis

503 2673 753 2743 objectus
781 2671 1025 2726 materia:
1051 2677 1408 2738 consumptaz.
1439 2666 1695 2732 Romani,
1720 2665 1977 2735 quoniam
2008 2677 2115 2718 nox

516 2768 918 2832 intervenerat,
949 2764 1127 2820 securi
1159 2762 1403 2818 victurite
1429 2761 1482 2816 in
1512 2768 1693 2816 castra
1721 2774 1842 2814 sese
1883 2772 2116 2828 recepe-

517 2870 670 2923 rant,
704 2868 763 2913 ut
791 2857 1043 2927 sequenti
1086 2858 1174 2912 die
1211 2856 1445 2911 nudatos
1470 2857 1579 2924 jam
1611 2863 1772 2923 atque
1804 2852 1952 2907 omni
1984 2868 2117 2907 exu—

516 2964 599 3010 tos
633 2953 887 3023 praesidio
931 2952 1291 3007 debellarent.
1325 2950 1432 3006 Sed
1480 2965 1547 3004 ne
1598 2949 1717 3018 quis
1763 2946 2112 3014 elaberetur,

513 3048 737 3103 intextis
766 3046 1048 3102 castellum
1082 3046 1345 3101 custodiis
1371 3041 1941 3100 circumvallavcrunt.

1104 3137 1335 3195 CAPUT
1375 3135 1509 3192 LIII.

590 3234 902 3303 Desperatis
948 3234 1129 3303 itaque
1161 3232 1323 3286 rebus
1356 3232 1675 3295 Eleazarus,
1710 3239 1903 3285 auctor
1932 3228 2115 3283 turba-
2141 3216 2186 3279 C

514 3344 666 3394 rum,
722 3327 912 3382 videns
963 3326 1039 3381 nil
1087 3326 1324 3396 praesidii
1378 3340 1702 3394 superesse.
1751 3339 1981 3380 exorsus
2032 3331 2117 3379 est

515 3436 825 3477 sermonem
855 3462 868 3483 ,
920 3434 1084 3490 quem
1144 3434 1244 3473 nos
1291 3420 1443 3489 quasi
1495 3419 1767 3488 epilogum
1825 3416 2114 3487 quemdam

515 3511 820 3569 claudendo
850 3511 1003 3581 operi
1033 3511 1421 3581 deplorabilem
1443 3554 1456 3577 ,
1490 3526 1642 3566 more
1684 3511 1961 3566 rhetorico
2008 3526 2115 3565 non

519 3603 987 3677 praetermisimus.
1012 3603 1150 3671 Quid
1169 3604 1402 3673 agimus,
1419 3602 1811 3669 Abrahamitm,
1831 3601 1932 3656 viri
1946 3617 2117 3673 genus

516 3700 738 3769 regale,
788 3696 1146 3753 sacerdotalis
1192 3698 1385 3767 gratiae
1437 3697 1634 3751 vinute
1679 3697 2117 3767 insuperabiles?

517 3806 625 3846 non
658 3791 801 3846 enim
825 3805 892 3845 ex
919 3799 1118 3845 eventu
1144 3790 1389 3843 victorize
1415 3805 1537 3860 quae
1566 3790 1881 3859 frequenter
1911 3792 2113 3845 incerta

515 3891 637 3946 est,
672 3882 768 3937 sed
823 3898 890 3938 ex
938 3882 1200 3952 propositi
1247 3882 1555 3937 constantia
1601 3881 1770 3936 virtus
1816 3892 2113 3952 spectatur.

517 3974 672 4031 Unde
702 3975 975 4044 conjicere
1020 3974 1209 4044 liquet,
1238 3975 1362 4043 quia
1394 3974 1608 4030 hostem
1649 3974 1920 4043 subjicere
1951 3975 2117 4028 sortis

515 4078 635 4132 est,
662 4083 767 4123 non
802 4077 1013 4123 mutare
1060 4078 1296 4123 mentem
1339 4068 1555 4122 virtutis
1593 4082 1736 4123 esse.
1782 4066 1912 4122 Jure
1952 4068 2117 4138 igitur

517 4160 915 4231 insuperabiles
934 4175 1029 4215 vos
1051 4160 1305 4225 dixerim,
1333 4159 1379 4214 si
1405 4160 1583 4213 nullus
1611 4158 1786 4213 adhuc
1808 4174 1904 4213 vos
1928 4159 2115 4213 mortis

518 4252 710 4307 vicerit
742 4260 941 4306 metus.
975 4251 1081 4308 Sed
1123 4266 1229 4307 non
1264 4252 1334 4305 ita
1371 4268 1467 4306 vos
1497 4261 1651 4323 pater
1680 4251 1915 4308 instituit
1941 4248 2117 4308 Abra4

519 4345 643 4399 bam
678 4363 690 4399 :
721 4346 809 4416 qui
865 4347 917 4398 in
969 4345 1079 4399 filio
1110 4346 1271 4400 unico
1314 4344 1527 4411 docuit,
1558 4360 1663 4398 non
1695 4354 1927 4400 mortem
1973 4346 2112 4416 ejus,

514 4438 609 4493 sed
638 4437 1103 4492 immortalitatem
1135 4437 1394 4503 futuram,
1427 4437 1471 4490 si
1503 4451 1599 4507 pro
1627 4437 1889 4508 religione
1914 4438 2113 4492 immo-

514 4532 739 4588 laretur.
769 4531 909 4600 Quid
935 4531 1137 4587 .losiam
1187 4531 1474 4601 prmdicem
1498 4574 1511 4597 ,
1541 4547 1649 4602 quo
1679 4546 1840 4587 nemo
1874 4531 1971 4588 fuit
2000 4547 2114 4589 me-

2215 1927 2465 1997 pulvere,
2496 1927 2682 1982 stricta
2712 1927 2953 1996 vinculo,
2989 1926 3167 1982 nervis
3194 1928 3423 1983 irretita.
3458 1925 3576 1982 Non
3608 1926 3826 1983 rnedio-

2214 2018 2322 2073 cris
2365 2028 2544 2075 tamen
2576 2030 2843 2090 potestas,
2890 2029 2950 2075 ut
2996 2035 3195 2091 corpus
3236 2019 3493 2085 vivificet,
3536 2029 3703 2091 atque
3734 2022 3825 2075 in.

2218 2112 2409 2168 fundat
2438 2113 2738 2171 insensibili
2788 2114 3029 2171 materia.-
3077 2129 3275 2169 sensus
3302 2114 3586 2184 vigorem;
3624 2124 3682 2169 ct
3711 2113 3828 2170 hoc

2218 2205 2570 2261 invisibiliter
2613 2206 2842 2277 singulis
2868 2206 3048 2261 anima
3092 2221 3185 2261 sua
3221 2206 3488 2273 conferat,
3530 2214 3830 2276 totumque

2218 2299 2495 2355 hominem
2527 2309 2699 2371 regat,
2732 2309 2897 2371 atque
2926 2299 3067 2355 ultra
3096 2299 3379 2356 mortalem
3408 2297 3675 2370 provehat
3706 2297 3829 2353 fra-

2214 2394 2503 2465 gilitatem,
2537 2403 2596 2449 ut
2624 2394 2997 2465 cognitionem
3028 2394 3205 2465 capiat
3236 2385 3541 2450 cmlesﬁuni
3573 2400 3831 2448 secreto-

2215 2502 2363 2554 rum,
2396 2498 2453 2543 ut
2493 2497 2731 2543 mentem
2764 2487 3009 2543 intendat
3056 2485 3275 2542 futuris.
3311 2486 3500 2557 Itaque
3528 2484 3596 2540 ad
3625 2484 3831 2555 imagi-

2217 2596 2341 2636 nem
2392 2580 2917 2652 similitudinemqne
2964 2581 3047 2637 sui
3099 2580 3368 2651 Principis
3414 2594 3522 2635 non
3571 2578 3826 2645 videtur,

2216 2691 2338 2733 cum
2381 2677 2455 2732 sit
2482 2676 2534 2731 in
2563 2690 2798 2747 corpore
2823 2675 2951 2743 sita,
2984 2675 3078 2731 sed
3108 2690 3207 2730 nec
3234 2673 3612 2744 corporalibus
3642 2672 3832 2728 oculis

2216 2768 2505 2826 cernitur:
2539 2784 2640 2825 nec
2685 2770 2965 2841 ingressus
3012 2768 3155 2839 ejus,
3202 2778 3296 2823 aut
3334 2769 3513 2823 exitus
3556 2767 3675 2836 ejus
3704 2766 3831 2822 ullo

2217 2870 2442 2931 aspectu
2482 2861 2915 2932 deprehenditur
2946 2880 2961 2917 :
2992 2862 3164 2917 instar
3191 2860 3463 2933 quoddam
3494 2858 3666 2915 divini
3699 2876 3831 2915 mu.

2218 2957 2365 3012 neris
2385 2967 2808 3026 repraesentans.
2833 2957 2968 3013 Cum
2988 2955 3315 3027 ingreditur,
3345 2958 3509 3010 vitam
3544 2953 3826 3010 infundit:

2218 3065 2339 3106 cum
2368 3050 2586 3106 excedit
2618 3064 2874 3121 corpore,
2908 3058 3138 3106 mortem
3170 3057 3446 3119 Operatur.
3479 3046 3586 3103 Ubi
3608 3046 3827 3112 anima,

2220 3147 2292 3200 ibi
2314 3145 2423 3200 vita
2451 3163 2465 3199 :
2492 3144 2582 3199 ubi
2609 3159 2671 3201 ea
2701 3143 2958 3209 defuerit,
2993 3144 3068 3199 ibi
3114 3157 3265 3199 mors
3300 3152 3403 3198 cst.
3431 3140 3701 3211 Quidquid
3735 3141 3831 3195 in-

2220 3235 2429 3300 viserit,
2458 3234 2791 3291 exsuscitat:
2825 3232 3079 3305 quidquid
3119 3232 3419 3304 reliquerit,
3447 3232 3626 3287 statim
3649 3230 3832 3286 solvi-

2222 3337 2309 3384 tur
2335 3340 2388 3384 et
2414 3329 2671 3385 continuo
2692 3327 2978 3383 marcescit
3001 3343 3015 3381 :
3037 3325 3306 3381 inlusione
3326 3326 3540 3391 animm,
3567 3332 3828 3379 mortuus

2221 3421 2452 3493 resurgit
2483 3418 2879 3487 ;disccssione,
2911 3419 3066 3473 vivus
3103 3418 3471 3473 exanimatur.
3518 3415 3649 3485 Quis
3682 3430 3826 3486 ergo

2220 3512 2453 3581 dubitet,
2484 3512 2629 3585 quod
2657 3515 2705 3569 ei
2745 3513 2925 3568 inesse
2951 3511 3201 3567 videatur
3233 3507 3654 3565 immortalitatis
3683 3522 3828 3578 ope-

2219 3605 2381 3673 ratio,
2409 3608 2494 3661 cui
2522 3606 2693 3661 virtus
2717 3606 2792 3661 sit
2817 3598 3046 3660 martem
3079 3604 3367 3659 avertere?
3397 3603 3472 3658 Ea
3503 3611 3683 3657 tamen
3711 3600 3824 3656 sibi

2219 3698 2373 3754 oneri
2401 3709 2506 3766 est,
2537 3698 2781 3769 quamvis
2820 3699 2939 3752 aliis
2969 3696 3038 3752 ad
3068 3712 3223 3751 usum
3255 3694 3543 3751 redundet.
3575 3694 3642 3749 Et
3667 3693 3823 3764 quod

2218 3792 2436 3861 corpori
2468 3791 2655 3856 donat,
2681 3791 2784 3846 sibi
2812 3788 3051 3845 detrahit
3084 3808 3098 3843 :
3130 3796 3384 3858 gravatur
3410 3786 3554 3842 enim
3583 3794 3638 3839 et
3660 3784 3821 3855 quasi

2221 3884 2272 3939 in
2304 3894 2503 3939 terram
2544 3882 2838 3939 inclinatur
2877 3897 2998 3937 cum
3028 3882 3131 3937 isto
3165 3880 3378 3936 mortali
3402 3892 3673 3948 corpore.
3706 3874 3822 3930 Ita-

2217 3992 2326 4047 que
2358 3976 2464 4031 vita
2493 3974 2765 4047 corporis,
2816 3989 2962 4030 mors
3004 3983 3089 4030 est
3126 3974 3324 4028 anima:
3350 3990 3365 4027 :
3396 3979 3450 4027 et
3471 3984 3659 4024 rursus
3686 3982 3815 4024 cor-

2220 4075 2366 4140 poris
2398 4085 2568 4135 mors,
2616 4070 2812 4125 animm
2839 4070 3063 4125 libertas
3092 4067 3306 4123 videtur
3339 4084 3353 4120 :
3382 4065 3510 4121 dum
3551 4066 3695 4121 enim
3726 4077 3820 4116 sn-

2219 4181 2339 4220 mus
2369 4166 2419 4220 in
2458 4166 2560 4219 isto
2591 4178 2843 4234 corpore,
2866 4162 3041 4219 servit
3076 4162 3255 4217 anima
3286 4169 3495 4225 nostra,
3526 4172 3591 4214 ac
3617 4156 3817 4212 misera

2217 4257 2433 4327 quidem
2465 4256 2751 4322 servitute,
2778 4269 2884 4325 qua
2910 4253 2981 4308 de
3020 4252 3272 4325 paradiso
3301 4252 3543 4317 exsulat,
3572 4260 3628 4305 et
3657 4264 3686 4303 a
3717 4264 3818 4302 suo

2217 4349 2468 4422 Principe
2492 4349 2889 4420 peregrinatur.
2913 4346 3014 4405 Ubi
3044 4355 3224 4402 autem
3259 4345 3421 4402 fuerit
3451 4343 3604 4399 istius
3634 4342 3820 4397 carnis

2218 4442 2467 4498 absoluta
2499 4442 2748 4507 vinculis,
2779 4441 2834 4496 in
2857 4442 3007 4495 illum
3045 4455 3234 4510 purum
3280 4451 3333 4494 et
3361 4436 3698 4509 splendidum
3726 4451 3821 4491 sn-

2217 4537 2598 4606 perioremque
2622 4536 2829 4591 revolat
2853 4536 3056 4601 locum,
3078 4542 3242 4606 atque
3268 4532 3421 4589 adest
3452 4531 3678 4587 Domino
3703 4530 3819 4585 Deo

514 4624 618 4679 lior
647 4623 920 4694 interpres
943 4622 1241 4694 religionis,
1265 4632 1609 4694 contemptor
1631 4627 1845 4691 mortis,
1872 4636 2113 4681 assertor
2139 4617 2194 4677 D
2217 4642 2339 4694 suo,
2381 4637 2801 4699 sanctorumque
2850 4626 3173 4683 habitaculis
3202 4625 3396 4681 fruitur
3437 4633 3492 4679 et
3528 4623 3814 4679 beatorum

513 4715 823 4772 libertatis?
853 4714 1097 4785 Namque
1125 4716 1169 4769 is
1199 4715 1251 4770 in
1282 4715 1377 4770 illo
1406 4726 1666 4787 suggestu
1699 4717 1869 4788 regali
1904 4718 2113 4773 locatus

511 4806 597 4859 cui
652 4806 842 4861 liceret
890 4804 1111 4860 diﬂ‘erre
1164 4814 1424 4872 mortem;
1480 4816 1661 4863 tamen
1720 4810 1846 4880 quia
1895 4810 2113 4867 videbat

516 4906 739 4968 propter
784 4907 1001 4968 peccata
1052 4900 1233 4968 gravia
1294 4900 1662 4970 captivitatem
1721 4904 1893 4972 plebis
1945 4880 2109 4959 Israel

510 4988 788 5053 futuram,
844 4989 987 5045 bello
1045 5005 1103 5045 se
1134 4991 1316 5047 alieno
1364 4992 1611 5058 miscuit,
1667 4995 1832 5049 vitam
1891 4996 2105 5066 refugit.

513 5080 791 5135 Clamabat
837 5080 1052 5137 Nccltao
1094 5103 1106 5138 :
1147 5086 1267 5137 Non
1326 5084 1573 5140 adversus
1620 5096 1669 5140 te
1719 5089 1904 5143 missus
1953 5106 2064 5143 sum
2091 5132 2106 5156 ,

513 5176 604 5228 sed
650 5177 893 5230 adversus
937 5194 1105 5247 regem
1157 5177 1328 5232 Israel
1400 5179 1484 5249 (ll
1541 5178 1865 5250 Paralipom.
1925 5198 2104 5248 xxxv,

514 5268 618 5333 2|,
672 5267 790 5339 9.3)
842 5285 855 5321 :
908 5267 1000 5322 ille
1056 5265 1236 5324 tamen
1294 5287 1398 5325 non
1458 5272 1605 5339 prius
1644 5273 1910 5339 recessit,
1944 5289 2105 5343 quam

514 5359 772 5413 lethalem
827 5360 1040 5429 sagitta:
1092 5362 1258 5415 ictum
1329 5363 1556 5417 subiret.
1611 5366 1729 5432 Quo
1781 5368 1931 5422 fusus
1987 5370 2104 5423 vul-

511 5467 675 5517 nere,
713 5452 910 5507 indicio
945 5453 1101 5507 nobis
1154 5463 1268 5520 est,
1318 5463 1497 5509 utrum
1547 5457 1599 5511 in
1634 5458 1778 5514 bello
1825 5459 2099 5527 meritum,

510 5557 578 5597 an
626 5560 785 5599 casus
836 5545 1238 5616 praeponderet.
1287 5546 1475 5602 Victus
1523 5558 1608 5604 est
1666 5551 1839 5607 losias
1880 5552 1907 5590 ιι
1951 5554 2100 5624 prio-

576 5738 601 5766 τι
644 5726 993 5801 γθιηςῑοίίριιΔ
1032 5727 1209 5801 Silere.
1258 5728 1530 5801 Josephus
1560 5732 1624 5788 de
1661 5732 1795 5790 Bell.
1826 5733 1955 5790 Jud.
1994 5735 2088 5791 lib.

496 5812 588 5859 vn.
618 5814 737 5871 cap.
771 5799 861 5864 38,
895 5798 1087 5867 Sylvte.
1124 5800 1289 5856 ΒΑΜ.
1392 5798 1405 5801 ⁷
1520 5816 1527 5822 '

2216 4722 2418 4792 gaudet
2462 4722 2751 4778 consortiis
2793 4740 2805 4775 :
2856 4720 3003 4793 quod
3044 4721 3245 4777 nullam
3285 4720 3395 4789 jam
3444 4718 3640 4773 habeat
3684 4731 3813 4770 cum

2217 4823 2431 4871 mortuo
2475 4815 2813 4879 societatem,
2861 4822 2916 4870 et
2952 4812 3370 4869 contubernium
3403 4820 3424 4849 ο
3452 4807 3815 4865 cadaveribus

2216 4908 2593 4978 dereliquerit,
2622 4909 2823 4979 aspirct
2854 4908 2902 4963 ei
2928 4907 3170 4963 ccelestis
3196 4906 3389 4977 gratia,
3424 4917 3525 4959 nec
3552 4902 3658 4958 ulla
3688 4916 3811 4957 eam

2215 5017 2468 5057 curarum
2495 5003 2850 5057 humanarum
2878 4999 3133 5054 sollicitet
3153 4997 3470 5068 cxagitatio.
3493 4995 3695 5051 Indicio
3715 5008 3817 5048 no-

2212 5093 2296 5149 bis
2326 5103 2410 5150 est
2437 5097 2614 5164 quies,
2646 5102 2898 5163 quantam
2948 5092 3127 5146 anima
3172 5105 3267 5161 per
3310 5089 3524 5144 obitum
3557 5086 3815 5159 corporis

2218 5195 2457 5241 resumat
2507 5185 2735 5257 gratiam
2781 5203 2794 5238 :
2842 5185 3021 5256 sopito
3064 5182 3208 5241 enim
3253 5197 3504 5252 corpore,
3551 5190 3607 5234 et
3656 5181 3813 5249 quasi

2218 5279 2446 5333 mortuis
2475 5278 2592 5349 ejus
2626 5277 3015 5348 cupiditatibus
3051 5286 3216 5346 atque
3247 5274 3516 5329 universis
3548 5272 3811 5337 motibus,

2213 5386 2334 5427 cum
2381 5373 2584 5427 sanctis
2627 5371 2827 5443 smpius
2875 5385 3267 5428 conversamur
3296 5386 3309 5423 :
3337 5366 3632 5438 recipimus
3673 5381 3814 5437 quos

2213 5463 2497 5519 amisimus
2530 5480 2543 5516 :
2579 5472 2637 5519 ut
2660 5464 2817 5518 nobis
2839 5473 2892 5518 et
2918 5463 3177 5519 absentes
3197 5462 3397 5525 adsint,
3426 5471 3484 5517 et
3510 5462 3705 5515 mortui
3733 5460 3814 5513 vi.

2214 5564 2361 5621 vant,
2392 5565 2449 5611 et
2478 5556 2657 5612 omnis
2700 5554 2943 5626 quiescat
2989 5554 3167 5611 dolor.
3212 5553 3723 5625 ApprOpinquemus
3755 5561 3812 5607 et

2274 5734 2301 5773 b
2328 5734 2562 5791 Piorum.
2582 5736 2660 5793 In.

2285 5819 2305 5844 σε
2333 5806 2630 5865 Cadaveris.
2656 5808 2732 5864 In.
