4082 6344
304 300 406 359 220
418 303 438 357 Ι

1183 303 1458 362 lllSTOll.
1503 307 1592 362 DE
1630 304 1911 363 EXClDlO
1950 303 2221 363 HIEllOS.
2267 303 2468 362 URBIS
2504 303 2633 361 LIB.
2677 303 2741 361 V.

3461 304 3607 364 2202
3651 311 3667 324 ‘

302 415 712 473 confabulemur
741 417 872 482 Deo,
901 431 1297 490 cognoscamus
1324 418 1528 477 futura.
1568 420 1792 476 All‘ectis
1813 435 1899 476 re-
1926 421 1979 484 Α
2004 428 2092 476 tus
2117 418 2210 488 sit,
2242 418 2331 492 qui
2356 428 2486 477 ante
2516 417 2882 490 praesidebat?
2924 418 3057 488 Quis
3080 417 3184 476 hoc
3209 418 3444 487 dubitet,
3477 435 3604 477 cum

305 509 482 580 quies,
534 510 710 565 servis
758 510 982 567 libertas
1026 510 1118 566 sit.
1166 512 1321 579 Quod
1356 513 1522 584 igitur
1561 512 1897 569 dormientes

308 602 662 671 somniamus,
703 602 807 658 hoc
849 603 1087 660 defuncti
1138 605 1529 676 adipiscimur:
1566 616 1620 662 et
1649 605 1794 678 quod
1839 604 1896 661 in

305 709 498 750 somno
537 693 736 766 imago,
770 694 873 752 hoc
899 696 954 751 in
996 709 1173 754 morte
1200 699 1449 754 veritatis
1477 700 1663 770 passio
1692 709 1797 765 est,
1843 712 1898 755 et

300 786 569 842 libertatis
610 788 804 858 gratia.
837 788 989 845 Unde
1038 793 1317 847 nonnullis
1345 792 1597 862 gentibus
1632 807 1747 849 mos
1790 800 1894 858 est,

300 888 358 935 ut
402 889 557 936 ortus
587 879 869 937 hominum
900 882 1138 950 ﬂetibus,
1184 899 1409 942 occasus
1449 885 1661 957 gaudiis
1709 900 1898 957 prose-

299 985 538 1045 quantur
564 993 578 1032 :
607 976 751 1046 quod
779 976 901 1032 illos
922 977 989 1033 ad
1018 993 1314 1033 aerumnam
1337 988 1629 1049 generatos
1650 979 1894 1047 doleant,

298 1068 399 1125 hos
428 1069 497 1125 ad
543 1070 937 1127 beatitudinem
981 1072 1212 1129 rediisse
1256 1073 1599 1144 gratulentur
1632 1091 1645 1127 :
1678 1073 1895 1129 illorum

292 1164 504 1218 animas
532 1163 599 1219 ad
646 1165 963 1220 servitutem
1008 1166 1223 1222 venisse
1253 1166 1635 1238 ingemiscant,
1668 1167 1895 1221 istorum

295 1256 364 1311 ad
393 1256 698 1313 libertatem
749 1257 1006 1314 remissas
1051 1258 1342 1330 gaudeant.
1374 1258 1631 1314 Indorum
1679 1273 1896 1330 quoque

294 1351 575 1420 sapientes
606 1351 876 1418 feruntur,
915 1367 1039 1407 cum
1093 1352 1357 1408 moriendi
1410 1351 1663 1408 affectum
1702 1352 1897 1408 indue-

294 1441 427 1511 rint,
460 1445 749 1513 protestari
779 1442 923 1514 quod
969 1443 1255 1502 discedere
1281 1444 1470 1511 velint,
1499 1460 1680 1515 neque
1725 1445 1893 1500 ullum

292 1535 637 1607 obstrepere.
672 1535 878 1592 Deinde
909 1537 998 1592 ubi
1038 1546 1332 1608 apparatus
1372 1536 1566 1595 mortis
1604 1538 1891 1608 processit,

297 1628 512 1683 insilire
545 1629 697 1683 laetos
727 1627 1006 1685 ardentem
1035 1644 1250 1700 pyram,
1282 1638 1336 1684 et
1363 1630 1662 1685 astantibus
1687 1629 1893 1684 valedi-

291 1736 423 1778 cere
456 1739 469 1775 :
501 1721 691 1777 dolere
711 1721 989 1787 mulieres,
1017 1721 1173 1793 quasi
1204 1721 1444 1778 subsidio
1465 1720 1778 1787 destitutas,
1809 1723 1893 1775 vel

2000 512 2201 580 videat,
2232 514 2375 583 quod
2409 512 2462 567 in
2508 527 2609 569 nos
2650 526 2933 567 conversa:
2977 526 3171 567 manus
3212 520 3414 569 nostra:
3448 513 3600 569 sint:

2000 606 2290 678 pluresque
2318 604 2516 661 seditio
2547 604 2869 672 domestica,
2898 620 3062 676 quant
3091 604 3297 661 bellum
3321 606 3601 662 exstinxe—

2000 698 2105 754 rit?
2126 696 2239 753 Non
2263 698 2482 753 donabo
2502 697 2763 754 Romanis
2788 697 2931 769 quod
2951 698 3204 763 vicerint,
3235 713 3338 755 nec
3364 699 3468 770 ipsi
3494 698 3599 755 sibi

1998 789 2103 846 hoc
2126 790 2443 857 vindicant,
2489 791 2582 862 qui
2623 790 2805 846 sciunt
2832 791 2975 862 quod
3005 805 3199 849 omnes
3229 790 3342 849 fere
3388 793 3591 849 nostris

2003 883 2180 952 potius
2218 882 2409 950 armis,
2437 898 2599 953 quam
2644 883 2840 940 alienis
2886 884 3228 954 perierimus.
3268 885 3399 954 Quae
3450 885 3596 941 enim

1999 974 2244 1031 Romana
2281 990 2428 1030 arma
2459 975 2713 1031 viderunt
2750 975 3057 1031 Caesaream
3107 976 3474 1033 inhabitantes
3498 976 3598 1032 Juv

1999 1067 2137 1123 dati?
2175 1067 2415 1137 Quorum
2466 1068 2665 1124 feriato
2711 1068 2801 1124 die
2849 1068 3084 1137 sabbati,
3128 1069 3273 1127 inter
3317 1070 3595 1126 solemnes

1999 1171 2307 1218 nostrorum
2362 1177 2643 1218 sacrorum
2695 1165 2911 1230 cultus,
2974 1164 3269 1221 multitudo
3312 1164 3597 1236 gentilium

1997 1255 2418 1312 Caesariensium
2458 1255 2745 1326 repentino
2790 1255 3022 1327 quodam
3070 1257 3298 1326 impetu,
3330 1266 3386 1312 et
3427 1255 3596 1311 misso

1997 1347 2231 1419 desuper
2258 1347 2444 1404 furore
2474 1362 2762 1416 succensa,
2796 1348 2984 1420 viginti
3034 1348 3200 1403 millia
3231 1347 3457 1415 delevit,
3482 1362 3603 1403 om-

1997 1456 2095 1498 nes
2120 1441 2341 1512 fugavit,
2378 1451 2436 1496 ut
2481 1450 2654 1496 totam
2683 1441 2870 1497 urbem
2917 1441 3247 1497 exinaniret.
3278 1439 3470 1496 Nonne
3497 1439 3601 1513 Sy-

1998 1537 2133 1592 riam
2185 1544 2351 1591 tutam
2380 1533 2408 1573 ι)
2438 1534 2661 1606 quidem
2714 1534 2968 1605 implevit
3010 1532 3305 1601 dementia,
3340 1543 3397 1589 ut
3421 1533 3596 1590 διιόωὶ

1995 1636 2155 1698 atque
2203 1628 2437 1699 gentiles
2477 1628 2532 1682 in
2572 1626 2768 1683 iisdem
2816 1626 3041 1681 urbibus
3070 1627 3184 1695 siti,
3227 1636 3284 1682 et
3328 1626 3600 1681 incolatus

1995 1723 2169 1792 gratia
2201 1722 2306 1777 sibi
2336 1721 2486 1792 prius
2513 1721 2662 1788 nexi,
2693 1730 2882 1792 pnstea
2916 1721 3058 1775 inter
3086 1735 3146 1775 se
3173 1720 3341 1775 armis
3368 1718 3596 1776 callide-

294 1814 501 1870 liberos
545 1814 803 1885 parvulos
853 1814 995 1886 quod
1029 1815 1513 1886 derelinquantur;
1564 1813 1891 1870 benedicere
1920 1810 1967 1870 B
1997 1827 2207 1881 rentur,
2233 1831 2341 1886 quo
2370 1815 2632 1871 Romanis
2658 1815 2855 1871 vadum
2888 1814 3084 1870 futurae
3118 1813 3364 1870 victoria:
3394 1814 3597 1869 consti-

289 1907 455 1974 alios,
492 1922 592 1963 nec
622 1907 888 1974 invidere,
919 1908 1065 1978 quod
1115 1908 1183 1963 ad
1235 1909 1489 1963 meliores
1534 1907 1889 1968 habitatores.

287 2000 360 2056 ad
389 1999 760 2071 Splendidiora
786 2001 906 2057 loca
938 2002 1269 2073 purioraque
1291 2001 1548 2057 festinent
1590 2001 1889 2057 consortia.

289 2091 435 2162 Quid
463 2092 625 2163 igitur
644 2092 713 2149 de
733 2093 891 2149 vobis
916 2092 1063 2149 aliud
1093 2108 1337 2165 possum,
1361 2109 1484 2151 cum
1509 2093 1672 2149 etiam
1701 2094 1894 2149 barba—

289 2185 370 2243 ris
402 2185 656 2256 gentibus
686 2184 993 2241 libertatem
1023 2187 1290 2256 sequendi
1326 2201 1474 2242 mors
1506 2186 1613 2242 sit?
1643 2186 1761 2243 Jam
1788 2187 1891 2243 du-

288 2277 424 2334 dum
459 2280 642 2352 itaque
668 2295 770 2337 vos
798 2282 1003 2353 optime
1049 2283 1179 2337 mihi
1219 2284 1490 2354 cognitos,
1541 2294 1596 2339 et
1632 2285 1893 2339 institutis

290 2370 489 2441 patriis
512 2372 851 2443 respondere
881 2384 1121 2444 paratos,
1147 2376 1289 2444 quod
1316 2391 1491 2447 neque
1512 2377 1776 2432 Romanis
1799 2392 1893 2433 ue-

287 2477 400 2533 que
425 2464 677 2534 cuiquam
709 2465 877 2535 genti,
922 2466 1027 2521 nisi
1071 2467 1172 2522 soli
1209 2468 1319 2523 Deo
1347 2468 1690 2524 serviendum
1733 2478 1890 2539 pute-

289 2555 382 2621 tis,
411 2557 504 2627 qui
535 2557 686 2612 Salus
706 2558 886 2629 justus
932 2568 987 2615 et
1015 2575 1175 2616 verus
1214 2563 1453 2617 omnium
1488 2561 1750 2618 Dominus
1796 2564 1886 2619 sit.

291 2648 423 2703 Dies
449 2649 691 2715 advenit,
740 2651 832 2722 qui
862 2651 1095 2722 probare
1122 2652 1379 2723 operibus
1409 2654 1741 2710 voluntatem
1771 2656 1888 2711 exi-

285 2749 403 2812 gat;
439 2758 539 2799 nec
574 2744 943 2802 dehonestare
987 2748 1193 2803 veteris
1224 2747 1424 2803 indolis
1470 2749 1887 2817 claritudinem;

288 2844 352 2892 ut
397 2836 449 2891 itt
503 2837 750 2894 libertate
802 2839 997 2911 geniti,
1046 2840 1406 2896 dominationi
1460 2857 1557 2896 vos
1607 2843 1889 2899 hominum

289 2928 597 3000 subjiciatis
631 2949 644 2986 :
676 2933 982 3002 praesertim
1024 2948 1147 2987 cum
1181 2934 1400 2989 licuerit
1431 2934 1584 2990 vobis
1611 2944 1739 2991 ante
1768 2951 1887 2992 ser-

287 3024 412 3079 vire
436 3025 521 3080 vel
550 3024 671 3080 sine
702 3024 967 3094 periculo,
1002 3041 1145 3081 nunc
1176 3034 1357 3082 autem
1392 3042 1616 3084 necesse
1660 3029 1732 3084 sit
1756 3029 1888 3084 dura

285 3119 557 3188 supplicia
601 3119 880 3189 suscipere
924 3133 1047 3173 cum
1096 3121 1360 3175 servitute
1394 3138 1406 3175 :
1437 3121 1481 3176 si
1516 3121 1885 3177 Romanorum

1999 1912 2279 1966 tueretur?
2310 1910 2443 1965 Nam
2477 1909 2604 1980 quid
2633 1909 2702 1964 de
2748 1909 3064 1980 Scythopoli
3095 1909 3306 1979 loquar,
3361 1922 3469 1978 quo
3493 1906 3594 1963 Ju-

1994 2004 2096 2060 daei
2129 2006 2301 2075 primo
2327 2004 2748 2072 contenderant,
2783 2016 2840 2059 ut
2879 2002 3140 2075 gentilem
3170 2003 3427 2075 pepulum
3456 2018 3600 2074 prac-

1996 2099 2263 2166 venirent,
2296 2113 2363 2153 ne
2388 2098 2519 2168 quid
2564 2096 2828 2153 adversus
2871 2105 3110 2165 nostros,
3153 2096 3405 2167 exemplo
3431 2103 3594 2152 caete-

1996 2206 2179 2248 rarum
2209 2190 2448 2256 urbium,
2470 2187 2957 2245 maehiuarentnr?
2983 2187 3167 2257 Itaque
3191 2203 3330 2259 quos
3353 2202 3451 2259 par
3473 2186 3594 2253 fuit,

1993 2283 2298 2353 conjunctis
2320 2283 2610 2337 adversum
2628 2280 2960 2352 alienigenas
2975 2280 3205 2348 viribus,
3232 2280 3595 2345 bello,tlecer-

1995 2393 2158 2442 nere;
2194 2377 2311 2431 haec
2349 2390 2381 2430 e
2410 2375 2690 2430 contrario
2721 2374 3010 2429 adversum
3042 2388 3100 2427 se
3124 2370 3300 2428 Judaei
3333 2371 3591 2428 decreve-

1994 2478 2139 2533 runt,
2171 2476 2229 2523 ut
2260 2482 2386 2537 pars
2410 2482 2601 2522 eorum
2638 2465 2905 2521 adversus
2937 2472 3200 2535 cognatos
3228 2475 3283 2519 et
3312 2465 3590 2534 proximos

1995 2578 2123 2619 suos
2155 2563 2522 2634 praeliaretur.
2570 2561 2778 2618 Deinde
2814 2561 2917 2631 ipsi
2965 2575 3062 2630 pro
3091 2560 3270 2631 pretio
3305 2559 3506 2614 laboris
3535 2573 3591 2633 ej

1992 2656 2227 2727 impensi
2256 2656 2556 2727 sanguinis,
2587 2671 2617 2711 a
2658 2655 2953 2726 gentilibus
2993 2655 3410 2725 perimerentur,
3443 2651 3587 2722 quod

1994 2749 2395 2820 prohibuerunt
2424 2750 2527 2819 ipsi
2570 2749 2690 2805 fieri
2733 2748 3051 2820 gentilibus.
3083 2747 3399 2802 Damasceni
3441 2744 3588 2801 nulla

1994 2841 2289 2897 exsisteute
2340 2856 2538 2906 causa,
2574 2852 2595 2879 ε
2631 2852 2757 2897 octo
2806 2841 2973 2895 millia
3016 2839 3329 2895 Judatorum
3377 2847 3593 2893 strave-

1995 2945 2146 2990 runt.
2197 2933 2529 2989 Ascalonitaa
2575 2933 2684 2989 duo
2730 2933 2896 2988 millia
2944 2933 3292 3004 quingentos.
3341 2928 3401 2985 In
3453 2929 3586 2986 urbe

1993 3042 2210 3099 quoque
2258 3026 2345 3082 cui
2401 3027 2697 3082 Ptolemais
2742 3041 2983 3093 nomen,
3040 3040 3178 3080 caesa
3224 3023 3332 3078 duo
3391 3022 3585 3078 millia.

1995 3120 2337 3176 Alexandria
2367 3136 2497 3176 vero
2522 3129 2678 3176 vetus
2722 3130 2841 3175 erat
2882 3120 3064 3176 odium
3115 3119 3257 3174 inter
3282 3116 3502 3172 .Iudaaos
3534 3123 3590 3170 et

287 3212 857 3282 imperioservitnros
901 3227 1000 3268 nos
1043 3211 1358 3279 offeramus,
1395 3228 1531 3285 quos
1564 3215 1720 3284 primi
1763 3232 1885 3272 om-
1918 3201 1962 3261 C
1993 3214 2234 3285 gentium
2287 3213 2538 3283 populos,
2592 3228 2661 3269 ex
2691 3228 2798 3284 quo
2837 3211 3145 3267 Alexander
3188 3210 3410 3279 Magnus
3459 3220 3588 3263 usus

285 3306 438 3361 nium
473 3305 615 3360 bello
644 3305 1021 3360 lacessivimus
1048 3314 1103 3360 et
1129 3306 1305 3361 ultimi
1336 3307 1515 3361 adhuc
1542 3308 1709 3362 armis
1740 3319 1889 3364 tene-

287 3413 433 3464 mus,
470 3399 783 3469 intperatori
831 3413 939 3453 non
987 3397 1238 3453 dedimus
1285 3415 1477 3455 manus
1518 3415 1706 3471 pacem
1756 3401 1889 3458 offe-

286 3490 459 3556 renti,
506 3490 671 3561 Syllte
712 3490 968 3546 dabimus
1009 3490 1362 3548 acerbitatem
1410 3493 1670 3549 minanti?
1699 3494 1743 3551 Ο
1782 3496 1887 3550 mi-

286 3582 420 3651 seri,
456 3583 523 3638 ad
551 3599 712 3654 quam
743 3598 894 3655 spem
943 3584 1099 3640 iSIius
1125 3586 1251 3641 νίιςυ
1303 3601 1401 3642 nos
1447 3589 1887 3645 reservavimus?

288 3675 438 3740 Esto,
493 3675 666 3733 hostis
714 3677 960 3748 ignoscat
992 3695 1006 3733 :
1037 3680 1163 3747 quid
1219 3680 1479 3749 proderit,
1512 3695 1634 3735 cum
1677 3680 1885 3736 offensa

287 3766 390 3823 Dei
418 3768 562 3824 clara
610 3768 719 3824 sit?
770 3770 924 3840 ignes
954 3770 1023 3823 ab
1055 3769 1211 3825 Itnste
1242 3772 1293 3825 in
1336 3786 1435 3826 nos
1468 3772 1627 3837 versi,
1676 3781 1886 3827 mutata

286 3871 574 3917 ventorum
602 3860 841 3927 flamina,
866 3861 1098 3916 flannnac
1128 3871 1371 3929 retortae,
1403 3874 1458 3918 ut
1497 3874 1679 3919 nosu'a
1708 3865 1887 3920 subsi-

284 3953 376 4010 dia
420 3955 802 4010 deurerentur.
856 3953 989 4022 Quis
1027 3956 1228 4025 poterit
1276 3955 1598 4013 adversante
1642 3957 1754 4012 Deo
1808 3958 1888 4012 vi-

286 4049 451 4104 vere?
498 4048 693 4104 Nullus
731 4051 906 4104 venia:
944 4050 1114 4112 locus,
1169 4049 1266 4105 sed
1322 4049 1667 4105 manifestum
1718 4052 1888 4123 impe-

283 4142 426 4196 rium
460 4142 651 4196 mortis
678 4142 1023 4196 voluntariae.
1059 4142 1200 4212 Quid
1239 4145 1384 4198 enim
1415 4159 1521 4198 nox
1562 4144 1881 4212 intervenit,

285 4233 393 4288 nisi
420 4243 476 4289 ut
503 4249 601 4289 nos
630 4219 802 4290 hostis
834 4249 942 4288 non
975 4236 1328 4303 praeveniret,
1363 4245 1389 4272 α
1422 4244 1512 4289 aut
1542 4234 1738 4291 deusto
1769 4252 1885 4291 mu-

282 4327 385 4383 rali
431 4326 695 4391 subsidio,
747 4325 1007 4381 continuo
1060 4328 1390 4397 irrumperet
1422 4345 1435 4381 :
1470 4329 1563 4382 sed
1619 4338 1677 4382 nt
1730 4328 1884 4383 nubis

284 4419 604 4476 exercendae
618 4428 819 4475 mutua:
838 4420 988 4476 necis
1006 4431 1220 4491 tempus
1238 4430 1642 4484 reservaretur,
1665 4421 1883 4477 liceret—

282 4528 393 4583 que
438 4528 559 4567 cum
590 4512 778 4569 liberis
826 4512 1052 4577 nostris,
1085 4523 1141 4568 et
1174 4512 1670 4569 necessitudinibus
1710 4514 1879 4581 mori;

284 4624 355 4663 ne
380 4609 688 4664 videremus
710 4608 937 4663 anhelos
963 4622 1126 4663 senes
1145 4622 1393 4678 anusque
1418 4623 1448 4662 a
1476 4607 1736 4663 Romanis
1762 4622 1882 4678 per—
1907 4596 1962 4656 D

284 4701 464 4767 trahi,
515 4701 868 4756 charissimas
904 4701 1165 4772 conjuges
1208 4700 1278 4754 ad
1330 4700 1554 4755 victoris
1600 4698 1881 4755 libidinem

282 4793 450 4864 rapi‘!
497 4791 933 4848 Cummoriamur
978 4793 1191 4861 patrice,
1235 4808 1303 4848 ne
1349 4793 1523 4848 simus
1561 4794 1884 4863 superstites

283 4887 418 4940 tanti
448 4885 739 4941 dedecoris
764 4884 1079 4954 opprobrio.
1115 4883 1233 4953 Quo
1263 4883 1428 4955 igitur
1451 4885 1714 4955 fugiemus
1738 4900 1767 4939 a
1800 4884 1883 4940 fa-

281 4978 366 5032 cie
389 4977 510 5044 Dei,
542 4986 636 5031 aut
666 4992 776 5047 quo
803 4978 1003 5032 ibimus
1035 4976 1249 5059 infenso
1280 4977 1439 5032 nobis
1468 4978 1592 5032 eteli
1616 4978 1888 5033 Domino?

281 5070 340 5127 Si
368 5070 562 5126 cadant
601 5086 767 5142 super
814 5086 913 5126 nos
951 5080 1165 5126 montes
1209 5083 1265 5127 et
1302 5071 1560 5127 concavis
1608 5072 1879 5141 specubus

280 5165 642 5231 abscondant,
691 5164 969 5235 quomodo
1022 5173 1203 5221 tamen
1253 5164 1555 5238 poterimus
1604 5165 1882 5223 declinare

281 5257 714 5329 indignationem
758 5265 925 5313 tantm
956 5258 1282 5325 potestatis?
1325 5257 1445 5327 Quo
1483 5258 1627 5313 enim
1661 5273 1885 5330 progre-

281 5352 518 5418 diemur,
552 5353 640 5407 tibi
671 5367 776 5408 non
806 5354 876 5408 sit
905 5352 1072 5419 Deus,
1102 5368 1227 5407 cum
1268 5352 1470 5424 ubique
1498 5354 1617 5424 ipse
1647 5354 1761 5410 sit?
1802 5357 1881 5409 An

283 5444 581 5501 mediocria
622 5446 871 5516 exempla
917 5453 1065 5513 sunt,
1116 5445 1312 5516 quibus
1360 5446 1680 5512 doceamur,
1736 5447 1881 5517 quod

277 5539 391 5611 jam
421 5538 625 5595 dudum
660 5540 810 5611 genti
848 5546 1050 5596 nostra:
1082 5554 1182 5612 pro
1210 5539 1454 5611 peccatis
1482 5541 1685 5599 nostris
1714 5540 1879 5597 infes-

358 5730 384 5758 ι
406 5717 539 5774 Nec.
566 5718 734 5774 ΒΑΜ.

364 5787 394 5826 ³³
420 5790 692 5858 ρυωάαηι.
721 5791 795 5846 lu.

1990 3317 2075 3362 est
2124 3305 2307 3361 studio
2355 3305 2669 3361 Judatorutn
2722 3305 2790 3359 ad
2830 3303 3122 3375 1Egyptios
3166 3300 3583 3373 subjiciendus:

1992 3398 2136 3455 unde
2162 3398 2384 3454 condita
2413 3399 2545 3455 urbe
2586 3414 2648 3455 ex
2690 3413 2845 3469 aequo
2872 3398 3077 3453 Judaeis
3107 3407 3162 3452 et
3193 3395 3463 3466 Egyptiis
3504 3402 3587 3447 at-

1989 3496 2191 3552 tributa
2215 3495 2500 3567 privilegia
2528 3505 2582 3552 et
2605 3495 2969 3551 habitationes
2996 3495 3253 3560 diverszr,
3296 3508 3365 3549 ne
3391 3506 3580 3548 eorum

1988 3588 2166 3644 cultus
2212 3589 2634 3658 permisceretur
2665 3605 2678 3642 :
2710 3589 2800 3659 qui
2841 3588 3251 3659 purificationcs
3293 3601 3419 3641 suas
3466 3587 3586 3640 sine

1991 3682 2098 3736 ulla
2122 3681 2374 3736 volebant
2398 3682 2722 3751 crmtagiune
2744 3696 2983 3736 servare.
3014 3681 3150 3735 llinc
3173 3680 3488 3748 frequenter
3504 3679 3586 3733 in—

1990 3783 2071 3830 ter
2097 3790 2191 3830 eos
2219 3775 2504 3831 conflictus
2529 3775 2679 3831 fuere
2697 3817 2711 3840 ,
2752 3783 2939 3830 exorta
2967 3774 3142 3845 jurgia
3163 3816 3177 3839 ,
3203 3772 3466 3843 judicium
3492 3786 3584 3841 pe-

1990 3868 2169 3922 titum.
2198 3867 2341 3929 Nihil
2373 3877 2552 3923 tamen
2592 3883 2659 3923 ex
2704 3868 2840 3922 tanti
2885 3867 3029 3936 regis
3063 3874 3384 3920 temeratum
3418 3863 3587 3933 liquet

1987 3960 2154 4016 fuisse
2193 3960 2491 4023 beneficiis,
2523 3960 2617 4015 sed
2650 3967 2841 4029 postea
2880 3974 2907 4011 a
2957 3956 3251 4028 gentilibus
3283 3962 3475 4011 exorto
3502 3963 3585 4009 tu-

1988 4055 2185 4121 multu,
2216 4070 2338 4111 cum
2362 4053 2675 4109 Judaanrum
2707 4052 2885 4107 necati
2916 4050 3105 4122 aliqui,
3142 4050 3235 4103 alii
3269 4048 3333 4104 ad
3363 4062 3579 4119 pmnam

1969 4149 2386 4223 .detitterentur,
2437 4146 2631 4216 injuria
2684 4156 2891 4200 motum
2937 4143 3252 4199 Judteorum
3297 4141 3578 4211 pupulum,

1985 4242 2275 4297 adversum
2297 4250 2549 4296 auctores
2579 4239 2795 4309 injuria:
2817 4237 3177 4293 insurrexisse
3199 4254 3212 4301 ;
3236 4245 3290 4291 et
3318 4251 3441 4291 cum
3460 4250 3582 4305 pcr-

1988 4335 2217 4390 tinacius
2256 4348 2318 4388 se
2361 4333 2430 4389 de
2466 4333 2676 4388 civibus
2706 4332 2875 4387 ultum
2920 4332 2985 4386 iri
3025 4331 3249 4394 vellent,
3300 4329 3579 4384 inductum

1986 4429 2289 4485 exercitum
2317 4426 2648 4492 Romanum,
2688 4425 2783 4498 qui
2813 4425 3090 4496 sexaginta
3121 4423 3431 4479 Judteorum
3463 4422 3584 4476 mil-

1984 4520 2056 4575 lia
2095 4521 2235 4575 intra
2280 4520 2471 4575 urbem
2500 4518 2716 4574 fuderit.
2764 4517 2969 4573 Verum
3018 4514 3146 4587 quid
3192 4516 3244 4571 in
3290 4515 3585 4570 levioribus

1987 4629 2191 4680 moror,
2223 4628 2345 4668 cum
2376 4611 2647 4669 excidium
2676 4612 2839 4667 totius
2871 4612 3043 4676 orbis,
3084 4610 3138 4664 in
3160 4608 3321 4663 unius
3350 4606 3588 4664 civitatis

1986 4707 2141 4763 ruina
2165 4706 2561 4777 deplorandum
2585 4705 2741 4762 nobis
2768 4704 2877 4759 sit?
2900 4703 3003 4761 Ubi
3031 4713 3112 4758 est
3135 4703 3370 4758 maxima
3390 4702 3587 4758 civitas

1986 4801 2365 4857 Hierusalem?
2395 4800 2486 4856 ubi
2524 4799 2725 4856 decora
2781 4798 2937 4863 Sion,
2994 4797 3082 4852 ubi
3115 4797 3372 4867 templum
3423 4796 3587 4851 mira—

1987 4894 2117 4960 bile,
2150 4895 2238 4949 ubi
2280 4895 2583 4950 secundum
2618 4893 2749 4948 illud
2795 4890 3228 4957 tabernaculum,
3279 4890 3586 4945 sanctitatis

1985 4990 2285 5043 sacrarium
2317 5029 2331 5052 ,
2363 5004 2472 5059 qun
2505 4987 2673 5043 semel
2706 4987 2758 5041 in
2784 5001 2928 5040 anno
2954 4986 3106 5040 solus
3128 4985 3383 5055 princeps
3404 4999 3587 5040 sacer-

1985 5082 2171 5138 dotum
2205 5083 2420 5138 solebat
2450 5084 2676 5148 intrare,
2704 5096 2809 5135 non
2840 5081 2958 5135 sine
2985 5080 3273 5151 sanguine,
3302 5094 3462 5150 quem
3484 5094 3584 5150 pro

1990 5188 2049 5230 se
2070 5174 2292 5230 offerret
2335 5185 2391 5230 et
2433 5189 2528 5244 pro
2559 5174 2739 5244 populi
2780 5173 3018 5228 delicto?
3047 5171 3395 5227 Profanatum
3438 5181 3520 5227 est
3550 5184 3582 5224 a

1989 5267 2265 5338 gentibus,
2308 5267 2560 5323 habitant
2593 5266 2647 5320 in
2696 5265 2948 5337 reliquiis
2989 5264 3136 5321 urbis
3193 5266 3282 5335 qui
3328 5278 3447 5318 eam
3492 5262 3587 5318 de-

1989 5369 2329 5416 struxerunt.
2365 5359 2489 5424 Ubi,
2512 5360 2753 5427 inquam,
2782 5373 2864 5423 es,
2898 5356 3090 5413 civitas
3114 5356 3315 5413 referta
3347 5355 3586 5426 populis,

1988 5452 2319 5509 venerabilis
2346 5451 2586 5522 regibus,
2625 5449 2980 5520 acceptabilis
3007 5449 3140 5516 Deo,
3168 5447 3357 5519 gratiae
3382 5446 3587 5503 sedes?

1989 5544 2309 5602 Pavimenta
2358 5553 2447 5599 tua
2472 5542 2542 5599 de
2587 5556 2884 5611 marmore,
2929 5541 3164 5610 parietes
3202 5541 3277 5597 tui
3316 5540 3587 5612 fulgentes

2071 5737 2093 5764 ε
2116 5712 2404 5800 Iosephus,
2437 5727 2722 5784 octodecim
2749 5727 2934 5784 millia.
2955 5717 3032 5782 lo'.
