4082 6344
452 288 459 289 ί
531 263 673 324 9203

1855 273 2098 332 SANCTI
2141 272 2461 330 AMBROSII

3677 283 3803 338 12$

528 400 822 456 marmore,
875 390 1110 447 eulmina
1151 398 1239 450 tua
1292 396 1534 465 pretioso
1570 392 1936 467 Splendebant
1979 405 2118 446 mar-
2150 394 2198 452 Λ
2226 390 2437 444 ciantur
2466 406 2559 460 per
2586 390 2844 462 ﬂagitium
2878 412 2892 447 :
2927 394 3032 450 hoc
3060 394 3253 451 suadet
3282 396 3527 462 affectus,
3555 399 3685 454 illud
3710 401 3809 455 vie-

526 486 697 544 more,
745 492 915 550 portat
956 492 1062 541 tuae
1089 488 1351 543 micantes
1380 504 1533 555 attro,
1567 489 1689 543 alia:
1717 497 1946 558 argento
1975 487 2118 541 reni-

527 579 726 629 tentes.
759 576 961 633 Omnes
990 579 1284 646 interfecti,
1325 590 1377 637 et
1406 584 1497 652 qui
1546 591 1600 639 te
1625 582 1826 653 iugiter
1855 580 2117 636 inhabita-

527 666 675 738 bant,
706 678 761 725 et
781 673 869 740 qui
901 672 966 727 ad
996 682 1047 729 te
1081 690 1146 731 ex
1195 678 1359 731 totius
1398 679 1549 732 orbis
1589 686 1853 734 terrarum
1882 676 2123 746 partibus

527 764 965 821 conveniebant:
998 777 1058 822 ut
1087 783 1192 824 non
1219 769 1439 826 dubium
1473 772 1567 837 sit,
1601 779 1771 825 totum
1802 770 1856 825 in
1886 779 1939 825 te
1969 778 2125 824 mun-

523 853 654 908 dum
685 856 931 925 periisse.
961 858 1167 917 Nudata
1200 865 1404 928 omnia,
1440 881 1467 917 a
1496 865 1829 920 culminibus
1857 870 2121 929 cremata,

527 962 558 1001 a
609 949 973 1007 fundamentis
1016 954 1192 1011 diruta
1228 971 1243 1015 :
1274 956 1410 1011 facta
1460 969 1544 1012 eSt
1595 958 1856 1013 habitatio
1907 966 1994 1011 tua
2028 956 2122 1010 de-

530 1047 700 1104 serta,
725 1057 827 1098 nec
872 1046 1071 1116 estqui
1117 1048 1169 1102 in
1204 1048 1569 1104 tabernaculis
1599 1052 1707 1105 tuis
1747 1046 2039 1114 inhabitet;
2075 1056 2130 1103 et

528 1130 704 1187 adhuc
731 1150 1055 1206 quemquam
1083 1138 1268 1195 vivere
1312 1142 1462 1205 libet,
1497 1150 1551 1197 et
1591 1124 1696 1196 non
1728 1142 1928 1198 vixisse
1956 1140 2128 1211 βαδιιί-

529 1225 643 1279 tet?
684 1227 808 1281 Duri
862 1229 1008 1285 oculi
1039 1231 1130 1301 qui
1188 1231 1304 1288 haec
1349 1231 1535 1289 videre
1583 1243 1844 1304 possunt;
1889 1233 2126 1288 immites

525 1318 690 1375 animi
722 1320 811 1392 qui
845 1323 985 1378 velle
1030 1336 1280 1394 possunt,
1311 1337 1369 1382 ut
1399 1328 1525 1399 quid
1559 1329 1723 1383 tantis
1763 1328 2001 1398 supersit
2029 1327 2127 1383 do-

525 1412 733 1469 loribus
762 1432 775 1470 :
812 1430 916 1471 non
960 1419 1102 1487 quod
1130 1419 1435 1476 defecerint
1464 1421 1668 1487 clades,
1716 1421 1812 1476 sed
1844 1421 1986 1492 quod
2014 1421 2125 1490 jam

527 1505 672 1561 nulla
703 1508 936 1578 requies.
969 1510 1090 1577 Quo
1119 1513 1263 1566 enim
1306 1514 1759 1569 circumferamus
1789 1514 2001 1580 oculos,
2036 1523 2127 1568 ant

525 1597 654 1664 quid
683 1613 912 1656 cernere
936 1600 1211 1658 delectet?
1240 1604 1379 1661 Urbs
1409 1615 1517 1661 tota
1549 1608 1859 1675 sepulcrum
1886 1615 2128 1661 mortuo-

530 1706 648 1745 rum
680 1701 785 1760 est,
834 1696 964 1749 solae
1008 1700 1383 1766 spectantibus
1428 1711 1719 1757 occurrunt
1760 1702 1990 1769 favillae;
2024 1703 2127 1757 viae

2228 483 2650 554 toresexigunt.
2687 483 2741 541 Si
2778 487 3029 540 nolumus
3058 489 3281 557 exsequi
3325 491 3682 545 ministerium
3706 493 3809 560 pie-

2229 574 2372 639 tatis,
2398 590 2659 643 cogemur
2680 576 2865 632 subire
2895 592 3107 647 pompae
3129 579 3471 648 parricidalis
3500 581 3807 636 ludibrium.

2226 666 2554 723 Atloriamur
2585 685 2736 740 ergo,
2782 672 2925 741 quod
2958 672 3130 742 prosit
3160 674 3352 727 liberis
3384 675 3808 745 coniugibusque

2228 762 2428 816 uestris
2462 778 2475 814 :
2508 763 2552 816 si
2596 763 2924 818 infirmiores
2955 780 3164 831 sumus,
3205 766 3521 821 auferamus
3552 783 3649 822 eos
3680 783 3811 823 cru-

2228 853 2459 907 ciatibus
2496 855 2726 919 futuris;
2760 854 2808 909 si
2833 854 3093 912 fortiores
3124 872 3332 922 sumus,
3368 860 3652 915 vincamus
3677 875 3814 915 com-

2231 949 2512 1015 passioncs
2544 956 2847 1014 parentum,
2882 947 3109 1003 affectus
3140 950 3611 1006 necessitudinum
3647 969 3660 1005 :
3688 963 3737 1006 et
3764 955 3811 1007 itt

2230 1039 2333 1092 hoc
2364 1038 2641 1093 vincamus
2676 1039 2911 1106 ltostem,
2959 1057 3083 1096 cum
3118 1043 3354 1111 prtedam
3404 1045 3668 1099 tollimus.
3709 1044 3813 1100 Hoc

2230 1133 2403 1187 virtus
2451 1133 2643 1203 exigit,
2678 1134 2782 1189 hoc
2830 1136 3024 1190 suadet
3058 1136 3250 1205 pudor.
3285 1138 3399 1193 Non
3451 1139 3645 1193 timere
3676 1154 3809 1193 mor-

2231 1236 2361 1291 tem,
2396 1229 2565 1283 virtus
2611 1237 2715 1283 est.
2769 1229 2984 1285 Etenim
3035 1231 3101 1284 ad
3147 1241 3377 1287 mortem
3410 1247 3604 1287 omnes
3653 1234 3815 1288 nasci-

2231 1337 2370 1387 mur,
2422 1331 2476 1377 et
2524 1321 2590 1377 ad
2642 1332 2866 1379 mortem
2914 1341 3234 1395 generamus
3290 1327 3530 1392 liberos;
3581 1341 3803 1397 quorum

2230 1430 2376 1468 mors
2427 1425 2634 1469 natura:
2687 1416 3017 1487 assignatur,
3066 1418 3357 1485 captivitas
3402 1420 3607 1490 probro
3646 1421 3812 1475 datur.

2229 1509 2372 1580 Ergo
2398 1527 2531 1581 quos
2560 1527 2668 1566 non
2693 1514 2969 1583 potuimus
2994 1514 3235 1584 periculo
3263 1516 3507 1585 eripere,
3531 1516 3816 1584 eripiamus

2230 1604 2480 1659 ludibrio.
2507 1605 2838 1661 Miseremini
2854 1609 3033 1677 igitur,
3057 1616 3259 1677 patres,
3279 1609 3602 1674 liberorum,
3626 1609 3812 1673 mariti,

2229 1700 2552 1769 coniugum,
2605 1715 2797 1755 omnes
2839 1702 3191 1770 parvulorum
3242 1703 3633 1766 misereamur;
3684 1701 3814 1772 quod

529 1798 713 1839 vacua:
743 1787 1063 1855 viventium,
1121 1792 1344 1862 repletae
1392 1794 1767 1849 cadaveribus.
1820 1794 2003 1850 Miseri
2046 1812 2131 1851 se-
2161 1792 2209 1852 B
2233 1803 2320 1849 est
2351 1796 2681 1863 praecipuum
2715 1794 2908 1862 nostri,
2943 1794 3069 1848 dum
3104 1804 3187 1848 est
3210 1794 3509 1848 miserandi
3546 1800 3814 1862 poteSIas:

533 1876 715 1931 niores
737 1879 1071 1936 cinerulenta
1102 1884 1324 1953 canitie,
1351 1897 1406 1942 et
1431 1888 1607 1942 scisso
1637 1889 1838 1942 amictu
1870 1903 2030 1960 supra
2050 1906 2133 1944 re-

532 1967 727 2037 liquias
759 1983 1096 2029 mortuorum
1144 1976 1340 2033 sedent
1369 1981 1507 2033 nuda
1552 1987 1799 2050 tegentes
1844 1995 1991 2047 ossa,
2024 1996 2131 2050 qtto

532 2061 826 2118 defendant
866 2081 895 2119 a
936 2068 1244 2124 volatilibus
1295 2086 1359 2125 ac
1407 2072 1619 2127 bestiis.
1660 2072 1913 2128 Mulieres
1946 2088 2131 2143 panes:

531 2154 854 2224 incolumes,
881 2174 1014 2229 quas
1046 2161 1204 2217 miles
1237 2164 1434 2234 impius
1462 2165 1525 2217 ad
1567 2166 1984 2235 turpitudinem,
2020 2181 2130 2221 non

531 2247 597 2300 ad
629 2247 790 2303 vitam
820 2255 1143 2309 servaverit.
1179 2256 1311 2325 Quis
1340 2256 1457 2311 haec
1492 2258 1700 2324 videns,
1739 2268 1794 2313 et
1822 2260 1888 2313 de
1916 2274 2133 2328 compe-

531 2340 908 2397 rendinatione
938 2344 1151 2400 vivendi
1181 2348 1446 2418 cogitans,
1489 2349 1688 2403 audeat
1719 2351 1786 2404 ad
1820 2349 2019 2406 coelum
2059 2352 2133 2405 le-

533 2449 659 2488 vare
690 2436 918 2492 oculos?
948 2440 1084 2506 Quis
1113 2442 1191 2496 sic
1223 2441 1513 2497 immemor
1546 2445 1752 2513 patriae,
1792 2444 1963 2499 hostis
2001 2459 2130 2499 suo-

533 2544 673 2594 rum,
707 2532 922 2599 pietatis
960 2534 1193 2599 alienus,
1243 2551 1439 2605 expers
1468 2537 1795 2605 dulcedinis,
1840 2540 1996 2609 cujus
2024 2550 2129 2595 tam

533 2620 773 2676 semiviri
818 2623 890 2678 sit
932 2628 1111 2681 mullis
1152 2627 1412 2697 spiritus?
1460 2630 1579 2700 quis
1631 2632 1701 2684 ita
1753 2633 2130 2696 meticulosus,

535 2726 693 2781 quem
728 2730 838 2768 non
871 2717 1069 2786 pudeat
1112 2718 1198 2774 his
1230 2723 1614 2777 reservatum?
1664 2722 1877 2779 Utinam
1908 2724 2131 2795 quidem

532 2805 661 2859 olim
694 2807 930 2865 defuncti
963 2825 1234 2877 essemus,
1269 2823 1364 2867 attt
1401 2814 1448 2867 si
1479 2816 1583 2868 vita
1628 2826 1963 2883 superesset,
2000 2834 2133 2872 oeu-

537 2898 713 2953 lornm
748 2900 929 2956 lumen
964 2905 1235 2972 periisset,
1270 2907 1417 2975 pritts
1461 2922 1622 2977 quant
1665 2918 1910 2964 sanctam
1944 2912 2133 2967 urbem

534 2989 772 3045 dirutam
808 2994 1041 3048 hostium
1074 2996 1327 3051 manibus
1370 2997 1728 3077 intuerentur,
1767 3001 2136 3069 templumque

535 3081 640 3137 hoc
681 3100 709 3137 a
756 3086 1054 3155 majoribus
1084 3090 1290 3143 nostris
1334 3101 1605 3145 sacratum
1651 3091 1786 3160 Deo,
1825 3102 1933 3147 tam
1970 3095 2135 3165 impie

2238 1896 2295 1941 ιιι
2323 1887 2391 1941 de
2420 1900 2602 1941 nostro
2633 1878 3014 1952 misere'atnur,
3066 1903 3133 1941 ne
3178 1886 3247 1941 ad
3279 1886 3517 1942 dedecus
3544 1885 3815 1941 videamur

2232 1987 2287 2033 et
2320 1981 2426 2031 nati
2458 1991 2511 2032 et
2545 1978 2827 2033 reservati.
2863 1977 2997 2046 Quis
3028 1979 3172 2031 enim
3205 1977 3376 2047 possit
3407 1977 3618 2047 perpeti
3649 1985 3816 2043 patres

2234 2079 2361 2123 ante
2393 2086 2485 2123 ora
2520 2070 2777 2135 filiorum,
2809 2070 2950 2124 filios
2998 2071 3050 2123 itt
3093 2079 3390 2138 conspectu
3424 2080 3712 2140 parentum
3743 2068 3815 2121 in-

2235 2159 2453 2214 terﬂei‘!
2484 2159 2646 2214 Trahi
2699 2160 2900 2215 canitie
2943 2160 3116 2215 fessos
3165 2175 3348 2225 senes,
3382 2161 3468 2215 vel
3500 2159 3567 2215 ad
3616 2172 3815 2220 necent,

2234 2255 2316 2308 vel
2342 2252 2483 2324 quod
2519 2254 2670 2323 pejus
2697 2264 2800 2320 est,
2831 2253 2896 2308 ad
2948 2255 3290 2319 servitutem,
3325 2253 3591 2308 mulieres
3628 2250 3816 2320 Sparsis

2234 2348 2481 2402 crinibus
2503 2348 2625 2401 duci
2665 2347 2766 2402 sub
2807 2358 3105 2415 COIISiteClil
3132 2346 3449 2416 coniugum,
3482 2356 3539 2401 et
3568 2345 3817 2398 violenter

2235 2439 2300 2494 ad
2330 2440 2686 2511 opprobrium
2710 2439 2895 2494 trahi?
2925 2439 3127 2494 Audire
3158 2455 3344 2494 vocem
3378 2439 3587 2507 parvuii
3614 2439 3816 2507 vagien-

2237 2535 2305 2588 tis
2338 2534 2580 2587 meantis
2612 2544 2842 2603 patrem,
2878 2543 2935 2587 ut
2963 2534 3166 2586 auxilio
3206 2534 3275 2586 sit
3308 2533 3537 2603 petenti,
3571 2545 3691 2585 cum
3715 2528 3814 2599 jam

2237 2629 2435 2682 frustra
2466 2626 2656 2680 audias
2686 2624 2712 2663 δ
2746 2625 3024 2681 revinctas
3061 2640 3276 2691 manus,
3308 2635 3362 2679 et
3391 2624 3628 2694 captiva:
3656 2621 3816 2677 cervi-
3865 2672 3869 2677 .

2236 2720 2315 2775 eis
2340 2721 2470 2790 iugo
2521 2717 2804 2773 subditos?
2844 2718 2986 2789 Ergo
3016 2716 3143 2772 dum
3191 2716 3370 2770 adhuc
3411 2715 3601 2770 libera:
3638 2726 3817 2768 manus

2235 2824 2384 2879 sunt,
2438 2814 2562 2867 dum
2608 2812 2807 2868 ferrum
2850 2814 3187 2882 stringimus,
3243 2812 3627 2882 aggrediamur
3672 2821 3812 2879 Opus,

2238 2906 2381 2976 quod
2412 2907 2582 2961 victor
2608 2905 2706 2959 hos
2736 2906 2779 2959 is
2810 2906 3059 2960 miretur.
3118 2904 3371 2960 Mulieres
3409 2914 3613 2957 nostra:
3640 2915 3815 2970 supre~

2238 3014 2383 3053 mtttn
2414 2997 2715 3067 coniugalis
2740 3011 2939 3052 munus
2970 2995 3302 3059 dilectionis,
3329 2995 3482 3066 quasi
3512 2993 3695 3049 dotale
3736 3007 3813 3045 re-

2237 3090 2439 3160 cipiant
2492 3089 2897 3160 patrimonium.
2951 3089 3058 3143 Has
3113 3088 3219 3142 illis
3275 3088 3454 3141 claves
3500 3084 3819 3161 refundimus

536 3176 768 3232 ﬂammis
799 3183 1056 3247 cremari,
1101 3193 1196 3237 aut
1245 3185 1558 3241 sacerdotes
1593 3186 1646 3240 in
1679 3188 1884 3258 templo
1914 3190 2135 3259 consiti-
2161 3181 2205 3241 C
2241 3200 2381 3237 novo
2404 3182 2688 3253 sanguinis
2722 3192 2742 3219 ο
2772 3182 3102 3248 testimonio,
3130 3189 3190 3234 ut
3216 3183 3327 3236 sint
3355 3189 3560 3234 nostrae
3593 3177 3816 3232 haercdes

536 3288 786 3327 eeremus
810 3274 993 3344 jacere
1020 3279 1370 3332 interfectos!
1406 3279 1774 3335 Emendemus
1804 3296 1958 3351 ergo,
1991 3284 2135 3350 quod

539 3363 624 3419 his
650 3369 1056 3435 superviximus
1105 3371 1282 3435 malis,
1317 3381 1375 3426 ut
1404 3374 1687 3427 videamur
1728 3390 1835 3427 non
1870 3373 1993 3428 vita:
2024 3386 2139 3429 stu-

533 3459 624 3513 dio
649 3460 928 3516 distulisse
957 3470 1211 3531 mortem,
1257 3466 1353 3520 sed
1386 3465 1602 3520 virtutis
1650 3467 1982 3522 intentione.
2014 3467 2135 3522 Cir-

538 3554 886 3609 cutnvallavit
912 3555 1084 3613 hostis
1115 3575 1276 3614 omne
1329 3561 1745 3626 munimentum,
1785 3562 1855 3616 ttil
1889 3574 2138 3632 superest

543 3645 645 3700 nisi
688 3655 782 3701 aut
825 3664 946 3713 nos,
981 3660 1074 3705 aut
1118 3652 1381 3722 coniuges
1434 3663 1656 3707 nostrae.
1701 3653 1818 3709 Jam
1866 3655 1966 3709 sibi
1995 3655 2138 3711 filios

541 3749 760 3795 nostros
794 3743 846 3796 in
867 3745 1121 3799 auctione
1152 3747 1524 3815 constituunt;
1552 3757 1871 3819 certantque
1894 3750 2033 3804 inter
2056 3766 2135 3815 se,

539 3834 630 3902 qui
671 3834 825 3904 cuius
854 3836 1090 3892 abducat
1137 3855 1362 3895 uxorem
1400 3857 1412 3893 :
1450 3851 1625 3895 utrmu
1675 3858 1772 3911 pro
1806 3843 2136 3912 dignitatum

541 3926 756 3982 meritis
788 3943 1218 3997 personarumve
1264 3934 1550 3990 ordinibus
1581 3934 1976 3990 distribuenda:
2005 3938 2136 4005 sint,

540 4034 609 4072 an
658 4027 684 4056 ³
724 4020 967 4077 sortibus
1013 4025 1196 4079 subire
1248 4029 1511 4096 cogenda:
1561 4028 1929 4082 miserabiles.
1972 4028 2142 4084 Nobis

541 4127 761 4183 quoque
792 4128 1051 4183 parantur
1097 4118 1338 4188 prodigia
1387 4136 1697 4190 pmnarum,
1733 4129 2001 4176 tormenta
2049 4137 2142 4176 ex-

540 4206 920 4277 quisitissima,
951 4226 1057 4263 non
1087 4211 1266 4266 solum
1293 4212 1555 4269 ardentes
1582 4212 1821 4267 ﬂamma:
1844 4225 1935 4269 aut
1961 4214 2141 4270 diver-

542 4313 619 4354 sae
666 4316 830 4357 neces
868 4303 1108 4357 victricis
1150 4304 1258 4359 ictu
1300 4306 1548 4360 securis:
1579 4305 1719 4360 duro
1767 4306 1985 4377 quidem
2021 4317 2145 4377 post

544 4394 785 4459 vincula,
821 4406 933 4464 post
984 4411 1284 4464 carcerem,
1321 4409 1442 4469 post
1476 4400 1662 4470 iugum
1712 4401 2007 4471 supplicio,
2044 4400 2141 4455 sed

544 4488 918 4544 tolerabiliore
941 4488 1093 4556 viris,
1118 4493 1162 4547 si
1190 4491 1429 4548 ludibrio
1448 4502 1626 4559 vaCet;
1658 4493 1754 4549 sed
1779 4496 1944 4549 etiam
1969 4492 2142 4547 avulsi

2242 3278 2525 3332 libertatis.
2554 3278 2669 3331 Hoc
2696 3277 2827 3345 ipsa:
2854 3277 3169 3343 hortantur,
3206 3285 3357 3331 certe
3386 3290 3685 3341 merentur,
3711 3287 3816 3342 qua:

2242 3370 2432 3423 volunt
2461 3387 2474 3423 :
2502 3370 2782 3440 cogendze,
2836 3384 2954 3438 quae
2998 3368 3272 3437 refugiunt
3301 3386 3313 3422 :
3345 3384 3446 3422 nec
3483 3367 3696 3438 parvuli
3722 3366 3814 3419 fero

2242 3480 2359 3518 rum
2394 3465 2686 3533 pavehunt,
2707 3462 2851 3533 quod
2886 3479 2979 3531 per
2999 3472 3216 3517 :etatem
3249 3464 3517 3526 nesciunt,
3549 3459 3690 3531 quod
3711 3472 3818 3511 sus-

2240 3560 2427 3627 cipere
2459 3574 2485 3608 τι
2521 3558 2842 3626 parentibus
2872 3556 2973 3627 piis
2998 3556 3218 3623 debent,
3253 3566 3308 3608 ut
3338 3570 3463 3608 vere
3494 3555 3632 3608 fiant
3655 3550 3815 3606 liberi.

2240 3651 2408 3707 Nobis
2437 3666 2657 3721 quoque
2698 3648 2826 3721 quid
2872 3652 2979 3703 erit
3014 3648 3402 3719 prmstantius?
3429 3648 3486 3702 Si
3534 3661 3701 3702 exut-a
3724 3656 3810 3695 nus

2244 3748 2395 3817 prius
2440 3746 2746 3812 castellum,
2798 3745 3066 3800 frumenta
3114 3751 3293 3798 tamen
3351 3756 3711 3802 reservemus,
3757 3750 3816 3790 ne

2244 3851 2433 3911 putent
2460 3858 2557 3896 nos
2586 3840 2727 3895 fame
2761 3839 2937 3911 petitis
2971 3850 3214 3907 coactus,
3258 3852 3419 3907 quam
3459 3837 3640 3892 studio
3667 3835 3817 3889 virtu-

2246 3935 2314 3989 tis
2354 3936 2633 4000 invitatos,
2668 3945 2871 3988 tnutua:
2918 3932 3067 3988 necis
3114 3932 3417 4002 arripuisse
3455 3930 3815 3986 titinisteriutu.

2244 4029 2522 4084 Donettttts
2572 4028 2679 4083 illis
2725 4043 2879 4083 escas
2923 4025 3155 4082 refertas
3207 4025 3509 4097 sanguine;
3562 4034 3618 4080 et
3659 4023 3698 4078 si
3738 4031 3817 4075 eas

2246 4122 2474 4177 ﬂamma:
2525 4122 2853 4183 exusserint,
2889 4120 3045 4174 nidor
3088 4121 3204 4188 ipse
3232 4119 3443 4188 frugum
3470 4116 3813 4196 .ineensarttm

2247 4218 2449 4273 indicio
2500 4220 2607 4271 erit
2652 4217 2882 4287 periisse
2929 4213 3350 4279 obsidentibus,
3407 4212 3549 4281 quod
3600 4208 3817 4265 obsessis

2246 4311 2625 4367 abundaverit.
2681 4310 2927 4365 Posthmc
2978 4308 3348 4379 unusquisque
3394 4305 3585 4360 olferat
3635 4319 3690 4358 se
3720 4299 3819 4352 t'ttl-

2248 4408 2386 4468 nerl,
2419 4412 2472 4458 et
2501 4402 2795 4458 moriturus
2823 4402 3053 4473 patriam
3097 4409 3264 4471 tegat,
3311 4411 3676 4469 supremoque
3718 4406 3818 4448 am~

2251 4498 2406 4569 plexu
2433 4498 2614 4551 obeat.
2652 4495 2770 4550 Fiat
2815 4496 2970 4549 nobis
3000 4496 3168 4564 patria
3203 4493 3473 4547 libertatis
3504 4490 3814 4562 sepulcrum,

544 4595 698 4635 artus
730 4584 1056 4652 viventibus,
1088 4595 1142 4640 et
1175 4586 1449 4656 praecipue
1482 4596 1750 4642 truncata:
1779 4601 1993 4642 manus.
2030 4586 2143 4643 Nec
2170 4568 2225 4631 Ῑ)
2250 4568 2371 4661 quae
2403 4591 2499 4643 fuit
2531 4588 2812 4657 dignitatis
2848 4587 3180 4643 domicilium
3213 4600 3225 4639 ε
3258 4585 3350 4639 hic
3382 4584 3621 4639 tumulus
3651 4580 3816 4636 funera

549 4676 847 4743 immerito,
879 4681 1002 4749 quia
1041 4680 1337 4736 defuerunt
1362 4698 1461 4737 suo
1492 4683 1733 4746 muneri,
1763 4697 1885 4737 eum
1914 4692 2143 4752 possent

544 4769 645 4823 sibi
694 4753 1006 4827 subvenire.
1056 4773 1336 4829 Subeundi
1386 4790 1601 4847 quoque
1652 4791 1868 4831 morsus
1900 4776 2138 4832 fet-arum

549 4862 615 4916 ad
648 4863 913 4920 victorum
963 4870 1355 4936 spectaculum,
1400 4870 1541 4940 quod
1583 4869 1820 4924 diversis
1847 4871 1958 4939 iam
1996 4869 2141 4923 cele-

550 4958 739 5013 bratur
763 4963 945 5016 arenis
973 4964 1183 5019 urbium
1216 4981 1229 5017 :
1254 4965 1339 5020 vel
1368 4965 1619 5034 exemplo
1646 4965 1802 5019 nobis
1833 4964 1993 5018 debet
2017 4977 2142 5019 esse

549 5052 889 5122 pudendum,
918 5057 1005 5110 vel
1042 5058 1160 5112 visu
1204 5058 1545 5124 miserabile,
1580 5067 1640 5112 ιιι
1672 5070 2016 5112 reserventur
2053 5065 2149 5111 aut

551 5148 763 5214 bestiis,
813 5160 902 5204 ant
935 5149 1196 5207 fratribus
1231 5154 1548 5223 prarliaturi.
1602 5152 1741 5218 Quid
1782 5167 1916 5221 ergo
1962 5159 2145 5206 mora-

551 5241 847 5312 mur?iam
896 5259 1000 5298 non
1044 5254 1129 5299 est
1150 5245 1379 5300 liberum
1431 5245 1610 5311 nobis,
1643 5245 1782 5316 quod
1832 5242 2144 5307 ntetuimus,

549 5332 800 5389 evadere.
840 5335 897 5392 Si
932 5334 1131 5391 liberos
1171 5337 1480 5393 interlicere
1518 5340 1772 5392 nolumus
1801 5352 1896 5407 per
1934 5337 2149 5390 miseri-

550 5426 817 5493 cordiam,
868 5438 961 5481 aut
1011 5429 1378 5498 nosmetipsos
1438 5442 1535 5500 per
1581 5432 1873 5496 virtutem;
1920 5442 2150 5485 necesse

549 5526 654 5581 erit
680 5538 733 5581 ut
767 5542 861 5598 per
888 5544 1184 5598 germanos
1215 5539 1306 5585 aut
1326 5531 1665 5602 propinquos
1695 5539 1910 5585 nostros
1940 5528 2148 5585 interti-

631 5649 656 5675 ἰ
686 5635 933 5695 Sortitus.
963 5643 1129 5698 Bsna.

633 5707 661 5748 ι)
693 5707 986 5768 lievt'nctus.
1013 5720 1077 5771 Et
1106 5728 1229 5771 mox
1253 5715 1506 5771 subditus.
1536 5708 1610 5771 in.

637 5792 658 5821 ο
698 5777 1037 5843 Testamento.
1061 5787 1135 5848 In.
1493 5821 1496 5824 ο

2252 4692 2437 4738 nostra
2467 4681 2646 4742 decet.
2673 4690 2731 4735 ut
2757 4692 2914 4749 septo
2946 4681 3159 4734 virtutis
3193 4686 3461 4748 tegantur.
3489 4676 3605 4730 Tali
3629 4668 3816 4730 accensi

2249 4776 2516 4839 oratione,
2576 4774 2759 4829 caateri
2803 4771 3011 4843 gladios
3056 4771 3281 4826 strictus
3331 4770 3609 4835 tenebant,
3654 4763 3816 4821 oscula

2249 4869 2449 4924 dabant
2477 4867 2818 4939 coniugibus,
2853 4866 3106 4934 amplexu
3128 4862 3497 4933 suscipiebant
3519 4864 3732 4924 liberos,
3760 4854 3817 4908 il-

2251 4964 2613 5036 laerymantes
2644 4973 2700 5017 et
2752 4961 2909 5015 simul
2943 4959 3285 5025 festinantes,
3340 4968 3396 5013 ut
3435 4958 3610 5013 hostis
3642 4967 3820 5026 prmvc-

2259 5058 2487 5113 niretnr.
2537 5057 2661 5112 llaec
2693 5056 2870 5120 vobis,
2913 5055 3184 5124 inquiunt.
3238 5052 3443 5108 amoris
3467 5056 3701 5123 pignora,
3737 5046 3819 5100 da-

2254 5166 2374 5209 tnns
2405 5166 2670 5222 supremze
2701 5151 2925 5218 prmmia
2951 5148 3309 5213 necessitatis,
3340 5152 3395 5202 et
3416 5158 3723 5216 COtttpreSSt)
3754 5139 3819 5191 vi-

2251 5248 2425 5303 riliter
2478 5245 2707 5307 alfeetu,
2754 5240 2782 5280 ἀ
2830 5241 3141 5314 passionem
3193 5241 3581 5304 excluserunt,
3639 5234 3817 5292 eaztlent

2253 5340 2557 5411 implebant
2591 5336 2913 5408 :impavidze
2942 5336 3198 5390 mulieres
3222 5348 3282 5387 se
3313 5331 3607 5387 offerebant
3635 5321 3819 5382 vultu-ri

2254 5449 2353 5504 pro
2402 5434 2817 5488 conservatione
2867 5428 3172 5498 pudicitiae,
3232 5433 3575 5494 tttentetnque
3623 5431 3818 5476 suorum

2256 5530 2385 5599 ipsae
2418 5526 2706 5583 induerant
2737 5524 2999 5579 virorum.
3028 5520 3196 5575 Ca-sis
3223 5520 3399 5588 itaque
3431 5508 3820 5572 necessitudini-

2336 5640 2363 5681 ἀ
2395 5642 2510 5699 Vet.
2542 5640 2736 5707 codex,
2771 5652 2943 5691 omnes
2982 5652 3034 5691 se
3068 5632 3284 5689 mollitie
3319 5641 3610 5697 exuerunt,
3652 5627 3822 5703 passio-

2263 5731 2380 5772 nem
2409 5715 2752 5769 excluserunt.
2780 5710 2854 5770 In.
