4082 6344
284 392 423 448 9.203

850 397 1122 456 lllSTOil.
1170 400 1257 456 DE
1301 401 1576 457 EXCIDIU
1618 395 1886 461 illEROS.
1933 406 2136 464 URBIS
2188 406 2856 466 ANACEPUALAZUSIS.

3433 410 3575 468 9.9.06

283 511 402 575 bus,
439 510 750 581 pigtiotibus
778 529 1013 585 quoque,
1048 516 1299 588 delegere
1337 526 1588 574 strenuos
1615 514 1705 590 qui
1749 534 1876 589 snp-
1901 518 1952 585 Α
1979 524 2144 579 11110111
2196 522 2501 590 abscondit,
2553 522 2679 578 dum
2734 526 2919 580 caeteri
2972 528 3245 598 supremis
3296 528 3583 587 intendunt

284 603 557 673 plementa
589 608 757 662 caedis
796 620 1245 681 exsequerentur.
1272 610 1349 666 ita
1383 612 1483 668 fusi
1518 628 1709 669 omnes
1741 628 1878 670 nou-

283 698 428 768 genti
468 701 751 770 sexaginta
782 717 905 757 cum
947 704 1187 775 parvulis
1226 721 1290 760 ac
1320 705 1679 762 mulieribus:
1712 714 1736 742 α
1766 723 1871 763 una

283 795 481 850 mulier
513 796 630 851 sola
658 797 944 869 superfuit,
977 816 1099 871 qua:
1128 802 1271 859 lilios
1314 803 1558 876 quinque
1602 808 1653 860 in
1696 820 1876 877 aquae-

319 930 670 1016 .“Jose‘phus
710 952 841 1016 vero
886 938 955 995 de
986 941 1457 1016 duabtts__retuiit.
1499 941 1664 1013 idque
1706 942 1881 1016 conti-

281 1005 421 1072 gisse
468 1005 635 1075 aliqui
688 1008 931 1064 scribunt
976 1011 1043 1067 15
1092 1012 1323 1083 Aprilis,
1368 1013 1436 1068 ah
1485 1005 1885 1085 expugnatione

279 1108 448 1120 '———_—_

1982 617 2400 672 necessitatibus
2431 636 2442 670 :
2477 631 2539 673 ea
2570 617 2827 672 Romanis
2854 617 3094 673 diluculo
3134 620 3574 688 advenientibus,

1979 710 2045 765 ad
2078 724 2265 765 vocem
2291 709 2491 774 excita,
2518 710 2681 765 index
2723 711 2922 781 negotii
2953 710 3072 765 fuit.
3104 710 3248 781 Opes
3278 725 3456 769 autem
3490 729 3582 769 eo-

1979 818 2121 869 rum,
2150 802 2430 873 appositus
2453 806 2520 858 ab
2546 802 2675 873 ipsis
2705 804 2853 873 prius
2886 805 3022 874 ignis
3045 802 3406 876 consumpsit.

1993 941 2331 1068 l7i‘ierltgsalem
2387 940 2629 997 secundo
2662 981 2678 1008 ,
2736 956 2765 995 a
2840 941 3121 997 nativitate
3191 958 3323 999 vero
3381 944 3585 1003 Christi

2070 1054 2083 1067 .
2161 1030 2284 1068 111111.

2070 1054 2083 1067 .
2116 1030 2284 1068 DARE.

552 1114 3563 1139 ____________________________________________'_____~

1032 1177 1376 1238 HISTORIA}
1420 1182 1504 1237 DE
1544 1181 1823 1238 EXCIDIU
1863 1181 2542 1240 HIEROSOLYMITANAE
2586 1183 2785 1239 URBIS

1406 1282 2451 1371 ANACEPHAL/EOSIS
2483 1338 2506 1380 9

1836 1422 1889 1460 ID
1926 1419 2027 1461 EST

991 1496 1293 1560 Omnium
1328 1516 1492 1579 pene
1518 1517 1663 1579 quae
1691 1500 1755 1561 in
1801 1499 2246 1579 superioribus
2274 1497 2442 1562 dicta
2472 1505 2624 1562 sunt
2654 1500 2836 1563 libris

1617 1640 2094 1717 BEPETIT
2110 1647 2143 1715 1
2156 1644 2258 1717 Ο.

1608 1777 2280 1807 ‘====.

861 1837 1092 1895 CAPUT
1133 1838 1417 1897 PRIMUM.

366 1939 525 1994 Anno
574 1949 683 1989 xut
715 1945 837 2005 post
881 1936 1191 2003 passionem
1228 1935 1473 2003 Domini,
1519 1936 1727 2007 imperii
1757 1952 1888 1992 vero

285 2030 605 2103 Vespasiani
638 2029 834 2099 primo,
866 2027 1025 2082 bellis
1057 2030 1267 2097 asperis
1306 2028 1493 2084 Jttda-a
1524 2041 1577 2084 et
1603 2030 1889 2086 seditioni-

284 2128 391 2183 bus
435 2120 756 2181 domesticis
783 2120 1147 2177 lacerabatur.
1184 2123 1300 2192 Ipsa
1340 2139 1556 2194 quoque
1597 2140 1784 2179 eorum
1815 2126 1891 2178 ci-

281 2221 429 2276 vitas
457 2212 795 2273 liierusalem
821 2223 847 2251 ἰ
879 2214 1140 2271 intestino
1174 2219 1364 2286 praelia
1405 2218 1709 2273 laborabat.
1734 2218 1889 2273 Nnila

284 2312 646 2379 intermissio,
677 2308 823 2365 nulla
852 2309 1092 2379 requies,
1126 2312 1285 2365 nulla:
1311 2311 1564 2378 inducite,
1597 2312 1889 2367 momentis

285 2405 544 2462 omnibus
587 2400 971 2458 dimicabatur.
1017 2398 1165 2457 Multi
1202 2403 1463 2470 ruebant,
1510 2405 1775 2459 innumeri
1803 2402 1890 2475 3n-

285 2498 638 2570 guiabantur.
672 2493 905 2567 Sanguis
933 2492 1173 2551 fcedabat
1205 2497 1459 2552 universa
1482 2540 1495 2561 ,
1533 2500 1759 2566 ipsaque
1806 2513 1890 2551 re-

288 2594 475 2664 plebat
503 2584 688 2662 templi
724 2589 909 2645 limina
941 2607 954 2644 :
982 2590 1181 2660 passim
1214 2592 1439 2645 ruebant
1465 2590 1732 2645 cadavera
1768 2609 1780 2645 :
1807 2608 1891 2644 sa-

286 2687 443 2760 gittis
472 2684 594 2751 alii,
642 2684 731 2739 alii
778 2683 1077 2740 missilibus
1123 2683 1475 2739 feriebantur.
1520 2682 1710 2739 Nullus
1741 2683 1892 2738 locus

291 2779 538 2853 periculo
567 2777 795 2833 Vacabat
820 2820 832 2840 ,
868 2778 1015 2832 nulla
1048 2792 1173 2848 spes
1200 2778 1605 2846 conversionis,
1636 2778 1779 2832 nulla
1806 2776 1890 2831 1⁵11-

289 2872 480 2946 giendi
509 2872 665 2944 copia
695 2882 812 2927 erat
842 2890 855 2925 :
890 2878 1082 2926 moesta
1111 2872 1291 2927 omnia
1323 2882 1373 2927 et
1420 2873 1575 2942 plena
1608 2870 1849 2926 horroris
1876 2913 1891 2938 ,

292 2976 349 3025 et
387 2960 925 3039 pletta‘imtnanilatis
958 2984 971 3020 :
998 2966 1200 3036 ubique
1226 2968 1421 3036 luctus,
1452 2981 1621 3038 pavor
1648 2966 1847 3035 ubique
1879 2982 1892 3019 :

291 3066 504 3120 clamor
551 3062 861 3127 mulierum,
895 3064 1129 3132 ejuiatus
1162 3078 1379 3129 senum,
1412 3063 1764 3120 morientium
1800 3078 1893 3133 ge-

294 3159 487 3225 mitus,
522 3158 819 3213 viventium
844 3157 1159 3226 desperatio
1193 3174 1206 3211 :
1243 3167 1299 3211 111
1322 3156 1663 3212 miserabiles
1686 3173 1783 3211 eos
1813 3155 1895 3210 di-

1913 1853 1962 1914 B
1990 1845 2326 1915 principibus
2355 1852 2613 1918 populum
2651 1850 2966 1906 universum
3000 1851 3064 1906 ad
3098 1860 3328 1905 mortem
3359 1849 3543 1905 ali'erat
3572 1892 3587 1917 ,

1996 1942 2053 1991 ut
2102 1939 2408 1997 libertatem
2440 1954 2799 2014 extorqueat,
2835 1960 2932 2015 pro
2979 1961 3088 2015 quo
3139 1957 3191 2000 te
3222 1946 3393 2015 ipsum
3430 1944 3589 1999 morti

1993 2030 2287 2089 oli'erebas.
2310 2033 2610 2103 Snscitare,
2640 2037 2854 2101 Elisme,
2885 2038 2973 2107 qui
2998 2038 3208 2091 hostem
3240 2034 3595 2091 introduxiin

1994 2126 2046 2180 in
2078 2126 2415 2194 Samariam,
2470 2138 2526 2185 et
2566 2131 2798 2185 amicum
2832 2131 3030 2185 fecisti.
3077 2130 3180 2185 Per
3212 2139 3262 2184 te
3303 2129 3354 2183 in
3397 2129 3593 2184 castris

1991 2218 2165 2291 Syria:
2193 2220 2576 2293 quadrigarum
2598 2220 2873 2292 increpuit
2901 2224 3099 2292 fragor,
3136 2232 3191 2276 et
3213 2237 3317 2276 vox
3347 2221 3590 2290 equitum

1992 2321 2045 2366 et
2075 2315 2291 2367 virtutis
2325 2332 2336 2366 :
2366 2313 2502 2385 l‘ugit
2530 2314 2734 2381 hostis,
2768 2314 2940 2368 evasit
2969 2314 3314 2367 obsidionem
3347 2311 3588 2366 Iudaeus.

1993 2404 2095 2459 Ubi
2132 2422 2271 2459 nunc
2300 2405 2399 2460 ista
2436 2407 2649 2471 merita,
2680 2416 2733 2461 et
2778 2406 2865 2460 ubi
2912 2422 3057 2459 nunc
3084 2407 3201 2459 ista:
3243 2403 3594 2474 operationes

1991 2498 2343 2552 sanctorum?
2371 2498 2483 2553 Nec
2514 2498 2709 2553 mirum
2730 2542 2743 2565 ,
2779 2498 2825 2553 si
2857 2509 2877 2536 ε
2909 2500 3181 2551 miserunt
3205 2497 3590 2566 prophetarum

1992 2606 2186 2661 opera,
2217 2591 2308 2661 qui
2341 2602 2680 2661 negaverunt
2713 2592 3105 2660 proiilietarum
3144 2590 3433 2644 arbitrum.
3466 2589 3593 2645 Ideo

1994 2686 2046 2741 in
2073 2697 2144 2751 te,
2164 2684 2377 2753 Judaea,
2406 2684 2429 2723 ἀ
2456 2702 2605 2741 arma
2635 2696 3051 2749 convertuntur,
3078 2684 3358 2738 etationes
3387 2692 3492 2739 tua:
3514 2683 3594 2736 nl-

1994 2784 2071 2840 ltil
2099 2785 2189 2839 tibi
2221 2794 2474 2857 prosunt,
2506 2784 2634 2853 quia
2667 2782 2803 2838 ﬁdes
2836 2794 2922 2836 tua
2962 2780 3097 2836 nihil
3127 2788 3383 2851 operatur
3427 2796 3441 2832 :
3472 2777 3594 2832 ideo

1994 2881 2281 2936 adversum
2312 2892 2365 2934 te
2384 2878 2563 2933 factus
2593 2888 2675 2933 est
2699 2878 2934 2949 populus
2965 2886 3087 2930 tuus
3109 2917 3123 2940 ,
3153 2874 3273 2944 quia
3306 2873 3358 2927 in
3391 2881 3442 2928 te
3462 2888 3597 2927 con-

1995 2992 2151 3032 versa
2175 2985 2257 3031 est
2284 2974 2508 3045 perlidia
2537 2983 2644 3027 tua.
2675 2971 2829 3041 Quod
2862 2971 3158 3027 remedium
3188 2969 3471 3040 quzeritur,
3506 2966 3595 3021 ubi

1997 3080 2186 3124 auctor
2220 3068 2445 3124 remedii
2481 3084 2586 3122 non
2615 3065 2977 3120 conciliatur?
3049 3064 3187 3132 Quid
3227 3063 3458 3132 putabas
3509 3060 3593 3116 itt-

2002 3172 2203 3225 turum,
2231 3178 2351 3215 cmn
2385 3161 2490 3215 tuis
2522 3160 2769 3214 manibus
2799 3157 2964 3214 vitam
3000 3168 3147 3211 tuam
3178 3157 3555 3225 exstinguercs
3578 3195 3593 3220 ,

293 3268 456 3307 ceres
483 3251 573 3322 qui
594 3261 992 3315 remanserant,
1016 3250 1205 3306 beatos
1227 3251 1317 3321 qui
1342 3240 1585 3305 obibant.
1613 3249 1897 3317 Quomodo
1924 3236 1968 3299 C
2002 3275 2126 3313 cum
2175 3258 2279 3312 ιυίε
2328 3256 2548 3311 “minus
2579 3255 2903 3309 advocatum
2956 3264 3107 3308 ιυυιιι
3158 3250 3554 3306 εχιθτιηίηειιορε
3580 3286 3593 3310 ,

293 3349 526 3418 decepta
556 3363 617 3402 es
647 3344 862 3417 poitulis
897 3346 1029 3412 tuis,
1065 3343 1262 3416 quibus
1302 3345 1575 3416 quondam
1623 3342 1895 3399 videbaris

298 3442 499 3497 beata?
530 3439 818 3509 Quomodo
841 3448 1150 3508 expugnata
1180 3454 1237 3493 es
1268 3438 1372 3491 ldis
1399 3436 1567 3492 armis
1587 3478 1602 3501 ,
1652 3446 1812 3505 atque
1843 3436 1893 3490 in

299 3546 353 3592 te
394 3551 675 3591 conversa:
711 3544 840 3589 sunt
868 3549 1063 3588 manus
1092 3543 1225 3597 tua),
1258 3548 1379 3603 quae
1404 3532 1619 3585 Solebas
1658 3529 1778 3586 sine
1806 3548 1893 3584 ar-

299 3633 406 3685 mis
430 3632 680 3698 vincere,
710 3638 766 3685 et
792 3632 910 3685 sine
941 3630 1051 3683 ullo
1085 3629 1271 3699 praelio
1301 3626 1511 3683 hostem
1550 3628 1741 3690 ferire,
1772 3642 1895 3681 cum

302 3739 404 3795 pro
434 3735 485 3779 te
517 3723 707 3794 Angeli
746 3723 1104 3788 dimicarent,
1134 3734 1186 3777 et
1227 3722 1529 3776 militarent
1579 3719 1670 3774 tibi
1703 3717 1899 3772 ﬂuctus

300 3815 501 3883 maris,
538 3827 698 3870 terra:
730 3812 930 3879 hiatus,
963 3814 1083 3869 cmli
1120 3810 1400 3884 fragores?

932 3902 1163 3962 CAPUT
1203 3905 1266 3960 ll.

376 4003 632 4075 Exsurge
660 4017 822 4068 nunc,
848 3998 1108 4067 Moses,et
1138 3999 1260 4054 vide
1296 3996 1512 4069 gentem
1538 4008 1682 4051 tuam
1708 4003 1763 4051 et
1789 3993 1900 4049 hae-

302 4096 594 4154 retlitatem
625 4094 807 4168 pepuli
835 4097 925 4152 tibi
960 4093 1153 4151 crediti
1181 4134 1197 4162 ,
1231 4091 1411 4164 perire
1458 4090 1710 4145 manibus
1741 4090 1853 4144 suis
1885 4106 1896 4142 :

302 4192 488 4263 aspice
544 4194 800 4264 p0pulum
856 4190 1007 4245 illum
1046 4191 1170 4255 Dei,
1220 4188 1307 4243 cui
1356 4186 1622 4258 gradienti
1656 4185 1900 4255 pervium

305 4300 457 4342 mare
485 4284 742 4355 patebat,
774 4283 860 4338 cui
906 4281 1171 4338 esurienti
1216 4296 1371 4335 escas
1400 4280 1597 4336 cmlnm
1636 4276 1903 4333 submini-

305 4370 546 4443 strabat,
579 4381 697 4433 sine
733 4372 869 4431 mari
915 4375 1193 4439 clausum,
1226 4370 1345 4430 sine
1390 4370 1675 4429 Pharaone
1716 4368 1904 4426 obses-

304 4486 468 4538 sum,
519 4470 639 4524 sine
691 4479 961 4525 terrarum
1011 4466 1298 4523 sterilitate
1341 4464 1606 4537 jejunum.
1634 4464 1901 4534 Exsurge,

305 4561 533 4629 Aaron,
563 4563 651 4635 qui
696 4561 988 4633 aliquando
1040 4571 1262 4632 prepter
1302 4559 1561 4615 oﬂ'ensam
1615 4554 1746 4623 Dei,
1780 4572 1901 4612 cum

2002 3354 2103 3409 nisi
2137 3361 2194 3407 ut
2225 3354 2277 3406 iu
2325 3362 2375 3405 te
2404 3364 2620 3421 quoque
2651 3348 2906 3418 injiceres
2950 3345 3175 3401 manus?
3210 3343 3417 3407 liabes,
3451 3339 3595 3411 quod

2001 3447 2209 3519 petisti.
2242 3442 2500 3515 Eripnisti
2527 3440 2624 3497 tibi
2659 3441 2951 3496 Pra'sulcm
2982 3438 3165 3510 pacis,
3206 3433 3383 3506 petisti
3416 3431 3597 3489 necari

2000 3544 2123 3597 vitre
2147 3552 2253 3596 tum
2284 3539 2570 3601 arbitrum,
2615 3534 2837 3590 concedi
2870 3534 2965 3588 tibi
2998 3528 3327 3591 Barabbam;
3358 3527 3445 3594 qui
3476 3541 3600 3596 pro-

2004 3648 2114 3703 pter
2140 3634 2441 3690 seditionem
2466 3637 2658 3703 factum
2682 3632 2732 3683 in
2756 3630 2960 3682 civitate
2983 3638 3026 3679 et
3049 3623 3386 3678 homicidium
3411 3621 3600 3673 missus

2002 3731 2171 3800 fuerat
2215 3726 2267 3778 in
2299 3739 2551 3777 carcerem
2588 3719 2740 3788 (Luc.
2774 3735 2907 3773 xxnt
2931 3759 2945 3785 ,
2997 3716 3086 3785 l9)
3114 3732 3132 3768 :
3163 3714 3287 3768 ideo
3318 3712 3464 3765 salus
3498 3711 3595 3762 abs

2003 3829 2056 3874 te
2086 3817 2351 3879 recessit,
2385 3830 2481 3884 pax
2528 3813 2691 3877 abiit,
2722 3814 2878 3881 quies
2910 3807 3124 3862 destitit
3170 3822 3183 3859 :
3228 3805 3351 3858 data
3382 3811 3466 3857 est
3500 3800 3597 3855 tibi

2004 3911 2220 3973 seditio,
2254 3907 2436 3961 datum
2465 3905 2734 3959 excidium
2764 3920 2776 3954 :
2815 3916 3048 3971 agnosce
3076 3896 3176 3952 tibi
3210 3895 3372 3949 hodie
3404 3891 3604 3948 Barab-

2004 4004 2127 4059 bam
2158 4000 2343 4055 vivere
2366 4040 2381 4067 ,
2413 4008 2466 4053 et
2500 3996 2683 4053 Jesum
2712 4004 3002 4049 mortuum.
3050 3991 3181 4045 11100
3226 3993 3276 4044 111
3320 4001 3369 4043 10
3415 3997 3610 4057 regnat

2004 4094 2232 4159 seditio,
2271 4109 2369 4164 pax
2399 4082 2609 4162 sepulta
2638 4100 2752 4157 est,
2784 4099 2842 4143 ut
2869 4084 3144 4142 crudelius
3175 4100 3204 4137 a
3237 4080 3340 4137 tuis
3372 4095 3563 4151 petens
3587 4122 3602 4146 ,

2005 4202 2057 4247 et
2091 4190 2239 4259 prius
2266 4200 2426 4258 quam
2454 4187 2523 4240 ab
2552 4183 2751 4239 alienis
2777 4182 3001 4251 perires.

2620 4273 2847 4329 CAPUT
2889 4271 2976 4327 111.

2077 4368 2218 4445 Quid
2269 4362 2854 4439 tantum,miserabiiis
2903 4364 3131 4426 civitas,
3165 4358 3440 4415 Romanus
3492 4356 3606 4412 suis

2007 4467 2206 4533 armis,
2239 4468 2496 4537 quantum
2532 4460 2764 4533 populus
2798 4469 2921 4513 tuus
2964 4456 3233 4513 malorum
3263 4451 3503 4507 invexit?
3534 4447 3607 4503 Ut

2008 4578 2128 4616 eum
2161 4556 2421 4613 Romanis
2463 4569 2732 4628 pugnares
2758 4595 2771 4618 ,
2805 4552 2880 4607 tui
2912 4550 3159 4605 fecerunt
3188 4564 3201 4601 :
3246 4560 3432 4615 pacem
3462 4542 3610 4595 vole-

307 4672 459 4712 tnors
521 4652 782 4726 plurimos
832 4650 1221 4726 depasceretur
1262 4650 1476 4723 populi,
1520 4650 1714 4706 stetisti
1764 4648 1905 4705 inter
1929 4639 1985 4700 D
2009 4656 2140 4709 bam
2170 4652 2429 4717 Romani,
2466 4660 2518 4704 tu
2553 4649 2753 4705 bellum
2783 4644 3042 4701 indixisti.
3068 4642 3206 4712 Quid
3239 4655 3418 4694 causa:
3447 4647 3596 4700 erat,

308 4744 558 4805 viventes
583 4765 647 4804 ac
678 4762 921 4803 mortuos
948 4789 964 4813 ,
997 4757 1051 4803 ct
1088 4762 1237 4802 mors
1275 4747 1457 4810 stetit,
1498 4754 1662 4816 atque
1690 4740 1901 4814 obiectu

309 4840 559 4912 corporis
594 4836 667 4897 tui
705 4842 863 4896 haesit
890 4842 1005 4896 lues
1032 4883 1046 4907 ,
1080 4856 1178 4895 nec
1208 4838 1437 4894 transire
1466 4839 1644 4909 potuit
1670 4838 1735 4892 ad
1774 4852 1906 4891 con-

311 4937 584 5008 tagionetn
615 4932 932 4989 viventium.
963 4933 1244 4988 Suscitare
1276 4941 1327 4987 et
1360 4942 1438 4997 tu,
1470 4929 1597 4987 Jesu
1628 4929 1792 4998 Nave,
1814 4926 1904 4999 qui

311 5043 500 5083 muros
543 5024 991 5098 inexpugnabiles
1036 5018 1293 5080 lliericlto
1323 5066 1337 5086 ,
1393 5018 1532 5077 tubis
1584 5020 1906 5078 eanetttilius

314 5121 711 5189 complanasti;
741 5128 796 5174 et
818 5118 939 5173 vide
964 5117 1219 5188 populum
1247 5114 1333 5171 cui
1358 5125 1579 5170 exteros
1607 5112 1909 5184 stthjecisti,

315 5228 460 5268 nunc
482 5211 733 5268 eumdem
763 5210 1067 5281 subjectum
1084 5207 1341 5278 Opprimi.
1368 5208 1669 5274 Suscitare,
1703 5204 1864 5262 David
1893 5249 1907 5275 ,

316 5312 727 5374 exasperantem
763 5303 1013 5372 spiritum
1044 5302 1273 5356 cithara:
1302 5300 1569 5355 Suavitate
1598 5300 1790 5354 solitus
1815 5314 1909 5353 ex-

314 5394 556 5463 cludere,
588 5404 642 5452 et
670 5393 795 5450 vide
826 5393 1283 5465 quemadmodum
1318 5392 1703 5447 dominabatur
1734 5389 1910 5457 furor,

318 5500 482 5559 atque
508 5502 726 5543 omnem
772 5486 1097 5542 suavitatem
1150 5486 1479 5554 psalmorum
1528 5496 1745 5539 tuorum
1784 5480 1813 5523 1)
1846 5500 1911 5539 ex

321 5582 661 5653 perditorum
709 5580 960 5635 sensibus
1013 5570 1285 5640 abiucrlt,
1338 5586 1394 5631 et
1436 5578 1807 5649 unusquisque
1847 5580 1916 5633 de

397 5687 422 5715 α
461 5676 647 5732 Codex
677 5692 814 5741 ms.,
857 5675 991 5729 trino
1022 5674 1158 5726 intra
1185 5688 1237 5726 se
1268 5666 1469 5741 111-10110.
1516 5671 1805 5729 Factiones
1848 5674 1919 5729 ibi

326 5749 589 5820 siquidem
626 5756 735 5803 tres
761 5738 915 5820 erant
937 5745 1237 5820 ,1111111110
1269 5738 1518 5799 Simonis
1543 5754 1597 5799 et
1628 5745 1868 5801 Eleazari
1903 5760 1918 5798 :

330 5818 488 5888 supra
519 5821 612 5877 lib.
646 5835 701 5885 ν,
724 5835 846 5889 cap.
881 5819 930 5872 1.
963 5818 1134 5873 Β11111.

402 5891 431 5934 δ
473 5887 938 5966 Expeditaruiu....
973 5889 1271 5946 aboleverit.
1301 5887 1378 5946 la.

2008 4756 2065 4801 ut
2105 4746 2355 4801 tortores
2402 4742 2743 4798 iacesseres?
2795 4740 2995 4794 Durum
3043 4751 3204 4795 sane.
3238 4735 3381 4805 quod
3414 4743 3607 4787 contra

2006 4839 2181 4910 legem
2217 4853 2425 4893 sacram
2456 4837 2719 4905 templum
2768 4833 2985 4905 gentilis
3035 4829 3255 4884 intravit
3300 4845 3315 4881 :
3360 4824 3460 4881 sed
3496 4825 3607 4894 jam

2008 4947 2112 4985 non
2146 4939 2263 4986 erat
2292 4928 2390 4984 Dei
2428 4930 2709 4998 templum.
2760 4924 2876 4979 Non
2923 4939 3045 4979 eras
3099 4920 3193 4976 Ι)οἰ
3244 4917 3435 4974 civitas
3460 4958 3475 4984 ,
3512 4930 3612 4969 nec

2014 5038 2135 5080 esse
2165 5032 2402 5093 poteras,
2429 5038 2549 5092 qua:
2571 5036 2695 5075 eras
2718 5028 3055 5073 mortuorum
3086 5012 3398 5079 sepulcrum
3430 5028 3443 5063 :
3479 5024 3614 5078 pra:-

2011 5118 2200 5173 50111111
2234 5126 2481 5183 tuorum,
2517 5130 2652 5185 quos
2698 5112 2813 5183 ipsa
2859 5107 3180 5173 occideras,
3230 5121 3336 5160 non
3385 5117 3520 5173 quos
3546 5101 3613 5156 ab

2015 5206 2171 5266 hoste
2200 5211 2488 5265 amiseras.
2541 5206 2827 5276 Quomodo
2860 5204 3003 5258 enim
3046 5212 3264 5271 poteras
3314 5200 3442 5251 vita:
3492 5208 3615 5248 esse

2015 5304 2348 5358 domicilium
2368 5345 2383 5369 ,
2416 5318 2537 5373 qua:
2565 5315 2689 5354 eras
2722 5297 2912 5353 mortis
2945 5294 3340 5353 habitaculum,
3370 5287 3614 5343 diverso-

2015 5396 2152 5452 rium
2185 5396 2476 5460 scelerum,
2510 5396 2782 5449 latronum
2808 5388 3113 5459 spelaeum“!
3140 5387 3433 5441 iacuerunt
3465 5383 3517 5434 in
3564 5389 3614 5434 te

2019 5492 2241 5544 Ananus
2266 5496 2288 5523 ο
2316 5497 2371 5541 01
2391 5486 2629 5543 Joannes
2653 5482 2908 5554 insepulti
2938 5480 3283 5536 sacerdotum
3311 5475 3614 5546 principes;

2017 5593 2069 5638 et
2103 5582 2178 5637 illi
2211 5579 2413 5636 dudum
2446 5576 2875 5635 sacerdotalibus
2907 5572 3077 5629 indttli
3107 5571 3293 5633 stolis,
3334 5569 3423 5639 qui
3452 5580 3621 5621 vene-

2107 5689 2128 5717 ο
2169 5676 2252 5732 An
2280 5673 2601 5731 amiserunt?
2630 5672 2907 5729 GALLAND.

2102 5750 2128 5789 ά
2177 5753 2337 5806 Arma
2368 5760 2475 5804 tua.
2513 5749 2677 5804 Bima.

2108 5838 2129 5860 "
2170 5825 2348 5897 Supra
2373 5823 2578 5894 legitur
2605 5821 2821 5875 Animus
2848 5827 2893 5873 et
2919 5814 3089 5871 Jews.
3121 5811 3196 5869 10.
