4082 6344
462 288 605 347 2207

1801 288 1883 345 SA
1893 287 2049 344 NCT!
2091 286 2183 344 AM
2193 286 2417 346 BROSII
2435 344 2442 352 ,

3620 292 3767 351 2208

463 408 665 464 rationi
708 409 873 466 etiam
909 408 1115 466 exteris
1159 406 1401 471 fuerant,
1437 404 1711 463 deformes
1745 406 2057 476 jacuerunt.
2087 413 2139 473 Α
2164 404 2537 472 crudelitatis,
2572 414 2627 462 ut
2658 407 2989 478 sepulturam
3015 410 3268 467 omnibus
3297 411 3387 483 qui
3417 411 3503 469 vel
3535 411 3591 467 in
3620 422 3764 469 tem-

464 502 742 560 Cadavera
763 518 952 561 eorum
976 519 1099 561 esca
1127 503 1452 572 volatilium,
1478 512 1535 559 et
1554 502 1838 561 devoratio
1863 519 2057 560 cauum

461 596 600 651 facta
631 607 791 664 sunt,
821 597 1086 653 membris
1117 598 1346 654 lacerati
1370 639 1383 662 ,
1416 608 1471 653 et
1501 605 1608 653 tota
1639 597 1872 668 dispersi
1901 598 2057 664 urbe,

464 697 525 742 ut
576 689 864 760 deplorare
918 692 1122 746 veteris
1170 690 1477 745 sanctitatis
1522 691 1735 760 species
1784 690 2059 746 videretur

463 786 670 835 tantam
697 783 837 836 sacri
863 781 1097 837 nominis
1119 783 1531 850 contumeliam,
1559 790 1615 838 et
1638 782 1866 852 speciosi
1889 797 2061 854 quon-

465 869 587 926 dam
620 873 863 929 muneris
890 873 1316 930 deformitatem.
1364 875 1469 931 Sed
1502 875 1618 941 ipsa
1657 875 1752 931 tibi
1783 875 1941 946 hujus
1973 876 2058 930 in-

463 965 742 1038 dignitatis
775 968 1059 1024 exordium
1108 970 1312 1037 fecisti,
1346 987 1466 1041 qua:
1509 970 1563 1025 in
1595 971 1788 1042 medio,
1816 973 1936 1027 sinu
1969 981 2061 1026 tuo

464 1060 753 1117 occidebas
783 1062 1099 1134 prophetas,
1127 1080 1247 1135 quae
1272 1064 1551 1134 lapidabas
1572 1074 1792 1122 sanctos
1818 1066 2055 1121 Domini.

465 1154 607 1211 Ante
638 1157 899 1227 templum
932 1156 1227 1214 Zacharias
1249 1157 1425 1229 jacuit
1453 1160 1719 1214 exanimis
1743 1199 1757 1225 ,
1786 1160 1958 1228 jacuit
1980 1160 2062 1215 iu-

465 1247 721 1304 humatus
754 1267 767 1301 :
799 1264 932 1321 ergo
961 1252 1182 1321 sanguis
1208 1260 1331 1305 tuus
1355 1251 1508 1306 illum
1552 1251 1717 1306 lavat.
1741 1250 1872 1318 Quae
1898 1266 2061 1307 causa

465 1351 645 1397 autem
676 1345 870 1399 mortis
901 1343 1002 1399 fuit
1029 1345 1245 1414 Auano,
1278 1346 1383 1401 nisi
1420 1346 1562 1417 quod
1588 1346 1858 1418 increpuit
1887 1362 2060 1416 popu-

464 1435 576 1491 lum
607 1446 754 1492 tuum
779 1480 794 1505 ,
828 1438 951 1509 quia
980 1455 1086 1495 non
1112 1449 1138 1477 ⁸
1167 1450 1481 1513 resurgeret
1518 1456 1618 1512 pro
1658 1442 1845 1512 templi
1877 1442 2064 1497 defen-

468 1528 622 1584 sione
649 1569 663 1594 ,
696 1529 823 1600 quia
867 1532 1246 1602 expostulabat
1281 1532 1588 1589 libertatem
1617 1534 1882 1605 perditam
1908 1575 1922 1600 ,
1954 1534 2065 1589 vir-

467 1629 637 1677 tutem
688 1624 997 1691 desertam,
1021 1625 1286 1695 gcalcatas
1323 1636 1569 1683 veterum
1602 1641 1882 1682 sacrorum
1933 1627 2054 1683 reli-

466 1715 1059 1784 quias,commaculata
1076 1718 1266 1774 altaria
1295 1736 1307 1772 :
1338 1719 1754 1791 relinquendum
1786 1719 2065 1775 asserebat

2164 501 2253 583 pio
2284 502 2459 556 necati
2493 500 2712 557 fuerant
2738 503 2817 557 vel
2850 503 2991 558 circa
3017 506 3169 560 urbis
3195 506 3423 576 plateas,
3457 517 3722 578 negarent
3749 525 3777 575 :_

2162 608 2264 649 uec
2313 595 2537 651 humare
2584 597 2836 668 cuiquam
2872 599 3130 667 vacabat,
3164 600 3290 655 dum
3321 601 3481 657 bellis
3532 602 3677 659 inter
3704 619 3769 659 se

2162 698 2581 758 occuparentur,
2610 688 2949 762 feriendique
2971 694 3142 763 magis
3168 709 3328 763 quam
3354 694 3613 750 humandi
3631 711 3768 751 cura

2168 781 2451 836 universos
2477 783 2716 837 tenebat.
2743 782 2821 837 Ita
2846 784 3077 853 quodam
3106 786 3288 841 furore
3313 788 3631 842 occiderant
3657 790 3768 859 pic-

2166 874 2287 927 tatis
2317 873 2516 939 ofiicia,
2549 874 2947 931 crudescebant
2979 876 3275 947 impietatis
3306 879 3646 947 ministeria;
3681 881 3769 933 ni-

2166 964 2350 1035 hilque
2379 968 2553 1035 magis
2587 964 2639 1021 in
2671 967 2837 1020 tantis
2865 967 3264 1025 calamitatibus
3293 971 3566 1041 perierat,
3599 987 3764 1043 quant

2164 1061 2576 1127 misericordia,
2606 1074 2727 1131 quae
2764 1062 2877 1117 sola
2908 1063 3046 1118 solet
3082 1065 3321 1120 allevare
3350 1065 3603 1121 miserias
3627 1108 3642 1132 ,
3673 1080 3769 1122 so-

2160 1157 2261 1212 lari
2286 1173 2575 1213 aerumnas.
2604 1158 2848 1230 Namque
2875 1168 2931 1215 et
2951 1160 3003 1215 hi
3027 1163 3115 1232 qui
3144 1165 3437 1217 amiserant
3467 1177 3620 1230 suos,
3653 1181 3765 1219 non

2165 1250 2435 1305 audebant
2468 1251 2692 1307 humare
2744 1260 2964 1323 propter
2994 1251 3336 1309 formidinem
3362 1296 3376 1319 ,
3425 1270 3547 1309 cum
3579 1258 3765 1326 gravis

2166 1356 2346 1402 terror
2372 1347 2651 1417 ingrueret
2683 1362 2711 1401 a
2754 1348 2986 1403 diversae
3023 1346 3275 1404 factionis
3305 1349 3638 1421 principibus
3665 1368 3678 1405 :
3708 1359 3767 1405 et

2169 1439 2222 1493 hi
2253 1440 2342 1509 qui
2384 1450 2746 1505 necaverant,
2780 1440 2989 1496 alienos
3037 1442 3338 1509 cavebant,
3380 1459 3449 1498 ne
3492 1442 3616 1514 quis
3642 1443 3767 1497 illus

2167 1532 2485 1602 praeriperet
2508 1533 2575 1586 ad
2598 1534 2953 1604 sepulturam.
2982 1531 3164 1604 Itaque
3191 1548 3413 1590 necesse
3435 1544 3553 1589 erat
3575 1548 3767 1589 omnes

2169 1625 2383 1691 timere,
2416 1641 2483 1680 ne
2514 1625 2659 1696 quod
2689 1627 2844 1681 alteri
2872 1626 3076 1681 donare
3100 1627 3330 1694 vellent,
3365 1627 3416 1682 id
3448 1627 3554 1683 sibi
3583 1643 3766 1682 sumc-

2168 1728 2291 1774 rcut
2320 1736 2333 1772 :
2362 1719 2443 1774 vel
2473 1719 2615 1790 quod
2646 1719 2801 1790 pejus
2827 1728 2931 1787 est,
2956 1735 3115 1790 quem
3149 1728 3476 1791 paraverant
3494 1734 3650 1776 usum
3679 1734 3767 1775 se-

469 1806 751 1877 populum,
780 1824 880 1863 usu
912 1808 1324 1866 simulacrorum
1359 1811 1757 1868 insensibilium
1782 1822 1835 1868 et
1858 1822 2064 1868 statua-
2097 1814 2141 1874 B
2173 1811 2374 1882 pulcri,
2404 1827 2527 1867 eum
2559 1813 2658 1883 ipsi
2694 1829 2800 1868 non
2830 1814 3204 1883 impetrarent.

468 1912 587 1953 rum
622 1912 774 1955 more
820 1899 953 1956 nihil
983 1902 1093 1973 jam
1128 1902 1157 1942 ι)
1186 1906 1512 1960 sentientem
1566 1905 2069 1961 eommaculatum?

468 1990 608 2045 Muta
651 1992 799 2048 enim
846 1995 1101 2052 animalia
1157 1997 1365 2054 referre
1415 1999 1629 2064 solent,
1662 2000 1747 2055 vel
1798 2000 2069 2055 vicissitu-

467 2084 651 2141 dinem
686 2086 943 2144 viudictae
968 2130 982 2155 ,
1019 2092 1225 2149 sentire
1261 2093 1515 2162 injuriam
1539 2136 1554 2160 ,
1586 2093 1801 2150 incitari
1832 2095 2027 2151 aculeo
2049 2138 2063 2162 ,

466 2179 743 2238 declinare
770 2184 1023 2255 verbera.
1056 2186 1159 2255 Qui
1203 2202 1333 2258 ergo
1365 2203 1467 2245 nec
1495 2189 1767 2244 excitatur
1791 2230 1807 2258 ,
1839 2203 1941 2244 nec
1968 2189 2067 2245 de-

466 2272 674 2329 clinare
711 2276 860 2331 novit
891 2276 1035 2348 quod
1066 2288 1293 2347 noceat,
1341 2280 1533 2335 similis
1560 2288 1774 2336 estnon
1821 2280 2065 2337 sentien-

472 2369 637 2425 tibus.
1969 2375 1975 2380 ’

1085 2466 1315 2527 CAPUT
1355 2469 1444 2525 IV.

539 2561 607 2616 Et
635 2577 823 2618 revera
858 2562 947 2620 ubi
992 2563 1220 2620 libertas
1249 2574 1359 2629 tua,
1393 2563 1551 2635 cujus
1585 2563 1768 2620 studio
1794 2563 2066 2635 quondam

470 2669 577 2710 non
603 2654 897 2728 Egyptiis,
924 2672 1030 2711 non
1061 2656 1394 2724 Palaestinis,
1431 2673 1535 2712 non
1564 2657 1806 2729 Assyriis
1828 2699 1844 2725 ,
1879 2666 2069 2728 postea

472 2763 579 2804 non
612 2748 780 2804 Medis
808 2750 1111 2806 cedendum
1145 2750 1566 2806 existimavisti?
1597 2749 1688 2805 ubi
1719 2761 1801 2805 est
1843 2751 1931 2805 illa
1961 2751 2071 2806 illa-

470 2843 817 2899 chabarorum
844 2844 999 2911 fides,
1029 2861 1150 2916 quae
1178 2844 1454 2914 quondam
1487 2846 1538 2899 in
1573 2846 1761 2915 paucis
1799 2844 1937 2899 fudit
1968 2845 2069 2899 Ba-

470 2935 755 3006 bylonios,
790 2937 984 2992 Persas
1024 2936 1259 3009 fugavit,
1320 2938 1649 2993 Demetrium
1691 2939 1960 3008 perculit;
2003 2938 2069 2992 ad

472 3037 808 3099 postremum
837 3030 890 3083 in
915 3029 1156 3099 parvulis
1177 3045 1240 3084 ac
1273 3030 1593 3084 mulieribus
1617 3028 1871 3085 Antiochi
1894 3044 2067 3095 arma,

470 3120 680 3190 gladius
711 3121 1075 3193 incendiaque
1118 3123 1398 3193 superavit
1429 3141 1441 3175 :
1472 3131 1528 3178 et
1560 3138 1656 3193 pro
1686 3121 2071 3178 observatione

2795 1904 3027 1962 CAPUT
3068 1905 3157 1961 V'I.

2241 2000 2299 2054 lu
2329 2000 2529 2070 templo
2555 2000 2718 2071 igitur
2742 2000 2841 2071 ipsi
2865 2014 2965 2071 pro
2992 2003 3282 2071 unguentis
3309 2000 3445 2055 bene
3468 2000 3765 2070 olentibus,

2171 2107 2268 2161 pro
2291 2092 2746 2163 thymiamateriis
2773 2093 2910 2148 bene
2932 2091 3284 2162 Spirantibus,
3311 2107 3408 2162 pro
3428 2090 3767 2147 diversorum

2170 2183 2362 2239 llorutn
2394 2184 2656 2240 odoribus
2683 2227 2697 2251 ,
2744 2185 2923 2255 gravis
2951 2192 3070 2239 erat
3114 2183 3509 2253 insepultorum
3541 2183 3772 2240 cadave-

2170 2293 2290 2332 rttm
2335 2277 2495 2344 fetor,
2526 2293 2645 2349 qua:
2672 2277 2852 2348 pluvia
2885 2276 3201 2332 dissolverat
3222 2318 3238 2343 ,
3262 2293 3381 2347 quae
3412 2276 3629 2332 ﬂamma
3653 2292 3771 2332 arn-

2174 2372 2446 2438 busserat,
2470 2386 2591 2442 qua:
2616 2372 2698 2427 sol
2724 2370 3073 2428 calefecerat.
3105 2369 3306 2426 Omnes
3330 2380 3481 2426 artus
3503 2384 3768 2427 caesorum

2171 2465 2370 2519 civium
2412 2463 2532 2519 diro
2577 2464 2746 2519 odore
2797 2463 3058 2521 fetehant.
3100 2463 3239 2518 Hinc
3275 2464 3646 2519 resolutorum
3679 2479 3775 2535 pu-

2174 2558 2328 2614 tredo
2357 2558 2652 2624 viscerum,
2681 2557 2807 2613 inde
2838 2566 3154 2613 exustorum
3183 2556 3341 2611 nidor
3364 2571 3559 2613 sensus
3581 2572 3772 2613 omnes

2172 2662 2335 2725 atque
2360 2669 2454 2709 ora
2486 2654 2833 2724 complebant
2863 2653 3157 2708 viventium
3178 2694 3195 2718 ,
3238 2660 3296 2705 ut
3326 2650 3425 2722 ipsi
3458 2667 3563 2707 non
3599 2653 3771 2709 multo

2173 2760 2295 2818 pOSt
2323 2748 2575 2818 graviore
2623 2746 2813 2801 morbo
2857 2754 3344 2808 consumerentur,
3379 2759 3444 2800 ac
3486 2759 3546 2799 se
3586 2759 3773 2812 super-

2173 2843 2330 2897 stites
2375 2841 2832 2912 ingemiscerent,
2869 2839 3013 2911 quod
3052 2840 3274 2895 duriore
3306 2854 3462 2910 pcena
3497 2841 3769 2909 perirent,

2174 2949 2348 3005 eoque
2389 2944 2670 2999 servatos,
2717 2942 2774 2987 ut
2817 2933 3067 2988 viderent
3095 2948 3216 2987 cum
3250 2932 3428 3002 patria
3459 2932 3617 2987 simul
3640 2931 3773 2987 solvi

2174 3031 2338 3084 etiam
2374 3030 2521 3101 leges
2562 3039 2804 3094 natum,
2840 3027 3027 3099 negari
3064 3027 3153 3098 jus
3200 3026 3541 3091 viventibus,
3589 3042 3772 3096 pacem

2175 3122 2404 3188 civibus,
2433 3123 2767 3194 sepulturam
2794 3119 3087 3186 defunctis,
3119 3120 3351 3173 humana
3384 3118 3586 3189 pariter
3612 3128 3770 3186 atque

472 3214 662 3284 patria:
690 3216 827 3269 mori
856 3214 1080 3281 maluit,
1112 3230 1273 3285 quam
1315 3215 1482 3285 regiis
1510 3215 1753 3285 imperiis
1788 3215 2070 3283 obtempe-
2097 3199 2142 3261 C
2174 3214 2361 3269 divina
2395 3214 2659 3269 maculari
2702 3228 2767 3268 ac
2792 3212 2996 3284 pollui,
3034 3210 3301 3280 permixta
3343 3210 3546 3265 omnia.
3578 3209 3770 3264 Crimi-

474 3307 636 3362 rare?
669 3306 773 3363 Ubi
805 3316 889 3363 est
915 3308 1007 3363 illa
1036 3309 1257 3365 devotio
1286 3320 1518 3379 patrum,
1547 3310 1915 3382 pulcherrima
1949 3326 2072 3381 pas-

470 3398 686 3454 sionum
712 3401 955 3456 omnium
984 3443 998 3467 ,
1031 3417 1136 3472 qua
1167 3417 1227 3458 se
1256 3418 1364 3458 non
1415 3419 1513 3473 pro
1562 3404 1750 3458 liberis
1774 3445 1789 3471 ,
1832 3419 1938 3459 non
1973 3419 2072 3474 pro

473 3490 797 3562 conjugibus
825 3492 1024 3564 magis,
1068 3509 1228 3564 quam
1256 3510 1352 3565 pro
1381 3496 1581 3564 templo
1620 3496 1715 3552 Dei
1749 3499 1907 3552 morti
1940 3497 2072 3553 offe-

476 3584 701 3639 rebant?
746 3584 920 3642 Antea
952 3594 1008 3643 et
1035 3587 1182 3659 virga
1225 3587 1582 3645 sacerdotalis
1631 3588 1853 3657 floruit,
1898 3594 2069 3645 recisa

471 3676 542 3733 de
582 3678 818 3734 silvestri
849 3680 1032 3737 radice
1076 3699 1089 3735 :
1124 3697 1267 3738 nunc
1312 3692 1367 3738 et
1396 3682 1531 3738 fides
1566 3693 1725 3751 aret,
1760 3692 1815 3739 et
1859 3685 2069 3756 sepulta

469 3780 551 3826 est
601 3773 808 3841 pietas,
852 3783 907 3828 et
955 3774 1087 3830 abiit
1128 3776 1308 3832 omnis
1345 3777 1565 3832 virtutis
1606 3779 1902 3834 aemulatio.
1955 3779 2066 3834 Nec

475 3864 701 3931 mirum,
727 3865 771 3920 si
797 3868 1028 3937 populus
1059 3871 1149 3940 qui
1186 3886 1215 3922 a
1249 3871 1358 3925 Deo
1387 3872 1645 3939 recessit,
1682 3883 1734 3927 et
1762 3872 2069 3942 improbum

469 3960 919 4015 contradictionis
942 3962 1191 4031 spiritum
1222 3964 1489 4033 sequitur,
1514 3962 1647 4018 inse
1672 3966 1847 4035 ipsum
1864 3964 2069 4019 divisus

472 4059 575 4104 est.
608 4049 891 4118 Quomodo
922 4051 1065 4107 enim
1091 4068 1278 4123 pacem
1309 4068 1461 4108 suam
1496 4063 1679 4109 tenere
1711 4064 1945 4125 poterat,
1975 4056 2068 4125 qui

472 4157 659 4211 pacem
682 4143 777 4199 Dei
802 4144 1141 4215 repudiavit?
1180 4145 1298 4200 Pax
1327 4144 1423 4201 Dei
1461 4144 1700 4202 Christus
1730 4155 1840 4213 est,
1874 4148 1964 4218 qui
1994 4151 2070 4218 fe-

468 4236 537 4290 cit
560 4246 779 4308 utraque
800 4256 960 4293 unum
992 4239 1210 4313 (Ep/aes.
1245 4257 1282 4297 ll
1304 4284 1318 4310 ,
1350 4240 1465 4314 Μ).
1491 4242 1683 4299 Merito
1706 4258 1839 4314 ergo
1863 4260 1929 4299 ex
1961 4260 2069 4300 uno

470 4332 675 4401 popqu
719 4334 903 4404 plures
947 4335 1234 4392 adversum
1266 4351 1326 4392 se
1358 4338 1480 4392 facti
1522 4348 1681 4405 sunt,
1716 4338 1841 4409 quia
1874 4340 2067 4396 uoluc-

471 4433 595 4478 runt
622 4426 772 4496 sequi
800 4427 969 4482 divisa
998 4429 1301 4485 sociantem
1330 4429 1517 4485 Jesum
1538 4472 1552 4495 ,
1598 4431 1695 4486 sed
1732 4433 1907 4488 secuti
1940 4441 2069 4488 sunt

470 4518 757 4589 conjuncta
788 4520 1117 4578 dividentem
1150 4521 1353 4578 furoris
1380 4523 1652 4594 spiritum.

1075 4615 1329 4687 Β(ιΑιδυτ
1367 4615 1434 4671 v.

543 4705 806 4762 Solvebas
834 4708 1017 4778 igitur,
1072 4708 1436 4775 Hierusalem,
1470 4709 1774 4767 mercedem
1827 4709 2069 4780 perfidiae

470 4804 576 4851 tua:
597 4839 611 4862 ,
656 4814 778 4854 cum
826 4800 941 4871 ipsa
972 4802 1079 4857 tuis
1108 4803 1357 4859 manibus
1396 4802 1708 4859 destrueres
1731 4804 2069 4859 munimenta

472 4898 593 4957 tua,
651 4906 773 4946 cum
807 4894 913 4947 tuis
960 4895 1313 4951 mucronibus
1339 4895 1555 4953 foderes
1586 4898 1798 4953 viscera
1833 4908 1918 4952 tua
1943 4940 1957 4965 ,
1994 4898 2066 4951 ita

474 4995 535 5040 ut
558 4987 728 5042 hostis
754 4988 1127 5057 misereretur,
1160 5001 1219 5046 ut
1249 4992 1341 5047 ille
1364 5003 1701 5063 parceret,et
1736 5004 1792 5046 tu
1821 4995 2063 5048 saevires.

472 5081 710 5138 Videbas
738 5084 882 5137 enim
902 5124 918 5151 ,
951 5087 1094 5156 quod
1125 5088 1264 5144 Deus
1294 5089 1583 5143 adversum
1607 5098 1659 5143 te
1691 5096 1983 5158 pugnaret,
2014 5096 2067 5143 et

473 5175 842 5232 Romanorum
867 5177 1177 5250 fungeretur
1204 5183 1467 5252 partibus,
1494 5189 1555 5236 ut
1576 5182 1688 5251 ipsa
1713 5181 1807 5236 tibi
1837 5180 2069 5237 inferres

472 5270 833 5326 voluntariam
864 5270 1220 5342 perditionem
1254 5292 1265 5327 :
1295 5274 1417 5328 ideo
1438 5283 1772 5344 Spectatores
1794 5273 2068 5329 malebant

476 5379 599 5421 esse
628 5365 897 5431 Romani,
923 5382 1084 5437 quam
1116 5382 1498 5438 percussores,
1527 5385 1596 5424 ne
1629 5368 1937 5424 furentibus
1966 5369 2070 5424 tuis

480 5460 625 5516 inter
667 5474 727 5516 se
768 5461 1068 5518 visceribus
1096 5503 1112 5529 ,
1144 5477 1363 5518 manum
1392 5461 1685 5519 admovere
1730 5463 2072 5533 contagionis

485 5552 677 5624 magis,
709 5569 868 5624 quam
900 5553 1233 5612 fortitudinis
1268 5556 1687 5612 zeStimarentur.
1719 5556 1802 5612 Ad
1832 5556 1947 5611 haec
1977 5570 2070 5611 ne-

478 5643 660 5701 fandae
708 5643 861 5701 necis
895 5646 1162 5717 supplicia
1210 5642 1504 5705 accedebat
1550 5648 1713 5719 impia
1759 5647 2070 5705 immanitas

540 5790 564 5821 α
608 5781 921 5854 fmurgeret.
947 5756 1114 5841 Baeti.

2177 3324 2361 3363 nosam
2407 3323 2528 3364 esse
2574 3306 3042 3373 misericordiam,
3095 3305 3373 3374 religionis
3423 3304 3544 3359 loco
3586 3304 3768 3359 haberi

2174 3402 2585 3467 crudelitatem,
2613 3411 2851 3456 castrum
2895 3400 2948 3455 in
2985 3401 3218 3471 templo,
3248 3399 3449 3456 bellant
3484 3400 3537 3453 in
3565 3400 3769 3465 limine,

2174 3495 2337 3549 funus
2366 3494 2418 3548 in
2451 3494 2717 3549 altaribus
2753 3510 2765 3547 :
2796 3508 2859 3549 ea
2886 3500 3135 3563 spectare
3161 3492 3361 3558 oculis,
3391 3507 3511 3560 quae
3539 3490 3770 3561 prophes

2176 3590 2244 3643 tis
2272 3588 2721 3643 denuntiantibus
2747 3603 2871 3651 non
2903 3585 3268 3641 credidissent
3304 3584 3506 3639 futura.
3538 3582 3673 3638 Nam
3706 3582 3769 3637 de

2177 3682 2260 3736 his
2314 3682 2525 3737 dixerat
2579 3679 2746 3735 David
2793 3697 2805 3732 :
2855 3678 3170 3735 Pollueruut
3234 3676 3483 3749 templum
3536 3686 3766 3731 sanciunt

2176 3785 2322 3829 tuum
2344 3816 2357 3839 ,
2390 3782 2673 3847 posuerunt
2701 3771 2942 3827 mortalia
2971 3787 3232 3826 servorum
3272 3782 3477 3825 tuorum
3504 3786 3649 3825 escas
3673 3785 3761 3823 vo-

2174 3868 2406 3923 latilibus
2429 3868 2541 3923 creti
2561 3884 2579 3922 :
2602 3866 2897 3934 e/fuderunt
2911 3867 3219 3937 sanguinem
3237 3881 3410 3919 eorum
3429 3865 3562 3918 sicut
3584 3880 3763 3934 aquam

2173 3966 2227 4019 in
2258 3966 2476 4019 circuitu
2503 3963 2857 4028 Hierusalem,
2886 3972 3055 4015 etnon
3079 3971 3188 4015 erat
3214 3960 3301 4030 qui
3323 3959 3560 4032 sepeliret
3592 3957 3762 4031 (Psal.

2175 4073 2401 4123 Lxxvm,
2429 4056 2565 4127 1-5).
2593 4055 2765 4111 Simul
2790 4056 2934 4110 enim
2955 4066 3101 4119 tunc,
3126 4062 3181 4107 et
3202 4062 3395 4123 gentes
3422 4060 3686 4106 venerunt
3716 4051 3764 4103 in

2174 4151 2546 4207 luereditatem
2594 4150 2686 4203 Dei
2715 4164 2834 4219 quae
2876 4146 3115 4202 auferret
3144 4147 3364 4212 omnia,
3410 4152 3463 4197 et
3513 4142 3764 4214 templum

2174 4243 2438 4314 pollutum
2480 4251 2565 4296 est
2595 4254 2816 4296 suorum
2846 4239 3160 4304 funeribus,
3194 4246 3250 4292 et
3286 4234 3561 4305 insepulta
3587 4234 3769 4306 jacue—

2173 4348 2301 4394 ruut
2326 4336 2592 4393 cadavera
2627 4334 3035 4390 interfectorum
3064 4331 3130 4387 ad
3162 4346 3343 4387 escam
3371 4330 3551 4384 avium
3576 4328 3768 4383 bestia-

2173 4445 2400 4501 rumque
2428 4430 2779 4485 voracitatem
2802 4469 2819 4495 ,
2849 4425 3051 4482 effusus
3072 4423 3293 4496 sanguis
3320 4434 3377 4477 ut
3403 4430 3678 4493 stagnaret
3714 4420 3763 4474 in

2174 4524 2381 4596 templo
2406 4567 2420 4591 ,
2470 4524 2687 4579 deesset
2725 4523 2817 4593 qui
2850 4520 3109 4591 sepeliret
3158 4537 3171 4573 :
3213 4520 3340 4589 quia
3377 4517 3670 4573 viventium
3715 4514 3765 4570 in

2096 4590 2149 4650 Β
2172 4632 2441 4686 mortuos,
2471 4633 2501 4672 a
2524 4617 2754 4673 mortuis
2781 4617 2833 4670 in
2866 4630 2962 4671 eos
2993 4614 3084 4684 qui
3107 4611 3288 4667 adhuc
3319 4610 3593 4676 viverent,
3623 4608 3766 4664 furor

2173 4711 2625 4769 transferebatur.
2660 4710 2891 4765 Volebat
2920 4708 3116 4778 aliquis
3145 4706 3461 4762 defunctum
3508 4705 3761 4769 humare,

2171 4810 2288 4880 ipse
2315 4806 2787 4877 exstinguebatur.
2815 4805 2889 4860 Et
2915 4806 3003 4874 qui
3037 4802 3352 4858 defunctum
3382 4801 3678 4865 occiderat,
3710 4800 3759 4855 iu

2169 4901 2506 4972 sepultorem
2552 4897 2912 4954 transferebat
2958 4896 3328 4959 iracundiam,
3363 4904 3422 4949 nt
3465 4895 3544 4948 illi
3589 4893 3761 4963 sepul-

2170 5003 2343 5048 turam
2376 5002 2599 5062 negaret
2626 5010 2640 5045 :
2668 4991 2811 5046 hunc
2837 4988 3220 5060 exstinguebat
3247 5003 3438 5044 rursus
3466 4989 3556 5058 qui
3588 4988 3763 5058 sepul-

2172 5095 2346 5141 torem
2390 5084 2708 5150 occiderat,
2749 5085 3012 5153 majorem
3056 5082 3436 5137 crudelitatem
3484 5082 3634 5136 circa
3673 5079 3761 5135 de-

2167 5180 2414 5235 funcmm
2465 5178 2801 5245 exercebat,
2845 5188 2905 5231 ut
2949 5177 3060 5246 jam
3095 5176 3231 5231 nihil
3282 5176 3570 5231 debentem
3601 5174 3756 5235 odio,

2172 5288 2281 5328 non
2310 5273 2635 5328 sentientem
2664 5269 2953 5341 supplicia,
2979 5269 3244 5339 spoliaret
3272 5282 3532 5339 supremo
3561 5276 3759 5323 natura:

2171 5366 2375 5423 debito.

2780 5454 3008 5513 CAPUT
3042 5454 3157 5511 Vll.

2250 5552 2389 5624 Quid
2431 5551 2539 5608 illis
2560 5549 2813 5607 accidere
2842 5541 2986 5605 aliud
3017 5557 3267 5619 poterat,
3297 5548 3390 5620 qui
3415 5547 3596 5603 divina
3655 5559 3753 5599 nou

2171 5645 2510 5719 recipiebant
2538 5644 2792 5702 oracula?
2814 5643 3119 5701 lrridebant
3141 5642 3531 5715 prophetarum
3558 5653 3758 5696 annuae

2244 5783 2269 5815 ιν
2313 5781 2473 5838 Forte
2506 5782 2852 5866 sentientium.
2881 5768 3156 5837 οηωὶαυι
