4082 6344
291 296 427 356 2209

934 294 1210 358 HISTOR.
1255 296 1343 355 DE
1386 296 1663 355 EXCIDIO
1703 294 1971 356 HIEROS.
2017 292 2223 357 URBIS
2273 296 2933 362 ANACEPHALASOSIS.

3434 305 3576 364 2210

289 415 569 482 tiationcs,
602 413 679 468 fas
709 427 870 469 omne
916 416 1218 481 calcabam,
1251 416 1540 486 futuraque
1569 427 1628 473 ut
1657 416 1870 483 ﬁerent,
1906 426 1957 487 Α
1982 414 2271 472 ﬂuentibus
2301 432 2436 489 quos
2471 428 2493 457 α
2526 419 2832 490 ςγιιίιτοῑοοε
2860 428 3095 476 vocant:
3129 433 3229 477 uec
3256 420 3578 482 mulieribus

287 510 386 579 ipsi
416 509 880 565 acceleraverunt.
913 509 1045 565 Erat
1074 512 1216 565 enim
1247 526 1428 567 sermo
1460 520 1617 567 vetus
1663 521 1717 567 et
1774 511 1879 567 fre-

286 617 499 671 quens,
551 613 678 656 tunc
712 602 1008 672 perituram
1036 602 1377 659 Hierusalem
1432 613 1486 659 et
1522 613 1708 661 sancta
1760 604 1878 675 ejus

288 696 565 752 cxurenda
591 735 607 762 ,
656 710 780 751 cum
809 695 1012 752 seditio
1051 695 1180 751 belli
1231 696 1405 766 legem
1437 696 1773 764 incesseret,
1827 704 1883 751 et

287 788 607 845 domestica:
639 804 831 846 manus
860 789 1123 861 templum
1156 790 1250 845 Dei
1280 791 1735 847 contaminarent.
1769 788 1880 847 Nec

288 881 394 937 hoc
419 880 638 954 quidem
666 882 1055 939 intellexerunt
1086 900 1099 936 :
1133 881 1359 948 Quoties
1394 885 1538 939 enim
1567 884 1751 940 excisa
1781 882 1881 938 do-

286 990 410 1029 mus
439 974 537 1029 Dei
562 976 576 1030 !
606 975 821 1046 quoties
852 976 1085 1031 seditio!
1112 975 1323 1046 quoties
1349 976 1587 1032 bellum!
1619 985 1676 1033 et
1723 991 1880 1032 num-

285 1088 449 1143 quam
477 1072 570 1127 illa
589 1071 718 1127 urbs
742 1073 938 1143 periit,
967 1072 1068 1129 nisi
1090 1086 1211 1128 cum
1242 1072 1533 1127 Dominum
1559 1087 1689 1129 vere
1719 1073 1881 1128 Tem-

288 1183 301 1235 ι
328 1167 438 1221 lum
466 1165 565 1222 Dei
589 1165 904 1221 domesticis
934 1165 1184 1221 manibus
1206 1165 1617 1222 cruciﬁxerunt.
1648 1166 1881 1236 Propter

286 1261 432 1328 quod
463 1268 521 1314 et
546 1259 677 1314 illud
705 1258 972 1313 audiunt:
1008 1258 1206 1314 Solvite
1233 1260 1479 1329 templum
1501 1261 1618 1323 hoc,
1649 1259 1766 1313 etin
1788 1258 1880 1313 tri.

287 1355 380 1409 bus
406 1354 587 1409 diebus
608 1354 921 1408 resuscitabo
952 1353 1085 1407 illud
1106 1352 1286 1425 (Joan.
1318 1368 1387 1420 tt,
1423 1352 1540 1425 19).
1570 1351 1708 1420 Quid
1735 1353 1880 1407 enim

282 1448 433 1503 aliud
456 1447 559 1503 nisi
582 1446 930 1518 sacrilegium
961 1446 1084 1513 fuit,
1114 1462 1237 1501 cum
1262 1446 1455 1516 impias
1476 1460 1671 1501 manus
1695 1455 1885 1501 exten-

282 1541 481 1597 derent
503 1541 863 1615 inauctorem
890 1540 1103 1607 salutis,
1120 1554 1242 1595 cum
1268 1539 1572 1610 lapidarent
1597 1555 1882 1606 eum,cum

283 1636 665 1700 verberarem,
691 1650 814 1690 cum
835 1636 1199 1705 corriperent,
1223 1648 1347 1689 cum
1364 1634 1713 1691 occiderent?
1733 1635 1885 1692 Tunc

281 1746 415 1785 vere
439 1736 624 1785 sancta
639 1744 827 1785 eorum
850 1728 1303 1798 absumpsitignis
1320 1727 1553 1783 divinus.
1571 1727 1702 1783 Nam
1723 1745 1886 1785 exus-

1981 519 2260 563 menstruo
2285 524 2481 566 cruore
2512 513 2755 582 pollutis,
2787 529 2963 584 neque
2992 512 3112 568 aliis
3136 514 3430 585 inquinatis
3455 532 3578 587 par-

1980 600 2205 672 ticipare
2280 602 2545 658 sacriﬁcia
2604 605 3066 675 permittebantur
3127 604 3224 663 sed
3278 622 3381 663 nec
3448 607 3577 664 alic-

1981 693 2191 764 nigenis
2213 695 2464 767 quidem,
2501 696 2606 754 nisi
2649 699 2742 769 qui
2771 698 3050 771 religionis
3087 714 3251 756 causa
3278 701 3577 758 venissent.

2596 788 2825 847 CAPUT
2863 789 2955 846 lX.

2052 883 2239 955 Magna
2267 899 2395 941 vero
2423 884 2540 943 haac
2567 886 2856 944 multitudo
2886 888 2954 944 ab
2975 889 3248 946 extraneis
3271 904 3577 964 congrega-

1983 976 2159 1033 batur.
2195 979 2345 1036 Tunc
2371 989 2548 1036 tamen
2579 980 2753 1036 veluti
2786 982 2839 1037 in
2873 997 3151 1039 carcerem
3178 993 3287 1040 tota
3311 999 3444 1056 gens
3467 985 3579 1041 fato

1982 1072 2239 1128 conclusa
2264 1082 2349 1129 est
2371 1114 2384 1137 ,
2412 1082 2467 1130 et
2494 1074 2633 1130 farta
2656 1074 2968 1133 hominibus
2994 1078 3224 1146 civitas,
3259 1079 3404 1135 bello
3427 1080 3577 1136 obsi-

1982 1162 2230 1220 debatur.
2263 1166 2450 1238 Itaque
2474 1181 2692 1222 omnem
2735 1176 2958 1239 superat
2987 1169 3280 1226 humanam
3303 1213 3318 1239 ,
3361 1181 3415 1228 et
3443 1171 3584 1228 divi-

1982 1256 2129 1311 nitus
2156 1259 2411 1314 emissam
2443 1270 2649 1331 pestem
2682 1277 2939 1318 numerus
2963 1274 3368 1336 peremptorum
3391 1307 3406 1333 ,
3441 1281 3581 1338 quos

1984 1350 2180 1419 partim
2210 1352 2385 1420 palam
2410 1352 2758 1422 occiderunt,
2791 1355 2987 1425 partim
3013 1368 3280 1427 ceperunt
3306 1357 3563 1415 Romani.

1983 1444 2266 1501 Ritnantes
2306 1449 2449 1501 enim
2491 1447 2705 1502 cloacas
2752 1456 2806 1505 et
2834 1450 3083 1520 sepulcra
3113 1462 3400 1522 eruentes,
3441 1469 3579 1524 quos

1985 1537 2372 1605 olfendissent,
2400 1539 2742 1596 occidebant.
2768 1541 2979 1598 Inventi
3006 1555 3124 1599 sunt
3156 1557 3336 1601 autem
3358 1546 3429 1601 ibi
3458 1546 3578 1616 plus

1986 1647 2145 1703 quam
2161 1633 2271 1688 duo
2288 1632 2479 1701 millia,
2498 1649 2728 1705 quorum
2754 1634 2850 1691 alii
2876 1652 3038 1692 manu
3061 1651 3181 1706 sua,
3205 1639 3385 1709 plures
3399 1645 3579 1696 autem

1987 1727 2192 1781 mutuis
2221 1742 2281 1781 se
2304 1727 2621 1783 vulneribus
2643 1728 3063 1797 interfecerunt,
3094 1745 3214 1786 cum
3242 1730 3413 1788 fames
3440 1719 3580 1789 alios

284 1834 336 1878 ta
366 1839 396 1878 a
424 1822 762 1894 Babyloniis,
778 1832 1026 1892 reparata
1041 1821 1355 1877 est.Postea
1378 1820 1696 1877 destructas
1721 1822 1880 1877 Pom—
1908 1824 1957 1886 B
1984 1822 2356 1893 corripuisset.
2377 1822 2627 1879 Luebant
2646 1823 2791 1880 enim
2819 1825 3092 1881 scelerum
3121 1840 3346 1882 suorum
3373 1827 3581 1897 suppli-

280 1918 431 1987 peio,
463 1916 756 1972 reformata
780 1917 1003 1970 iterum.
1028 1914 1134 1971 Sed
1160 1914 1371 1985 penitus
1395 1926 1584 1971 exusta
1604 1916 1693 1971 ubi
1721 1914 1880 1972 Jesus

290 2010 467 2077 venit,
498 2018 553 2063 et
590 2008 817 2079 spiritus
843 2007 1014 2064 divini
1036 2008 1211 2065 soluta
1240 1991 1598 2066 evanuerunt.
1628 2011 1882 2081 Oportuit

285 2104 546 2159 uberiore
560 2103 792 2173 quadam
809 2103 1186 2173 deploratione
1204 2103 1399 2173 przeire
1417 2118 1518 2158 nos
1534 2104 1693 2160 funus
1706 2103 1881 2173 quod-

283 2198 418 2253 dam
448 2207 686 2268 paternae
708 2196 1102 2264 solemnitatis,
1135 2208 1190 2253 et
1233 2197 1384 2251 velut
1405 2197 1663 2267 quasdam
1692 2211 1874 2266 exse.

277 2292 442 2364 quias
474 2292 762 2363 prosequi,
802 2305 868 2347 ac
893 2292 1107 2347 solvere
1127 2291 1277 2361 juxta
1315 2292 1581 2362 majorum
1611 2291 1877 2347 instituta.

885 2384 1114 2441 CAPUT
1156 2383 1288 2439 Vlll.

355 2479 465 2536 Sed
497 2480 780 2536 veniamus
797 2479 863 2534 ad
894 2493 1159 2534 summam
1185 2479 1484 2534 eversionis
1520 2478 1877 2547 Hierusalem,

279 2583 338 2629 et
367 2572 434 2627 ad
465 2571 828 2642 dejectionem
856 2570 1193 2627 Judatorum.
1226 2570 1420 2626 Merito
1458 2570 1725 2641 siquidem
1748 2570 1884 2641 deji-

277 2665 466 2723 ciendi
498 2674 553 2721 et
582 2665 720 2721 viles
746 2664 984 2719 habendi
1017 2665 1249 2731 fuerant,
1285 2665 1371 2736 qui
1403 2662 1673 2719 universis
1695 2663 1884 2734 pretiis

280 2759 596 2816 chariorem
611 2756 799 2813 Jesum
822 2798 838 2824 ,
871 2757 1093 2827 triginta
1117 2756 1465 2812 denariorum
1511 2757 1689 2826 pretio
1715 2771 1744 2811 a
1774 2755 1885 2811 dis-

279 2853 470 2923 cipulo
500 2857 992 2922 comparaverant:
1027 2865 1134 2906 non
1166 2860 1226 2905 ut
1271 2864 1395 2904 eum
1428 2850 1717 2905 baberent
1748 2858 1885 2903 tam-

278 2963 446 3020 quam
478 2946 800 3011 Dominum,
833 2944 929 2999 sed
957 2953 1015 2999 ttt
1043 2944 1112 3000 de
1141 2952 1281 2999 terra
1304 2943 1601 2999 viventium
1635 2943 1888 2999 tollerent

280 3041 435 3094 velut
460 3038 725 3108 iniquum.
752 3035 1069 3106 Quarejure
1089 3035 1157 3091 de
1185 3036 1496 3092 hmreditate
1523 3051 1642 3101 sua,
1668 3035 1887 3090 viliores

280 3131 486 3204 paleis,
524 3132 577 3184 in
609 3145 828 3185 omnem
878 3140 1077 3184 terram
1110 3128 1353 3183 ventilati
1388 3137 1515 3182 sunt
1555 3142 1585 3181 a
1613 3126 1884 3198 gentibus,

1984 1915 2089 1982 cia,
2104 1916 2198 1988 qui
2212 1926 2498 1988 postquam
2510 1917 2697 1974 Jesum
2711 1917 3101 1974 cruciﬁxerunt
3117 1918 3424 1975 divinorum
3440 1919 3582 1976 arbi-

1983 2017 2147 2075 trum,
2185 2017 2370 2080 postea
2401 2011 2563 2066 etiam
2595 2010 2895 2081 discipulos
2925 2012 3041 2081 ejus
3072 2012 3576 2083 persequebantur:
3626 1998 3635 2006 ’

1986 2102 2230 2174 plerique
2278 2110 2459 2159 tamen
2503 2102 2850 2169 Iudaeorum,
2892 2104 3176 2175 gentilium
3205 2105 3423 2176 plurimi
3461 2120 3585 2162 cre-

1986 2195 2237 2251 diderunt
2266 2197 2317 2250 in
2351 2212 2498 2263 eum,
2531 2211 2654 2253 cum
2676 2198 2962 2269 pratceptis
2982 2197 3276 2255 moralibus
3296 2198 3586 2271 operibus-

1985 2304 2091 2361 que
2124 2290 2265 2345 ultra
2298 2290 2588 2346 humanam
2622 2291 3038 2361 possibilitatem
3071 2291 3463 2363 proﬂuentibus
3504 2293 3588 2348 in-

1982 2382 2283 2438 vitarentur
2305 2424 2319 2449 ,
2346 2383 2543 2454 quibus
2583 2398 2686 2439 nec
2715 2399 2866 2440 mors
2896 2383 3116 2454 quidem
3147 2386 3266 2455 ejus
3296 2385 3380 2441 vel
3418 2383 3579 2453 ﬁdei,

1986 2474 2068 2529 vel
2108 2475 2297 2545 gratia:
2330 2474 2494 2530 ﬁnem
2542 2475 2800 2546 imposuit
2830 2493 2845 2531 :
2875 2476 3042 2530 immo
3075 2476 3239 2531 etiam
3287 2475 3587 2532 cumulavit

1986 2565 2350 2622 devotionem.
2387 2566 2691 2623 lntulerunt
2716 2582 2933 2638 quoque
2963 2566 3320 2637 parricidales
3350 2582 3580 2638 manus,

1986 2666 2148 2729 atque
2175 2667 2452 2715 auctorem
2480 2658 2607 2714 vita:
2644 2658 3079 2716 interﬁciendum
3105 2660 3172 2715 ad
3203 2660 3438 2716 Pilatum
3487 2660 3585 2717 de-

1989 2749 2234 2807 duxere:
2282 2751 2752 2824 reluctantemque
2796 2762 3081 2824 coeperunt
3111 2768 3403 2825 perurgere
3442 2752 3588 2824 judi-

1988 2861 2105 2902 cem
2134 2862 2147 2899 :
2178 2844 2232 2899 in
2264 2861 2372 2916 quo
2400 2852 2580 2902 tamen
2604 2860 2711 2902 non
2742 2856 3032 2901 excusatur
3056 2846 3263 2903 Pilatus
3287 2888 3304 2915 ,
3356 2846 3452 2902 sed
3480 2844 3582 2902 Ju-

1989 2936 2229 2993 daeorum
2255 2938 2492 2994 amentia
2512 2938 2867 2995 coacerbatur
2906 2956 2920 2992 :
2953 2938 3077 3009 quia
3123 2953 3223 2994 nec
3248 2937 3343 2995 ille
3369 2937 3584 3009 adjudi—

1990 3044 2114 3085 care
2145 3029 2366 3095 debuit,
2427 3044 2587 3099 quem
2636 3045 2787 3085 reum
2834 3029 3059 3085 minime
3110 3028 3582 3100 deprehenderat,

1992 3139 2091 3178 uec
2120 3124 2207 3178 isti
2235 3124 2579 3196 sacrilegium
2614 3124 2906 3195 parricidio
2932 3123 3244 3193 geminare,
3280 3132 3339 3179 ut
3362 3124 3432 3180 ab
3458 3122 3574 3192 his,

278 3243 418 3299 quas
436 3224 939 3282 formidaverantne
964 3222 1071 3278 sibi
1089 3222 1268 3277 locum
1284 3233 1339 3278 et
1359 3231 1576 3293 gentem
1602 3221 1880 3276 tollerent.
1911 3221 1955 3283 C
1989 3220 2077 3290 qui
2108 3219 2175 3274 ad
2206 3218 2553 3275 redimendos
2581 3228 2634 3275 et
2664 3218 2939 3275 sanandos
2992 3234 3087 3275 eos
3139 3233 3262 3275 sese
3307 3218 3587 3274 obtulerat

279 3322 351 3377 Et
370 3320 464 3390 qui
487 3319 706 3390 triginta
726 3316 965 3373 denariis
981 3316 1164 3371 Jesum
1191 3321 1644 3385 comparaverant
1670 3313 1735 3368 ad
1766 3328 1887 3382 pcr-

279 3415 546 3481 dendum,
566 3414 712 3485 juste
742 3420 925 3483 postea
964 3410 1181 3481 triginta
1199 3409 1373 3480 capita
1397 3423 1619 3464 suorum
1639 3408 1889 3463 viderunt

278 3509 446 3566 vendi
466 3525 574 3563 uno
587 3507 810 3563 denario
820 3505 886 3561 ad
906 3503 1241 3559 illudendum
1252 3545 1264 3558 .
1295 3502 1428 3569 Quia
1446 3500 1608 3572 igitur
1620 3514 1757 3572 pene
1774 3515 1890 3554 out-

280 3616 385 3657 nes
407 3599 579 3656 Juda‘i
602 3598 656 3654 in
676 3613 862 3655 necem
881 3596 1096 3651 Domini
1128 3594 1301 3650 nostri
1327 3594 1455 3651 Jesu
1470 3592 1672 3648 Christi
1698 3591 1891 3647 unani-

280 3697 879 3757 mitcrconscnserunt,
902 3689 1223 3745 imminente
1265 3686 1499 3742 vindicta
1532 3700 1669 3756 pene
1700 3697 1890 3738 omnes

282 3807 314 3845 a
347 3790 477 3844 totis
500 3787 816 3859 regionibus
844 3786 911 3840 ad
936 3788 1263 3856 Azymorum
1286 3781 1427 3837 diem
1450 3780 1889 3849 fcstumcongrc-

285 3885 400 3957 gati
436 3882 583 3939 bello
622 3880 805 3937 subito
831 3877 1140 3934 circumfusi
1164 3884 1292 3930 sunt
1318 3891 1332 3929 :
1361 3884 1418 3928 ut
1454 3873 1631 3943 primo
1670 3870 1885 3941 quidem

282 3979 399 4036 illis
456 3976 713 4047 pestifera
766 3974 883 4030 lues
935 3989 1002 4027 ex
1048 3971 1152 4025 loci
1214 3968 1464 4041 angustia
1542 3976 1884 4031 nasceretur,

278 4069 489 4127 deinde
519 4069 681 4124 citius
710 4066 901 4121 fames.
928 4064 1082 4131 Quod
1112 4070 1292 4118 autem
1318 4069 1539 4130 caperet
1584 4056 1887 4113 multitudi-

282 4183 415 4225 nem
447 4165 730 4222 hominum
773 4168 974 4217 tantam
1006 4159 1231 4225 civitas,
1292 4165 1496 4214 certunt
1531 4159 1652 4211 erat
1679 4169 1745 4209 ex
1793 4152 1881 4207 his

282 4262 380 4334 qui
410 4261 510 4316 sub
537 4260 719 4316 Cestio
750 4256 985 4312 fuerant.
1018 4252 1369 4309 Ennmeratis
1410 4252 1556 4306 enim
1592 4259 1720 4304 tunc
1751 4246 1883 4303 viris

283 4354 527 4412 civitatis
548 4369 577 4408 a
604 4353 787 4420 Floro,
810 4350 1015 4406 Neroni
1041 4348 1353 4420 significare
1375 4346 1629 4417 cupiente
1650 4351 1887 4400 contem-

283 4450 440 4507 nenti
482 4447 760 4503 nationem
788 4488 803 4514 ,
845 4461 874 4499 a
908 4444 1256 4515 pontificibus
1284 4441 1553 4512 petierat,
1599 4450 1656 4495 ut
1698 4438 1741 4495 si
1774 4453 1883 4508 quo

287 4543 455 4600 modo
487 4549 712 4613 possent
732 4533 1132 4596 multitudinem
1165 4542 1536 4592 numerarent.
1571 4533 1652 4588 Illi
1702 4541 1886 4587 autem

1992 3310 2366 3367 damnaretur.
2396 3311 2655 3379 Quamvis
2681 3312 2824 3367 enim
2865 3311 3006 3367 idem
3050 3311 3255 3367 Pilatus
3285 3326 3479 3368 manus
3508 3311 3586 3367 la-

1991 3404 2162 3471 verit,
2210 3404 2396 3460 dicens
2429 3421 2440 3457 :
2472 3403 2705 3459 Mundus
2731 3420 2828 3475 ego
2853 3420 2968 3459 sum
2994 3421 3026 3458 a
3047 3405 3298 3475 sanguine
3322 3406 3461 3478 justi
3490 3406 3588 3461 hu-

1982 3503 2106 3573 jus,
2170 3515 2257 3554 vos
2296 3499 2523 3553 videritis
2573 3498 2795 3570 (Matth.
2831 3515 3008 3565 xxvn,
3062 3497 3163 3572 24)
3198 3516 3211 3553 :
3243 3515 3586 3572 nequaquam

1994 3604 2173 3649 tamen
2218 3595 2399 3649 minus
2426 3593 2611 3650 existit
2654 3608 2819 3661 reus,
2878 3594 2969 3666 qui
3009 3593 3237 3665 gloriam
3289 3594 3585 3650 Dominica:

1990 3701 2291 3758 agnoscens
2313 3687 3068 3757 resurrectionis,praedicare
3106 3687 3305 3743 invitus
3352 3688 3581 3753 studuit,

1990 3780 2084 3836 sed
2107 3779 2331 3835 credere
2355 3779 2594 3851 perﬁdus
2621 3782 2981 3850 contempsit,
3023 3780 3161 3836 sicut
3184 3789 3415 3837 testatur
3431 3780 3579 3852 ejus-

1988 3874 2109 3930 dem
2143 3872 2372 3945 epistola
2401 3915 2415 3939 ,
2447 3872 2651 3929 Caesari
2692 3875 2745 3927 in
2794 3872 2938 3929 hunc
2976 3874 3193 3930 modum
3243 3873 3471 3931 directa.

2617 3964 2848 4021 CAPUT
2886 3964 2957 4019 X.

2063 4061 2286 4117 Pontius
2316 4060 2517 4118 Pilatus
2543 4058 2766 4116 Claudio
2804 4060 3049 4116 salutem.
3083 4060 3271 4131 Nuper
3300 4062 3511 4129 accidit,
3539 4072 3587 4118 et

1989 4156 2125 4227 quod
2166 4156 2274 4228 ipse
2306 4154 2514 4225 probavi
2535 4196 2551 4224 ,
2606 4154 2820 4210 Iudaeos
2858 4171 2951 4225 per
2978 4154 3229 4209 invidiam
3260 4172 3315 4210 se
3365 4171 3586 4227 suosque

1990 4258 2221 4321 posteros
2247 4249 2448 4302 crudeli
2486 4247 2913 4303 condemnatione
2950 4248 3180 4319 punisse.
3212 4245 3446 4318 Denique
3466 4265 3584 4304 cum

1992 4342 2303 4413 promissum
2328 4324 2570 4396 haberent
2595 4348 2766 4411 patres
2788 4356 2968 4397 eorum
2985 4384 2999 4409 ,
3029 4341 3166 4413 quod
3192 4341 3301 4396 illis
3338 4341 3476 4397 Deus
3502 4359 3587 4398 eo-

1991 4450 2104 4489 rum
2144 4434 2367 4489 mitteret
2397 4435 2460 4488 de
2484 4434 2609 4489 caelo
2641 4434 2892 4488 Sanctum
2926 4450 3076 4488 suum
3124 4435 3211 4504 qui
3251 4450 3428 4490 eorum
3475 4434 3590 4490 Rea:

1990 4531 2174 4584 merito
2204 4529 2477 4595 diceretur,
2530 4537 2577 4583 et
2617 4527 2755 4582 [tunc
2780 4545 2834 4583 se
2869 4529 3164 4600 promiserit
3190 4545 3280 4600 per
3317 4527 3588 4602 Virginem

285 4655 413 4696 cum
449 4637 567 4693 dies
594 4635 764 4693 fesuts
793 4634 1015 4690 adesset
1041 4632 1133 4704 qui
1159 4629 1365 4686 Pascha
1395 4636 1644 4694 vocatur,
1669 4625 1886 4698 quando
1913 4623 1969 4683 D
1994 4625 2271 4679 missurum
2300 4622 2368 4677 ad
2392 4631 2556 4678 terras
2585 4638 2604 4676 :
2632 4623 2789 4676 istum
2831 4621 3006 4688 itaque
3033 4637 3113 4675 me
3152 4621 3374 4694 prteside
3400 4621 3457 4675 in
3487 4620 3590 4676 Ju-

285 4750 317 4791 a
351 4749 492 4788 nona
543 4732 765 4805 quidem
798 4731 933 4787 hora
964 4743 1137 4800 usque
1190 4726 1257 4782 ad
1310 4725 1651 4781 undecimam
1682 4723 1890 4778 hostias

286 4828 509 4884 caedunt
532 4869 546 4895 ,
579 4842 680 4897 per
706 4824 920 4896 singula
951 4832 1130 4878 autem
1157 4819 1311 4892 quasi
1343 4817 1699 4876 contubernia
1720 4857 1736 4883 ,
1782 4832 1889 4871 non

286 4922 610 4995 pauciorum
632 4934 793 4992 quam
819 4918 1006 4973 decem
1035 4916 1317 4971 hominum
1344 4913 1507 4977 (lunt,
1540 4911 1718 4967 solum
1742 4910 1890 4965 enim

286 5016 506 5088 epulari
534 5030 641 5070 non
673 5015 824 5079 licet,
873 5011 1031 5067 multi
1071 5010 1216 5066 enim
1248 5017 1273 5046 α
1306 5007 1468 5063 vicini
1511 5005 1886 5091 conveniunt“:

287 5110 595 5168 hostiarum
625 5106 843 5180 quidem
867 5105 1126 5170 ducenta,
1151 5113 1204 5158 et
1229 5099 1618 5173 quinquaginta
1644 5112 1739 5153 sex
1768 5096 1889 5151 mil-

286 5204 363 5259 lia
413 5215 469 5260 et
514 5202 838 5273 quingentas
879 5203 1328 5254 numeraverunt.
1359 5193 1518 5248 Fiunt
1560 5198 1776 5257 autem,
1830 5199 1889 5244 ut

287 5298 460 5353 denos
513 5294 828 5366 epulatores
879 5305 978 5362 per
1030 5288 1273 5360 singulas
1313 5288 1679 5357 imputemus,
1720 5281 1890 5337 vicies

288 5398 523 5446 centena
543 5430 559 5456 ,
590 5385 616 5426 δ
639 5397 732 5442 aut
759 5384 1100 5456 septingenta
1143 5382 1307 5437 millia
1334 5423 1349 5449 ,
1380 5378 1550 5436 sancti
1597 5392 1787 5433 omnes
1836 5384 1891 5431 et

288 5484 433 5556 puri.
466 5481 579 5538 Nec
603 5479 748 5538 enim
777 5478 1010 5551 leprosis
1033 5486 1126 5532 aut
1151 5473 1502 5547 vitiliginosis
1524 5515 1538 5540 ,
1570 5482 1662 5528 aut
1681 5471 1889 5528 semine

367 5657 392 5685 α
418 5646 501 5702 Ex
532 5642 773 5712 Josepho
802 5639 988 5712 viceni.
1019 5637 1188 5712 Bsna.

364 5718 393 5758 ι)
418 5700 601 5773 locus
626 5700 841 5769 hiulcus
864 5710 1096 5767 videtur.
1138 5705 1453 5779 Legendum
1492 5703 1656 5771 forte,
1714 5700 1800 5758 vel
1845 5709 1893 5756 et

291 5802 427 5863 sept.
466 5789 551 5846 vel
579 5793 823 5844 sexcenta
851 5792 942 5839 aut
971 5791 1101 5855 sept.
1131 5778 1408 5837 Caunum

1994 4715 2160 4770 dicam
2210 4712 2351 4768 Deus
2392 4712 2732 4768 Hebraeorum
2774 4727 2891 4765 cum
2937 4711 3191 4779 misisset,
3241 4720 3289 4767 et
3344 4712 3590 4769 vidissent

1992 4824 2107 4862 eum
2136 4805 2676 4871 cwcosilluminasse,
2720 4803 2951 4873 leprosos
2976 4803 3275 4871 mandasse,
3330 4805 3591 4876 paralyti-

1993 4917 2079 4956 cos
2106 4915 2347 4965 curasse,
2375 4900 2634 4953 (laniones
2658 4896 2722 4950 ab
2744 4895 3044 4952 hominibus
3078 4899 3323 4968 fugasse,
3357 4907 3592 4954 mortuos

1990 4995 2146 5050 etiam
2175 4993 2481 5056 suscitasse,
2527 4991 2806 5061 imperasse
2840 4991 3037 5057 uentis,
3088 4989 3386 5046 ambulasse
3439 4993 3593 5047 siccis

1994 5090 2209 5161 pedibus
2234 5104 2392 5160 super
2418 5085 2583 5141 undas
2603 5085 2761 5141 maris
2776 5126 2791 5153 ,
2816 5095 2866 5141 et
2895 5086 3060 5140 multa
3098 5087 3205 5141 alia
3233 5087 3442 5160 fecisse,
3473 5105 3592 5143 cum

1996 5185 2163 5240 omnis
2184 5182 2407 5256 populus
2426 5180 2736 5237 Judteorum
2766 5196 2882 5236 eum
2913 5178 3113 5236 Filium
3129 5178 3231 5237 Dei
3246 5198 3358 5238 esse
3379 5182 3594 5252 diceret,

1995 5277 2237 5333 inuidiam
2268 5284 2447 5330 contra
2476 5290 2591 5330 eum
2617 5274 2756 5344 passi
2784 5283 2903 5328 sunt
2944 5275 3209 5348 principes
3254 5275 3593 5347 Judteorum,

1996 5382 2041 5427 et
2073 5380 2343 5427 tenuerunt
2363 5386 2503 5439 eum,
2532 5369 2757 5440 mihique
2783 5369 3133 5438 tradiderunt,
3163 5379 3211 5425 et
3237 5370 3343 5426 alia
3370 5386 3465 5443 pro
3479 5370 3599 5427 aliis

1997 5467 2125 5521 mihi
2153 5466 2217 5521 de
2245 5481 2304 5521 eo
2340 5464 2641 5521 mentientes
2671 5462 2949 5534 dixerunt,
2982 5476 3265 5521 asserentes
3289 5466 3444 5521 istum
3488 5484 3595 5523 ma-

2078 5639 2100 5667 °
2133 5624 2463 5702 Gualtberus
2500 5638 2568 5681 ex
2615 5623 2858 5696 Josepho
2909 5623 3203 5697 legendum
3249 5633 3405 5697 putat
3439 5644 3605 5702 gena.

1999 5700 2154 5756 ricos.
2179 5697 2351 5754 Buta.
