4082 6344
515 273 651 332 ‘22“

1840 264 2083 337 SANCTI
2125 258 2449 335 AMBROSII

3664 262 3805 323 2219.

511 411 631 466 θιιιη
660 407 802 460 esse,
839 401 886 447 et
929 397 1110 446 contra
1138 391 1300 462 legem
1330 405 1509 445 eorum
1560 405 1732 462 agere.
1789 387 1904 460 Ego
1935 399 2107 445 autem
2138 395 2182 454 Α
2214 383 2338 440 talis
2358 380 2580 453 quidem
2607 380 2729 437 linis
2774 380 3285 453 Hierosolymorum
3339 382 3643 440 obsidionis
3686 385 3804 447 fuit,

509 486 709 540 credidi
732 486 807 541 ita
834 502 964 553 esse,
990 492 1040 540 et
1053 484 1378 557 ﬂagellatunt
1392 483 1582 539 tradidi
1610 485 1758 538 illum
1786 484 1999 538 arbitrio
2028 500 2112 537 eo-

509 595 645 632 rum.
681 575 777 632 Illi
802 588 971 631 autem
996 578 1369 647 cruciﬁxerunt
1396 594 1534 636 eum,
1566 586 1612 632 et
1636 576 1839 646 sepulto
1878 575 2115 630 custodes

513 671 884 727 adhibuerunt.
920 670 1023 726 Ille
1052 683 1227 728 autem
1256 672 1504 727 militibus
1527 672 1655 727 meis
1677 669 2111 735 custodientibus,

517 766 600 817 die
628 766 776 819 tertio
807 766 1094 819 resurrexit
1125 781 1143 819 :
1170 766 1224 819 in
1244 775 1446 820 tantum
1471 775 1643 819 autem
1669 766 1860 820 exarsit
1889 764 2115 834 nequitia

515 858 842 921 Judteorum,
869 868 922 915 ut
947 859 1131 914 darent
1153 862 1426 931 pecuniam
1454 858 1772 923 custodibus,
1799 868 1843 912 et
1864 858 2115 913 dicerent:

520 951 693 1005 Dicite
733 950 857 1020 quia
906 951 1155 1022 discipuli
1205 953 1321 1021 ejus
1364 966 1565 1021 corpus
1596 951 1767 1020 ipsius
1818 958 2117 1019 rapuerunt

514 1043 739 1117 (Matth.
774 1059 974 1109 xxvtu,
1005 1044 1128 1118 l5).
1164 1044 1273 1101 Sed
1300 1062 1413 1100 cum
1459 1045 1776 1117 accepissent
1810 1044 2079 1114 pecuniam
2101 1084 2115 1107 ,

512 1137 649 1207 quod
674 1141 867 1207 factum
899 1142 1095 1209 fuerat,
1139 1151 1304 1194 tacere
1328 1156 1431 1195 non
1461 1148 1757 1208 potuerunt.
1796 1137 1937 1195 Nam
1965 1148 2011 1193 et
2055 1138 2119 1192 il-

511 1231 621 1286 lunt
653 1233 943 1288 surrexisse
973 1235 1143 1289 testati
1172 1242 1291 1289 sunt
1323 1250 1377 1289 se
1406 1234 1595 1288 vidisse
1616 1276 1629 1300 ,
1692 1241 1741 1287 et
1771 1249 1825 1288 se
1853 1250 1887 1288 a
1913 1231 2120 1287 Judwis

517 1325 790 1395 pecuniam
820 1328 1102 1399 accepisse.

1140 1417 1371 1476 CAPUT
1414 1419 1511 1475 XI.

590 1512 716 1567 Htec
756 1512 879 1568 ideo
909 1512 1172 1583 ingressi,
1234 1528 1300 1566 ne
1331 1513 1450 1581 quis
1479 1512 1639 1567 aliter
1688 1512 2010 1576 mentiatur,
2058 1520 2119 1566 et

518 1606 751 1661 :ustimet
792 1605 1127 1660 credendum
1172 1604 1469 1660 mendaciis
1499 1604 1836 1659 Iudaeorum.
1888 1606 1961 1659 De
2015 1618 2123 1674 quo

518 1698 619 1767 ipsi
663 1698 852 1766 perlidi
889 1706 1180 1764 testantur,
1230 1698 1444 1753 dicente
1484 1697 1724 1769 Josepho
1771 1699 2121 1753 historiarum

520 1792 827 1860 scriptore,
860 1790 1004 1859 quod
1031 1790 1193 1844 fuerit
1246 1791 1338 1844 illo
1370 1799 1619 1860 tempore
1669 1791 1750 1845 vir
1795 1790 2015 1861 sapiens
2047 1790 2126 1861 (si
2156 1795 2205 1855 B

518 1892 702 1939 tamen
732 1892 982 1953 oportet,
1015 1884 1211 1954 inquit,
1237 1885 1409 1937 virum
1434 1883 1588 1956 diri),
1623 1883 1949 1938 mirabilium
1974 1898 2129 1938 crea-

526 1986 698 2032 torem
752 1994 1017 2049 operum,
1070 1979 1158 2047 qui
1193 1980 1447 2048 apparuit
1474 1977 1760 2049 discipulis
1808 1979 1953 2044 suis,
2011 1984 2132 2047 post

528 2069 767 2125 triduum
800 2073 990 2125 mortis
1026 2086 1137 2126 suae
1172 2073 1362 2125 vivens
1385 2071 1681 2125 secundum
1738 2071 2129 2141 prophetarum

531 2166 769 2235 scripta:
805 2166 893 2231 qui
920 2173 975 2219 et
1000 2165 1114 2218 lucc
1136 2171 1190 2217 ct
1215 2162 1317 2218 alia
1352 2163 1767 2217 innumerabilia
1799 2163 1867 2218 de
1882 2178 1948 2217 eo
1975 2163 2129 2232 plena

525 2256 802 2312 miraculis
832 2256 1305 2328 prophetaverunt
1339 2275 1353 2312 :
1386 2271 1451 2310 ex
1497 2270 1606 2327 quo
1634 2257 1799 2326 C(Ppit
1830 2270 2131 2326 congrega-

524 2355 601 2406 tio
628 2351 1066 2406 Christianornm
1092 2393 1106 2421 ,
1137 2360 1194 2406 et
1226 2351 1276 2405 in
1305 2365 1471 2406 omne
1497 2351 1775 2405 hominum
1828 2347 2134 2420 penetravit

526 2462 700 2521 genus
728 2464 740 2499 :
775 2461 874 2501 nec
902 2446 1010 2499 ulla
1065 2449 1211 2500 natio
1242 2444 1469 2499 Romani
1499 2444 1649 2499 orbis
1675 2444 1965 2508 remansit,
2013 2456 2135 2512 qua:

528 2544 710 2599 cultus
736 2543 855 2613 ejus
881 2555 1079 2614 expers
1110 2540 1540 2610 relinqueretur.
1573 2539 1632 2596 Si
1676 2539 1831 2597 nobis
1865 2553 1970 2594 non
2010 2551 2131 2591 cre-

528 2637 665 2691 dunt
701 2635 879 2691 Judaei
906 2676 919 2699 ,
956 2636 1040 2689 vel
1078 2633 1192 2688 suis
1222 2633 1450 2687 credant
1481 2650 1493 2685 :
1527 2632 1629 2686 hoc
1655 2630 1789 2686 dixit
1831 2629 2135 2698 Josephus,

533 2744 696 2799 quem
730 2728 834 2796 ipsi
857 2734 912 2782 et
936 2727 1236 2782 maximum
1269 2732 1479 2795 putant.
1513 2725 1578 2779 Et
1611 2723 1867 2778 tamenin
1901 2737 1967 2776 eo
1990 2720 2135 2791 quod

533 2834 723 2875 verum
757 2818 969 2872 locutus
989 2827 1075 2872 est
1107 2825 1328 2887 propter
1360 2815 1603 2871 historiae
1636 2813 1796 2868 iidem
1818 2855 1832 2879 ,
1864 2813 1989 2884 quia
2029 2812 2129 2867 lalo

537 2914 651 2969 lere
680 2911 834 2969 nefas
861 2911 1120 2984 putabat,
1154 2920 1209 2966 et
1239 2924 1346 2966 non
1377 2908 1605 2964 credidit
1630 2918 1850 2979 prOpter
1880 2906 2133 2961 duritiam

536 3008 721 3064 cordis
748 3017 804 3065 et
845 3006 1087 3078 perﬁdiae
1117 3005 1475 3061 intentionem
1509 3023 1521 3057 :
1555 3019 1662 3057 non
1696 3016 1873 3058 tamen
1921 3001 2138 3057 veritati

538 3100 889 3173 prtejudicat,
915 3099 1042 3170 quia
1069 3113 1177 3153 non
1209 3096 1475 3163 credidit,
1515 3096 1610 3152 sed
1641 3096 1762 3165 plus
1792 3093 2000 3149 addidit
2031 3102 2141 3148 tes-

2220 476 2480 531 Eamdem
2507 491 2639 531 vero
2689 475 2884 533 urbem
2917 476 3352 548 Hierosolymam
3380 476 3809 535 Cbananteorunt

2216 570 2440 639 quidam
2478 582 2670 641 potens
2696 570 2940 627 condidit
2963 612 2976 635 ,
3027 571 3119 641 qtti
3149 572 3327 640 patrio
3354 587 3611 627 sermone
3659 588 3814 631 vocn-

2220 674 2371 719 retur
2400 662 2513 719 Rex
2537 663 2746 730 Justus,
2766 678 2928 739 quam
2955 664 3128 732 primo
3155 664 3432 737 Solymam
3462 673 3811 735 nuncupavit,

2227 766 2414 828 postea
2450 757 2711 826 templum
2744 755 2771 795 δ
2818 756 3029 812 addidit
3057 775 3070 811 :
3096 756 3241 815 unde
3271 757 3648 830 Hierosolyma
3674 756 3815 813 dicta

2222 849 2415 903 civitas
2445 859 2547 911 est.
2579 848 2625 905 Α
2654 848 2922 920 principio
2952 863 3083 907 suos
3109 850 3319 907 incolas
3351 849 3539 906 habuit
3558 849 3630 906 de
3656 861 3817 922 gente

2222 942 2674 1005 Cilaltz'tntt‘orllttl.
2705 944 2872 1000 David
2918 945 3125 1014 primus
3161 945 3245 999 vir
3293 944 3556 1001 llebrreus
3606 943 3818 1001 Chana-

2226 1050 2373 1091 nauos
2411 1036 2651 1106 expulit,
2678 1036 2959 1095 constituit
2979 1052 3131 1103 suos,
3162 1037 3253 1106 qui
3280 1037 3332 1092 iu
3362 1052 3425 1093 ea
3453 1037 3557 1092 sibi
3597 1039 3815 1093 domum

2226 1130 2430 1199 regiam
2478 1130 2625 1187 fecit.
2656 1128 2840 1193 Voluit
2886 1140 2942 1185 et
2973 1131 3230 1201 templum
3259 1132 3371 1187 Deo
3399 1134 3641 1189 condere
3665 1173 3681 1197 ,
3726 1134 3819 1188 sed

2228 1227 2533 1297 prohibitus
2553 1226 2777 1284 oraculo
2799 1268 2814 1293 ,
2857 1226 3209 1285 Salomonetn
3241 1227 3516 1284 hmredem
3570 1228 3818 1298 reliquit;

2224 1323 2316 1392 qui
2352 1322 2609 1392 templum
2654 1322 2798 1392 quod
2844 1322 2961 1391 ipse
2985 1332 3248 1389 voverat,
3300 1321 3621 1378 mliﬁcaret.
3670 1321 3823 1378 Salo-

2226 1429 2353 1470 mon
2382 1415 2560 1485 itaque
2584 1414 2843 1486 templum
2882 1414 3146 1470 fundavit.
3182 1413 3397 1485 Reliqui
3426 1430 3647 1484 qucque
3675 1430 3826 1484 reges

2225 1508 2290 1565 ad
2350 1518 2599 1563 ornatum
2673 1509 2824 1565 urbis
2871 1508 3131 1565 addidero
3187 1509 3450 1580 plurima;
3504 1507 3709 1563 invidia
3762 1522 3824 1563 ex

2228 1602 2630 1672 magniﬁcentia
2651 1609 2766 1656 orta
2800 1608 2904 1657 est.

2821 1692 3050 1749 CAPUT
3092 1692 3233 1750 XIII.

2305 1788 2450 1847 Inter
2471 1788 2657 1843 omnia
2684 1797 2865 1845 tamen
2889 1804 3052 1860 opera
3079 1791 3335 1861 templum
3363 1789 3830 1860 prmcellebatam—

2232 1882 2483 1953 piissimo
2534 1897 2706 1952 Opere
2733 1892 2789 1939 et
2831 1882 3060 1953 fulgenti
3105 1898 3411 1948 marmore,
3468 1884 3829 1953 peripetasnta

2232 1977 2528 2046 pretiosum
2557 1982 2616 2033 et
2639 1976 2958 2043 maximum,
2982 1990 3149 2031 cocco
3169 1985 3224 2031 et
3240 1974 3534 2047 hyacintho
3562 1975 3831 2046 byssoque

2233 2070 2525 2137 intextum,
2548 2084 2619 2126 ex
2648 2085 2883 2141 purpura
2908 2085 3015 2126 non
3038 2070 3212 2126 otiosa
3245 2070 3472 2126 materia
3526 2080 3697 2125 tantae
3743 2067 3827 2122 div

2235 2164 2539 2227 versitatis.
2570 2163 2663 2220 sed
2692 2164 2846 2234 cujus
2884 2164 3093 2234 species
3140 2180 3321 2220 rerum
3352 2164 3633 2221 latentium
3685 2179 3832 2236 myso

2241 2255 2433 2310 terium
2461 2254 2701 2325 signaret
2731 2271 2836 2311 :eo
2864 2256 3010 2326 quod
3063 2257 3182 2325 ejus
3225 2265 3371 2315 esset
3394 2256 3656 2327 templum
3677 2297 3694 2321 ,
3741 2255 3829 2327 qui

2235 2351 2375 2403 ctelo
2396 2356 2451 2403 et
2479 2351 2589 2402 aeri
2613 2390 2627 2413 ,
2666 2358 2829 2403 terra:
2858 2361 2912 2405 et
2934 2351 3091 2417 mari,
3120 2351 3274 2420 quasi
3305 2361 3520 2406 creator
3537 2353 3837 2406 elemento-

2236 2456 2355 2495 rum
2385 2441 2759 2497 dominaretur
2780 2484 2794 2505 ,
2827 2454 2989 2513 atque
3010 2444 3190 2504 omnia
3221 2444 3370 2501 solus
3401 2453 3614 2514 regeret
3658 2454 3719 2499 et
3737 2460 3831 2513 gu-

2236 2536 2509 2593 bernat‘et.
2537 2535 2710 2592 Cocco
2744 2536 2889 2593 enim
2918 2538 3131 2606 igneum
3152 2539 3350 2595 οωιυω
3383 2539 3659 2608 ligaretur,
3692 2536 3825 2609 hya-

2237 2630 2425 2683 cintho
2440 2644 2555 2694 aer,
2576 2629 2740 2698 bysso
2765 2639 2926 2691 terra.
2946 2645 3095 2684 mare
3116 2645 3375 2699 purpura,
3392 2645 3512 2700 qua:
3530 2628 3836 2700 conchyliis

2242 2722 2528 2778 maritimis
2562 2722 2799 2779 inficitur
2830 2740 2843 2776 :
2873 2725 3057 2778 utduo
3081 2740 3148 2780 ex
3191 2725 3407 2788 colore,
3442 2725 3550 2780 duo
3570 2741 3638 2781 ex
3666 2739 3837 2796 gene-

2240 2818 2455 2873 ratione
2481 2818 2726 2888 colligas.
2765 2818 3007 2889 Denique
3039 2818 3289 2891 princeps
3320 2820 3665 2877 sacerdotum
3716 2823 3830 2878 haec

2238 2919 2471 2979 quatuor
2489 2908 2808 2964 indumento
2823 2924 2921 2965 sno
2931 2925 2993 2964 ex
3004 2912 3238 2980 primore
3255 2921 3633 2978 consuerant,
3663 2930 3839 2983 quan-

2243 3002 2563 3057 tlomaxima
2585 3001 2877 3057 celebritas
2899 3011 3019 3059 erat
3037 3001 3296 3063 testarum
3324 3005 3557 3072 dierum;
3572 3005 3736 3076 quasi
3756 3014 3837 3061 to-

2250 3103 2364 3150 tum
2397 3095 2656 3150 mundum
2685 3096 2968 3163 indueret,
3011 3111 3111 3167 pro
3144 3098 3341 3168 populo
3386 3098 3795 3169 supplicaturus
3818 3141 3832 3166 ,

529 3196 762 3253 tituonio
788 3238 802 3259 ,
833 3196 956 3265 quia
999 3208 1099 3248 nec
1131 3191 1480 3255 incredulus,
1532 3202 1587 3245 et
1636 3190 1834 3245 invitus
1891 3188 2130 3258 negavit.
2161 3179 2208 3243 C
2241 3190 2293 3244 in
2326 3190 2442 3259 ejus
2467 3190 2635 3259 ﬁgura
2655 3192 2746 3261 qui
2777 3198 3037 3246 venturus
3069 3196 3459 3263 eratprinceps
3495 3192 3840 3249 sacerdotum

540 3289 596 3343 lu
627 3304 734 3358 quo
780 3284 983 3341 Christi
1033 3284 1162 3339 Jesu
1213 3283 1409 3339 claruit
1436 3293 1637 3337 tetcrna
1689 3280 1960 3352 potentia,
1992 3279 2139 3351 quod

541 3397 665 3439 eum
708 3381 873 3436 etiam
928 3380 1204 3450 principes
1252 3394 1542 3449 synagoga:
1590 3391 1752 3447 quem
1784 3375 1850 3429 ad
1907 3383 2138 3429 mortem

531 3472 1106 3542 comprehenderant,
1143 3470 1310 3524 Deum
1354 3471 1680 3525 fatebantur.
1717 3469 1787 3524 Et
1816 3484 1944 3524 vere
1988 3469 2141 3538 quasi

538 3567 680 3623 licus
728 3562 848 3618 sine
878 3562 1202 3633 exceptione
1255 3575 1607 3628 personarum
1642 3570 1735 3615 aut
1787 3561 1892 3613 ulla
1952 3562 2143 3614 mortis

543 3657 837 3715 formidine
865 3657 1076 3711 locutus
1096 3696 1111 3720 ,
1142 3653 1412 3709 excidium
1448 3669 1660 3725 quoque
1689 3653 1876 3723 templi
1904 3651 2142 3707 futurum

537 3751 884 3808 annnntiavit
911 3792 924 3816 ,
958 3749 1052 3805 sed
1106 3765 1213 3803 non
1241 3764 1337 3803 eos
1368 3748 1555 3816 templi
1600 3746 1793 3817 injuria
1823 3748 2139 3802 commovit.

536 3846 643 3900 Sed
676 3846 801 3917 quia
832 3843 900 3896 ah
928 3857 993 3896 eo
1024 3842 1076 3895 in
1100 3838 1313 3910 ﬂagitiis
1334 3880 1346 3904 ,
1371 3847 1424 3894 et
1447 3838 1746 3908 sacrilegiis
1776 3837 2148 3908 corripieban-

535 3951 660 4001 tur,
716 3939 839 3993 hinc
883 3937 960 3991 ira
987 3935 1222 4002 exarsit,
1261 3942 1317 3986 ut
1366 3931 1733 3986 interﬁcerent
1761 3946 1923 3997 eum,
1982 3944 2144 3999 quem

539 4034 685 4089 nulla
725 4030 1046 4088 habuissent
1089 4034 1354 4096 tempora.
1415 4024 1549 4079 Nam
1602 4040 1723 4079 cunt
1769 4024 1859 4079 alii
1893 4031 1918 4059 α
1948 4022 2146 4092 praedi-

539 4127 717 4183 cando
752 4123 1054 4180 meruerint
1113 4121 1291 4175 facere
1316 4160 1331 4185 ,
1377 4133 1499 4187 qua:
1532 4117 1815 4172 iecerunt:
1849 4117 1935 4172 hic
1967 4115 2019 4169 in
2049 4129 2148 4185 po-

538 4230 733 4276 testate
761 4216 1091 4279 habebat,ut
1116 4214 1296 4269 omnia
1318 4228 1437 4282 quae
1467 4210 1585 4267 ﬁeri
1606 4210 2146 4279 vellet,impetraret.

1147 4306 1381 4363 CAPUT
1424 4303 1541 4360 XII.

613 4409 819 4466 Octavo
846 4407 1008 4478 igitur
1033 4403 1122 4459 die
1153 4401 1496 4473 Septembris
1550 4398 1755 4455 mensis
1800 4406 2149 4455 concremata

540 4514 624 4559 est
655 4503 851 4557 civitas
884 4518 897 4554 :
930 4514 1071 4554 causa
1122 4512 1220 4568 per
1248 4510 1411 4550 omne
1440 4504 1656 4563 tempus
1706 4508 1933 4548 nurnero
1973 4491 2155 4547 decies

2242 3284 2429 3354 Jesns,
2464 3298 2519 3343 ut
2550 3286 2765 3342 tolleret
2790 3297 3073 3359 peccatum
3095 3288 3303 3344 mundi.
3334 3287 3563 3344 Femora
3585 3290 3843 3361 princeps

2244 3379 2586 3435 sacerdotum
2642 3382 2787 3435 lineo
2828 3382 3058 3437 interius
3090 3383 3432 3452 operimento
3480 3382 3728 3452 tegebat,
3779 3398 3845 3437 eo

2242 3471 2387 3543 quod
2431 3487 2541 3542 prae
2560 3473 2778 3529 caeteris
2803 3473 2856 3528 in
2887 3474 3170 3531 sacerdote
3204 3475 3337 3530 lides
3358 3475 3558 3531 mentis
3585 3476 3848 3545 quaaritur

2245 3573 2299 3619 et
2321 3565 2566 3635 corporis
2588 3567 2909 3621 castimonia
2929 3608 2943 3633 ,
2974 3584 3095 3638 qua:
3136 3569 3459 3639 succingere
3484 3567 3685 3624 debeat
3731 3584 3846 3624 car.

2250 3660 2335 3713 nis
2367 3660 2869 3727 intemperantiarn.
2915 3660 3033 3716 Duo
3080 3671 3235 3715 erant
3264 3661 3617 3717 tabernacula
3657 3677 3843 3726 sacra,

2249 3769 2412 3807 ttnum
2434 3754 2685 3821 interius,
2711 3754 2855 3809 aliud
2878 3756 3118 3810 exterius
3151 3773 3163 3807 :
3198 3758 3249 3811 in
3281 3756 3385 3811 hoc
3411 3770 3631 3827 semper
3653 3757 3849 3812 introi-

2250 3846 2378 3901 battt
2409 3845 2719 3902 sacerdotes
2747 3865 2763 3902 :
2793 3848 2844 3902 in
2876 3848 3009 3904 illud
3036 3849 3261 3905 interius
3290 3849 3435 3920 quod
3477 3861 3730 3905 sanctum
3752 3864 3848 3920 ap-

2250 3937 2577 4007 pellabatur,
2600 3939 3042 3995 semelintroibat
3061 3939 3316 4012 princeps
3344 3942 3713 4009 sacerdotum,
3741 3958 3847 3999 non

2248 4030 2370 4085 sine
2393 4031 2656 4100 sanguine
2668 4047 2827 4103 quem
2844 4031 3065 4089 oll‘erret
3086 4048 3183 4104 pro
3210 4050 3270 4089 se
3295 4044 3349 4089 et
3366 4049 3467 4105 pro
3490 4037 3672 4106 populi
3696 4038 3851 4107 igno-

2252 4125 2423 4177 rantia
2445 4137 2607 4196 atque
2636 4124 2855 4181 delicto.
2887 4126 3001 4182 Hoc
3035 4126 3377 4197 signiﬁcante
3420 4128 3626 4198 Spiritu
3654 4139 3848 4187 sancto

2258 4227 2543 4273 tenturutn
2568 4216 2784 4285 losum,
2811 4220 2899 4290 qui
2925 4235 3052 4277 vere
3081 4221 3229 4277 solus
3249 4223 3479 4276 intraret
3506 4223 3560 4277 iu
3583 4222 3848 4279 interiora

2255 4310 2565 4366 ditiuorum
2619 4313 2919 4381 penetralia
2955 4324 3460 4381 sacramentorum,
3531 4326 3586 4370 et
3647 4328 3847 4371 arcana

2254 4401 2579 4458 substantia:
2602 4405 2843 4463 cmlestis
2870 4407 2961 4476 qui
2982 4417 3166 4465 nosset
3199 4409 3383 4467 omnia
3411 4408 3597 4472 solus;
3629 4406 3846 4463 Patrem

2257 4510 2474 4565 quoque
2503 4498 2767 4566 sanguine
2794 4512 2896 4553 suo
2919 4498 3016 4555 leti
3051 4499 3255 4555 mundo
3276 4498 3653 4559 reconciliaret
3676 4539 3691 4563 ,
3715 4506 3850 4555 utet

538 4607 770 4653 centena
800 4592 994 4671 millia,
1023 4605 1090 4646 cx
1117 4587 1393 4661 myriades
1414 4628 1429 4653 ,
1471 4597 1525 4640 ut
1558 4586 1804 4661 plerique
1848 4594 2101 4640 asserunt
2132 4600 2143 4636 :
2176 4578 2225 4641 D
2252 4589 2556 4649 caelestium
2572 4591 2983 4653 etterrestrium
3010 4593 3379 4655 misereretur.
3400 4592 3643 4662 Denique
3656 4601 3846 4661 postea
3872 4616 3879 4621 κ

540 4693 855 4750 Judteortun
888 4698 1067 4744 tamen
1118 4685 1395 4751 omnium,
1439 4682 1533 4738 sed
1561 4696 1671 4741 non
1700 4681 1942 4741 omnium
1999 4681 2146 4751 ejus-

541 4786 666 4841 dem
701 4781 940 4853 regionis
977 4788 1071 4835 aut
1096 4778 1202 4834 loci
1224 4820 1239 4845 ,
1268 4776 1392 4848 quia
1421 4790 1488 4831 eo
1519 4776 1757 4845 undique
1780 4781 2150 4831 convenerant

543 4890 790 4948 tempore
814 4874 1083 4946 paschalis
1104 4870 1466 4929 solemnitatis
1491 4870 1719 4941 :captivi
1742 4869 1958 4927 abducti
1982 4884 2150 4925 nona-

541 4972 688 5044 ginta
721 4980 929 5040 septcm
956 4967 1148 5024 millia.
1184 4966 1426 5036 Denique
1464 4972 1614 5019 tanta
1667 4963 2006 5033 captivorum
2037 4978 2147 5031 prae

545 5062 893 5120 multitudine
925 5061 1128 5118 utilitas
1152 5058 1270 5123 luit,
1302 5069 1361 5113 ut
1385 5058 1603 5129 triginta
1658 5072 1688 5111 a
1743 5056 2004 5112 Romanis
2040 5070 2150 5111 uno

547 5159 873 5225 nomismale
913 5157 1014 5213 sub
1041 5169 1242 5209 corona
1295 5153 1685 5213 venderentur.
1718 5151 1946 5211 Peracta
1995 5149 2156 5221 igitur

545 5252 849 5317 obsidione,
866 5248 1027 5320 jussit
1050 5246 1233 5303 Caesar
1248 5244 1404 5307 Titus
1437 5244 1678 5303 funditus
1700 5252 1950 5303 evertere
1970 5242 2158 5301 civita-

547 5357 656 5401 tem
683 5358 747 5398 ac
760 5339 1044 5410 templum,
1063 5346 1118 5391 ut
1138 5336 1529 5407 adimpleretur
1543 5336 1767 5395 verbum
1789 5335 2002 5391 Domini
2023 5334 2151 5392 Jcsu

549 5435 928 5509 pra-dicantis:
953 5431 1117 5486 Amen
1140 5430 1256 5487 dico
1283 5429 1443 5495 vobis,
1475 5446 1576 5485 non
1602 5428 1987 5498 derelinquetur
2015 5431 2149 5497 lapis

550 5548 707 5601 super
748 5529 1006 5602 lapidem,
1059 5525 1186 5596 quin
1240 5524 1535 5577 destruatur
1584 5523 1816 5595 (Matth.
1850 5541 1997 5593 xxiv,
2030 5526 2139 5594 2):

624 5700 649 5727 ει
687 5686 973 5742 l’recando.
1006 5684 1072 5738 Et
1100 5682 1261 5753 paulo
1288 5688 1411 5752 post
1434 5679 1730 5749 imperaret.
1758 5680 1927 5739 Batus.

2255 4698 2413 4751 quam
2443 4683 2630 4752 venit,
2681 4685 2971 4755 paciﬁcavit
2998 4686 3170 4741 omnia
3198 4702 3291 4759 per
3331 4686 3634 4757 sanguinem
3676 4684 3847 4739 crucis

2254 4790 2382 4842 suae,
2406 4790 2520 4847 qua:
2542 4775 2597 4831 in
2628 4776 2753 4831 calo
2783 4775 2864 4833 vel
2892 4778 3104 4835 interra
3142 4786 3262 4833 sunt
3293 4776 3523 4849 (Coloss.
3548 4793 3588 4844 ι,
3617 4776 3745 4848 20).

2852 4868 3079 4929 CAPUT
3110 4870 3251 4929 XIV.

2331 4961 2477 5019 Intus
2492 4963 3013 5034 thymiamaterium,
3040 4966 3186 5022 intus
3198 4980 3409 5035 mensa,
3438 4966 3587 5023 intus
3604 4964 3846 5027 lucerna.

2257 5057 2805 5129 Thymiamatcrium,
2838 5052 2999 5130 quod
3023 5060 3094 5117 ita
3124 5059 3193 5115 ad
3225 5059 3395 5117 Deum
3424 5060 3671 5126 Patrem,
3719 5059 3849 5115 sicut

2259 5154 2546 5221 incensum,
2564 5155 2824 5224 dirigatur
2841 5155 3076 5217 maxime
3104 5154 3465 5219 sacerdotalis
3482 5155 3655 5209 oratio
3674 5151 3848 5224 (Psal.

2259 5262 2386 5314 cu,
2424 5249 2504 5319 2).
2535 5250 2750 5315 Mensa,
2802 5249 2946 5318 quod
2990 5250 3041 5305 in
3084 5264 3146 5309 ea
3177 5250 3360 5320 passio
3386 5246 3595 5313 Christi
3642 5248 3742 5313 sit,
3794 5256 3852 5307 et

2261 5341 2521 5412 mysteria
2547 5350 3037 5397 sacramentorum.
3073 5341 3225 5398 Unde
3248 5341 3419 5401 David
3442 5340 3608 5397 dicit:
3640 5337 3851 5399 Parati

2258 5433 2313 5487 in
2345 5444 2621 5503 conspectu
2644 5451 2757 5493 meo
2795 5452 3023 5491 mensam
3060 5434 3240 5508 (Psal.
3273 5451 3420 5502 nu.
3452 5434 3535 5505 ἥ),
3558 5435 3714 5505 ettjus
3737 5434 3851 5499 vel-

2258 5526 2334 5581 uti
2368 5526 2656 5582 duodecim
2712 5543 2912 5598 panes,
2945 5528 3231 5583 duodecim
3257 5526 3501 5598 Apostoli
3532 5535 3700 5583 testes
3723 5534 3853 5581 sunt

622 5762 649 5802 ιν
678 5760 842 5817 Forte
878 5747 1133 5810 additum.
1164 5747 1302 5823 Qute
1342 5766 1467 5807 mox
1498 5747 1803 5821 Sequuntur
1833 5754 2237 5813 restitutionem
2272 5749 2503 5805 suadere
2529 5747 2806 5806 videntur.
2829 5748 3105 5809 Ελωκιι.
