4082 6344
203 313 335 368 2215

859 311 1130 371 HISTOR.
1162 301 1253 370 DE
1298 314 1578 370 EXCIDIO
1620 306 1898 370 HlEilOS.
1945 313 2146 370 URBIS
2188 312 2846 371 ANAt’IEPllALzEOSIS.

3354 320 3495 375 9'2”

203 429 464 502 passionis
491 430 608 499 ejus
639 444 701 484 ac
733 431 1167 486 resurrectionis.
1196 431 1443 485 Lucerna
1467 474 1479 495 ,
1521 447 1639 501 qum
1692 433 1792 488 sub
1821 433 1870 492 Α
1899 428 1999 482 bus
2026 444 2220 483 currus
2245 441 2296 483 et
2323 432 2465 484 acies
2489 439 2712 484 armatzc
2741 447 2752 482 :
2784 430 2976 499 quibus
3005 431 3168 485 totius
3195 431 3393 486 ludam:
3418 450 3504 489 rc-

204 520 579 578 caudelabt‘um
611 521 853 589 ponitur,
885 531 1009 576 ante
1040 523 1140 576 sub
1173 523 1354 578 modio
1385 532 1524 586 erat,
1578 522 1628 576 id
1681 536 1785 593 est,

206 612 332 682 legis
356 627 608 668 mensura
649 631 660 665 :
697 628 840 668 nunc
861 622 945 670 cst
971 615 1021 668 in
1051 615 1238 682 gratiae
1265 615 1629 683 plenitudine,
1662 615 1793 685 hep-

205 710 450 777 tamyclio
481 711 734 774 frequens
767 708 946 763 lumen
973 707 1284 770 effundens,
1325 723 1392 761 eo
1435 707 1578 777 quod
1625 707 1796 778 Spiri-

207 815 284 854 tns
316 812 534 858 sanctus
561 809 769 870 septem
804 804 1160 856 maximarum
1193 804 1487 871 gratiarum
1508 804 1794 856 virtutibus

210 896 298 950 Dei
329 897 585 964 templum
616 895 906 950 illumiuet.
942 895 1226 949 Trinitatis
1275 893 1438 964 igitur
1468 895 1708 963 cognitio
1742 895 1797 949 in

209 988 552 1044 interioribus
598 998 716 1042 erat
760 987 979 1056 templi,
1059 1005 1178 1058 quae
1233 989 1555 1044 dicebantur
1601 988 1797 1044 Sancta

209 1080 560 1147 Sanctorum,
599 1080 692 1134 ubi
722 1081 956 1149 reposita
988 1080 1260 1150 quondam
1299 1083 1444 1149 virga
1490 1084 1670 1136 Aaron
1703 1082 1801 1137 [lo-

209 1175 354 1228 ruit:
386 1173 526 1244 quod
575 1173 744 1242 gratia
798 1174 1157 1228 sacerdotalis
1203 1175 1255 1228 in
1305 1172 1522 1227 Christo
1569 1174 1802 1243 amplius

210 1278 351 1322 esset
374 1277 661 1336 operatura
695 1276 816 1337 post
839 1280 1091 1333 mortetn,
1117 1283 1222 1337 qua
1261 1267 1519 1322 mundum
1547 1269 1798 1322 redemit.

208 1359 376 1415 Jndmi
408 1374 538 1427 ergo
585 1361 628 1413 si
660 1359 962 1414 voluissent
991 1363 1217 1414 credere
1243 1401 1256 1423 ,
1305 1360 1575 1420 evidentia
1625 1360 1802 1418 immi-

211 1454 390 1508 nentis
434 1452 626 1506 excidii
657 1453 810 1521 signa
845 1452 1155 1515 habebant,
1204 1452 1400 1519 quibus
1450 1453 1601 1506 velut
1643 1451 1807 1506 claris

209 1549 432 1603 vocibus
457 1547 891 1602 adumuebantur
938 1547 1101 1602 linem
1143 1547 1246 1602 sibi
1313 1545 1502 1601 affore.
1545 1545 1677 1600 Nam
1711 1560 1805 1614 per

211 1656 410 1692 annum
457 1638 626 1694 ferme
659 1653 821 1708 supra
877 1639 1136 1710 templum
1168 1639 1344 1708 ipsum
1385 1647 1627 1692 cometes
1673 1636 1806 1690 arsit

209 1735 369 1802 gladii
412 1733 640 1804 quadam
690 1733 978 1803 pendentis
1034 1731 1433 1797 similitudine,
1479 1731 1808 1786 denuntians

1895 525 2174 594 giouisque
2198 523 2311 592 ejus
2346 524 2506 576 urbes
2535 523 2942 578 ineius-tremor
2975 541 2987 578 :
3021 526 3131 595 ipsa
3162 537 3340 580 autem
3366 527 3503 582 Peu-

1899 625 2129 669 tecostcs
2156 614 2501 668 solemnitate
2549 615 2912 684 ingredientes
2939 618 3251 672 sacerdotes
3283 619 3334 672 in
3365 629 3503 672 tem-

1897 708 1970 776 pli
2002 707 2285 773 interiora,
2335 715 2602 766 nocturno
2636 717 2882 777 tempore
2911 719 2965 763 ut
2993 711 3258 764 sacrilicia
3289 723 3502 766 assueta

1897 801 2263 865 celebrarent,
2292 811 2347 855 et
2397 809 2602 855 motum
2662 803 2837 871 primo
2868 805 3155 871 quemdam
3181 805 3421 860 sensisse
3447 820 3506 860 se

1898 895 2274 965 prodiderunt,
2304 906 2356 948 et
2401 897 2639 950 sonitum
2696 896 2900 950 editum
2930 914 2944 961 ;
2979 906 3160 965 postea
3207 899 3370 953 etiam
3414 915 3508 953 att-

1900 990 2044 1043 tlissc
2092 992 2374 1059 repentina
2416 1004 2545 1043 voce
2591 989 2886 1043 clamatum
2920 1007 2930 1041 :
2970 988 3316 1048 Transeamus
3363 991 3503 1045 hinc.

2542 1079 2774 1138 CAPUT
2820 1079 2961 1135 XVI.

1973 1170 2132 1226 Jesns
2163 1186 2379 1240 quoque
2404 1170 2624 1224 Ananiae
2650 1171 2791 1226 [ilius
2826 1172 3061 1226 ruricola
3102 1174 3204 1238 vir,
3233 1183 3359 1230 ante
3381 1189 3515 1246 qna-

1906 1275 2026 1320 tuor
2053 1281 2225 1320 annos
2249 1281 2410 1334 quam
2439 1263 2640 1317 bellum
2689 1263 3001 1318 Judzeorum
3057 1267 3289 1335 pepultts
3333 1267 3515 1322 adori-

1906 1371 2080 1426 retur,
2129 1360 2180 1414 in
2230 1375 2438 1416 summa
2474 1374 2605 1426 pace
2635 1359 2784 1414 urbis
2813 1371 2865 1415 ct
2897 1361 3222 1416 abundantia
3245 1378 3367 1416 cum
3399 1379 3518 1417 see-

1907 1454 2134 1522 nopegia
2180 1450 2464 1506 sacriliciis
2517 1452 2854 1506 solemnibus
2896 1455 3328 1519 celebrarentur,
3382 1465 3518 1513 tutn-

1906 1547 2053 1615 plum
2087 1546 2390 1600 ascendens
2421 1544 2585 1616 C(Bpit
2613 1545 2852 1600 clamare
2883 1563 2895 1597 :
2937 1545 3050 1598 l’oa:
3077 1546 3138 1600 ab
3170 1549 3390 1613 oriente,
3415 1563 3514 1608 vox

1907 1638 1970 1690 ab
2001 1637 2282 1700 occidente,
2315 1653 2413 1690 vox
2463 1655 2493 1690 α
2544 1651 2759 1710 quatuor
2791 1640 2972 1704 ventis,
3005 1656 3102 1693 vox
3128 1657 3282 1707 super
3332 1639 3521 1695 Hiero-

1910 1733 2188 1803 solymam,
2219 1749 2373 1804 super
2414 1733 2684 1802 templum,
2720 1749 2816 1786 νοεῖ
2854 1750 3010 1803 super
3048 1751 3263 1804 sponsos
3290 1747 3335 1788 et
3358 1751 3518 1806 spon-

210 1842 423 1896 quoque
458 1826 603 1880 ferro
628 1837 682 1880 et
711 1827 850 1895 igni,
883 1825 1058 1894 gentis
1081 1835 1130 1878 et
1165 1826 1314 1893 regni
1352 1823 1611 1896 urbisque
1640 1821 1810 1890 ipsius
1844 1843 1890 1900 Β
1915 1844 2020 1890 sus,
2048 1844 2144 1881 vox
2171 1844 2323 1897 super
2347 1843 2546 1880 omnem
2599 1828 2869 1897 populum.
2911 1828 3021 1882 lloc
3064 1829 3314 1882 noctibus
3360 1840 3523 1899 atque

209 1919 514 1973 vastitatem
543 1919 802 1974 loturam.
834 1918 972 1984 Quid
1006 1919 1148 1970 enim
1184 1916 1481 1970 similitudo
1506 1913 1668 1984 gladii
1708 1914 1811 1967 nisi

210 2012 440 2078 bellum,
460 2011 587 2082 quid
617 2012 752 2081 ignis
781 2009 886 2064 nisi
913 2009 1223 2063 incendium
1255 2007 1636 2060 denuntiaret?
1657 2003 1816 2059 Visus

210 2113 393 2160 autem
416 2115 493 2158 est
527 2104 674 2174 prius
697 2102 1104 2172 t'ltlatltpopultts
1131 2117 1159 2154 a
1194 2099 1452 2154 llmuauis
1480 2113 1601 2153 sese
1641 2097 1817 2150 disso-

209 2198 403 2250 ciaret.
426 2196 560 2266 Ipsis
585 2210 714 2250 vero
744 2194 962 2248 Pascha:
985 2194 1176 2248 diebus
1201 2192 1467 2246 undecimi
1503 2192 1704 2253 mensis
1727 2207 1820 2245 oc-

211 2300 333 2342 tavo
361 2289 471 2352 die,
502 2304 595 2357 per
619 2287 860 2358 singulas
884 2303 1069 2340 noctes
1097 2286 1226 2340 liora
1252 2286 1470 2340 circiter
1507 2299 1648 2338 nona
1684 2293 1818 2338 tem-

209 2382 355 2450 plum
381 2389 436 2434 et
456 2395 545 2434 ara
571 2380 688 2446 ejus
712 2382 780 2434 ita
801 2380 1002 2434 lumine
1020 2378 1342 2448 refulgebat,
1359 2378 1515 2444 quasi
1545 2376 1660 2431 dies
1675 2387 1817 2432 esset

212 2489 306 2543 per
330 2473 565 2527 mediam
587 2472 698 2528 fere
719 2473 902 2526 boratn
920 2471 1164 2541 quotidie
1185 2485 1443 2524 manens:
1473 2469 1612 2538 quod
1633 2469 1820 2542 vulgus

211 2569 674 2639 interpretabatur
711 2566 1054 2621 cuumlanda:
1093 2566 1270 2636 gentis
1315 2565 1570 2618 indicium
1605 2562 1775 2620 videri
1805 2580 1818 2615 :

210 2679 387 2732 eoque
416 2662 628 2730 impulsi
648 2673 770 2717 sunt
795 2670 1065 2731 tamquam
1096 2669 1310 2730 tempus
1337 2659 1526 2714 alfaret
1557 2658 1821 2712 libertatis

212 2753 566 2823 recipiendic.
597 2752 985 2808 Prndcntiores
1027 2762 1212 2805 contra
1244 2750 1644 2819 opinabantur,
1677 2748 1820 2818 quod

214 2847 317 2902 hoc
344 2863 517 2918 genus
544 2847 714 2900 stellae
743 2845 943 2904 bellum
967 2844 1141 2898 soleat
1171 2841 1510 2898 denuntiare.

802 2978 1031 3036 CAPUT
1061 2977 1179 3033 XV.

288 3082 369 3136 Ne
398 3079 682 3150 quisquam
703 3075 1174 3129 arbitrareturnos
1200 3073 1377 3126 aliena
1403 3085 1428 3120 a
1461 3068 1607 3120 cultu
1633 3075 1823 3120 ηοω-ί)

216 3186 270 3230 et
301 3173 594 3242 disciplina
621 3173 854 3232 lorutos,
881 3167 1113 3236 primum
1163 3181 1266 3217 nou
1299 3165 1424 3230 quid
1456 3163 1610 3215 nobis
1644 3160 1825 3212 vidca—

1918 1924 2108 1978 tltcbus
2138 1921 2557 1978 vocil'crabatur.
2603 1921 2870 1976 Commoti
2905 1923 3169 1991 primores
3202 1922 3310 1977 loci
3349 1923 3524 1982 corri-

1921 2025 2153 2085 puerunt
2193 2029 2341 2080 eum,
2373 2014 2613 2072 terribile
2641 2015 2788 2070 vocis
2835 2019 2954 2084 ejus
3011 2016 3268 2074 indicium
3302 2015 3528 2085 perhor-

1921 2119 2124 2174 rentcs,
2150 2120 2203 2164 et
2237 2111 2484 2180 plurimis
2534 2126 2657 2166 eum
2691 2113 2977 2180 suppliciis
3008 2111 3263 2176 aﬂ'ecere,
3293 2127 3402 2182 quo
3423 2114 3531 2166 sal-

1921 2211 2027 2256 tem
2051 2203 2284 2258 altlictus
2313 2204 2525 2271 dolore,
2550 2203 2830 2258 desineret
2856 2203 3113 2262 terribilia
3145 2216 3196 2260 et
3219 2205 3375 2274 plena
3409 2221 3533 2274 pro-

1921 2297 2080 2366 digiis
2104 2298 2447 2351 denuntiare.
2480 2296 2550 2352 At
2577 2297 2666 2352 ille
2708 2313 2807 2353 nec
2835 2310 2976 2354 metu
3027 2299 3132 2352 ullo
3159 2314 3259 2354 nec
3289 2297 3532 2354 verberi-

1922 2389 2021 2442 bus
2040 2399 2131 2442 ant
2152 2391 2489 2458 gravioribus
2519 2391 3056 2446 interminationibus
3101 2393 3347 2456 territus,
3374 2406 3528 2446 usum

1922 2491 2015 2534 aut
2040 2497 2224 2535 vocent
2254 2483 2504 2546 mutavit,
2531 2483 2625 2538 sed
2656 2483 2707 2538 in
2737 2484 2925 2537 eadem
2952 2483 3386 2539 denuntiatioois
3409 2501 3532 2554 pcr-

1922 2576 2252 2640 scverairtia,
2278 2576 2332 2629 in
2360 2576 2552 2632 eodem
2603 2587 2861 2632 contextu
2900 2593 3233 2644 sermonum,
3261 2579 3381 2633 sine
3427 2578 3536 2632 ulla

1925 2670 2317 2724 obsecrationis
2365 2671 2784 2740 interpolatione
2838 2674 3125 2735 manebat.
3179 2674 3389 2744 injuriae
3441 2689 3535 2728 uc-

1924 2764 2152 2832 gligeus,
2171 2765 2367 2818 atl‘ectu
2396 2765 2707 2822 immobilis.
2734 2766 2888 2834 Quod
2909 2783 3245 2837 nequaquam
3275 2769 3534 2838 perfunc-

1927 2859 2124 2910 torimn
2161 2861 2283 2922 rati,
2319 2858 2415 2913 sed
2446 2859 2499 2912 in
2531 2874 2763 2916 excessu
2782 2861 3003 2926 mentis,
3036 2871 3091 2915 ut
3113 2870 3253 2928 erat,
3281 2863 3540 2932 exprimi,

1927 2950 2238 3006 detulerunt
2280 2953 2346 3004 ad
2398 2951 2499 3006 loci
2525 2951 2787 3020 judicetn,
2818 2952 2911 3022 qui
2941 2964 3065 3008 tunc
3091 2955 3354 3024 temporis
3377 2970 3404 3008 a
3428 2954 3538 3008 Ro-

1929 3044 2104 3097 manis
2155 3059 2249 3112 pcr
2286 3043 2336 3098 id
2395 3044 2498 3098 loci
2556 3045 2770 3114 publica
2803 3047 3041 3116 agitabat
3099 3048 3333 3117 negotia.
3381 3046 3430 3102 ls
3460 3047 3536 3102 ri-

1930 3138 2139 3191 mandae
2170 3138 2412 3191 veritatis
2442 3139 2638 3207 gratia,
2672 3139 2986 3194 saevissimis
3018 3156 3140 3196 cum
3190 3141 3365 3208 poenis
3388 3141 3541 3196 exul-

218 3282 305 3323 tnr
337 3232 657 3326 astr'uimus,
691 3262 783 3314 sed
841 3232 967 3329 quid
1001 3257 1284 3319 acciderit,
1318 3269 1507 3324 quieve
1539 3253 1824 3321 opiniones
1850 3235 1894 3295 (ἶ
1928 3232 2548 3329 θθνίλνίξχ-Ωιιίξηηξθῧίξ
2582 3243 2960 3329 Ιδθνείξνίξνέηύι
2993 3277 3004 3300 ε
3059 3250 3126 3329 90
3160 3235 3538 3292 νθδίθιιιθηίίυε

219 3371 351 3416 tunc
418 3359 683 3426 temporis
722 3355 922 3408 fuerint
951 3394 963 3418 ,
997 3351 1126 3420 quid
1183 3349 1475 3418 prudentes
1533 3345 1822 3409 senserint,

218 3452 351 3523 quid
404 3449 777 3518 imprudentes
803 3489 816 3512 ,
850 3459 1025 3510 neque
1067 3455 1187 3496 cum
1219 3441 1286 3494 de
1315 3450 1464 3493 secta
1517 3435 1824 3490 Judzeorum

220 3545 353 3615 quid
385 3544 591 3596 dictum
623 3546 727 3601 est,
765 3539 834 3590 ita
865 3537 1127 3604 scriptum
1158 3532 1403 3585 videatur
1434 3545 1464 3582 a
1488 3528 1640 3582 nobis
1675 3525 1826 3595 quasi

221 3642 274 3691 in
316 3636 547 3690 veritate
573 3633 752 3688 cultus
791 3644 1006 3695 eorum,
1039 3644 1144 3681 non
1199 3625 1351 3694 quasi
1399 3625 1448 3676 in
1479 3621 1664 3676 umbra
1694 3629 1747 3673 et
1777 3617 1831 3670 li-

219 3745 359 3797 gnra
412 3725 753 3796 prietnissum
799 3719 1245 3775 conlexueritnus
1274 3757 1286 3781 ,
1339 3725 1393 3768 ut
1427 3725 1451 3751 ιι
1478 3725 1831 3782 sequeremur

224 3823 582 3895 perfectiora.
624 3819 756 3872 Nam
782 3816 849 3870 de
881 3813 1053 3885 signis
1081 3813 1359 3866 stellarum
1384 3810 1550 3863 etiam
1579 3808 1628 3858 in
1659 3805 1831 3856 Evan—
1883 3853 1887 3856 _

220 3918 371 3986 gelio
417 3913 700 3975 docemur,
725 3911 847 3978 quia
875 3919 1020 3960 erunt
1054 3905 1201 3975 signa
1225 3904 1275 3955 in
1305 3901 1429 3964 sole,
1462 3910 1506 3953 et
1531 3898 1675 3962 luna,
1705 3895 1833 3948 etin

221 4009 394 4062 stellis
443 4004 596 4077 (an.
646 4005 759 4066 xxi,
818 3998 936 4071 25).
970 3996 1166 4052 Vitulrc
1217 4006 1433 4061 quoque
1486 3992 1834 4042 asserucrunt

220 4111 417 4172 partu,
451 4113 574 4152 cum
624 4091 949 4149 immolanda
997 4096 1206 4142 astaret
1255 4083 1517 4142 altaribus
1556 4083 1606 4135 in
1657 4077 1834 4132 medio

223 4193 424 4264 templi
476 4205 668 4261 agnam
721 4186 922 4242 editam
953 4185 1004 4236 in
1057 4180 1188 4252 ipsis
1221 4192 1498 4233 sacrorum
1527 4189 1646 4244 qua:
1672 4186 1836 4240 supra

221 4283 696 4345 memoravimus,
753 4275 1184 4333 eelt-britatibns.
1233 4269 1564 4326 Orientalem
1623 4280 1838 4338 quoque

223 4389 450 4450 portam
477 4375 787 4430 interiorem
819 4369 994 4426 solido
1018 4383 1126 4422 sere
1149 4381 1369 4437 gravem
1399 4379 1518 4430 qua:
1541 4360 1743 4414 soleret
1769 4358 1837 4412 ad

221 4484 520 4541 vesperam
547 4466 731 4536 viginti
785 4462 1024 4517 virorum
1087 4458 1265 4513 claudi
1318 4457 1524 4526 labore,
1574 4450 1840 4508 obseratis

223 4563 488 4618 vectibus
517 4560 730 4624 ferreis,
763 4571 859 4626 pcr
891 4556 1096 4623 aliquot
1139 4561 1325 4606 noctes
1378 4560 1570 4618 sponte
1628 4560 1839 4600 resera-

1930 3324 2124 3392 Corripi
2157 3323 2387 3394 ﬂagellis
2409 3325 2684 3380 hominem
2726 3326 2900 3394 jubet,
2932 3338 2990 3381 ut
3029 3327 3073 3382 si
3105 3344 3207 3397 qua
3233 3330 3533 3384 secretiora

1931 3414 2092 3469 futuri
2125 3417 2386 3470 tmnultus
2412 3415 2606 3471 indicia
2631 3419 3011 3486 comperisset,
3043 3419 3438 3476 Inanifestarct.
3467 3421 3538 3476 At

1935 3508 2023 3561 ille
2052 3522 2225 3578 neque
2272 3507 2440 3573 ﬂevit,
2473 3525 2646 3579 neque
2685 3511 2916 3580 rogavit,
2953 3511 3049 3566 sed
3079 3512 3143 3566 ad
3177 3513 3390 3582 singula
3418 3529 3541 3568 ter-

1934 3601 2087 3665 ltera,
2123 3618 2228 3653 non
2281 3615 2458 3665 Suum,
2490 3605 2582 3654 sed
2639 3601 2822 3670 patria:
2858 3603 3129 3657 excidium
3159 3603 3414 3660 ﬂebiliter
3439 3607 3538 3662 dc-

1934 3695 2202 3763 plorabat,
2228 3695 2453 3749 dicens:
2500 3695 2585 3748 Va:
2637 3696 3028 3766 Hierosolymis.
3065 3696 3249 3767 Neque
3311 3699 3545 3756 interro-

1933 3798 2088 3859 gatus
2119 3789 2236 3857 quis
2283 3797 2450 3853 esset,
2500 3790 2584 3844 vel
2620 3790 2779 3854 unde,
2813 3793 2892 3845 vel
2924 3807 3022 3846 cur
3063 3792 3252 3850 eadem
3306 3792 3536 3860 diceret,

1936 3899 2257 3953 responsum
2293 3884 2556 3938 reddidit:
2577 3885 2672 3938 sed
2701 3885 3073 3940 tantummodo
3101 3887 3546 3946 lamentationem

1937 3981 2082 4035 illaut
2134 3982 2338 4050 patria),
2376 3992 2570 4050 questu
2619 3980 2917 4038 miserabili
2949 3984 3398 4053 prosequebatur.
3441 3986 3544 4042 Dc-

1939 4075 2111 4131 lessus
2165 4077 2344 4146 itaque
2393 4075 2622 4130 Albinus
2650 4074 2779 4148 (hoc
2801 4075 2946 4130 enim
2993 4093 3188 4132 nomen
3223 4078 3362 4152 viro)
3387 4079 3546 4134 dimi-

1939 4173 2151 4226 sitemu
2184 4182 2458 4242 tamquam
2501 4171 2744 4224 dementi
2788 4171 2993 4236 furore,
3025 4173 3150 4241 quid
3181 4173 3390 4229 diceret
3438 4190 3548 4230 non

1941 4265 2291 4322 sentientem.
2323 4267 2391 4319 At
2419 4264 2506 4318 ille
2535 4279 2708 4334 neque
2735 4280 3045 4321 sermonem
3073 4267 3237 4324 ullum
3269 4283 3391 4321 cum
3413 4284 3552 4338 queo

1942 4374 2102 4429 quam
2137 4359 2391 4423 habebat,
2424 4374 2599 4428 neque
2623 4359 2768 4417 aliud
2799 4360 2946 4430 loqui
2982 4376 3076 4430 per
3117 4362 3386 4432 reliquum
3411 4373 3552 4417 lem-

1945 4468 2043 4521 pus
2069 4453 2284 4507 auditus
2337 4464 2456 4520 est;
2489 4453 2584 4508 sed
2636 4453 2738 4508 hoc
2785 4465 3056 4523 tamquam
3105 4454 3334 4523 lugubre
3386 4466 3551 4526 atque

1947 4544 2226 4602 funereum
2256 4546 2526 4602 canticum
2559 4561 2782 4608 canens,
2810 4546 3000 4602 diebus
3040 4561 3103 4600 ac
3135 4547 3384 4602 noctibus
3408 4547 3549 4616 jngi-

223 4669 370 4723 tam,
405 4665 461 4710 et
489 4655 578 4711 vix
628 4660 816 4726 postea
843 4665 871 4702 a
901 4646 1215 4703 custodibus
1244 4645 1508 4698 clausam.
1541 4640 1597 4696 Id
1625 4653 1840 4714 quoque
1866 4636 1918 4695 D
1949 4648 2028 4693 ter
2079 4641 2394 4706 resultabat,
2451 4639 2540 4694 Va:
2571 4639 2952 4710 Hierosolymis
2975 4658 2994 4694 :
3024 4655 3197 4710 neque
3246 4641 3553 4695 verberanti

222 4748 644 4807 arbitrabantur
675 4744 916 4816 plerique
946 4740 1245 4794 futurorum
1286 4738 1494 4806 signum
1557 4735 1841 4798 bonorum,

221 4847 437 4915 quibus
493 4839 820 4912 ingressuris
867 4846 1020 4906 porta
1064 4834 1368 4903 aperiretur
1418 4850 1430 4883 :
1479 4828 1844 4884 consultiores

223 4950 423 4996 autem
479 4934 694 4989 aiebant
737 4930 1033 4986 custodiam
1088 4927 1270 4994 templi
1321 4923 1614 4978 resolutam
1647 4920 1841 4984 videri,

225 5047 288 5092 ut
314 5045 679 5106 quaecumque
703 5029 846 5084 intus
878 5024 1054 5079 forent
1081 5024 1148 5076 ab
1181 5019 1428 5075 hostibus
1458 5017 1840 5085 diriperentur,

225 5129 428 5186 exiret
475 5124 651 5181 cultus
683 5119 910 5174 interior
936 5128 988 5172 et
1016 5117 1270 5171 vastitate
1297 5119 1675 5174 evacuaretur,
1702 5107 1841 5161 cele-

224 5225 416 5279 britas
437 5217 827 5284 sacriﬁciorum
859 5213 1254 5272 destrueretur,
1287 5206 1429 5278 quod
1455 5206 1616 5260 etiam
1642 5212 1694 5256 et
1718 5210 1845 5254 ante

225 5329 411 5387 quam
462 5307 843 5378 crucitigerent
888 5303 1165 5358 Clirismm
1194 5299 1403 5364 Jcsum,
1431 5294 1635 5365 liquido
1683 5291 1848 5361 signi-

227 5386 468 5466 licatnm
500 5405 662 5460 lcetio
711 5401 889 5455 docet.
919 5398 1042 5450 Post
1071 5394 1266 5448 ttltlilOS
1296 5405 1507 5460 quoque
1538 5388 1654 5442 dies
1680 5386 1847 5456 ﬁgura

228 5499 497 5576 quwdam
526 5492 774 5570 apparuit
813 5484 1200 5545 inaestimabilis
1242 5480 1655 5550 magnitudinis,
1689 5492 1848 5550 quant

229 5571 471 5670 plurimi
497 5594 942 5656 circumspexere
972 5581 1134 5654 (sicut
1183 5574 1639 5631 libriJudacorum
1684 5571 1854 5625 mani-

229 5665 637 5760 icstarunt),et
663 5693 787 5744 ante
828 5677 958 5732 solis
979 5686 1228 5730 occasum
1277 5667 1460 5734 subito,
1485 5665 1582 5722 visi
1616 5665 1667 5720 in
1693 5665 1849 5720 nubi-

315 5818 344 5844 η
375 5802 747 5872 Sequerentur.
773 5794 1051 5849 GALLAND.

1945 4733 2378 4798 Conviciabatur,
2413 4749 2586 4804 neque
2608 4733 2787 4788 cibum
2838 4733 3170 4804 impertienti
3197 4734 3401 4804 gratias
3428 4750 3555 4804 age-

1946 4826 2038 4880 bat
2069 4843 2080 4878 ;
2114 4842 2216 4879 una
2250 4827 2455 4880 eratad
2506 4841 2697 4882 omnes
2748 4826 3048 4896 eademque
3095 4827 3249 4894 plena
3308 4827 3553 4885 funebris

1946 4917 2184 4972 eiulatus
2211 4917 2518 4986 responsio,
2552 4927 2606 4972 et
2633 4919 2868 4974 maxime
2895 4919 3286 4980 sacriﬁciorum
3316 4920 3552 4979 celebri-

1945 5012 2168 5066 tatibus.
2194 5012 2296 5067 Per
2324 5021 2538 5084 septem
2587 5015 2768 5085 itaque
2799 5030 2970 5070 annos
2996 5025 3050 5070 et
3079 5016 3316 5086 quinque
3338 5033 3556 5078 incuses

1945 5106 2134 5160 eadem
2184 5106 2474 5160 verborum
2523 5109 2716 5176 series,
2749 5109 2890 5166 idem
2945 5111 3099 5164 vocis
3145 5127 3333 5166 sonus.
3363 5113 3559 5167 Mansit

1948 5201 2129 5270 itaque
2157 5200 2458 5256 it‘idelessus
2517 5211 2662 5258 tanto
2692 5211 2978 5272 tempore:
3009 5204 3096 5261 ubi
3130 5205 3346 5262 obsidio
3367 5207 3556 5275 coepit,

1950 5292 2138 5346 eadem
2165 5292 2253 5346 ille
2283 5292 2574 5348 vociferari
2599 5292 2831 5359 destitit,
2856 5297 3009 5364 quasi
3041 5298 3246 5352 cessari
3280 5308 3558 5366 oporteret

1952 5386 2420 5444 denuntiationem
2468 5403 2589 5442 cum
2638 5388 2914 5455 adessent,
2945 5407 3066 5460 qua:
3094 5390 3311 5447 fuerant
3347 5391 3556 5447 denuo.

1954 5479 2105 5533 tiata.
2130 5479 2238 5536 Sed
2288 5480 2380 5534 ubi
2410 5482 2575 5550 cmpit
2607 5482 2819 5537 ﬂamma
2867 5484 3056 5542 urbem
3090 5485 3292 5555 pariter
3339 5494 3393 5541 et
3417 5497 3554 5542 temo

1957 5575 2102 5644 plmn
2149 5575 2449 5642 involvere,
2490 5576 2814 5632 circumiens
2865 5595 3076 5634 murum
3126 5581 3365 5640 clamare
3389 5588 3557 5653 ccepit

1959 5670 2188 5747 iterum:
2232 5668 2319 5726 Vae
2349 5670 2543 5726 civitati
2567 5681 2614 5725 et
2646 5673 2837 5745 populo
2882 5684 2930 5735 et
2973 5675 3180 5747 tanplo.
3218 5678 3281 5733 Et
3310 5679 3376 5733 ad
3425 5697 3555 5752 pos-
