  <div class='ocr_page' id='page_1' title='image "/cluster/home/n/w/nwhite01/storage/ocr_20150623/15/hvd.32044015471311/517.png"; bbox 0 0 4082 6344; ppageno 0'>
   <div class='ocr_carea' id='block_1_1' title="bbox 490 327 634 382">
    <p class='ocr_par' dir='ltr' id='par_1_1' title="bbox 490 327 634 382">
     <span class='ocr_line' id='line_1_1' title="bbox 490 327 634 382; baseline 0 -1"><span class='ocrx_word' id='word_1_1' title='bbox 490 327 634 382; x_wconf 71' lang='lat' dir='ltr'><strong>22l3</strong></span> 
     </span>
    </p>
   </div>
   <div class='ocr_carea' id='block_1_2' title="bbox 1785 315 2400 375">
    <p class='ocr_par' dir='ltr' id='par_1_2' title="bbox 1785 315 2400 375">
     <span class='ocr_line' id='line_1_2' title="bbox 1785 315 2400 375; baseline -0.008 0"><span class='ocrx_word' id='word_1_2' title='bbox 1785 318 2032 375; x_wconf 65' lang='lat' dir='ltr'><strong>SANCTI</strong></span> <span class='ocrx_word' id='word_1_3' title='bbox 2076 315 2400 374; x_wconf 83' lang='lat' dir='ltr'><strong>AMBROSII</strong></span> 
     </span>
    </p>
   </div>
   <div class='ocr_carea' id='block_1_3' title="bbox 3649 307 3795 367">
    <p class='ocr_par' dir='ltr' id='par_1_3' title="bbox 3649 307 3795 367">
     <span class='ocr_line' id='line_1_3' title="bbox 3649 307 3795 367; baseline -0.021 0"><span class='ocrx_word' id='word_1_4' title='bbox 3649 307 3795 367; x_wconf 66' lang='lat'><strong>2216</strong></span> 
     </span>
    </p>
   </div>
   <div class='ocr_carea' id='block_1_4' title="bbox 490 427 3795 506">
    <p class='ocr_par' dir='ltr' id='par_1_4' title="bbox 490 427 3795 506">
     <span class='ocr_line' id='line_1_4' title="bbox 490 427 3795 506; baseline -0.005 -9"><span class='ocrx_word' id='word_1_5' title='bbox 490 450 722 497; x_wconf 90' lang='lat' dir='ltr'><strong>tremum</strong></span> <span class='ocrx_word' id='word_1_6' title='bbox 771 436 996 506; x_wconf 76' lang='lat' dir='ltr'><strong>addidit,</strong></span> <span class='ocrx_word' id='word_1_7' title='bbox 1041 439 1128 494; x_wconf 71' lang='lat' dir='ltr'><strong>Va:</strong></span> <span class='ocrx_word' id='word_1_8' title='bbox 1178 439 1336 494; x_wconf 83' lang='lat' dir='ltr'><strong>etiam</strong></span> <span class='ocrx_word' id='word_1_9' title='bbox 1364 439 1489 494; x_wconf 82' lang='lat' dir='ltr'><strong>mihi</strong></span> <span class='ocrx_word' id='word_1_10' title='bbox 1517 457 1536 506; x_wconf 80' lang='lat'><strong>,-</strong></span> <span class='ocrx_word' id='word_1_11' title='bbox 1574 445 1630 494; x_wconf 91' lang='lat' dir='ltr'><strong>et</strong></span> <span class='ocrx_word' id='word_1_12' title='bbox 1653 449 1678 476; x_wconf 68' lang='grc' dir='ltr'><strong>ιι</strong></span> <span class='ocrx_word' id='word_1_13' title='bbox 1704 436 1963 493; x_wconf 84' lang='lat' dir='ltr'><strong>t‘undibali</strong></span> <span class='ocrx_word' id='word_1_14' title='bbox 1985 435 2092 490; x_wconf 90' lang='lat' dir='ltr'><strong>ictu</strong></span> <span class='ocrx_word' id='word_1_15' title='bbox 2118 433 2170 494; x_wconf 83' lang='lat' dir='ltr'><strong>A</strong></span> <span class='ocrx_word' id='word_1_16' title='bbox 2197 431 2323 499; x_wconf 70' lang='lat' dir='ltr'><strong>dazi,</strong></span> <span class='ocrx_word' id='word_1_17' title='bbox 2372 445 2604 503; x_wconf 90' lang='lat' dir='ltr'><strong>quorum</strong></span> <span class='ocrx_word' id='word_1_18' title='bbox 2635 429 2830 486; x_wconf 83' lang='lat' dir='ltr'><strong>feriato</strong></span> <span class='ocrx_word' id='word_1_19' title='bbox 2864 429 2953 485; x_wconf 93' lang='lat' dir='ltr'><strong>die</strong></span> <span class='ocrx_word' id='word_1_20' title='bbox 2975 430 3185 486; x_wconf 78' lang='lat' dir='ltr'><strong>sabbati</strong></span> <span class='ocrx_word' id='word_1_21' title='bbox 3213 430 3354 484; x_wconf 89' lang='lat' dir='ltr'><strong>inter</strong></span> <span class='ocrx_word' id='word_1_22' title='bbox 3372 427 3644 484; x_wconf 82' lang='lat' dir='ltr'><strong>solemnes</strong></span> <span class='ocrx_word' id='word_1_23' title='bbox 3667 441 3795 481; x_wconf 87' lang='lat' dir='ltr'><strong>nos-</strong></span> 
     </span>
    </p>
   </div>
   <div class='ocr_carea' id='block_1_5' title="bbox 494 532 1416 604">
    <p class='ocr_par' dir='ltr' id='par_1_5' title="bbox 494 532 1416 604">
     <span class='ocr_line' id='line_1_5' title="bbox 494 532 1416 604; baseline -0.003 -15"><span class='ocrx_word' id='word_1_24' title='bbox 494 533 546 589; x_wconf 91' lang='lat' dir='ltr'><strong>in</strong></span> <span class='ocrx_word' id='word_1_25' title='bbox 565 536 756 590; x_wconf 87' lang='lat' dir='ltr'><strong>eadem</strong></span> <span class='ocrx_word' id='word_1_26' title='bbox 785 549 916 588; x_wconf 75' lang='lat' dir='ltr'><strong>voce</strong></span> <span class='ocrx_word' id='word_1_27' title='bbox 936 532 1118 589; x_wconf 90' lang='lat' dir='ltr'><strong>emisit</strong></span> <span class='ocrx_word' id='word_1_28' title='bbox 1145 533 1416 604; x_wconf 79' lang='lat' dir='ltr'><strong>spiritum.</strong></span> 
     </span>
    </p>
   </div>
   <div class='ocr_carea' id='block_1_6' title="bbox 1071 647 1508 706">
    <p class='ocr_par' dir='ltr' id='par_1_6' title="bbox 1071 647 1508 706">
     <span class='ocr_line' id='line_1_6' title="bbox 1071 647 1508 706; baseline -0.007 -1"><span class='ocrx_word' id='word_1_29' title='bbox 1071 647 1299 706; x_wconf 83' lang='lat' dir='ltr'><strong>CAPUT</strong></span> <span class='ocrx_word' id='word_1_30' title='bbox 1345 648 1508 704; x_wconf 87' lang='lat' dir='ltr'><strong>XVII.</strong></span> 
     </span>
    </p>
   </div>
   <div class='ocr_carea' id='block_1_7' title="bbox 566 739 2095 814">
    <p class='ocr_par' dir='ltr' id='par_1_7' title="bbox 566 739 2095 814">
     <span class='ocr_line' id='line_1_7' title="bbox 566 739 2095 814; baseline -0.004 -14"><span class='ocrx_word' id='word_1_31' title='bbox 566 743 764 800; x_wconf 87' lang='lat' dir='ltr'><strong>Urbem</strong></span> <span class='ocrx_word' id='word_1_32' title='bbox 779 743 938 798; x_wconf 89' lang='lat' dir='ltr'><strong>etiam</strong></span> <span class='ocrx_word' id='word_1_33' title='bbox 954 758 1074 798; x_wconf 91' lang='lat' dir='ltr'><strong>cum</strong></span> <span class='ocrx_word' id='word_1_34' title='bbox 1093 742 1551 814; x_wconf 86' lang='lat' dir='ltr'><strong>templo,vetustis</strong></span> <span class='ocrx_word' id='word_1_35' title='bbox 1577 741 1738 796; x_wconf 85' lang='lat' dir='ltr'><strong>etiam</strong></span> <span class='ocrx_word' id='word_1_36' title='bbox 1752 739 1948 796; x_wconf 90' lang='lat' dir='ltr'><strong>litteris</strong></span> <span class='ocrx_word' id='word_1_37' title='bbox 1961 739 2095 795; x_wconf 88' lang='lat' dir='ltr'><strong>scri-</strong></span> 
     </span>
    </p>
   </div>
   <div class='ocr_carea' id='block_1_8' title="bbox 491 832 2093 910">
    <p class='ocr_par' dir='ltr' id='par_1_8' title="bbox 491 832 2093 910">
     <span class='ocr_line' id='line_1_8' title="bbox 491 832 2093 910; baseline -0.004 -17"><span class='ocrx_word' id='word_1_38' title='bbox 491 848 640 910; x_wconf 91' lang='lat' dir='ltr'><strong>ptum</strong></span> <span class='ocrx_word' id='word_1_39' title='bbox 663 849 800 904; x_wconf 87' lang='lat' dir='ltr'><strong>erat,</strong></span> <span class='ocrx_word' id='word_1_40' title='bbox 829 846 957 893; x_wconf 92' lang='lat' dir='ltr'><strong>tunc</strong></span> <span class='ocrx_word' id='word_1_41' title='bbox 982 835 1300 907; x_wconf 77' lang='lat' dir='ltr'><strong>perituram,</strong></span> <span class='ocrx_word' id='word_1_42' title='bbox 1325 851 1446 891; x_wconf 92' lang='lat' dir='ltr'><strong>cum</strong></span> <span class='ocrx_word' id='word_1_43' title='bbox 1465 844 1804 906; x_wconf 91' lang='lat' dir='ltr'><strong>tetragonum</strong></span> <span class='ocrx_word' id='word_1_44' title='bbox 1831 832 2093 903; x_wconf 89' lang='lat' dir='ltr'><strong>templum</strong></span> 
     </span>
    </p>
   </div>
   <div class='ocr_carea' id='block_1_9' title="bbox 493 925 2094 999">
    <p class='ocr_par' dir='ltr' id='par_1_9' title="bbox 493 925 2094 999">
     <span class='ocr_line' id='line_1_9' title="bbox 493 925 2094 999; baseline -0.003 -15"><span class='ocrx_word' id='word_1_45' title='bbox 493 930 696 985; x_wconf 86' lang='lat' dir='ltr'><strong>factum</strong></span> <span class='ocrx_word' id='word_1_46' title='bbox 739 928 951 984; x_wconf 86' lang='lat' dir='ltr'><strong>fuisset.</strong></span> <span class='ocrx_word' id='word_1_47' title='bbox 999 929 1186 999; x_wconf 81' lang='lat' dir='ltr'><strong>Itaque</strong></span> <span class='ocrx_word' id='word_1_48' title='bbox 1223 929 1339 984; x_wconf 84' lang='lat' dir='ltr'><strong>sive</strong></span> <span class='ocrx_word' id='word_1_49' title='bbox 1367 929 1543 996; x_wconf 87' lang='lat' dir='ltr'><strong>obliti,</strong></span> <span class='ocrx_word' id='word_1_50' title='bbox 1577 927 1694 982; x_wconf 87' lang='lat' dir='ltr'><strong>sive</strong></span> <span class='ocrx_word' id='word_1_51' title='bbox 1733 925 2094 996; x_wconf 82' lang='lat' dir='ltr'><strong>obstupefacti</strong></span> 
     </span>
    </p>
   </div>
   <div class='ocr_carea' id='block_1_10' title="bbox 485 1020 2096 1094">
    <p class='ocr_par' dir='ltr' id='par_1_10' title="bbox 485 1020 2096 1094">
     <span class='ocr_line' id='line_1_10' title="bbox 485 1020 2096 1094; baseline -0.004 -16"><span class='ocrx_word' id='word_1_52' title='bbox 485 1022 855 1094; x_wconf 84' lang='lat' dir='ltr'><strong>ingruentium</strong></span> <span class='ocrx_word' id='word_1_53' title='bbox 907 1023 1178 1077; x_wconf 88' lang='lat' dir='ltr'><strong>malorum</strong></span> <span class='ocrx_word' id='word_1_54' title='bbox 1226 1022 1573 1085; x_wconf 81' lang='lat' dir='ltr'><strong>necessitate,</strong></span> <span class='ocrx_word' id='word_1_55' title='bbox 1601 1020 1693 1076; x_wconf 92' lang='lat' dir='ltr'><strong>ubi</strong></span> <span class='ocrx_word' id='word_1_56' title='bbox 1718 1028 1980 1089; x_wconf 90' lang='lat' dir='ltr'><strong>occupata</strong></span> <span class='ocrx_word' id='word_1_57' title='bbox 2011 1027 2096 1073; x_wconf 91' lang='lat' dir='ltr'><strong>est</strong></span> 
     </span>
    </p>
   </div>
   <div class='ocr_carea' id='block_1_11' title="bbox 488 1113 2095 1188">
    <p class='ocr_par' dir='ltr' id='par_1_11' title="bbox 488 1113 2095 1188">
     <span class='ocr_line' id='line_1_11' title="bbox 488 1113 2095 1188; baseline -0.004 -13"><span class='ocrx_word' id='word_1_58' title='bbox 488 1119 744 1184; x_wconf 84' lang='lat' dir='ltr'><strong>Antonia,</strong></span> <span class='ocrx_word' id='word_1_59' title='bbox 765 1126 1103 1188; x_wconf 86' lang='lat' dir='ltr'><strong>tetragonum</strong></span> <span class='ocrx_word' id='word_1_60' title='bbox 1138 1118 1191 1172; x_wconf 92' lang='lat' dir='ltr'><strong>in</strong></span> <span class='ocrx_word' id='word_1_61' title='bbox 1217 1117 1447 1173; x_wconf 86' lang='lat' dir='ltr'><strong>circuitu</strong></span> <span class='ocrx_word' id='word_1_62' title='bbox 1469 1115 1694 1185; x_wconf 87' lang='lat' dir='ltr'><strong>templib</strong></span> <span class='ocrx_word' id='word_1_63' title='bbox 1718 1115 1980 1171; x_wconf 89' lang='lat' dir='ltr'><strong>fecerunt.</strong></span> <span class='ocrx_word' id='word_1_64' title='bbox 2007 1113 2095 1169; x_wconf 88' lang='lat' dir='ltr'><strong>ln-</strong></span> 
     </span>
    </p>
   </div>
   <div class='ocr_carea' id='block_1_12' title="bbox 491 1208 2098 1283">
    <p class='ocr_par' dir='ltr' id='par_1_12' title="bbox 491 1208 2098 1283">
     <span class='ocr_line' id='line_1_12' title="bbox 491 1208 2098 1283; baseline -0.004 -16"><span class='ocrx_word' id='word_1_65' title='bbox 491 1212 854 1283; x_wconf 70' lang='lat' dir='ltr'><strong>terquteillud</strong></span> <span class='ocrx_word' id='word_1_66' title='bbox 882 1209 1618 1282; x_wconf 76' lang='lat' dir='ltr'><strong>przecellentissimum,quod</strong></span> <span class='ocrx_word' id='word_1_67' title='bbox 1644 1209 1696 1264; x_wconf 90' lang='lat' dir='ltr'><strong>in</strong></span> <span class='ocrx_word' id='word_1_68' title='bbox 1724 1208 1920 1277; x_wconf 74' lang='lat' dir='ltr'><strong>litteris</strong></span> <span class='ocrx_word' id='word_1_69' title='bbox 1945 1221 2098 1277; x_wconf 65' lang='lat' dir='ltr'><strong>(eque</strong></span> 
     </span>
    </p>
   </div>
   <div class='ocr_carea' id='block_1_13' title="bbox 488 1304 2093 1378">
    <p class='ocr_par' dir='ltr' id='par_1_13' title="bbox 488 1304 2093 1378">
     <span class='ocr_line' id='line_1_13' title="bbox 488 1304 2093 1378; baseline -0.004 -18"><span class='ocrx_word' id='word_1_70' title='bbox 488 1305 887 1378; x_wconf 84' lang='lat' dir='ltr'><strong>vetustis(quas</strong></span> <span class='ocrx_word' id='word_1_71' title='bbox 917 1319 1101 1360; x_wconf 85' lang='lat' dir='ltr'><strong>sacras</strong></span> <span class='ocrx_word' id='word_1_72' title='bbox 1131 1304 1416 1375; x_wconf 88' lang='lat' dir='ltr'><strong>vocabant)</strong></span> <span class='ocrx_word' id='word_1_73' title='bbox 1449 1304 1704 1358; x_wconf 89' lang='lat' dir='ltr'><strong>manebat</strong></span> <span class='ocrx_word' id='word_1_74' title='bbox 1743 1304 2093 1373; x_wconf 89' lang='lat' dir='ltr'><strong>impressum,</strong></span> 
     </span>
    </p>
   </div>
   <div class='ocr_carea' id='block_1_14' title="bbox 487 1393 2101 1473">
    <p class='ocr_par' dir='ltr' id='par_1_14' title="bbox 487 1393 2101 1473">
     <span class='ocr_line' id='line_1_14' title="bbox 487 1393 2101 1473; baseline -0.004 -17"><span class='ocrx_word' id='word_1_75' title='bbox 487 1401 631 1473; x_wconf 91' lang='lat' dir='ltr'><strong>quod</strong></span> <span class='ocrx_word' id='word_1_76' title='bbox 655 1400 950 1457; x_wconf 87' lang='lat' dir='ltr'><strong>secundum</strong></span> <span class='ocrx_word' id='word_1_77' title='bbox 983 1399 1115 1454; x_wconf 91' lang='lat' dir='ltr'><strong>illud</strong></span> <span class='ocrx_word' id='word_1_78' title='bbox 1141 1409 1371 1469; x_wconf 86' lang='lat' dir='ltr'><strong>tempus,</strong></span> <span class='ocrx_word' id='word_1_79' title='bbox 1397 1397 1610 1453; x_wconf 90' lang='lat' dir='ltr'><strong>futurus</strong></span> <span class='ocrx_word' id='word_1_80' title='bbox 1632 1407 1775 1453; x_wconf 87' lang='lat' dir='ltr'><strong>esset</strong></span> <span class='ocrx_word' id='word_1_81' title='bbox 1807 1397 1889 1451; x_wconf 91' lang='lat' dir='ltr'><strong>vir</strong></span> <span class='ocrx_word' id='word_1_82' title='bbox 1914 1396 2003 1466; x_wconf 89' lang='lat' dir='ltr'><strong>qui</strong></span> <span class='ocrx_word' id='word_1_83' title='bbox 2033 1393 2101 1450; x_wconf 89' lang='lat' dir='ltr'><strong>de</strong></span> 
     </span>
    </p>
   </div>
   <div class='ocr_carea' id='block_1_15' title="bbox 485 1491 2100 1566">
    <p class='ocr_par' dir='ltr' id='par_1_15' title="bbox 485 1491 2100 1566">
     <span class='ocr_line' id='line_1_15' title="bbox 485 1491 2100 1566; baseline -0.004 -16"><span class='ocrx_word' id='word_1_84' title='bbox 485 1495 712 1566; x_wconf 88' lang='lat' dir='ltr'><strong>regione</strong></span> <span class='ocrx_word' id='word_1_85' title='bbox 747 1509 935 1550; x_wconf 88' lang='lat' dir='ltr'><strong>eorum</strong></span> <span class='ocrx_word' id='word_1_86' title='bbox 967 1491 1256 1562; x_wconf 89' lang='lat' dir='ltr'><strong>imperium</strong></span> <span class='ocrx_word' id='word_1_87' title='bbox 1284 1501 1585 1548; x_wconf 82' lang='lat' dir='ltr'><strong>assumeret</strong></span> <span class='ocrx_word' id='word_1_88' title='bbox 1614 1492 1666 1546; x_wconf 91' lang='lat' dir='ltr'><strong>in</strong></span> <span class='ocrx_word' id='word_1_89' title='bbox 1697 1491 1884 1546; x_wconf 89' lang='lat' dir='ltr'><strong>orbem</strong></span> <span class='ocrx_word' id='word_1_90' title='bbox 1927 1497 2100 1544; x_wconf 88' lang='lat' dir='ltr'><strong>terra-</strong></span> 
     </span>
    </p>
   </div>
   <div class='ocr_carea' id='block_1_16' title="bbox 489 1582 2100 1656">
    <p class='ocr_par' dir='ltr' id='par_1_16' title="bbox 489 1582 2100 1656">
     <span class='ocr_line' id='line_1_16' title="bbox 489 1582 2100 1656; baseline -0.004 -12"><span class='ocrx_word' id='word_1_91' title='bbox 489 1589 768 1655; x_wconf 82' lang='lat' dir='ltr'><strong>rum.Quae</strong></span> <span class='ocrx_word' id='word_1_92' title='bbox 791 1603 880 1642; x_wconf 92' lang='lat' dir='ltr'><strong>res</strong></span> <span class='ocrx_word' id='word_1_93' title='bbox 895 1601 989 1642; x_wconf 91' lang='lat' dir='ltr'><strong>eos</strong></span> <span class='ocrx_word' id='word_1_94' title='bbox 1012 1587 1066 1642; x_wconf 94' lang='lat' dir='ltr'><strong>in</strong></span> <span class='ocrx_word' id='word_1_95' title='bbox 1083 1594 1235 1641; x_wconf 87' lang='lat' dir='ltr'><strong>tanto</strong></span> <span class='ocrx_word' id='word_1_96' title='bbox 1250 1587 1432 1641; x_wconf 80' lang='lat' dir='ltr'><strong>furore</strong></span> <span class='ocrx_word' id='word_1_97' title='bbox 1453 1587 1654 1656; x_wconf 88' lang='lat' dir='ltr'><strong>posuit,</strong></span> <span class='ocrx_word' id='word_1_98' title='bbox 1680 1596 1736 1640; x_wconf 87' lang='lat' dir='ltr'><strong>ut</strong></span> <span class='ocrx_word' id='word_1_99' title='bbox 1756 1582 1857 1640; x_wconf 87' lang='lat' dir='ltr'><strong>sibi</strong></span> <span class='ocrx_word' id='word_1_100' title='bbox 1887 1599 1992 1638; x_wconf 91' lang='lat' dir='ltr'><strong>non</strong></span> <span class='ocrx_word' id='word_1_101' title='bbox 2010 1597 2100 1638; x_wconf 87' lang='lat' dir='ltr'><strong>so-</strong></span> 
     </span>
    </p>
   </div>
   <div class='ocr_carea' id='block_1_17' title="bbox 491 1675 2100 1750">
    <p class='ocr_par' dir='ltr' id='par_1_17' title="bbox 491 1675 2100 1750">
     <span class='ocr_line' id='line_1_17' title="bbox 491 1675 2100 1750; baseline -0.004 -14"><span class='ocrx_word' id='word_1_102' title='bbox 491 1676 600 1736; x_wconf 79' lang='lat' dir='ltr'><strong>lum</strong></span> <span class='ocrx_word' id='word_1_103' title='bbox 617 1679 1050 1744; x_wconf 89' lang='lat' dir='ltr'><strong>libertatem,sed</strong></span> <span class='ocrx_word' id='word_1_104' title='bbox 1073 1679 1237 1734; x_wconf 91' lang='lat' dir='ltr'><strong>etiam</strong></span> <span class='ocrx_word' id='word_1_105' title='bbox 1259 1693 1484 1750; x_wconf 88' lang='lat' dir='ltr'><strong>regnum</strong></span> <span class='ocrx_word' id='word_1_106' title='bbox 1507 1676 1984 1748; x_wconf 89' lang='lat' dir='ltr'><strong>pollicerentur.ld</strong></span> <span class='ocrx_word' id='word_1_107' title='bbox 2009 1675 2100 1731; x_wconf 89' lang='lat' dir='ltr'><strong>alii</strong></span> 
     </span>
    </p>
   </div>
   <div class='ocr_carea' id='block_1_18' title="bbox 489 1771 2094 1844">
    <p class='ocr_par' dir='ltr' id='par_1_18' title="bbox 489 1771 2094 1844">
     <span class='ocr_line' id='line_1_18' title="bbox 489 1771 2094 1844; baseline -0.001 -15"><span class='ocrx_word' id='word_1_108' title='bbox 489 1774 556 1829; x_wconf 89' lang='lat' dir='ltr'><strong>ad</strong></span> <span class='ocrx_word' id='word_1_109' title='bbox 587 1773 981 1844; x_wconf 82' lang='lat' dir='ltr'><strong>Vespasianum</strong></span> <span class='ocrx_word' id='word_1_110' title='bbox 1010 1771 1356 1828; x_wconf 87' lang='lat' dir='ltr'><strong>referendum</strong></span> <span class='ocrx_word' id='word_1_111' title='bbox 1399 1780 1677 1841; x_wconf 86' lang='lat' dir='ltr'><strong>putarunt,</strong></span> <span class='ocrx_word' id='word_1_112' title='bbox 1709 1771 2094 1842; x_wconf 85' lang='lat' dir='ltr'><strong>prudentiores</strong></span> 
     </span>
    </p>
   </div>
   <div class='ocr_carea' id='block_1_19' title="bbox 490 1865 2092 1936">
    <p class='ocr_par' dir='ltr' id='par_1_19' title="bbox 490 1865 2092 1936">
     <span class='ocr_line' id='line_1_19' title="bbox 490 1865 2092 1936; baseline -0.001 -15"><span class='ocrx_word' id='word_1_113' title='bbox 490 1866 559 1921; x_wconf 87' lang='lat' dir='ltr'><strong>ad</strong></span> <span class='ocrx_word' id='word_1_114' title='bbox 590 1867 879 1922; x_wconf 90' lang='lat' dir='ltr'><strong>Dominum</strong></span> <span class='ocrx_word' id='word_1_115' title='bbox 928 1866 1138 1934; x_wconf 85' lang='lat' dir='ltr'><strong>Jesum,</strong></span> <span class='ocrx_word' id='word_1_116' title='bbox 1169 1865 1259 1936; x_wconf 89' lang='lat' dir='ltr'><strong>qui</strong></span> <span class='ocrx_word' id='word_1_117' title='bbox 1306 1867 1601 1922; x_wconf 90' lang='lat' dir='ltr'><strong>secundum</strong></span> <span class='ocrx_word' id='word_1_118' title='bbox 1633 1881 1853 1921; x_wconf 87' lang='lat' dir='ltr'><strong>carnem</strong></span> <span class='ocrx_word' id='word_1_119' title='bbox 1876 1866 2092 1936; x_wconf 86' lang='lat' dir='ltr'><strong>genitus</strong></span> 
     </span>
    </p>
   </div>
   <div class='ocr_carea' id='block_1_20' title="bbox 489 1957 2094 2032">
    <p class='ocr_par' dir='ltr' id='par_1_20' title="bbox 489 1957 2094 2032">
     <span class='ocr_line' id='line_1_20' title="bbox 489 1957 2094 2032; baseline -0.002 -16"><span class='ocrx_word' id='word_1_120' title='bbox 489 1975 559 2016; x_wconf 78' lang='lat' dir='ltr'><strong>ex</strong></span> <span class='ocrx_word' id='word_1_121' title='bbox 583 1960 744 2014; x_wconf 80' lang='lat' dir='ltr'><strong>Maria</strong></span> <span class='ocrx_word' id='word_1_122' title='bbox 775 1975 1001 2032; x_wconf 81' lang='lat' dir='ltr'><strong>regnum</strong></span> <span class='ocrx_word' id='word_1_123' title='bbox 1032 1975 1187 2015; x_wconf 92' lang='lat' dir='ltr'><strong>suum</strong></span> <span class='ocrx_word' id='word_1_124' title='bbox 1221 1975 1319 2032; x_wconf 88' lang='lat' dir='ltr'><strong>per</strong></span> <span class='ocrx_word' id='word_1_125' title='bbox 1345 1960 1657 2015; x_wconf 86' lang='lat' dir='ltr'><strong>universum</strong></span> <span class='ocrx_word' id='word_1_126' title='bbox 1707 1959 1969 2013; x_wconf 91' lang='lat' dir='ltr'><strong>mundum</strong></span> <span class='ocrx_word' id='word_1_127' title='bbox 1992 1957 2094 2014; x_wconf 90' lang='lat' dir='ltr'><strong>dif-</strong></span> 
     </span>
    </p>
   </div>
   <div class='ocr_carea' id='block_1_21' title="bbox 487 2052 2090 2123">
    <p class='ocr_par' dir='ltr' id='par_1_21' title="bbox 487 2052 2090 2123">
     <span class='ocr_line' id='line_1_21' title="bbox 487 2052 2090 2123; baseline -0.001 -15"><span class='ocrx_word' id='word_1_128' title='bbox 487 2052 645 2108; x_wconf 82' lang='lat' dir='ltr'><strong>fudit.</strong></span> <span class='ocrx_word' id='word_1_129' title='bbox 671 2053 861 2108; x_wconf 82' lang='lat' dir='ltr'><strong>Tantis</strong></span> <span class='ocrx_word' id='word_1_130' title='bbox 894 2056 1077 2123; x_wconf 82' lang='lat' dir='ltr'><strong>itaque</strong></span> <span class='ocrx_word' id='word_1_131' title='bbox 1108 2053 1276 2109; x_wconf 89' lang='lat' dir='ltr'><strong>rebus</strong></span> <span class='ocrx_word' id='word_1_132' title='bbox 1304 2063 1326 2091; x_wconf 77' lang='grc' dir='ltr'><strong>ο</strong></span> <span class='ocrx_word' id='word_1_133' title='bbox 1359 2052 1725 2120; x_wconf 88' lang='lat' dir='ltr'><strong>manentibus,</strong></span> <span class='ocrx_word' id='word_1_134' title='bbox 1760 2067 1868 2108; x_wconf 90' lang='lat' dir='ltr'><strong>non</strong></span> <span class='ocrx_word' id='word_1_135' title='bbox 1900 2061 2090 2122; x_wconf 84' lang='lat' dir='ltr'><strong>potue-</strong></span> 
     </span>
    </p>
   </div>
   <div class='ocr_carea' id='block_1_22' title="bbox 489 2144 2092 2214">
    <p class='ocr_par' dir='ltr' id='par_1_22' title="bbox 489 2144 2092 2214">
     <span class='ocr_line' id='line_1_22' title="bbox 489 2144 2092 2214; baseline 0.001 -15"><span class='ocrx_word' id='word_1_136' title='bbox 489 2155 616 2200; x_wconf 91' lang='lat' dir='ltr'><strong>runt</strong></span> <span class='ocrx_word' id='word_1_137' title='bbox 635 2159 830 2201; x_wconf 89' lang='lat' dir='ltr'><strong>cavere</strong></span> <span class='ocrx_word' id='word_1_138' title='bbox 854 2144 998 2214; x_wconf 88' lang='lat' dir='ltr'><strong>quod</strong></span> <span class='ocrx_word' id='word_1_139' title='bbox 1024 2144 1283 2200; x_wconf 90' lang='lat' dir='ltr'><strong>divinitus</strong></span> <span class='ocrx_word' id='word_1_140' title='bbox 1303 2144 1724 2200; x_wconf 87' lang='lat' dir='ltr'><strong>decernebatur.</strong></span> <span class='ocrx_word' id='word_1_141' title='bbox 1753 2144 2092 2201; x_wconf 85' lang='lat' dir='ltr'><strong>Manifestam</strong></span> 
     </span>
    </p>
   </div>
   <div class='ocr_carea' id='block_1_23' title="bbox 489 2240 2096 2312">
    <p class='ocr_par' dir='ltr' id='par_1_23' title="bbox 489 2240 2096 2312">
     <span class='ocr_line' id='line_1_23' title="bbox 489 2240 2096 2312; baseline -0.002 -12"><span class='ocrx_word' id='word_1_142' title='bbox 489 2245 633 2300; x_wconf 89' lang='lat' dir='ltr'><strong>enim</strong></span> <span class='ocrx_word' id='word_1_143' title='bbox 666 2243 764 2297; x_wconf 90' lang='lat' dir='ltr'><strong>Dei</strong></span> <span class='ocrx_word' id='word_1_144' title='bbox 791 2243 845 2296; x_wconf 93' lang='lat' dir='ltr'><strong>in</strong></span> <span class='ocrx_word' id='word_1_145' title='bbox 873 2255 933 2297; x_wconf 90' lang='lat' dir='ltr'><strong>se</strong></span> <span class='ocrx_word' id='word_1_146' title='bbox 965 2251 1362 2312; x_wconf 86' lang='lat' dir='ltr'><strong>cognoscentes</strong></span> <span class='ocrx_word' id='word_1_147' title='bbox 1396 2242 1555 2307; x_wconf 90' lang='lat' dir='ltr'><strong>iram,</strong></span> <span class='ocrx_word' id='word_1_148' title='bbox 1587 2240 1654 2295; x_wconf 91' lang='lat' dir='ltr'><strong>ad</strong></span> <span class='ocrx_word' id='word_1_149' title='bbox 1707 2241 2096 2296; x_wconf 87' lang='lat' dir='ltr'><strong>consolationis</strong></span> 
     </span>
    </p>
   </div>
   <div class='ocr_carea' id='block_1_24' title="bbox 489 2338 2096 2410">
    <p class='ocr_par' dir='ltr' id='par_1_24' title="bbox 489 2338 2096 2410">
     <span class='ocr_line' id='line_1_24' title="bbox 489 2338 2096 2410; baseline -0.001 -16"><span class='ocrx_word' id='word_1_150' title='bbox 489 2338 722 2408; x_wconf 91' lang='lat' dir='ltr'><strong>alicujus</strong></span> <span class='ocrx_word' id='word_1_151' title='bbox 753 2339 1058 2394; x_wconf 86' lang='lat' dir='ltr'><strong>remedium</strong></span> <span class='ocrx_word' id='word_1_152' title='bbox 1087 2339 1398 2410; x_wconf 89' lang='lat' dir='ltr'><strong>pertingere</strong></span> <span class='ocrx_word' id='word_1_153' title='bbox 1436 2345 1731 2392; x_wconf 83' lang='lat' dir='ltr'><strong>renucrunt</strong></span> <span class='ocrx_word' id='word_1_154' title='bbox 1760 2354 1772 2390; x_wconf 94' lang='lat'>:</span> <span class='ocrx_word' id='word_1_155' title='bbox 1805 2346 1947 2391; x_wconf 89' lang='lat' dir='ltr'><strong>tanta</strong></span> <span class='ocrx_word' id='word_1_156' title='bbox 1977 2351 2096 2393; x_wconf 87' lang='lat' dir='ltr'><strong>sce-</strong></span> 
     </span>
    </p>
   </div>
   <div class='ocr_carea' id='block_1_25' title="bbox 491 2430 1839 2489">
    <p class='ocr_par' dir='ltr' id='par_1_25' title="bbox 491 2430 1839 2489">
     <span class='ocr_line' id='line_1_25' title="bbox 491 2430 1839 2489; baseline -0.003 -2"><span class='ocrx_word' id='word_1_157' title='bbox 491 2431 620 2488; x_wconf 91' lang='lat' dir='ltr'><strong>leris</strong></span> <span class='ocrx_word' id='word_1_158' title='bbox 643 2431 985 2489; x_wconf 89' lang='lat' dir='ltr'><strong>obnubilatio</strong></span> <span class='ocrx_word' id='word_1_159' title='bbox 1008 2431 1272 2488; x_wconf 90' lang='lat' dir='ltr'><strong>mentium</strong></span> <span class='ocrx_word' id='word_1_160' title='bbox 1306 2432 1496 2487; x_wconf 91' lang='lat' dir='ltr'><strong>oculos</strong></span> <span class='ocrx_word' id='word_1_161' title='bbox 1516 2430 1839 2487; x_wconf 84' lang='lat' dir='ltr'><strong>obduxerat.</strong></span> 
     </span>
    </p>
   </div>
   <div class='ocr_carea' id='block_1_26' title="bbox 1063 2523 1521 2580">
    <p class='ocr_par' dir='ltr' id='par_1_26' title="bbox 1063 2523 1521 2580">
     <span class='ocr_line' id='line_1_26' title="bbox 1063 2523 1521 2580; baseline -0.004 0"><span class='ocrx_word' id='word_1_162' title='bbox 1063 2523 1292 2580; x_wconf 81' lang='lat' dir='ltr'><strong>CAPUT</strong></span> <span class='ocrx_word' id='word_1_163' title='bbox 1330 2523 1521 2578; x_wconf 82' lang='lat' dir='ltr'><strong>XVIII.</strong></span> 
     </span>
    </p>
   </div>
   <div class='ocr_carea' id='block_1_27' title="bbox 564 2613 2094 2688">
    <p class='ocr_par' dir='ltr' id='par_1_27' title="bbox 564 2613 2094 2688">
     <span class='ocr_line' id='line_1_27' title="bbox 564 2613 2094 2688; baseline -0.003 -17"><span class='ocrx_word' id='word_1_164' title='bbox 564 2616 873 2688; x_wconf 89' lang='lat' dir='ltr'><strong>Desperatis</strong></span> <span class='ocrx_word' id='word_1_165' title='bbox 894 2616 1163 2687; x_wconf 87' lang='lat' dir='ltr'><strong>siquidem</strong></span> <span class='ocrx_word' id='word_1_166' title='bbox 1189 2625 1242 2672; x_wconf 89' lang='lat' dir='ltr'><strong>et</strong></span> <span class='ocrx_word' id='word_1_167' title='bbox 1268 2631 1454 2672; x_wconf 90' lang='lat' dir='ltr'><strong>eorum</strong></span> <span class='ocrx_word' id='word_1_168' title='bbox 1481 2616 1666 2682; x_wconf 90' lang='lat' dir='ltr'><strong>rebus,</strong></span> <span class='ocrx_word' id='word_1_169' title='bbox 1689 2623 1878 2672; x_wconf 87' lang='lat' dir='ltr'><strong>auctor</strong></span> <span class='ocrx_word' id='word_1_170' title='bbox 1905 2613 2094 2670; x_wconf 89' lang='lat' dir='ltr'><strong>turba-</strong></span> 
     </span>
    </p>
   </div>
   <div class='ocr_carea' id='block_1_28' title="bbox 490 2707 2099 2775">
    <p class='ocr_par' dir='ltr' id='par_1_28' title="bbox 490 2707 2099 2775">
     <span class='ocr_line' id='line_1_28' title="bbox 490 2707 2099 2775; baseline -0.001 -11"><span class='ocrx_word' id='word_1_171' title='bbox 490 2723 612 2764; x_wconf 88' lang='lat' dir='ltr'><strong>rum</strong></span> <span class='ocrx_word' id='word_1_172' title='bbox 643 2709 933 2764; x_wconf 84' lang='lat' dir='ltr'><strong>Eleazarus</strong></span> <span class='ocrx_word' id='word_1_173' title='bbox 962 2751 976 2775; x_wconf 94' lang='lat'><strong>,</strong></span> <span class='ocrx_word' id='word_1_174' title='bbox 1011 2709 1155 2764; x_wconf 89' lang='lat' dir='ltr'><strong>inter</strong></span> <span class='ocrx_word' id='word_1_175' title='bbox 1193 2716 1391 2764; x_wconf 67' lang='lat' dir='ltr'><strong>caetera</strong></span> <span class='ocrx_word' id='word_1_176' title='bbox 1423 2707 1738 2763; x_wconf 61' lang='lat' dir='ltr'><strong>diffidentiae</strong></span> <span class='ocrx_word' id='word_1_177' title='bbox 1784 2707 1968 2774; x_wconf 90' lang='lat' dir='ltr'><strong>verba,</strong></span> <span class='ocrx_word' id='word_1_178' title='bbox 2003 2707 2099 2763; x_wconf 87' lang='lat' dir='ltr'><strong>ab-</strong></span> 
     </span>
    </p>
   </div>
   <div class='ocr_carea' id='block_1_29' title="bbox 485 2799 2094 2872">
    <p class='ocr_par' dir='ltr' id='par_1_29' title="bbox 485 2799 2094 2872">
     <span class='ocr_line' id='line_1_29' title="bbox 485 2799 2094 2872; baseline -0.002 -16"><span class='ocrx_word' id='word_1_179' title='bbox 485 2800 742 2872; x_wconf 88' lang='lat' dir='ltr'><strong>jectionis</strong></span> <span class='ocrx_word' id='word_1_180' title='bbox 763 2816 876 2857; x_wconf 83' lang='lat' dir='ltr'><strong>suae</strong></span> <span class='ocrx_word' id='word_1_181' title='bbox 903 2817 933 2856; x_wconf 87' lang='lat' dir='ltr'><strong>a</strong></span> <span class='ocrx_word' id='word_1_182' title='bbox 963 2801 1077 2858; x_wconf 92' lang='lat' dir='ltr'><strong>Deo</strong></span> <span class='ocrx_word' id='word_1_183' title='bbox 1097 2802 1177 2858; x_wconf 91' lang='lat' dir='ltr'><strong>sic</strong></span> <span class='ocrx_word' id='word_1_184' title='bbox 1205 2809 1534 2872; x_wconf 90' lang='lat' dir='ltr'><strong>conquestus</strong></span> <span class='ocrx_word' id='word_1_185' title='bbox 1563 2811 1644 2856; x_wconf 83' lang='lat' dir='ltr'><strong>est</strong></span> <span class='ocrx_word' id='word_1_186' title='bbox 1671 2818 1683 2854; x_wconf 88' lang='lat'><strong>;</strong></span> <span class='ocrx_word' id='word_1_187' title='bbox 1715 2800 1760 2855; x_wconf 93' lang='grc' dir='ltr'>Ο</span> <span class='ocrx_word' id='word_1_188' title='bbox 1786 2799 1998 2867; x_wconf 89' lang='lat' dir='ltr'><strong>miseri,</strong></span> <span class='ocrx_word' id='word_1_189' title='bbox 2030 2800 2094 2854; x_wconf 91' lang='lat' dir='ltr'><strong>ad</strong></span> 
     </span>
    </p>
   </div>
   <div class='ocr_carea' id='block_1_30' title="bbox 488 2890 2098 2964">
    <p class='ocr_par' dir='ltr' id='par_1_30' title="bbox 488 2890 2098 2964">
     <span class='ocr_line' id='line_1_30' title="bbox 488 2890 2098 2964; baseline -0.001 -17"><span class='ocrx_word' id='word_1_190' title='bbox 488 2909 648 2964; x_wconf 90' lang='lat' dir='ltr'><strong>quam</strong></span> <span class='ocrx_word' id='word_1_191' title='bbox 681 2909 833 2964; x_wconf 89' lang='lat' dir='ltr'><strong>spem</strong></span> <span class='ocrx_word' id='word_1_192' title='bbox 865 2894 1022 2950; x_wconf 87' lang='lat' dir='ltr'><strong>istius</strong></span> <span class='ocrx_word' id='word_1_193' title='bbox 1045 2895 1169 2950; x_wconf 73' lang='lat' dir='ltr'><strong>vita:</strong></span> <span class='ocrx_word' id='word_1_194' title='bbox 1199 2908 1299 2949; x_wconf 88' lang='lat' dir='ltr'><strong>nos</strong></span> <span class='ocrx_word' id='word_1_195' title='bbox 1325 2893 1719 2949; x_wconf 84' lang='lat' dir='ltr'><strong>reservamus?</strong></span> <span class='ocrx_word' id='word_1_196' title='bbox 1744 2893 1894 2958; x_wconf 86' lang='lat' dir='ltr'><strong>Esto,</strong></span> <span class='ocrx_word' id='word_1_197' title='bbox 1927 2890 2098 2946; x_wconf 91' lang='lat' dir='ltr'><strong>hostis</strong></span> 
     </span>
    </p>
   </div>
   <div class='ocr_carea' id='block_1_31' title="bbox 489 2988 2098 3060">
    <p class='ocr_par' dir='ltr' id='par_1_31' title="bbox 489 2988 2098 3060">
     <span class='ocr_line' id='line_1_31' title="bbox 489 2988 2098 3060; baseline 0 -17"><span class='ocrx_word' id='word_1_198' title='bbox 489 2989 756 3058; x_wconf 86' lang='lat' dir='ltr'><strong>ignoscat,</strong></span> <span class='ocrx_word' id='word_1_199' title='bbox 781 2988 910 3059; x_wconf 88' lang='lat' dir='ltr'><strong>quid</strong></span> <span class='ocrx_word' id='word_1_200' title='bbox 942 2989 1186 3060; x_wconf 88' lang='lat' dir='ltr'><strong>proderit</strong></span> <span class='ocrx_word' id='word_1_201' title='bbox 1211 3005 1334 3045; x_wconf 92' lang='lat' dir='ltr'><strong>cum</strong></span> <span class='ocrx_word' id='word_1_202' title='bbox 1369 2989 1460 3045; x_wconf 86' lang='lat' dir='ltr'><strong>Dei</strong></span> <span class='ocrx_word' id='word_1_203' title='bbox 1499 2989 1703 3045; x_wconf 81' lang='lat' dir='ltr'><strong>offensa</strong></span> <span class='ocrx_word' id='word_1_204' title='bbox 1731 2989 1919 3044; x_wconf 91' lang='lat' dir='ltr'><strong>clara?</strong></span> <span class='ocrx_word' id='word_1_205' title='bbox 1947 2989 2098 3059; x_wconf 83' lang='lat' dir='ltr'><strong>ignes</strong></span> 
     </span>
    </p>
   </div>
   <div class='ocr_carea' id='block_1_32' title="bbox 490 3081 2094 3152">
    <p class='ocr_par' dir='ltr' id='par_1_32' title="bbox 490 3081 2094 3152">
     <span class='ocr_line' id='line_1_32' title="bbox 490 3081 2094 3152; baseline 0 -17"><span class='ocrx_word' id='word_1_206' title='bbox 490 3083 560 3139; x_wconf 86' lang='lat' dir='ltr'><strong>ab</strong></span> <span class='ocrx_word' id='word_1_207' title='bbox 589 3082 744 3138; x_wconf 86' lang='lat' dir='ltr'><strong>hoste</strong></span> <span class='ocrx_word' id='word_1_208' title='bbox 794 3083 847 3137; x_wconf 91' lang='lat' dir='ltr'><strong>in</strong></span> <span class='ocrx_word' id='word_1_209' title='bbox 902 3097 1001 3138; x_wconf 92' lang='lat' dir='ltr'><strong>nos</strong></span> <span class='ocrx_word' id='word_1_210' title='bbox 1030 3083 1198 3152; x_wconf 87' lang='lat' dir='ltr'><strong>versi,</strong></span> <span class='ocrx_word' id='word_1_211' title='bbox 1253 3092 1457 3138; x_wconf 88' lang='lat' dir='ltr'><strong>mutata</strong></span> <span class='ocrx_word' id='word_1_212' title='bbox 1513 3091 1799 3138; x_wconf 88' lang='lat' dir='ltr'><strong>ventorum</strong></span> <span class='ocrx_word' id='word_1_213' title='bbox 1852 3081 2094 3146; x_wconf 86' lang='lat' dir='ltr'><strong>flamina,</strong></span> 
     </span>
    </p>
   </div>
   <div class='ocr_carea' id='block_1_33' title="bbox 486 3173 2091 3244">
    <p class='ocr_par' dir='ltr' id='par_1_33' title="bbox 486 3173 2091 3244">
     <span class='ocr_line' id='line_1_33' title="bbox 486 3173 2091 3244; baseline 0.002 -15"><span class='ocrx_word' id='word_1_214' title='bbox 486 3173 719 3230; x_wconf 86' lang='lat' dir='ltr'><strong>flammae</strong></span> <span class='ocrx_word' id='word_1_215' title='bbox 762 3185 979 3232; x_wconf 67' lang='lat' dir='ltr'><strong>retortze</strong></span> <span class='ocrx_word' id='word_1_216' title='bbox 1015 3219 1028 3244; x_wconf 95' lang='lat'><strong>,</strong></span> <span class='ocrx_word' id='word_1_217' title='bbox 1079 3187 1137 3232; x_wconf 94' lang='lat' dir='ltr'><strong>ut</strong></span> <span class='ocrx_word' id='word_1_218' title='bbox 1186 3187 1370 3233; x_wconf 90' lang='lat' dir='ltr'><strong>nostra</strong></span> <span class='ocrx_word' id='word_1_219' title='bbox 1431 3178 1670 3234; x_wconf 89' lang='lat' dir='ltr'><strong>subsidia</strong></span> <span class='ocrx_word' id='word_1_220' title='bbox 1721 3177 2091 3233; x_wconf 88' lang='lat' dir='ltr'><strong>demerentur.</strong></span> 
     </span>
    </p>
   </div>
   <div class='ocr_carea' id='block_1_34' title="bbox 2197 520 3798 594">
    <p class='ocr_par' dir='ltr' id='par_1_34' title="bbox 2197 520 3798 594">
     <span class='ocr_line' id='line_1_34' title="bbox 2197 520 3798 594; baseline -0.004 -14"><span class='ocrx_word' id='word_1_221' title='bbox 2197 535 2402 581; x_wconf 91' lang='lat' dir='ltr'><strong>trorum</strong></span> <span class='ocrx_word' id='word_1_222' title='bbox 2431 540 2712 580; x_wconf 89' lang='lat' dir='ltr'><strong>sacrorum</strong></span> <span class='ocrx_word' id='word_1_223' title='bbox 2738 524 2913 580; x_wconf 91' lang='lat' dir='ltr'><strong>cultus</strong></span> <span class='ocrx_word' id='word_1_224' title='bbox 2959 521 3251 578; x_wconf 90' lang='lat' dir='ltr'><strong>multitudo</strong></span> <span class='ocrx_word' id='word_1_225' title='bbox 3276 521 3559 594; x_wconf 84' lang='lat' dir='ltr'><strong>gentilium</strong></span> <span class='ocrx_word' id='word_1_226' title='bbox 3613 520 3798 574; x_wconf 62' lang='lat' dir='ltr'><strong>Cresa-</strong></span> 
     </span>
    </p>
   </div>
   <div class='ocr_carea' id='block_1_35' title="bbox 2196 615 3800 690">
    <p class='ocr_par' dir='ltr' id='par_1_35' title="bbox 2196 615 3800 690">
     <span class='ocr_line' id='line_1_35' title="bbox 2196 615 3800 690; baseline -0.004 -16"><span class='ocrx_word' id='word_1_227' title='bbox 2196 620 2481 685; x_wconf 91' lang='lat' dir='ltr'><strong>riensium,</strong></span> <span class='ocrx_word' id='word_1_228' title='bbox 2506 618 2792 690; x_wconf 89' lang='lat' dir='ltr'><strong>repentino</strong></span> <span class='ocrx_word' id='word_1_229' title='bbox 2812 616 3046 689; x_wconf 90' lang='lat' dir='ltr'><strong>quodam</strong></span> <span class='ocrx_word' id='word_1_230' title='bbox 3071 617 3274 687; x_wconf 87' lang='lat' dir='ltr'><strong>impetu</strong></span> <span class='ocrx_word' id='word_1_231' title='bbox 3297 626 3351 671; x_wconf 90' lang='lat' dir='ltr'><strong>et</strong></span> <span class='ocrx_word' id='word_1_232' title='bbox 3374 615 3541 670; x_wconf 90' lang='lat' dir='ltr'><strong>misso</strong></span> <span class='ocrx_word' id='word_1_233' title='bbox 3561 615 3800 684; x_wconf 86' lang='lat' dir='ltr'><strong>desuper</strong></span> 
     </span>
    </p>
   </div>
   <div class='ocr_carea' id='block_1_36' title="bbox 2196 704 3793 783">
    <p class='ocr_par' dir='ltr' id='par_1_36' title="bbox 2196 704 3793 783">
     <span class='ocr_line' id='line_1_36' title="bbox 2196 704 3793 783; baseline -0.006 -15"><span class='ocrx_word' id='word_1_234' title='bbox 2196 713 2382 768; x_wconf 86' lang='lat' dir='ltr'><strong>furore</strong></span> <span class='ocrx_word' id='word_1_235' title='bbox 2406 727 2671 768; x_wconf 90' lang='lat' dir='ltr'><strong>succensa</strong></span> <span class='ocrx_word' id='word_1_236' title='bbox 2693 711 2886 783; x_wconf 88' lang='lat' dir='ltr'><strong>viginti</strong></span> <span class='ocrx_word' id='word_1_237' title='bbox 2907 711 3075 766; x_wconf 90' lang='lat' dir='ltr'><strong>millia</strong></span> <span class='ocrx_word' id='word_1_238' title='bbox 3105 709 3328 775; x_wconf 87' lang='lat' dir='ltr'><strong>delevit,</strong></span> <span class='ocrx_word' id='word_1_239' title='bbox 3350 723 3544 764; x_wconf 90' lang='lat' dir='ltr'><strong>omnes</strong></span> <span class='ocrx_word' id='word_1_240' title='bbox 3568 704 3793 777; x_wconf 86' lang='lat' dir='ltr'><strong>fugavit,</strong></span> 
     </span>
    </p>
   </div>
   <div class='ocr_carea' id='block_1_37' title="bbox 2195 801 3796 874">
    <p class='ocr_par' dir='ltr' id='par_1_37' title="bbox 2195 801 3796 874">
     <span class='ocr_line' id='line_1_37' title="bbox 2195 801 3796 874; baseline -0.005 -13"><span class='ocrx_word' id='word_1_241' title='bbox 2195 819 2254 862; x_wconf 89' lang='lat' dir='ltr'><strong>ut</strong></span> <span class='ocrx_word' id='word_1_242' title='bbox 2283 815 2449 861; x_wconf 87' lang='lat' dir='ltr'><strong>totam</strong></span> <span class='ocrx_word' id='word_1_243' title='bbox 2478 806 2666 862; x_wconf 91' lang='lat' dir='ltr'><strong>urbem</strong></span> <span class='ocrx_word' id='word_1_244' title='bbox 2693 803 3232 861; x_wconf 83' lang='lat' dir='ltr'><strong>exinaniret.Nonne</strong></span> <span class='ocrx_word' id='word_1_245' title='bbox 3247 803 3457 874; x_wconf 84' lang='lat' dir='ltr'><strong>Syriam</strong></span> <span class='ocrx_word' id='word_1_246' title='bbox 3486 810 3652 856; x_wconf 89' lang='lat' dir='ltr'><strong>totam</strong></span> <span class='ocrx_word' id='word_1_247' title='bbox 3672 801 3796 869; x_wconf 89' lang='lat' dir='ltr'><strong>qui-</strong></span> 
     </span>
    </p>
   </div>
   <div class='ocr_carea' id='block_1_38' title="bbox 2195 893 3796 972">
    <p class='ocr_par' dir='ltr' id='par_1_38' title="bbox 2195 893 3796 972">
     <span class='ocr_line' id='line_1_38' title="bbox 2195 893 3796 972; baseline -0.008 -13"><span class='ocrx_word' id='word_1_248' title='bbox 2195 903 2320 959; x_wconf 86' lang='lat' dir='ltr'><strong>dem</strong></span> <span class='ocrx_word' id='word_1_249' title='bbox 2373 902 2621 972; x_wconf 87' lang='lat' dir='ltr'><strong>implevit</strong></span> <span class='ocrx_word' id='word_1_250' title='bbox 2665 900 2961 966; x_wconf 90' lang='lat' dir='ltr'><strong>dementia,</strong></span> <span class='ocrx_word' id='word_1_251' title='bbox 2993 908 3047 955; x_wconf 93' lang='lat' dir='ltr'><strong>ut</strong></span> <span class='ocrx_word' id='word_1_252' title='bbox 3076 897 3251 953; x_wconf 65' lang='lat' dir='ltr'><strong>Judaei</strong></span> <span class='ocrx_word' id='word_1_253' title='bbox 3295 908 3458 967; x_wconf 87' lang='lat' dir='ltr'><strong>atque</strong></span> <span class='ocrx_word' id='word_1_254' title='bbox 3485 893 3719 967; x_wconf 88' lang='lat' dir='ltr'><strong>gentiles</strong></span> <span class='ocrx_word' id='word_1_255' title='bbox 3741 895 3796 947; x_wconf 91' lang='lat' dir='ltr'><strong>in</strong></span> 
     </span>
    </p>
   </div>
   <div class='ocr_carea' id='block_1_39' title="bbox 2197 989 3802 1064">
    <p class='ocr_par' dir='ltr' id='par_1_39' title="bbox 2197 989 3802 1064">
     <span class='ocr_line' id='line_1_39' title="bbox 2197 989 3802 1064; baseline -0.004 -12"><span class='ocrx_word' id='word_1_256' title='bbox 2197 998 2392 1053; x_wconf 87' lang='lat' dir='ltr'><strong>iisdem</strong></span> <span class='ocrx_word' id='word_1_257' title='bbox 2433 997 2655 1052; x_wconf 81' lang='lat' dir='ltr'><strong>urbibus</strong></span> <span class='ocrx_word' id='word_1_258' title='bbox 2704 996 2815 1064; x_wconf 90' lang='lat' dir='ltr'><strong>siti,</strong></span> <span class='ocrx_word' id='word_1_259' title='bbox 2877 1005 2930 1050; x_wconf 91' lang='lat' dir='ltr'><strong>et</strong></span> <span class='ocrx_word' id='word_1_260' title='bbox 2988 994 3254 1049; x_wconf 91' lang='lat' dir='ltr'><strong>incolatus</strong></span> <span class='ocrx_word' id='word_1_261' title='bbox 3292 992 3464 1064; x_wconf 87' lang='lat' dir='ltr'><strong>gratia</strong></span> <span class='ocrx_word' id='word_1_262' title='bbox 3496 991 3600 1048; x_wconf 91' lang='lat' dir='ltr'><strong>sibi</strong></span> <span class='ocrx_word' id='word_1_263' title='bbox 3647 989 3802 1060; x_wconf 89' lang='lat' dir='ltr'><strong>prius</strong></span> 
     </span>
    </p>
   </div>
   <div class='ocr_carea' id='block_1_40' title="bbox 2199 1084 3802 1160">
    <p class='ocr_par' dir='ltr' id='par_1_40' title="bbox 2199 1084 3802 1160">
     <span class='ocr_line' id='line_1_40' title="bbox 2199 1084 3802 1160; baseline -0.003 -15"><span class='ocrx_word' id='word_1_264' title='bbox 2199 1090 2345 1155; x_wconf 84' lang='lat' dir='ltr'><strong>nexi,</strong></span> <span class='ocrx_word' id='word_1_265' title='bbox 2376 1099 2564 1160; x_wconf 88' lang='lat' dir='ltr'><strong>postea</strong></span> <span class='ocrx_word' id='word_1_266' title='bbox 2584 1091 2726 1145; x_wconf 90' lang='lat' dir='ltr'><strong>inter</strong></span> <span class='ocrx_word' id='word_1_267' title='bbox 2768 1104 2826 1145; x_wconf 89' lang='lat' dir='ltr'><strong>se</strong></span> <span class='ocrx_word' id='word_1_268' title='bbox 2852 1088 3020 1143; x_wconf 90' lang='lat' dir='ltr'><strong>armis</strong></span> <span class='ocrx_word' id='word_1_269' title='bbox 3041 1087 3386 1151; x_wconf 90' lang='lat' dir='ltr'><strong>colliderent,</strong></span> <span class='ocrx_word' id='word_1_270' title='bbox 3404 1101 3511 1156; x_wconf 90' lang='lat' dir='ltr'><strong>quo</strong></span> <span class='ocrx_word' id='word_1_271' title='bbox 3534 1084 3802 1141; x_wconf 81' lang='lat' dir='ltr'><strong>Romanis</strong></span> 
     </span>
    </p>
   </div>
   <div class='ocr_carea' id='block_1_41' title="bbox 2199 1175 3805 1248">
    <p class='ocr_par' dir='ltr' id='par_1_41' title="bbox 2199 1175 3805 1248">
     <span class='ocr_line' id='line_1_41' title="bbox 2199 1175 3805 1248; baseline -0.002 -13"><span class='ocrx_word' id='word_1_272' title='bbox 2199 1181 2398 1238; x_wconf 85' lang='lat' dir='ltr'><strong>vadum</strong></span> <span class='ocrx_word' id='word_1_273' title='bbox 2427 1181 2625 1237; x_wconf 72' lang='lat' dir='ltr'><strong>futura:</strong></span> <span class='ocrx_word' id='word_1_274' title='bbox 2652 1181 2897 1237; x_wconf 75' lang='lat' dir='ltr'><strong>victoria:</strong></span> <span class='ocrx_word' id='word_1_275' title='bbox 2931 1179 3393 1236; x_wconf 88' lang='lat' dir='ltr'><strong>constitueretur?</strong></span> <span class='ocrx_word' id='word_1_276' title='bbox 3423 1177 3556 1232; x_wconf 86' lang='lat' dir='ltr'><strong>Nam</strong></span> <span class='ocrx_word' id='word_1_277' title='bbox 3581 1177 3711 1248; x_wconf 89' lang='lat' dir='ltr'><strong>quid</strong></span> <span class='ocrx_word' id='word_1_278' title='bbox 3734 1175 3805 1232; x_wconf 90' lang='lat' dir='ltr'><strong>de</strong></span> 
     </span>
    </p>
   </div>
   <div class='ocr_carea' id='block_1_42' title="bbox 2200 1271 3798 1348">
    <p class='ocr_par' dir='ltr' id='par_1_42' title="bbox 2200 1271 3798 1348">
     <span class='ocr_line' id='line_1_42' title="bbox 2200 1271 3798 1348; baseline -0.005 -17"><span class='ocrx_word' id='word_1_279' title='bbox 2200 1276 2516 1348; x_wconf 88' lang='lat' dir='ltr'><strong>Scythopoli</strong></span> <span class='ocrx_word' id='word_1_280' title='bbox 2559 1276 2919 1347; x_wconf 90' lang='lat' dir='ltr'><strong>loquar?quo</strong></span> <span class='ocrx_word' id='word_1_281' title='bbox 2958 1273 3130 1329; x_wconf 64' lang='lat' dir='ltr'><strong>Judaei</strong></span> <span class='ocrx_word' id='word_1_282' title='bbox 3163 1273 3338 1343; x_wconf 90' lang='lat' dir='ltr'><strong>primo</strong></span> <span class='ocrx_word' id='word_1_283' title='bbox 3380 1271 3798 1335; x_wconf 87' lang='lat' dir='ltr'><strong>contenderant,</strong></span> 
     </span>
    </p>
   </div>
   <div class='ocr_carea' id='block_1_43' title="bbox 2201 1367 3805 1447">
    <p class='ocr_par' dir='ltr' id='par_1_43' title="bbox 2201 1367 3805 1447">
     <span class='ocr_line' id='line_1_43' title="bbox 2201 1367 3805 1447; baseline -0.007 -18"><span class='ocrx_word' id='word_1_284' title='bbox 2201 1383 2260 1429; x_wconf 92' lang='lat' dir='ltr'><strong>ut</strong></span> <span class='ocrx_word' id='word_1_285' title='bbox 2285 1376 2541 1447; x_wconf 90' lang='lat' dir='ltr'><strong>gentilem</strong></span> <span class='ocrx_word' id='word_1_286' title='bbox 2581 1375 2837 1445; x_wconf 89' lang='lat' dir='ltr'><strong>populum</strong></span> <span class='ocrx_word' id='word_1_287' title='bbox 2871 1373 3346 1444; x_wconf 60' lang='lat' dir='ltr'><strong>praevenirent,ne</strong></span> <span class='ocrx_word' id='word_1_288' title='bbox 3372 1369 3500 1441; x_wconf 86' lang='lat' dir='ltr'><strong>quid</strong></span> <span class='ocrx_word' id='word_1_289' title='bbox 3538 1367 3805 1422; x_wconf 89' lang='lat' dir='ltr'><strong>adversus</strong></span> 
     </span>
    </p>
   </div>
   <div class='ocr_carea' id='block_1_44' title="bbox 2201 1462 3806 1540">
    <p class='ocr_par' dir='ltr' id='par_1_44' title="bbox 2201 1462 3806 1540">
     <span class='ocr_line' id='line_1_44' title="bbox 2201 1462 3806 1540; baseline -0.006 -16"><span class='ocrx_word' id='word_1_290' title='bbox 2201 1479 2422 1524; x_wconf 90' lang='lat' dir='ltr'><strong>nostros</strong></span> <span class='ocrx_word' id='word_1_291' title='bbox 2443 1469 2695 1540; x_wconf 81' lang='lat' dir='ltr'><strong>exemplo</strong></span> <span class='ocrx_word' id='word_1_292' title='bbox 2717 1480 3039 1524; x_wconf 81' lang='lat' dir='ltr'><strong>caeterarum</strong></span> <span class='ocrx_word' id='word_1_293' title='bbox 3086 1468 3297 1522; x_wconf 89' lang='lat' dir='ltr'><strong>urbium</strong></span> <span class='ocrx_word' id='word_1_294' title='bbox 3351 1464 3760 1521; x_wconf 89' lang='lat' dir='ltr'><strong>maehinaretur</strong></span> <span class='ocrx_word' id='word_1_295' title='bbox 3780 1462 3806 1515; x_wconf 86' lang='lat'><strong>?</strong></span> 
     </span>
    </p>
   </div>
   <div class='ocr_carea' id='block_1_45' title="bbox 2204 1556 3807 1633">
    <p class='ocr_par' dir='ltr' id='par_1_45' title="bbox 2204 1556 3807 1633">
     <span class='ocr_line' id='line_1_45' title="bbox 2204 1556 3807 1633; baseline -0.003 -19"><span class='ocrx_word' id='word_1_296' title='bbox 2204 1561 2385 1630; x_wconf 88' lang='lat' dir='ltr'><strong>Itaque</strong></span> <span class='ocrx_word' id='word_1_297' title='bbox 2408 1579 2546 1632; x_wconf 89' lang='lat' dir='ltr'><strong>quos</strong></span> <span class='ocrx_word' id='word_1_298' title='bbox 2572 1577 2670 1633; x_wconf 89' lang='lat' dir='ltr'><strong>par</strong></span> <span class='ocrx_word' id='word_1_299' title='bbox 2697 1561 3132 1631; x_wconf 84' lang='lat' dir='ltr'><strong>fuitconjunctos</strong></span> <span class='ocrx_word' id='word_1_300' title='bbox 3154 1560 3440 1615; x_wconf 89' lang='lat' dir='ltr'><strong>adversum</strong></span> <span class='ocrx_word' id='word_1_301' title='bbox 3468 1556 3807 1626; x_wconf 83' lang='lat' dir='ltr'><strong>alienigenas</strong></span> 
     </span>
    </p>
   </div>
   <div class='ocr_carea' id='block_1_46' title="bbox 2203 1649 3806 1721">
    <p class='ocr_par' dir='ltr' id='par_1_46' title="bbox 2203 1649 3806 1721">
     <span class='ocr_line' id='line_1_46' title="bbox 2203 1649 3806 1721; baseline -0.003 -14"><span class='ocrx_word' id='word_1_302' title='bbox 2203 1655 2408 1710; x_wconf 86' lang='lat' dir='ltr'><strong>viribus</strong></span> <span class='ocrx_word' id='word_1_303' title='bbox 2452 1655 2599 1711; x_wconf 88' lang='lat' dir='ltr'><strong>bello</strong></span> <span class='ocrx_word' id='word_1_304' title='bbox 2645 1655 2962 1721; x_wconf 84' lang='lat' dir='ltr'><strong>decernere,</strong></span> <span class='ocrx_word' id='word_1_305' title='bbox 2991 1655 3106 1709; x_wconf 71' lang='lat' dir='ltr'><strong>hzec</strong></span> <span class='ocrx_word' id='word_1_306' title='bbox 3135 1669 3165 1708; x_wconf 90' lang='lat' dir='ltr'><strong>e</strong></span> <span class='ocrx_word' id='word_1_307' title='bbox 3205 1651 3477 1708; x_wconf 90' lang='lat' dir='ltr'><strong>contrario</strong></span> <span class='ocrx_word' id='word_1_308' title='bbox 3511 1649 3806 1705; x_wconf 80' lang='lat' dir='ltr'><strong>adversum</strong></span> 
     </span>
    </p>
   </div>
   <div class='ocr_carea' id='block_1_47' title="bbox 2202 1742 3808 1816">
    <p class='ocr_par' dir='ltr' id='par_1_47' title="bbox 2202 1742 3808 1816">
     <span class='ocr_line' id='line_1_47' title="bbox 2202 1742 3808 1816; baseline -0.005 -13"><span class='ocrx_word' id='word_1_309' title='bbox 2202 1763 2261 1803; x_wconf 92' lang='lat' dir='ltr'><strong>se</strong></span> <span class='ocrx_word' id='word_1_310' title='bbox 2285 1747 2455 1803; x_wconf 73' lang='lat' dir='ltr'><strong>Judaei</strong></span> <span class='ocrx_word' id='word_1_311' title='bbox 2486 1749 2903 1804; x_wconf 86' lang='lat' dir='ltr'><strong>decertaverunt</strong></span> <span class='ocrx_word' id='word_1_312' title='bbox 2927 1764 2942 1814; x_wconf 89' lang='lat'><strong>;</strong></span> <span class='ocrx_word' id='word_1_313' title='bbox 2969 1755 3030 1801; x_wconf 93' lang='lat' dir='ltr'><strong>ut</strong></span> <span class='ocrx_word' id='word_1_314' title='bbox 3059 1762 3178 1816; x_wconf 89' lang='lat' dir='ltr'><strong>pars</strong></span> <span class='ocrx_word' id='word_1_315' title='bbox 3202 1760 3389 1801; x_wconf 87' lang='lat' dir='ltr'><strong>eorum</strong></span> <span class='ocrx_word' id='word_1_316' title='bbox 3411 1742 3674 1798; x_wconf 86' lang='lat' dir='ltr'><strong>adversus</strong></span> <span class='ocrx_word' id='word_1_317' title='bbox 3702 1755 3808 1796; x_wconf 85' lang='lat' dir='ltr'><strong>co-</strong></span> 
     </span>
    </p>
   </div>
   <div class='ocr_carea' id='block_1_48' title="bbox 2120 1828 3810 1912">
    <p class='ocr_par' dir='ltr' id='par_1_48' title="bbox 2120 1828 3810 1912">
     <span class='ocr_line' id='line_1_48' title="bbox 2120 1828 3810 1912; baseline -0.006 -15"><span class='ocrx_word' id='word_1_318' title='bbox 2120 1828 2171 1889; x_wconf 78' lang='grc' dir='ltr'><strong>Β</strong></span> <span class='ocrx_word' id='word_1_319' title='bbox 2196 1850 2391 1912; x_wconf 88' lang='lat' dir='ltr'><strong>gnatos</strong></span> <span class='ocrx_word' id='word_1_320' title='bbox 2413 1850 2463 1898; x_wconf 89' lang='lat' dir='ltr'><strong>et</strong></span> <span class='ocrx_word' id='word_1_321' title='bbox 2495 1841 2773 1912; x_wconf 86' lang='lat' dir='ltr'><strong>proximos</strong></span> <span class='ocrx_word' id='word_1_322' title='bbox 2799 1853 2927 1895; x_wconf 88' lang='lat' dir='ltr'><strong>suos</strong></span> <span class='ocrx_word' id='word_1_323' title='bbox 2954 1839 3316 1910; x_wconf 69' lang='lat' dir='ltr'><strong>prreliaretur.</strong></span> <span class='ocrx_word' id='word_1_324' title='bbox 3343 1835 3549 1892; x_wconf 90' lang='lat' dir='ltr'><strong>Deinde</strong></span> <span class='ocrx_word' id='word_1_325' title='bbox 3571 1833 3672 1905; x_wconf 89' lang='lat' dir='ltr'><strong>ipsi</strong></span> <span class='ocrx_word' id='word_1_326' title='bbox 3702 1848 3810 1904; x_wconf 89' lang='lat' dir='ltr'><strong>pro</strong></span> 
     </span>
    </p>
   </div>
   <div class='ocr_carea' id='block_1_49' title="bbox 2198 1927 3813 2004">
    <p class='ocr_par' dir='ltr' id='par_1_49' title="bbox 2198 1927 3813 2004">
     <span class='ocr_line' id='line_1_49' title="bbox 2198 1927 3813 2004; baseline -0.004 -16"><span class='ocrx_word' id='word_1_327' title='bbox 2198 1935 2372 2004; x_wconf 86' lang='lat' dir='ltr'><strong>pretio</strong></span> <span class='ocrx_word' id='word_1_328' title='bbox 2399 1934 2625 2002; x_wconf 89' lang='lat' dir='ltr'><strong>laboris,</strong></span> <span class='ocrx_word' id='word_1_329' title='bbox 2659 1945 2712 1988; x_wconf 90' lang='lat' dir='ltr'><strong>et</strong></span> <span class='ocrx_word' id='word_1_330' title='bbox 2741 1932 2973 2002; x_wconf 91' lang='lat' dir='ltr'><strong>impensi</strong></span> <span class='ocrx_word' id='word_1_331' title='bbox 3024 1931 3300 2002; x_wconf 78' lang='lat' dir='ltr'><strong>sanguinis</strong></span> <span class='ocrx_word' id='word_1_332' title='bbox 3327 1946 3356 1985; x_wconf 92' lang='lat' dir='ltr'><strong>a</strong></span> <span class='ocrx_word' id='word_1_333' title='bbox 3387 1927 3680 2000; x_wconf 82' lang='lat' dir='ltr'><strong>gentilibus</strong></span> <span class='ocrx_word' id='word_1_334' title='bbox 3711 1941 3813 1996; x_wconf 77' lang='lat' dir='ltr'><strong>pe-</strong></span> 
     </span>
    </p>
   </div>
   <div class='ocr_carea' id='block_1_50' title="bbox 2199 2018 3808 2100">
    <p class='ocr_par' dir='ltr' id='par_1_50' title="bbox 2199 2018 3808 2100">
     <span class='ocr_line' id='line_1_50' title="bbox 2199 2018 3808 2100; baseline -0.006 -16"><span class='ocrx_word' id='word_1_335' title='bbox 2199 2030 2544 2097; x_wconf 88' lang='lat' dir='ltr'><strong>rimerentur,</strong></span> <span class='ocrx_word' id='word_1_336' title='bbox 2572 2029 2713 2100; x_wconf 88' lang='lat' dir='ltr'><strong>quod</strong></span> <span class='ocrx_word' id='word_1_337' title='bbox 2740 2027 3143 2098; x_wconf 89' lang='lat' dir='ltr'><strong>prohibuerunt</strong></span> <span class='ocrx_word' id='word_1_338' title='bbox 3169 2025 3269 2096; x_wconf 88' lang='lat' dir='ltr'><strong>ipsi</strong></span> <span class='ocrx_word' id='word_1_339' title='bbox 3303 2023 3421 2079; x_wconf 88' lang='lat' dir='ltr'><strong>fieri</strong></span> <span class='ocrx_word' id='word_1_340' title='bbox 3451 2018 3808 2093; x_wconf 88' lang='lat' dir='ltr'><strong>ingentibus.</strong></span> 
     </span>
    </p>
   </div>
   <div class='ocr_carea' id='block_1_51' title="bbox 2200 2111 3815 2191">
    <p class='ocr_par' dir='ltr' id='par_1_51' title="bbox 2200 2111 3815 2191">
     <span class='ocr_line' id='line_1_51' title="bbox 2200 2111 3815 2191; baseline -0.006 -15"><span class='ocrx_word' id='word_1_341' title='bbox 2200 2121 2542 2191; x_wconf 86' lang='lat' dir='ltr'><strong>Damasceni,</strong></span> <span class='ocrx_word' id='word_1_342' title='bbox 2565 2122 2715 2177; x_wconf 88' lang='lat' dir='ltr'><strong>nulla</strong></span> <span class='ocrx_word' id='word_1_343' title='bbox 2744 2121 3016 2177; x_wconf 77' lang='lat' dir='ltr'><strong>existente</strong></span> <span class='ocrx_word' id='word_1_344' title='bbox 3040 2133 3226 2185; x_wconf 88' lang='lat' dir='ltr'><strong>causa,</strong></span> <span class='ocrx_word' id='word_1_345' title='bbox 3251 2115 3565 2185; x_wconf 59' lang='lat' dir='ltr'><strong>octo;millia</strong></span> <span class='ocrx_word' id='word_1_346' title='bbox 3587 2111 3815 2168; x_wconf 72' lang='lat' dir='ltr'><strong>Judaeo-</strong></span> 
     </span>
    </p>
   </div>
   <div class='ocr_carea' id='block_1_52' title="bbox 2200 2210 3811 2280">
    <p class='ocr_par' dir='ltr' id='par_1_52' title="bbox 2200 2210 3811 2280">
     <span class='ocr_line' id='line_1_52' title="bbox 2200 2210 3811 2280; baseline -0.007 -9"><span class='ocrx_word' id='word_1_347' title='bbox 2200 2231 2317 2271; x_wconf 89' lang='lat' dir='ltr'><strong>rmn</strong></span> <span class='ocrx_word' id='word_1_348' title='bbox 2350 2226 2684 2272; x_wconf 84' lang='lat' dir='ltr'><strong>straverunt.</strong></span> <span class='ocrx_word' id='word_1_349' title='bbox 2720 2213 3051 2271; x_wconf 73' lang='lat' dir='ltr'><strong>Ascalonitze</strong></span> <span class='ocrx_word' id='word_1_350' title='bbox 3082 2211 3106 2248; x_wconf 72' lang='grc' dir='ltr'><em>ά</em></span> <span class='ocrx_word' id='word_1_351' title='bbox 3132 2212 3241 2267; x_wconf 90' lang='lat' dir='ltr'><strong>duo</strong></span> <span class='ocrx_word' id='word_1_352' title='bbox 3267 2210 3432 2266; x_wconf 91' lang='lat' dir='ltr'><strong>millia</strong></span> <span class='ocrx_word' id='word_1_353' title='bbox 3453 2210 3811 2280; x_wconf 85' lang='lat' dir='ltr'><strong>quingentos.</strong></span> 
     </span>
    </p>
   </div>
   <div class='ocr_carea' id='block_1_53' title="bbox 2200 2300 3815 2382">
    <p class='ocr_par' dir='ltr' id='par_1_53' title="bbox 2200 2300 3815 2382">
     <span class='ocr_line' id='line_1_53' title="bbox 2200 2300 3815 2382; baseline -0.006 -19"><span class='ocrx_word' id='word_1_354' title='bbox 2200 2309 2257 2364; x_wconf 96' lang='lat' dir='ltr'><strong>ln</strong></span> <span class='ocrx_word' id='word_1_355' title='bbox 2290 2312 2423 2366; x_wconf 87' lang='lat' dir='ltr'><strong>urbe</strong></span> <span class='ocrx_word' id='word_1_356' title='bbox 2441 2326 2655 2382; x_wconf 89' lang='lat' dir='ltr'><strong>quoque</strong></span> <span class='ocrx_word' id='word_1_357' title='bbox 2685 2311 2769 2365; x_wconf 92' lang='lat' dir='ltr'><strong>eui</strong></span> <span class='ocrx_word' id='word_1_358' title='bbox 2812 2308 3104 2364; x_wconf 89' lang='lat' dir='ltr'><strong>Ptolemais</strong></span> <span class='ocrx_word' id='word_1_359' title='bbox 3138 2321 3357 2371; x_wconf 88' lang='lat' dir='ltr'><strong>nomen,</strong></span> <span class='ocrx_word' id='word_1_360' title='bbox 3389 2304 3514 2359; x_wconf 63' lang='lat' dir='ltr'><strong>cassi</strong></span> <span class='ocrx_word' id='word_1_361' title='bbox 3542 2303 3650 2357; x_wconf 92' lang='lat' dir='ltr'><strong>duo</strong></span> <span class='ocrx_word' id='word_1_362' title='bbox 3681 2300 3815 2355; x_wconf 86' lang='lat' dir='ltr'><strong>mil—</strong></span> 
     </span>
    </p>
   </div>
   <div class='ocr_carea' id='block_1_54' title="bbox 2200 2391 3814 2463">
    <p class='ocr_par' dir='ltr' id='par_1_54' title="bbox 2200 2391 3814 2463">
     <span class='ocr_line' id='line_1_54' title="bbox 2200 2391 3814 2463; baseline -0.006 -8"><span class='ocrx_word' id='word_1_363' title='bbox 2200 2401 2289 2456; x_wconf 87' lang='lat' dir='ltr'><strong>lia.</strong></span> <span class='ocrx_word' id='word_1_364' title='bbox 2326 2401 2668 2463; x_wconf 72' lang='lat' dir='ltr'><strong>Alexandria:</strong></span> <span class='ocrx_word' id='word_1_365' title='bbox 2693 2417 2825 2457; x_wconf 90' lang='lat' dir='ltr'><strong>vero</strong></span> <span class='ocrx_word' id='word_1_366' title='bbox 2853 2408 3007 2456; x_wconf 90' lang='lat' dir='ltr'><strong>vetus</strong></span> <span class='ocrx_word' id='word_1_367' title='bbox 3035 2407 3153 2454; x_wconf 85' lang='lat' dir='ltr'><strong>erat</strong></span> <span class='ocrx_word' id='word_1_368' title='bbox 3198 2397 3382 2454; x_wconf 88' lang='lat' dir='ltr'><strong>odium</strong></span> <span class='ocrx_word' id='word_1_369' title='bbox 3417 2397 3558 2450; x_wconf 89' lang='lat' dir='ltr'><strong>inter</strong></span> <span class='ocrx_word' id='word_1_370' title='bbox 3586 2391 3814 2449; x_wconf 72' lang='lat' dir='ltr'><strong>Judzeos</strong></span> 
     </span>
    </p>
   </div>
   <div class='ocr_carea' id='block_1_55' title="bbox 2199 2485 3815 2566">
    <p class='ocr_par' dir='ltr' id='par_1_55' title="bbox 2199 2485 3815 2566">
     <span class='ocr_line' id='line_1_55' title="bbox 2199 2485 3815 2566; baseline -0.008 -16"><span class='ocrx_word' id='word_1_371' title='bbox 2199 2502 2255 2550; x_wconf 88' lang='lat' dir='ltr'><strong>et</strong></span> <span class='ocrx_word' id='word_1_372' title='bbox 2276 2495 2518 2566; x_wconf 88' lang='lat' dir='ltr'><strong>gentium</strong></span> <span class='ocrx_word' id='word_1_373' title='bbox 2541 2495 2796 2566; x_wconf 89' lang='lat' dir='ltr'><strong>populos,</strong></span> <span class='ocrx_word' id='word_1_374' title='bbox 2829 2509 2898 2549; x_wconf 87' lang='lat' dir='ltr'><strong>ex</strong></span> <span class='ocrx_word' id='word_1_375' title='bbox 2924 2507 3032 2563; x_wconf 92' lang='lat' dir='ltr'><strong>quo</strong></span> <span class='ocrx_word' id='word_1_376' title='bbox 3070 2504 3300 2561; x_wconf 89' lang='lat' dir='ltr'><strong>magnus</strong></span> <span class='ocrx_word' id='word_1_377' title='bbox 3340 2485 3650 2543; x_wconf 87' lang='lat' dir='ltr'><strong>Alexander</strong></span> <span class='ocrx_word' id='word_1_378' title='bbox 3674 2497 3815 2540; x_wconf 90' lang='lat' dir='ltr'><strong>usus</strong></span> 
     </span>
    </p>
   </div>
   <div class='ocr_carea' id='block_1_56' title="bbox 2200 2577 3808 2656">
    <p class='ocr_par' dir='ltr' id='par_1_56' title="bbox 2200 2577 3808 2656">
     <span class='ocr_line' id='line_1_56' title="bbox 2200 2577 3808 2656; baseline -0.009 -12"><span class='ocrx_word' id='word_1_379' title='bbox 2200 2599 2284 2644; x_wconf 71' lang='lat' dir='ltr'><strong>est</strong></span> <span class='ocrx_word' id='word_1_380' title='bbox 2335 2591 2514 2644; x_wconf 88' lang='lat' dir='ltr'><strong>studio</strong></span> <span class='ocrx_word' id='word_1_381' title='bbox 2568 2587 2876 2643; x_wconf 76' lang='lat' dir='ltr'><strong>Iudaeorum</strong></span> <span class='ocrx_word' id='word_1_382' title='bbox 2927 2585 2995 2640; x_wconf 92' lang='lat' dir='ltr'><strong>ad</strong></span> <span class='ocrx_word' id='word_1_383' title='bbox 3048 2583 3332 2656; x_wconf 66' lang='lat' dir='ltr'><strong>Egyptios</strong></span> <span class='ocrx_word' id='word_1_384' title='bbox 3387 2577 3808 2650; x_wconf 89' lang='lat' dir='ltr'><strong>subjiciendos:</strong></span> 
     </span>
    </p>
   </div>
   <div class='ocr_carea' id='block_1_57' title="bbox 2204 2671 3813 2750">
    <p class='ocr_par' dir='ltr' id='par_1_57' title="bbox 2204 2671 3813 2750">
     <span class='ocr_line' id='line_1_57' title="bbox 2204 2671 3813 2750; baseline -0.009 -12"><span class='ocrx_word' id='word_1_385' title='bbox 2204 2683 2346 2738; x_wconf 86' lang='lat' dir='ltr'><strong>unde</strong></span> <span class='ocrx_word' id='word_1_386' title='bbox 2373 2682 2590 2738; x_wconf 88' lang='lat' dir='ltr'><strong>condita</strong></span> <span class='ocrx_word' id='word_1_387' title='bbox 2604 2682 2740 2738; x_wconf 85' lang='lat' dir='ltr'><strong>urbe</strong></span> <span class='ocrx_word' id='word_1_388' title='bbox 2765 2697 2831 2736; x_wconf 87' lang='lat' dir='ltr'><strong>ex</strong></span> <span class='ocrx_word' id='word_1_389' title='bbox 2853 2695 3010 2750; x_wconf 64' lang='lat' dir='ltr'><strong>aequo</strong></span> <span class='ocrx_word' id='word_1_390' title='bbox 3037 2677 3240 2734; x_wconf 56' lang='lat' dir='ltr'><strong>Iudaeis</strong></span> <span class='ocrx_word' id='word_1_391' title='bbox 3263 2685 3318 2732; x_wconf 91' lang='lat' dir='ltr'><strong>et</strong></span> <span class='ocrx_word' id='word_1_392' title='bbox 3343 2672 3614 2746; x_wconf 61' lang='lat' dir='ltr'><strong>[Egyptiis</strong></span> <span class='ocrx_word' id='word_1_393' title='bbox 3642 2671 3813 2725; x_wconf 84' lang='lat' dir='ltr'><strong>attri-</strong></span> 
     </span>
    </p>
   </div>
   <div class='ocr_carea' id='block_1_58' title="bbox 2203 2769 3813 2846">
    <p class='ocr_par' dir='ltr' id='par_1_58' title="bbox 2203 2769 3813 2846">
     <span class='ocr_line' id='line_1_58' title="bbox 2203 2769 3813 2846; baseline -0.007 -18"><span class='ocrx_word' id='word_1_394' title='bbox 2203 2774 2328 2829; x_wconf 84' lang='lat' dir='ltr'><strong>buta</strong></span> <span class='ocrx_word' id='word_1_395' title='bbox 2382 2776 2666 2846; x_wconf 89' lang='lat' dir='ltr'><strong>privilegia</strong></span> <span class='ocrx_word' id='word_1_396' title='bbox 2697 2783 2752 2830; x_wconf 92' lang='lat' dir='ltr'><strong>et</strong></span> <span class='ocrx_word' id='word_1_397' title='bbox 2806 2772 3172 2828; x_wconf 83' lang='lat' dir='ltr'><strong>habitationes</strong></span> <span class='ocrx_word' id='word_1_398' title='bbox 3226 2769 3483 2834; x_wconf 73' lang='lat' dir='ltr'><strong>diversze,</strong></span> <span class='ocrx_word' id='word_1_399' title='bbox 3516 2779 3584 2820; x_wconf 91' lang='lat' dir='ltr'><strong>ne</strong></span> <span class='ocrx_word' id='word_1_400' title='bbox 3612 2778 3813 2819; x_wconf 90' lang='lat' dir='ltr'><strong>eorum</strong></span> 
     </span>
    </p>
   </div>
   <div class='ocr_carea' id='block_1_59' title="bbox 2201 2857 3811 2940">
    <p class='ocr_par' dir='ltr' id='par_1_59' title="bbox 2201 2857 3811 2940">
     <span class='ocr_line' id='line_1_59' title="bbox 2201 2857 3811 2940; baseline -0.007 -15"><span class='ocrx_word' id='word_1_401' title='bbox 2201 2869 2381 2926; x_wconf 91' lang='lat' dir='ltr'><strong>cultus</strong></span> <span class='ocrx_word' id='word_1_402' title='bbox 2413 2871 2838 2940; x_wconf 86' lang='lat' dir='ltr'><strong>permisceretur</strong></span> <span class='ocrx_word' id='word_1_403' title='bbox 2859 2868 2950 2939; x_wconf 87' lang='lat' dir='ltr'><strong>qui</strong></span> <span class='ocrx_word' id='word_1_404' title='bbox 2968 2865 3378 2938; x_wconf 84' lang='lat' dir='ltr'><strong>puriticationes</strong></span> <span class='ocrx_word' id='word_1_405' title='bbox 3405 2877 3532 2918; x_wconf 90' lang='lat' dir='ltr'><strong>suas</strong></span> <span class='ocrx_word' id='word_1_406' title='bbox 3558 2860 3677 2916; x_wconf 88' lang='lat' dir='ltr'><strong>sine</strong></span> <span class='ocrx_word' id='word_1_407' title='bbox 3692 2857 3811 2913; x_wconf 86' lang='lat' dir='ltr'><strong>ulla</strong></span> 
     </span>
    </p>
   </div>
   <div class='ocr_carea' id='block_1_60' title="bbox 2199 2957 3812 3037">
    <p class='ocr_par' dir='ltr' id='par_1_60' title="bbox 2199 2957 3812 3037">
     <span class='ocr_line' id='line_1_60' title="bbox 2199 2957 3812 3037; baseline -0.004 -18"><span class='ocrx_word' id='word_1_408' title='bbox 2199 2968 2459 3022; x_wconf 88' lang='lat' dir='ltr'><strong>volebant</strong></span> <span class='ocrx_word' id='word_1_409' title='bbox 2488 2966 2822 3037; x_wconf 86' lang='lat' dir='ltr'><strong>contagione</strong></span> <span class='ocrx_word' id='word_1_410' title='bbox 2854 2979 3101 3020; x_wconf 89' lang='lat' dir='ltr'><strong>servare.</strong></span> <span class='ocrx_word' id='word_1_411' title='bbox 3141 2963 3279 3019; x_wconf 84' lang='lat' dir='ltr'><strong>Hinc</strong></span> <span class='ocrx_word' id='word_1_412' title='bbox 3311 2961 3629 3032; x_wconf 86' lang='lat' dir='ltr'><strong>frequentes</strong></span> <span class='ocrx_word' id='word_1_413' title='bbox 3657 2957 3812 3012; x_wconf 88' lang='lat' dir='ltr'><strong>inter</strong></span> 
     </span>
    </p>
   </div>
   <div class='ocr_carea' id='block_1_61' title="bbox 2203 3053 3807 3129">
    <p class='ocr_par' dir='ltr' id='par_1_61' title="bbox 2203 3053 3807 3129">
     <span class='ocr_line' id='line_1_61' title="bbox 2203 3053 3807 3129; baseline -0.007 -14"><span class='ocrx_word' id='word_1_414' title='bbox 2203 3076 2296 3115; x_wconf 92' lang='lat' dir='ltr'><strong>eos</strong></span> <span class='ocrx_word' id='word_1_415' title='bbox 2317 3060 2603 3116; x_wconf 86' lang='lat' dir='ltr'><strong>conﬂictus</strong></span> <span class='ocrx_word' id='word_1_416' title='bbox 2627 3060 2801 3127; x_wconf 88' lang='lat' dir='ltr'><strong>fuere,</strong></span> <span class='ocrx_word' id='word_1_417' title='bbox 2830 3066 3021 3114; x_wconf 89' lang='lat' dir='ltr'><strong>exorta</strong></span> <span class='ocrx_word' id='word_1_418' title='bbox 3041 3057 3237 3129; x_wconf 86' lang='lat' dir='ltr'><strong>jurgia,</strong></span> <span class='ocrx_word' id='word_1_419' title='bbox 3256 3055 3522 3128; x_wconf 87' lang='lat' dir='ltr'><strong>judicium</strong></span> <span class='ocrx_word' id='word_1_420' title='bbox 3550 3053 3807 3124; x_wconf 88' lang='lat' dir='ltr'><strong>petitum.</strong></span> 
     </span>
    </p>
   </div>
   <div class='ocr_carea' id='block_1_62' title="bbox 2201 3144 3812 3222">
    <p class='ocr_par' dir='ltr' id='par_1_62' title="bbox 2201 3144 3812 3222">
     <span class='ocr_line' id='line_1_62' title="bbox 2201 3144 3812 3222; baseline -0.004 -15"><span class='ocrx_word' id='word_1_421' title='bbox 2201 3152 2346 3207; x_wconf 83' lang='lat' dir='ltr'><strong>Nihil</strong></span> <span class='ocrx_word' id='word_1_422' title='bbox 2379 3162 2557 3208; x_wconf 86' lang='lat' dir='ltr'><strong>tamen</strong></span> <span class='ocrx_word' id='word_1_423' title='bbox 2585 3168 2651 3209; x_wconf 86' lang='lat' dir='ltr'><strong>ex</strong></span> <span class='ocrx_word' id='word_1_424' title='bbox 2704 3152 2838 3208; x_wconf 86' lang='lat' dir='ltr'><strong>tanti</strong></span> <span class='ocrx_word' id='word_1_425' title='bbox 2870 3152 3013 3222; x_wconf 83' lang='lat' dir='ltr'><strong>regis</strong></span> <span class='ocrx_word' id='word_1_426' title='bbox 3046 3160 3368 3206; x_wconf 88' lang='lat' dir='ltr'><strong>temeralum</strong></span> <span class='ocrx_word' id='word_1_427' title='bbox 3420 3147 3592 3218; x_wconf 89' lang='lat' dir='ltr'><strong>liquet</strong></span> <span class='ocrx_word' id='word_1_428' title='bbox 3631 3144 3812 3200; x_wconf 84' lang='lat' dir='ltr'><strong>fuisse</strong></span> 
     </span>
    </p>
   </div>
   <div class='ocr_carea' id='block_1_63' title="bbox 487 3223 2095 3339">
    <p class='ocr_par' dir='ltr' id='par_1_63' title="bbox 487 3223 2095 3339">
     <span class='ocr_line' id='line_1_63' title="bbox 487 3223 2091 3244; baseline 0.002 -15"><span class='ocrx_word' id='word_1_429' title='bbox 487 3223 718 3230; x_wconf 48' lang='lat' dir='ltr'><strong>mm&quot;...</strong></span> <span class='ocrx_word' id='word_1_430' title='bbox 763 3223 978 3232; x_wconf 55' lang='grc' dir='ltr'><strong>--.νων</strong></span> <span class='ocrx_word' id='word_1_431' title='bbox 1015 3223 1028 3244; x_wconf 86' lang='grc'>,</span> <span class='ocrx_word' id='word_1_432' title='bbox 1081 3223 1137 3232; x_wconf 52' lang='grc' dir='ltr'><strong>κ-</strong></span> <span class='ocrx_word' id='word_1_433' title='bbox 1187 3223 1370 3233; x_wconf 58' lang='grc' dir='ltr'><strong>..-πη</strong></span> <span class='ocrx_word' id='word_1_434' title='bbox 1431 3223 1670 3234; x_wconf 51' lang='lat' dir='ltr'><strong>ww&quot;..-</strong></span> <span class='ocrx_word' id='word_1_435' title='bbox 1723 3223 2091 3233; x_wconf 43' lang='lat' dir='ltr'><strong>&quot;mcum-..</strong></span> 
     </span>
     <span class='ocr_line' id='line_1_64' title="bbox 487 3268 2095 3339; baseline 0 -16"><span class='ocrx_word' id='word_1_436' title='bbox 487 3268 622 3336; x_wconf 82' lang='lat' dir='ltr'><strong>Quis</strong></span> <span class='ocrx_word' id='word_1_437' title='bbox 670 3268 867 3339; x_wconf 89' lang='lat' dir='ltr'><strong>poterit</strong></span> <span class='ocrx_word' id='word_1_438' title='bbox 903 3269 1232 3326; x_wconf 87' lang='lat' dir='ltr'><strong>adversante</strong></span> <span class='ocrx_word' id='word_1_439' title='bbox 1277 3270 1392 3326; x_wconf 85' lang='lat' dir='ltr'><strong>Deo</strong></span> <span class='ocrx_word' id='word_1_440' title='bbox 1423 3270 1653 3326; x_wconf 86' lang='lat' dir='ltr'><strong>vivere?</strong></span> <span class='ocrx_word' id='word_1_441' title='bbox 1706 3268 1894 3326; x_wconf 86' lang='lat' dir='ltr'><strong>Nullus</strong></span> <span class='ocrx_word' id='word_1_442' title='bbox 1922 3270 2095 3324; x_wconf 76' lang='lat' dir='ltr'><strong>venia:</strong></span> 
     </span>
    </p>
   </div>
   <div class='ocr_carea' id='block_1_64' title="bbox 2198 3223 3805 3339">
    <p class='ocr_par' dir='ltr' id='par_1_64' title="bbox 2200 3238 3805 3316">
     <span class='ocr_line' id='line_1_65' title="bbox 2200 3238 3805 3316; baseline -0.006 -16"><span class='ocrx_word' id='word_1_443' title='bbox 2200 3245 2501 3311; x_wconf 79' lang='lat' dir='ltr'><strong>beneficiis,</strong></span> <span class='ocrx_word' id='word_1_444' title='bbox 2531 3245 2627 3301; x_wconf 90' lang='lat' dir='ltr'><strong>sed</strong></span> <span class='ocrx_word' id='word_1_445' title='bbox 2678 3254 2866 3316; x_wconf 88' lang='lat' dir='ltr'><strong>postea</strong></span> <span class='ocrx_word' id='word_1_446' title='bbox 2915 3260 2944 3299; x_wconf 91' lang='lat' dir='ltr'><strong>a</strong></span> <span class='ocrx_word' id='word_1_447' title='bbox 2972 3244 3270 3315; x_wconf 89' lang='lat' dir='ltr'><strong>gentilibus</strong></span> <span class='ocrx_word' id='word_1_448' title='bbox 3319 3247 3512 3298; x_wconf 79' lang='lat' dir='ltr'><strong>exorto</strong></span> <span class='ocrx_word' id='word_1_449' title='bbox 3543 3238 3805 3303; x_wconf 89' lang='lat' dir='ltr'><strong>tumultu,</strong></span> 
     </span>
    </p>
   </div>
   <div class='ocr_carea' id='block_1_65' title="bbox 487 3360 2093 3434">
    <p class='ocr_par' dir='ltr' id='par_1_65' title="bbox 487 3360 2093 3434">
     <span class='ocr_line' id='line_1_66' title="bbox 487 3360 2093 3434; baseline 0.001 -18"><span class='ocrx_word' id='word_1_450' title='bbox 487 3360 661 3427; x_wconf 90' lang='lat' dir='ltr'><strong>locus,</strong></span> <span class='ocrx_word' id='word_1_451' title='bbox 693 3361 789 3416; x_wconf 91' lang='lat' dir='ltr'><strong>sed</strong></span> <span class='ocrx_word' id='word_1_452' title='bbox 820 3361 1168 3417; x_wconf 89' lang='lat' dir='ltr'><strong>manifestmn</strong></span> <span class='ocrx_word' id='word_1_453' title='bbox 1193 3363 1517 3418; x_wconf 74' lang='lat' dir='ltr'><strong>voluntariae</strong></span> <span class='ocrx_word' id='word_1_454' title='bbox 1557 3365 1753 3419; x_wconf 90' lang='lat' dir='ltr'><strong>mortis</strong></span> <span class='ocrx_word' id='word_1_455' title='bbox 1784 3363 2093 3434; x_wconf 88' lang='lat' dir='ltr'><strong>imperium.</strong></span> 
     </span>
    </p>
   </div>
   <div class='ocr_carea' id='block_1_66' title="bbox 490 3452 2098 3526">
    <p class='ocr_par' dir='ltr' id='par_1_66' title="bbox 490 3452 2098 3526">
     <span class='ocr_line' id='line_1_67' title="bbox 490 3452 2098 3526; baseline 0.002 -20"><span class='ocrx_word' id='word_1_456' title='bbox 490 3452 630 3520; x_wconf 83' lang='lat' dir='ltr'><strong>Quid</strong></span> <span class='ocrx_word' id='word_1_457' title='bbox 659 3454 805 3508; x_wconf 91' lang='lat' dir='ltr'><strong>enim</strong></span> <span class='ocrx_word' id='word_1_458' title='bbox 837 3470 945 3509; x_wconf 85' lang='lat' dir='ltr'><strong>nox</strong></span> <span class='ocrx_word' id='word_1_459' title='bbox 968 3455 1398 3522; x_wconf 89' lang='lat' dir='ltr'><strong>intervenit,nisi</strong></span> <span class='ocrx_word' id='word_1_460' title='bbox 1423 3465 1483 3510; x_wconf 90' lang='lat' dir='ltr'><strong>ut</strong></span> <span class='ocrx_word' id='word_1_461' title='bbox 1505 3471 1602 3510; x_wconf 86' lang='lat' dir='ltr'><strong>nos</strong></span> <span class='ocrx_word' id='word_1_462' title='bbox 1626 3455 1797 3511; x_wconf 91' lang='lat' dir='ltr'><strong>hostis</strong></span> <span class='ocrx_word' id='word_1_463' title='bbox 1827 3469 1933 3511; x_wconf 93' lang='lat' dir='ltr'><strong>non</strong></span> <span class='ocrx_word' id='word_1_464' title='bbox 1959 3463 2098 3526; x_wconf 74' lang='lat' dir='ltr'><strong>prae-</strong></span> 
     </span>
    </p>
   </div>
   <div class='ocr_carea' id='block_1_67' title="bbox 490 3547 2096 3618">
    <p class='ocr_par' dir='ltr' id='par_1_67' title="bbox 490 3547 2096 3618">
     <span class='ocr_line' id='line_1_68' title="bbox 490 3547 2096 3618; baseline 0 -16"><span class='ocrx_word' id='word_1_465' title='bbox 490 3547 723 3614; x_wconf 88' lang='lat' dir='ltr'><strong>veniret,</strong></span> <span class='ocrx_word' id='word_1_466' title='bbox 748 3563 849 3604; x_wconf 89' lang='lat' dir='ltr'><strong>nec</strong></span> <span class='ocrx_word' id='word_1_467' title='bbox 871 3548 1066 3604; x_wconf 89' lang='lat' dir='ltr'><strong>deusto</strong></span> <span class='ocrx_word' id='word_1_468' title='bbox 1093 3548 1288 3603; x_wconf 89' lang='lat' dir='ltr'><strong>murali</strong></span> <span class='ocrx_word' id='word_1_469' title='bbox 1313 3547 1571 3618; x_wconf 89' lang='lat' dir='ltr'><strong>praesidio</strong></span> <span class='ocrx_word' id='word_1_470' title='bbox 1607 3548 1866 3603; x_wconf 91' lang='lat' dir='ltr'><strong>continuo</strong></span> <span class='ocrx_word' id='word_1_471' title='bbox 1900 3547 2096 3602; x_wconf 93' lang='lat' dir='ltr'><strong>irrum-</strong></span> 
     </span>
    </p>
   </div>
   <div class='ocr_carea' id='block_1_68' title="bbox 489 3641 2098 3714">
    <p class='ocr_par' dir='ltr' id='par_1_68' title="bbox 489 3641 2098 3714">
     <span class='ocr_line' id='line_1_69' title="bbox 489 3641 2098 3714; baseline 0 -18"><span class='ocrx_word' id='word_1_472' title='bbox 489 3650 643 3714; x_wconf 90' lang='lat' dir='ltr'><strong>peret</strong></span> <span class='ocrx_word' id='word_1_473' title='bbox 675 3659 690 3709; x_wconf 89' lang='lat'>;</span> <span class='ocrx_word' id='word_1_474' title='bbox 723 3641 820 3698; x_wconf 92' lang='lat' dir='ltr'><strong>sed</strong></span> <span class='ocrx_word' id='word_1_475' title='bbox 845 3651 902 3698; x_wconf 90' lang='lat' dir='ltr'><strong>ut</strong></span> <span class='ocrx_word' id='word_1_476' title='bbox 943 3642 1099 3698; x_wconf 92' lang='lat' dir='ltr'><strong>nobis</strong></span> <span class='ocrx_word' id='word_1_477' title='bbox 1131 3642 1451 3698; x_wconf 77' lang='lat' dir='ltr'><strong>exercenda:</strong></span> <span class='ocrx_word' id='word_1_478' title='bbox 1477 3650 1678 3697; x_wconf 76' lang='lat' dir='ltr'><strong>mutuae</strong></span> <span class='ocrx_word' id='word_1_479' title='bbox 1702 3643 1853 3698; x_wconf 87' lang='lat' dir='ltr'><strong>necis</strong></span> <span class='ocrx_word' id='word_1_480' title='bbox 1883 3649 2098 3713; x_wconf 90' lang='lat' dir='ltr'><strong>tempus</strong></span> 
     </span>
    </p>
   </div>
   <div class='ocr_carea' id='block_1_69' title="bbox 487 3734 2097 3807">
    <p class='ocr_par' dir='ltr' id='par_1_69' title="bbox 487 3734 2097 3807">
     <span class='ocr_line' id='line_1_70' title="bbox 487 3734 2097 3807; baseline -0.001 -16"><span class='ocrx_word' id='word_1_481' title='bbox 487 3744 885 3802; x_wconf 86' lang='lat' dir='ltr'><strong>reservaretur,</strong></span> <span class='ocrx_word' id='word_1_482' title='bbox 909 3735 1207 3807; x_wconf 89' lang='lat' dir='ltr'><strong>liceretque</strong></span> <span class='ocrx_word' id='word_1_483' title='bbox 1235 3750 1359 3790; x_wconf 91' lang='lat' dir='ltr'><strong>cum</strong></span> <span class='ocrx_word' id='word_1_484' title='bbox 1388 3734 1575 3790; x_wconf 90' lang='lat' dir='ltr'><strong>liberis</strong></span> <span class='ocrx_word' id='word_1_485' title='bbox 1608 3735 1809 3790; x_wconf 90' lang='lat' dir='ltr'><strong>nostris</strong></span> <span class='ocrx_word' id='word_1_486' title='bbox 1833 3742 1886 3790; x_wconf 92' lang='lat' dir='ltr'><strong>et</strong></span> <span class='ocrx_word' id='word_1_487' title='bbox 1909 3748 2097 3790; x_wconf 87' lang='lat' dir='ltr'><strong>ncces-</strong></span> 
     </span>
    </p>
   </div>
   <div class='ocr_carea' id='block_1_70' title="bbox 489 3829 2099 3898">
    <p class='ocr_par' dir='ltr' id='par_1_70' title="bbox 489 3829 2099 3898">
     <span class='ocr_line' id='line_1_71' title="bbox 489 3829 2099 3898; baseline 0 -11"><span class='ocrx_word' id='word_1_488' title='bbox 489 3829 821 3887; x_wconf 86' lang='lat' dir='ltr'><strong>situdinibus</strong></span> <span class='ocrx_word' id='word_1_489' title='bbox 844 3831 1003 3898; x_wconf 91' lang='lat' dir='ltr'><strong>mori,</strong></span> <span class='ocrx_word' id='word_1_490' title='bbox 1044 3847 1114 3888; x_wconf 92' lang='lat' dir='ltr'><strong>ne</strong></span> <span class='ocrx_word' id='word_1_491' title='bbox 1144 3831 1454 3888; x_wconf 90' lang='lat' dir='ltr'><strong>videremus</strong></span> <span class='ocrx_word' id='word_1_492' title='bbox 1492 3831 1720 3887; x_wconf 87' lang='lat' dir='ltr'><strong>anhelos</strong></span> <span class='ocrx_word' id='word_1_493' title='bbox 1749 3847 1910 3886; x_wconf 88' lang='lat' dir='ltr'><strong>senes</strong></span> <span class='ocrx_word' id='word_1_494' title='bbox 1939 3847 2099 3887; x_wconf 87' lang='lat' dir='ltr'><strong>anus-</strong></span> 
     </span>
    </p>
   </div>
   <div class='ocr_carea' id='block_1_71' title="bbox 489 3925 2098 3998">
    <p class='ocr_par' dir='ltr' id='par_1_71' title="bbox 489 3925 2098 3998">
     <span class='ocr_line' id='line_1_72' title="bbox 489 3925 2098 3998; baseline -0.001 -16"><span class='ocrx_word' id='word_1_495' title='bbox 489 3941 651 3998; x_wconf 85' lang='lat' dir='ltr'><strong>quea</strong></span> <span class='ocrx_word' id='word_1_496' title='bbox 700 3925 959 3982; x_wconf 81' lang='lat' dir='ltr'><strong>Romanis</strong></span> <span class='ocrx_word' id='word_1_497' title='bbox 1013 3926 1282 3997; x_wconf 87' lang='lat' dir='ltr'><strong>pertrahi,</strong></span> <span class='ocrx_word' id='word_1_498' title='bbox 1337 3925 1692 3982; x_wconf 88' lang='lat' dir='ltr'><strong>charissimas</strong></span> <span class='ocrx_word' id='word_1_499' title='bbox 1740 3925 2000 3996; x_wconf 86' lang='lat' dir='ltr'><strong>conjuges</strong></span> <span class='ocrx_word' id='word_1_500' title='bbox 2029 3925 2098 3981; x_wconf 88' lang='lat' dir='ltr'><strong>ad</strong></span> 
     </span>
    </p>
   </div>
   <div class='ocr_carea' id='block_1_72' title="bbox 486 4018 2097 4092">
    <p class='ocr_par' dir='ltr' id='par_1_72' title="bbox 486 4018 2097 4092">
     <span class='ocr_line' id='line_1_73' title="bbox 486 4018 2097 4092; baseline -0.003 -14"><span class='ocrx_word' id='word_1_501' title='bbox 486 4022 708 4078; x_wconf 88' lang='lat' dir='ltr'><strong>victoris</strong></span> <span class='ocrx_word' id='word_1_502' title='bbox 732 4021 1010 4078; x_wconf 91' lang='lat' dir='ltr'><strong>libidinem</strong></span> <span class='ocrx_word' id='word_1_503' title='bbox 1043 4019 1202 4092; x_wconf 88' lang='lat' dir='ltr'><strong>rapi?</strong></span> <span class='ocrx_word' id='word_1_504' title='bbox 1231 4019 1669 4076; x_wconf 86' lang='lat' dir='ltr'><strong>Commoriamur</strong></span> <span class='ocrx_word' id='word_1_505' title='bbox 1695 4018 1908 4090; x_wconf 86' lang='lat' dir='ltr'><strong>patriae,</strong></span> <span class='ocrx_word' id='word_1_506' title='bbox 1938 4034 2004 4074; x_wconf 91' lang='lat' dir='ltr'><strong>ne</strong></span> <span class='ocrx_word' id='word_1_507' title='bbox 2025 4018 2097 4074; x_wconf 90' lang='lat' dir='ltr'><strong>si-</strong></span> 
     </span>
    </p>
   </div>
   <div class='ocr_carea' id='block_1_73' title="bbox 491 4112 2101 4184">
    <p class='ocr_par' dir='ltr' id='par_1_73' title="bbox 491 4112 2101 4184">
     <span class='ocr_line' id='line_1_74' title="bbox 491 4112 2101 4184; baseline -0.001 -16"><span class='ocrx_word' id='word_1_508' title='bbox 491 4128 614 4169; x_wconf 92' lang='lat' dir='ltr'><strong>mus</strong></span> <span class='ocrx_word' id='word_1_509' title='bbox 641 4115 962 4184; x_wconf 89' lang='lat' dir='ltr'><strong>superstites</strong></span> <span class='ocrx_word' id='word_1_510' title='bbox 983 4114 1114 4169; x_wconf 89' lang='lat' dir='ltr'><strong>tanti</strong></span> <span class='ocrx_word' id='word_1_511' title='bbox 1139 4112 1426 4169; x_wconf 90' lang='lat' dir='ltr'><strong>dedecoris</strong></span> <span class='ocrx_word' id='word_1_512' title='bbox 1451 4113 1769 4184; x_wconf 91' lang='lat' dir='ltr'><strong>opprobrio.</strong></span> <span class='ocrx_word' id='word_1_513' title='bbox 1801 4114 1920 4179; x_wconf 87' lang='lat' dir='ltr'><strong>Quo</strong></span> <span class='ocrx_word' id='word_1_514' title='bbox 1941 4113 2101 4183; x_wconf 86' lang='lat' dir='ltr'><strong>igitur</strong></span> 
     </span>
    </p>
   </div>
   <div class='ocr_carea' id='block_1_74' title="bbox 492 4204 2100 4279">
    <p class='ocr_par' dir='ltr' id='par_1_74' title="bbox 492 4204 2100 4279">
     <span class='ocr_line' id='line_1_75' title="bbox 492 4204 2100 4279; baseline 0 -19"><span class='ocrx_word' id='word_1_515' title='bbox 492 4206 757 4279; x_wconf 88' lang='lat' dir='ltr'><strong>fugiemus</strong></span> <span class='ocrx_word' id='word_1_516' title='bbox 785 4223 816 4262; x_wconf 89' lang='lat' dir='ltr'><strong>a</strong></span> <span class='ocrx_word' id='word_1_517' title='bbox 841 4207 976 4262; x_wconf 89' lang='lat' dir='ltr'><strong>facie</strong></span> <span class='ocrx_word' id='word_1_518' title='bbox 1007 4206 1123 4272; x_wconf 89' lang='lat' dir='ltr'><strong>Dei,</strong></span> <span class='ocrx_word' id='word_1_519' title='bbox 1155 4215 1248 4261; x_wconf 92' lang='lat' dir='ltr'><strong>aut</strong></span> <span class='ocrx_word' id='word_1_520' title='bbox 1277 4221 1385 4276; x_wconf 93' lang='lat' dir='ltr'><strong>quo</strong></span> <span class='ocrx_word' id='word_1_521' title='bbox 1426 4205 1626 4260; x_wconf 90' lang='lat' dir='ltr'><strong>ibimus</strong></span> <span class='ocrx_word' id='word_1_522' title='bbox 1676 4204 1888 4261; x_wconf 89' lang='lat' dir='ltr'><strong>infenso</strong></span> <span class='ocrx_word' id='word_1_523' title='bbox 1943 4205 2100 4260; x_wconf 92' lang='lat' dir='ltr'><strong>nobis</strong></span> 
     </span>
    </p>
   </div>
   <div class='ocr_carea' id='block_1_75' title="bbox 489 4297 2101 4367">
    <p class='ocr_par' dir='ltr' id='par_1_75' title="bbox 489 4297 2101 4367">
     <span class='ocr_line' id='line_1_76' title="bbox 489 4297 2101 4367; baseline -0.003 -12"><span class='ocrx_word' id='word_1_524' title='bbox 489 4298 618 4357; x_wconf 70' lang='lat' dir='ltr'><strong>cmli</strong></span> <span class='ocrx_word' id='word_1_525' title='bbox 638 4299 870 4354; x_wconf 90' lang='lat' dir='ltr'><strong>Domino</strong></span> <span class='ocrx_word' id='word_1_526' title='bbox 892 4299 915 4352; x_wconf 89' lang='lat'><strong>?</strong></span> <span class='ocrx_word' id='word_1_527' title='bbox 941 4299 997 4354; x_wconf 90' lang='lat' dir='ltr'><strong>Si</strong></span> <span class='ocrx_word' id='word_1_528' title='bbox 1029 4297 1226 4352; x_wconf 87' lang='lat' dir='ltr'><strong>cadant</strong></span> <span class='ocrx_word' id='word_1_529' title='bbox 1272 4311 1437 4367; x_wconf 91' lang='lat' dir='ltr'><strong>super</strong></span> <span class='ocrx_word' id='word_1_530' title='bbox 1465 4311 1565 4352; x_wconf 88' lang='lat' dir='ltr'><strong>nos</strong></span> <span class='ocrx_word' id='word_1_531' title='bbox 1592 4305 1806 4352; x_wconf 90' lang='lat' dir='ltr'><strong>montes</strong></span> <span class='ocrx_word' id='word_1_532' title='bbox 1826 4305 1883 4352; x_wconf 90' lang='lat' dir='ltr'><strong>et</strong></span> <span class='ocrx_word' id='word_1_533' title='bbox 1906 4311 2101 4352; x_wconf 88' lang='lat' dir='ltr'><strong>conca-</strong></span> 
     </span>
    </p>
   </div>
   <div class='ocr_carea' id='block_1_76' title="bbox 487 4389 2101 4464">
    <p class='ocr_par' dir='ltr' id='par_1_76' title="bbox 487 4389 2101 4464">
     <span class='ocr_line' id='line_1_77' title="bbox 487 4389 2101 4464; baseline 0 -16"><span class='ocrx_word' id='word_1_534' title='bbox 487 4391 570 4448; x_wconf 88' lang='lat' dir='ltr'><strong>vis</strong></span> <span class='ocrx_word' id='word_1_535' title='bbox 593 4393 863 4464; x_wconf 92' lang='lat' dir='ltr'><strong>specubus</strong></span> <span class='ocrx_word' id='word_1_536' title='bbox 907 4391 1268 4457; x_wconf 87' lang='lat' dir='ltr'><strong>abscondant,</strong></span> <span class='ocrx_word' id='word_1_537' title='bbox 1299 4389 1575 4460; x_wconf 89' lang='lat' dir='ltr'><strong>quomodo</strong></span> <span class='ocrx_word' id='word_1_538' title='bbox 1599 4399 1776 4446; x_wconf 89' lang='lat' dir='ltr'><strong>tamen</strong></span> <span class='ocrx_word' id='word_1_539' title='bbox 1805 4390 2101 4461; x_wconf 90' lang='lat' dir='ltr'><strong>poterimus</strong></span> 
     </span>
    </p>
   </div>
   <div class='ocr_carea' id='block_1_77' title="bbox 487 4483 2096 4555">
    <p class='ocr_par' dir='ltr' id='par_1_77' title="bbox 487 4483 2096 4555">
     <span class='ocr_line' id='line_1_78' title="bbox 487 4483 2096 4555; baseline -0.001 -16"><span class='ocrx_word' id='word_1_540' title='bbox 487 4483 767 4541; x_wconf 88' lang='lat' dir='ltr'><strong>declinare</strong></span> <span class='ocrx_word' id='word_1_541' title='bbox 793 4483 1218 4555; x_wconf 86' lang='lat' dir='ltr'><strong>indignationem</strong></span> <span class='ocrx_word' id='word_1_542' title='bbox 1252 4491 1416 4538; x_wconf 58' lang='lat' dir='ltr'><strong>tantae</strong></span> <span class='ocrx_word' id='word_1_543' title='bbox 1449 4483 1777 4553; x_wconf 88' lang='lat' dir='ltr'><strong>potestatis?</strong></span> <span class='ocrx_word' id='word_1_544' title='bbox 1811 4498 1921 4555; x_wconf 91' lang='lat' dir='ltr'><strong>quo</strong></span> <span class='ocrx_word' id='word_1_545' title='bbox 1954 4485 2096 4540; x_wconf 90' lang='lat' dir='ltr'><strong>enim</strong></span> 
     </span>
    </p>
   </div>
   <div class='ocr_carea' id='block_1_78' title="bbox 2197 3330 3810 3408">
    <p class='ocr_par' dir='ltr' id='par_1_78' title="bbox 2197 3330 3810 3408">
     <span class='ocr_line' id='line_1_79' title="bbox 2197 3330 3810 3408; baseline -0.004 -18"><span class='ocrx_word' id='word_1_546' title='bbox 2197 3352 2319 3391; x_wconf 90' lang='lat' dir='ltr'><strong>cum</strong></span> <span class='ocrx_word' id='word_1_547' title='bbox 2342 3337 2657 3393; x_wconf 72' lang='lat' dir='ltr'><strong>Iudaeorum</strong></span> <span class='ocrx_word' id='word_1_548' title='bbox 2692 3337 2871 3394; x_wconf 84' lang='lat' dir='ltr'><strong>necati</strong></span> <span class='ocrx_word' id='word_1_549' title='bbox 2893 3337 3082 3408; x_wconf 88' lang='lat' dir='ltr'><strong>aliqui,</strong></span> <span class='ocrx_word' id='word_1_550' title='bbox 3113 3336 3201 3391; x_wconf 89' lang='lat' dir='ltr'><strong>alii</strong></span> <span class='ocrx_word' id='word_1_551' title='bbox 3227 3334 3294 3390; x_wconf 89' lang='lat' dir='ltr'><strong>ad</strong></span> <span class='ocrx_word' id='word_1_552' title='bbox 3318 3347 3534 3404; x_wconf 72' lang='lat' dir='ltr'><strong>pmuam</strong></span> <span class='ocrx_word' id='word_1_553' title='bbox 3550 3330 3810 3386; x_wconf 87' lang='lat' dir='ltr'><strong>detinen-</strong></span> 
     </span>
    </p>
   </div>
   <div class='ocr_carea' id='block_1_79' title="bbox 2198 3424 3806 3501">
    <p class='ocr_par' dir='ltr' id='par_1_79' title="bbox 2198 3424 3806 3501">
     <span class='ocr_line' id='line_1_80' title="bbox 2198 3424 3806 3501; baseline -0.004 -18"><span class='ocrx_word' id='word_1_554' title='bbox 2198 3438 2314 3487; x_wconf 88' lang='lat' dir='ltr'><strong>tur:</strong></span> <span class='ocrx_word' id='word_1_555' title='bbox 2336 3430 2533 3501; x_wconf 89' lang='lat' dir='ltr'><strong>injuria</strong></span> <span class='ocrx_word' id='word_1_556' title='bbox 2558 3441 2764 3486; x_wconf 89' lang='lat' dir='ltr'><strong>motum</strong></span> <span class='ocrx_word' id='word_1_557' title='bbox 2786 3431 3098 3487; x_wconf 72' lang='lat' dir='ltr'><strong>Iudaeorum</strong></span> <span class='ocrx_word' id='word_1_558' title='bbox 3116 3427 3374 3500; x_wconf 88' lang='lat' dir='ltr'><strong>populum</strong></span> <span class='ocrx_word' id='word_1_559' title='bbox 3393 3424 3682 3481; x_wconf 88' lang='lat' dir='ltr'><strong>adversum</strong></span> <span class='ocrx_word' id='word_1_560' title='bbox 3698 3438 3806 3477; x_wconf 85' lang='lat' dir='ltr'><strong>au-</strong></span> 
     </span>
    </p>
   </div>
   <div class='ocr_carea' id='block_1_80' title="bbox 2197 3516 3806 3595">
    <p class='ocr_par' dir='ltr' id='par_1_80' title="bbox 2197 3516 3806 3595">
     <span class='ocr_line' id='line_1_81' title="bbox 2197 3516 3806 3595; baseline -0.005 -16"><span class='ocrx_word' id='word_1_561' title='bbox 2197 3533 2377 3580; x_wconf 90' lang='lat' dir='ltr'><strong>ctores</strong></span> <span class='ocrx_word' id='word_1_562' title='bbox 2391 3523 2606 3595; x_wconf 86' lang='lat' dir='ltr'><strong>injuriae</strong></span> <span class='ocrx_word' id='word_1_563' title='bbox 2620 3523 2989 3581; x_wconf 89' lang='lat' dir='ltr'><strong>iusurrexisse</strong></span> <span class='ocrx_word' id='word_1_564' title='bbox 3003 3541 3016 3577; x_wconf 90' lang='lat'><strong>:</strong></span> <span class='ocrx_word' id='word_1_565' title='bbox 3033 3531 3222 3580; x_wconf 90' lang='lat' dir='ltr'><strong>etcum</strong></span> <span class='ocrx_word' id='word_1_566' title='bbox 3239 3519 3568 3593; x_wconf 88' lang='lat' dir='ltr'><strong>pertinacius</strong></span> <span class='ocrx_word' id='word_1_567' title='bbox 3579 3533 3638 3573; x_wconf 91' lang='lat' dir='ltr'><strong>se</strong></span> <span class='ocrx_word' id='word_1_568' title='bbox 3650 3516 3719 3572; x_wconf 89' lang='lat' dir='ltr'><strong>de</strong></span> <span class='ocrx_word' id='word_1_569' title='bbox 3730 3517 3806 3571; x_wconf 83' lang='lat' dir='ltr'><strong>ci-</strong></span> 
     </span>
    </p>
   </div>
   <div class='ocr_carea' id='block_1_81' title="bbox 2199 3612 3805 3686">
    <p class='ocr_par' dir='ltr' id='par_1_81' title="bbox 2199 3612 3805 3686">
     <span class='ocr_line' id='line_1_82' title="bbox 2199 3612 3805 3686; baseline -0.006 -12"><span class='ocrx_word' id='word_1_570' title='bbox 2199 3618 2360 3674; x_wconf 89' lang='lat' dir='ltr'><strong>vibus</strong></span> <span class='ocrx_word' id='word_1_571' title='bbox 2376 3619 2545 3674; x_wconf 92' lang='lat' dir='ltr'><strong>ultum</strong></span> <span class='ocrx_word' id='word_1_572' title='bbox 2560 3617 2629 3674; x_wconf 89' lang='lat' dir='ltr'><strong>iri</strong></span> <span class='ocrx_word' id='word_1_573' title='bbox 2641 3618 2869 3686; x_wconf 90' lang='lat' dir='ltr'><strong>vellent,</strong></span> <span class='ocrx_word' id='word_1_574' title='bbox 2885 3617 3165 3673; x_wconf 89' lang='lat' dir='ltr'><strong>inductum</strong></span> <span class='ocrx_word' id='word_1_575' title='bbox 3182 3615 3476 3672; x_wconf 85' lang='lat' dir='ltr'><strong>exercitum</strong></span> <span class='ocrx_word' id='word_1_576' title='bbox 3491 3612 3805 3668; x_wconf 83' lang='lat' dir='ltr'><strong>Romanum</strong></span> 
     </span>
    </p>
   </div>
   <div class='ocr_carea' id='block_1_82' title="bbox 2197 3705 3800 3786">
    <p class='ocr_par' dir='ltr' id='par_1_82' title="bbox 2197 3705 3800 3786">
     <span class='ocr_line' id='line_1_83' title="bbox 2197 3705 3800 3786; baseline -0.006 -17"><span class='ocrx_word' id='word_1_577' title='bbox 2197 3713 2289 3784; x_wconf 91' lang='lat' dir='ltr'><strong>qui</strong></span> <span class='ocrx_word' id='word_1_578' title='bbox 2340 3714 2623 3786; x_wconf 84' lang='lat' dir='ltr'><strong>sexaginta</strong></span> <span class='ocrx_word' id='word_1_579' title='bbox 2652 3712 2967 3769; x_wconf 71' lang='lat' dir='ltr'><strong>Iudaeorum</strong></span> <span class='ocrx_word' id='word_1_580' title='bbox 2994 3712 3164 3768; x_wconf 91' lang='lat' dir='ltr'><strong>millia</strong></span> <span class='ocrx_word' id='word_1_581' title='bbox 3194 3711 3333 3766; x_wconf 89' lang='lat' dir='ltr'><strong>intra</strong></span> <span class='ocrx_word' id='word_1_582' title='bbox 3363 3708 3552 3765; x_wconf 90' lang='lat' dir='ltr'><strong>urbem</strong></span> <span class='ocrx_word' id='word_1_583' title='bbox 3576 3705 3800 3762; x_wconf 82' lang='lat' dir='ltr'><strong>fuderit.</strong></span> 
     </span>
    </p>
   </div>
   <div class='ocr_carea' id='block_1_83' title="bbox 2849 3825 3241 3884">
    <p class='ocr_par' dir='ltr' id='par_1_83' title="bbox 2849 3825 3241 3884">
     <span class='ocr_line' id='line_1_84' title="bbox 2849 3825 3241 3884; baseline -0.008 -1"><span class='ocrx_word' id='word_1_584' title='bbox 2849 3825 3082 3884; x_wconf 78' lang='lat' dir='ltr'><strong>CAPUT</strong></span> <span class='ocrx_word' id='word_1_585' title='bbox 3125 3826 3241 3882; x_wconf 85' lang='lat' dir='ltr'><strong>XX.</strong></span> 
     </span>
    </p>
   </div>
   <div class='ocr_carea' id='block_1_84' title="bbox 2274 3916 3799 3995">
    <p class='ocr_par' dir='ltr' id='par_1_84' title="bbox 2274 3916 3799 3995">
     <span class='ocr_line' id='line_1_85' title="bbox 2274 3916 3799 3995; baseline -0.007 -16"><span class='ocrx_word' id='word_1_586' title='bbox 2274 3923 2474 3979; x_wconf 84' lang='lat' dir='ltr'><strong>Verum</strong></span> <span class='ocrx_word' id='word_1_587' title='bbox 2532 3923 2662 3995; x_wconf 91' lang='lat' dir='ltr'><strong>quid</strong></span> <span class='ocrx_word' id='word_1_588' title='bbox 2720 3925 2772 3979; x_wconf 89' lang='lat' dir='ltr'><strong>in</strong></span> <span class='ocrx_word' id='word_1_589' title='bbox 2807 3923 3108 3979; x_wconf 91' lang='lat' dir='ltr'><strong>levioribus</strong></span> <span class='ocrx_word' id='word_1_590' title='bbox 3139 3936 3345 3988; x_wconf 90' lang='lat' dir='ltr'><strong>moror,</strong></span> <span class='ocrx_word' id='word_1_591' title='bbox 3377 3935 3501 3974; x_wconf 90' lang='lat' dir='ltr'><strong>cum</strong></span> <span class='ocrx_word' id='word_1_592' title='bbox 3525 3916 3799 3974; x_wconf 84' lang='lat' dir='ltr'><strong>excidium</strong></span> 
     </span>
    </p>
   </div>
   <div class='ocr_carea' id='block_1_85' title="bbox 2201 4012 3805 4083">
    <p class='ocr_par' dir='ltr' id='par_1_85' title="bbox 2201 4012 3805 4083">
     <span class='ocr_line' id='line_1_86' title="bbox 2201 4012 3805 4083; baseline -0.004 -12"><span class='ocrx_word' id='word_1_593' title='bbox 2201 4019 2366 4073; x_wconf 92' lang='lat' dir='ltr'><strong>totius</strong></span> <span class='ocrx_word' id='word_1_594' title='bbox 2397 4018 2550 4073; x_wconf 90' lang='lat' dir='ltr'><strong>orbis</strong></span> <span class='ocrx_word' id='word_1_595' title='bbox 2581 4018 2632 4073; x_wconf 90' lang='lat' dir='ltr'><strong>in</strong></span> <span class='ocrx_word' id='word_1_596' title='bbox 2658 4017 2814 4075; x_wconf 91' lang='lat' dir='ltr'><strong>unius</strong></span> <span class='ocrx_word' id='word_1_597' title='bbox 2844 4016 3082 4073; x_wconf 89' lang='lat' dir='ltr'><strong>civitatis</strong></span> <span class='ocrx_word' id='word_1_598' title='bbox 3110 4017 3266 4071; x_wconf 89' lang='lat' dir='ltr'><strong>ruina</strong></span> <span class='ocrx_word' id='word_1_599' title='bbox 3322 4015 3479 4070; x_wconf 87' lang='lat' dir='ltr'><strong>nobis</strong></span> <span class='ocrx_word' id='word_1_600' title='bbox 3505 4012 3805 4083; x_wconf 85' lang='lat' dir='ltr'><strong>deploran-</strong></span> 
     </span>
    </p>
   </div>
   <div class='ocr_carea' id='block_1_86' title="bbox 2200 4106 3802 4168">
    <p class='ocr_par' dir='ltr' id='par_1_86' title="bbox 2200 4106 3802 4168">
     <span class='ocr_line' id='line_1_87' title="bbox 2200 4106 3802 4168; baseline -0.003 -3"><span class='ocrx_word' id='word_1_601' title='bbox 2200 4111 2328 4165; x_wconf 91' lang='lat' dir='ltr'><strong>dum</strong></span> <span class='ocrx_word' id='word_1_602' title='bbox 2375 4111 2617 4167; x_wconf 89' lang='lat' dir='ltr'><strong>sit?Ubi</strong></span> <span class='ocrx_word' id='word_1_603' title='bbox 2665 4120 2753 4168; x_wconf 90' lang='lat' dir='ltr'><strong>est</strong></span> <span class='ocrx_word' id='word_1_604' title='bbox 2779 4111 3014 4167; x_wconf 82' lang='lat' dir='ltr'><strong>maxima</strong></span> <span class='ocrx_word' id='word_1_605' title='bbox 3045 4111 3239 4166; x_wconf 89' lang='lat' dir='ltr'><strong>civitas</strong></span> <span class='ocrx_word' id='word_1_606' title='bbox 3287 4108 3669 4166; x_wconf 82' lang='lat' dir='ltr'><strong>Hierusalem?</strong></span> <span class='ocrx_word' id='word_1_607' title='bbox 3712 4106 3802 4161; x_wconf 90' lang='lat' dir='ltr'><strong>ubi</strong></span> 
     </span>
    </p>
   </div>
   <div class='ocr_carea' id='block_1_87' title="bbox 2201 4199 3801 4276">
    <p class='ocr_par' dir='ltr' id='par_1_87' title="bbox 2201 4199 3801 4276">
     <span class='ocr_line' id='line_1_88' title="bbox 2201 4199 3801 4276; baseline -0.004 -17"><span class='ocrx_word' id='word_1_608' title='bbox 2201 4204 2398 4260; x_wconf 87' lang='lat' dir='ltr'><strong>decora</strong></span> <span class='ocrx_word' id='word_1_609' title='bbox 2422 4204 2600 4260; x_wconf 88' lang='lat' dir='ltr'><strong>Sion?</strong></span> <span class='ocrx_word' id='word_1_610' title='bbox 2633 4205 2723 4260; x_wconf 91' lang='lat' dir='ltr'><strong>ubi</strong></span> <span class='ocrx_word' id='word_1_611' title='bbox 2756 4205 3016 4276; x_wconf 88' lang='lat' dir='ltr'><strong>templum</strong></span> <span class='ocrx_word' id='word_1_612' title='bbox 3047 4202 3344 4259; x_wconf 86' lang='lat' dir='ltr'><strong>mirabile?</strong></span> <span class='ocrx_word' id='word_1_613' title='bbox 3374 4202 3463 4258; x_wconf 89' lang='lat' dir='ltr'><strong>ubi</strong></span> <span class='ocrx_word' id='word_1_614' title='bbox 3501 4199 3801 4256; x_wconf 89' lang='lat' dir='ltr'><strong>secundum</strong></span> 
     </span>
    </p>
   </div>
   <div class='ocr_carea' id='block_1_88' title="bbox 2198 4293 3803 4365">
    <p class='ocr_par' dir='ltr' id='par_1_88' title="bbox 2198 4293 3803 4365">
     <span class='ocr_line' id='line_1_89' title="bbox 2198 4293 3803 4365; baseline -0.003 -14"><span class='ocrx_word' id='word_1_615' title='bbox 2198 4295 2331 4351; x_wconf 91' lang='lat' dir='ltr'><strong>illud</strong></span> <span class='ocrx_word' id='word_1_616' title='bbox 2360 4297 2774 4353; x_wconf 89' lang='lat' dir='ltr'><strong>tabernaculum</strong></span> <span class='ocrx_word' id='word_1_617' title='bbox 2808 4297 3114 4353; x_wconf 88' lang='lat' dir='ltr'><strong>sanctitatis</strong></span> <span class='ocrx_word' id='word_1_618' title='bbox 3148 4296 3470 4362; x_wconf 89' lang='lat' dir='ltr'><strong>sacrarium,</strong></span> <span class='ocrx_word' id='word_1_619' title='bbox 3498 4309 3608 4365; x_wconf 91' lang='lat' dir='ltr'><strong>quo</strong></span> <span class='ocrx_word' id='word_1_620' title='bbox 3632 4293 3803 4348; x_wconf 89' lang='lat' dir='ltr'><strong>semel</strong></span> 
     </span>
    </p>
   </div>
   <div class='ocr_carea' id='block_1_89' title="bbox 2202 4386 3804 4461">
    <p class='ocr_par' dir='ltr' id='par_1_89' title="bbox 2202 4386 3804 4461">
     <span class='ocr_line' id='line_1_90' title="bbox 2202 4386 3804 4461; baseline -0.001 -18"><span class='ocrx_word' id='word_1_621' title='bbox 2202 4389 2256 4443; x_wconf 91' lang='lat' dir='ltr'><strong>in</strong></span> <span class='ocrx_word' id='word_1_622' title='bbox 2287 4405 2432 4446; x_wconf 89' lang='lat' dir='ltr'><strong>anno</strong></span> <span class='ocrx_word' id='word_1_623' title='bbox 2462 4391 2612 4447; x_wconf 90' lang='lat' dir='ltr'><strong>solus</strong></span> <span class='ocrx_word' id='word_1_624' title='bbox 2665 4391 2923 4461; x_wconf 88' lang='lat' dir='ltr'><strong>princeps</strong></span> <span class='ocrx_word' id='word_1_625' title='bbox 2969 4389 3315 4446; x_wconf 90' lang='lat' dir='ltr'><strong>sacerdotum</strong></span> <span class='ocrx_word' id='word_1_626' title='bbox 3356 4386 3565 4443; x_wconf 87' lang='lat' dir='ltr'><strong>solebat</strong></span> <span class='ocrx_word' id='word_1_627' title='bbox 3597 4387 3804 4441; x_wconf 87' lang='lat' dir='ltr'><strong>intrare</strong></span> 
     </span>
    </p>
   </div>
   <div class='ocr_carea' id='block_1_90' title="bbox 2203 4482 3803 4560">
    <p class='ocr_par' dir='ltr' id='par_1_90' title="bbox 2203 4482 3803 4560">
     <span class='ocr_line' id='line_1_91' title="bbox 2203 4482 3803 4560; baseline -0.002 -19"><span class='ocrx_word' id='word_1_628' title='bbox 2203 4503 2312 4543; x_wconf 90' lang='lat' dir='ltr'><strong>non</strong></span> <span class='ocrx_word' id='word_1_629' title='bbox 2345 4489 2463 4543; x_wconf 91' lang='lat' dir='ltr'><strong>sine</strong></span> <span class='ocrx_word' id='word_1_630' title='bbox 2485 4489 2944 4560; x_wconf 89' lang='lat' dir='ltr'><strong>sanguine,quem</strong></span> <span class='ocrx_word' id='word_1_631' title='bbox 2969 4500 3067 4558; x_wconf 91' lang='lat' dir='ltr'><strong>pro</strong></span> <span class='ocrx_word' id='word_1_632' title='bbox 3094 4501 3153 4542; x_wconf 91' lang='lat' dir='ltr'><strong>se</strong></span> <span class='ocrx_word' id='word_1_633' title='bbox 3172 4484 3396 4541; x_wconf 78' lang='lat' dir='ltr'><strong>offerret</strong></span> <span class='ocrx_word' id='word_1_634' title='bbox 3415 4491 3472 4540; x_wconf 92' lang='lat' dir='ltr'><strong>et</strong></span> <span class='ocrx_word' id='word_1_635' title='bbox 3497 4483 3681 4553; x_wconf 83' lang='lat' dir='ltr'><strong>pOpuli</strong></span> <span class='ocrx_word' id='word_1_636' title='bbox 3710 4482 3803 4538; x_wconf 87' lang='lat' dir='ltr'><strong>de-</strong></span> 
     </span>
    </p>
   </div>
   <div class='ocr_carea' id='block_1_91' title="bbox 489 4576 3803 4675">
    <p class='ocr_par' dir='ltr' id='par_1_91' title="bbox 489 4576 3803 4675">
     <span class='ocr_line' id='line_1_92' title="bbox 489 4576 3803 4675; baseline -0.002 -42"><span class='ocrx_word' id='word_1_637' title='bbox 489 4578 922 4650; x_wconf 89' lang='lat' dir='ltr'><strong>progrediemur,</strong></span> <span class='ocrx_word' id='word_1_638' title='bbox 947 4587 1005 4633; x_wconf 95' lang='lat' dir='ltr'><strong>ut</strong></span> <span class='ocrx_word' id='word_1_639' title='bbox 1034 4593 1138 4634; x_wconf 86' lang='lat' dir='ltr'><strong>non</strong></span> <span class='ocrx_word' id='word_1_640' title='bbox 1172 4579 1243 4633; x_wconf 90' lang='lat' dir='ltr'><strong>sit</strong></span> <span class='ocrx_word' id='word_1_641' title='bbox 1270 4578 1438 4645; x_wconf 89' lang='lat' dir='ltr'><strong>Deus,</strong></span> <span class='ocrx_word' id='word_1_642' title='bbox 1469 4593 1591 4634; x_wconf 89' lang='lat' dir='ltr'><strong>cum</strong></span> <span class='ocrx_word' id='word_1_643' title='bbox 1613 4579 1729 4650; x_wconf 91' lang='lat' dir='ltr'><strong>ipse</strong></span> <span class='ocrx_word' id='word_1_644' title='bbox 1749 4578 1948 4650; x_wconf 89' lang='lat' dir='ltr'><strong>ubique</strong></span> <span class='ocrx_word' id='word_1_645' title='bbox 1977 4580 2050 4634; x_wconf 89' lang='lat' dir='ltr'><strong>sit</strong></span> <span class='ocrx_word' id='word_1_646' title='bbox 2076 4578 2099 4633; x_wconf 87' lang='lat'><strong>?</strong></span> <span class='ocrx_word' id='word_1_647' title='bbox 2125 4614 2178 4675; x_wconf 83' lang='lat' dir='ltr'><strong>D</strong></span> <span class='ocrx_word' id='word_1_648' title='bbox 2205 4580 2377 4636; x_wconf 86' lang='lat' dir='ltr'><strong>licto?</strong></span> <span class='ocrx_word' id='word_1_649' title='bbox 2408 4580 2765 4636; x_wconf 88' lang='lat' dir='ltr'><strong>Profanatum</strong></span> <span class='ocrx_word' id='word_1_650' title='bbox 2814 4579 3064 4650; x_wconf 82' lang='lat' dir='ltr'><strong>gentibus</strong></span> <span class='ocrx_word' id='word_1_651' title='bbox 3091 4596 3104 4632; x_wconf 89' lang='lat'><strong>:</strong></span> <span class='ocrx_word' id='word_1_652' title='bbox 3157 4576 3399 4634; x_wconf 89' lang='lat' dir='ltr'><strong>habitant</strong></span> <span class='ocrx_word' id='word_1_653' title='bbox 3443 4577 3496 4630; x_wconf 91' lang='lat' dir='ltr'><strong>in</strong></span> <span class='ocrx_word' id='word_1_654' title='bbox 3557 4576 3803 4645; x_wconf 89' lang='lat' dir='ltr'><strong>reliquiis</strong></span> 
     </span>
    </p>
   </div>
   <div class='ocr_carea' id='block_1_92' title="bbox 489 4670 2092 4742">
    <p class='ocr_par' dir='ltr' id='par_1_92' title="bbox 489 4670 2092 4742">
     <span class='ocr_line' id='line_1_93' title="bbox 489 4670 2092 4742; baseline 0.001 -16"><span class='ocrx_word' id='word_1_655' title='bbox 489 4671 575 4727; x_wconf 87' lang='lat' dir='ltr'><strong>An</strong></span> <span class='ocrx_word' id='word_1_656' title='bbox 608 4671 902 4728; x_wconf 87' lang='lat' dir='ltr'><strong>mediocria</strong></span> <span class='ocrx_word' id='word_1_657' title='bbox 931 4671 1176 4741; x_wconf 87' lang='lat' dir='ltr'><strong>exempla</strong></span> <span class='ocrx_word' id='word_1_658' title='bbox 1210 4681 1365 4737; x_wconf 88' lang='lat' dir='ltr'><strong>sunt,</strong></span> <span class='ocrx_word' id='word_1_659' title='bbox 1393 4670 1588 4742; x_wconf 91' lang='lat' dir='ltr'><strong>quibus</strong></span> <span class='ocrx_word' id='word_1_660' title='bbox 1619 4670 2092 4740; x_wconf 85' lang='lat' dir='ltr'><strong>doceamur,quod</strong></span> 
     </span>
    </p>
   </div>
   <div class='ocr_carea' id='block_1_93' title="bbox 486 4765 2094 4839">
    <p class='ocr_par' dir='ltr' id='par_1_93' title="bbox 486 4765 2094 4839">
     <span class='ocr_line' id='line_1_94' title="bbox 486 4765 2094 4839; baseline 0.002 -18"><span class='ocrx_word' id='word_1_661' title='bbox 486 4765 600 4838; x_wconf 89' lang='lat' dir='ltr'><strong>jam</strong></span> <span class='ocrx_word' id='word_1_662' title='bbox 627 4767 831 4824; x_wconf 91' lang='lat' dir='ltr'><strong>dudum</strong></span> <span class='ocrx_word' id='word_1_663' title='bbox 860 4769 1002 4839; x_wconf 85' lang='lat' dir='ltr'><strong>genti</strong></span> <span class='ocrx_word' id='word_1_664' title='bbox 1047 4776 1250 4824; x_wconf 74' lang='lat' dir='ltr'><strong>nostra:</strong></span> <span class='ocrx_word' id='word_1_665' title='bbox 1300 4783 1398 4838; x_wconf 89' lang='lat' dir='ltr'><strong>pro</strong></span> <span class='ocrx_word' id='word_1_666' title='bbox 1431 4770 1667 4839; x_wconf 90' lang='lat' dir='ltr'><strong>peccatis</strong></span> <span class='ocrx_word' id='word_1_667' title='bbox 1698 4771 1902 4825; x_wconf 91' lang='lat' dir='ltr'><strong>nostris</strong></span> <span class='ocrx_word' id='word_1_668' title='bbox 1928 4768 2094 4826; x_wconf 85' lang='lat' dir='ltr'><strong>infes-</strong></span> 
     </span>
    </p>
   </div>
   <div class='ocr_carea' id='block_1_94' title="bbox 489 4859 2091 4932">
    <p class='ocr_par' dir='ltr' id='par_1_94' title="bbox 489 4859 2091 4932">
     <span class='ocr_line' id='line_1_95' title="bbox 489 4859 2091 4932; baseline -0.001 -17"><span class='ocrx_word' id='word_1_669' title='bbox 489 4866 580 4915; x_wconf 92' lang='lat' dir='ltr'><strong>tus</strong></span> <span class='ocrx_word' id='word_1_670' title='bbox 601 4860 692 4928; x_wconf 91' lang='lat' dir='ltr'><strong>sit,</strong></span> <span class='ocrx_word' id='word_1_671' title='bbox 718 4861 809 4930; x_wconf 93' lang='lat' dir='ltr'><strong>qui</strong></span> <span class='ocrx_word' id='word_1_672' title='bbox 840 4869 966 4916; x_wconf 86' lang='lat' dir='ltr'><strong>ante</strong></span> <span class='ocrx_word' id='word_1_673' title='bbox 1003 4860 1375 4932; x_wconf 85' lang='lat' dir='ltr'><strong>praesidebat?</strong></span> <span class='ocrx_word' id='word_1_674' title='bbox 1403 4859 1533 4928; x_wconf 88' lang='lat' dir='ltr'><strong>Quis</strong></span> <span class='ocrx_word' id='word_1_675' title='bbox 1564 4860 1667 4916; x_wconf 92' lang='lat' dir='ltr'><strong>hoc</strong></span> <span class='ocrx_word' id='word_1_676' title='bbox 1693 4861 1924 4928; x_wconf 90' lang='lat' dir='ltr'><strong>dubitet,</strong></span> <span class='ocrx_word' id='word_1_677' title='bbox 1970 4876 2091 4916; x_wconf 92' lang='lat' dir='ltr'><strong>cum</strong></span> 
     </span>
    </p>
   </div>
   <div class='ocr_carea' id='block_1_95' title="bbox 488 4955 2094 5027">
    <p class='ocr_par' dir='ltr' id='par_1_95' title="bbox 488 4955 2094 5027">
     <span class='ocr_line' id='line_1_96' title="bbox 488 4955 2094 5027; baseline 0.001 -17"><span class='ocrx_word' id='word_1_678' title='bbox 488 4955 854 5027; x_wconf 80' lang='lat' dir='ltr'><strong>videat,quod</strong></span> <span class='ocrx_word' id='word_1_679' title='bbox 885 4957 938 5011; x_wconf 92' lang='lat' dir='ltr'><strong>in</strong></span> <span class='ocrx_word' id='word_1_680' title='bbox 978 4972 1076 5012; x_wconf 93' lang='lat' dir='ltr'><strong>nos</strong></span> <span class='ocrx_word' id='word_1_681' title='bbox 1098 4971 1289 5012; x_wconf 90' lang='lat' dir='ltr'><strong>manus</strong></span> <span class='ocrx_word' id='word_1_682' title='bbox 1315 4964 1515 5010; x_wconf 70' lang='lat' dir='ltr'><strong>nostra:</strong></span> <span class='ocrx_word' id='word_1_683' title='bbox 1529 4971 1808 5012; x_wconf 64' lang='lat' dir='ltr'><strong>conversae</strong></span> <span class='ocrx_word' id='word_1_684' title='bbox 1829 4957 2094 5026; x_wconf 90' lang='lat' dir='ltr'><strong>sint,plu—</strong></span> 
     </span>
    </p>
   </div>
   <div class='ocr_carea' id='block_1_96' title="bbox 488 5049 2093 5121">
    <p class='ocr_par' dir='ltr' id='par_1_96' title="bbox 488 5049 2093 5121">
     <span class='ocr_line' id='line_1_97' title="bbox 488 5049 2093 5121; baseline -0.001 -16"><span class='ocrx_word' id='word_1_685' title='bbox 488 5063 688 5120; x_wconf 90' lang='lat' dir='ltr'><strong>resque</strong></span> <span class='ocrx_word' id='word_1_686' title='bbox 730 5049 926 5106; x_wconf 86' lang='lat' dir='ltr'><strong>seditio</strong></span> <span class='ocrx_word' id='word_1_687' title='bbox 946 5049 1266 5113; x_wconf 86' lang='lat' dir='ltr'><strong>domestica,</strong></span> <span class='ocrx_word' id='word_1_688' title='bbox 1310 5065 1470 5121; x_wconf 93' lang='lat' dir='ltr'><strong>quam</strong></span> <span class='ocrx_word' id='word_1_689' title='bbox 1501 5050 1701 5104; x_wconf 90' lang='lat' dir='ltr'><strong>bellum</strong></span> <span class='ocrx_word' id='word_1_690' title='bbox 1729 5050 2093 5106; x_wconf 76' lang='lat' dir='ltr'><strong>exstinxerit?</strong></span> 
     </span>
    </p>
   </div>
   <div class='ocr_carea' id='block_1_97' title="bbox 1099 5141 1518 5199">
    <p class='ocr_par' dir='ltr' id='par_1_97' title="bbox 1099 5141 1518 5199">
     <span class='ocr_line' id='line_1_98' title="bbox 1099 5141 1518 5199; baseline -0.002 0"><span class='ocrx_word' id='word_1_691' title='bbox 1099 5142 1328 5199; x_wconf 85' lang='lat' dir='ltr'><strong>CAPUT</strong></span> <span class='ocrx_word' id='word_1_692' title='bbox 1371 5141 1518 5198; x_wconf 85' lang='lat' dir='ltr'><strong>XIX.</strong></span> 
     </span>
    </p>
   </div>
   <div class='ocr_carea' id='block_1_98' title="bbox 562 5232 2092 5306">
    <p class='ocr_par' dir='ltr' id='par_1_98' title="bbox 562 5232 2092 5306">
     <span class='ocr_line' id='line_1_99' title="bbox 562 5232 2092 5306; baseline 0.001 -16"><span class='ocrx_word' id='word_1_693' title='bbox 562 5233 678 5290; x_wconf 87' lang='lat' dir='ltr'><strong>Non</strong></span> <span class='ocrx_word' id='word_1_694' title='bbox 704 5232 918 5291; x_wconf 91' lang='lat' dir='ltr'><strong>donabo</strong></span> <span class='ocrx_word' id='word_1_695' title='bbox 958 5233 1216 5290; x_wconf 81' lang='lat' dir='ltr'><strong>Romanis</strong></span> <span class='ocrx_word' id='word_1_696' title='bbox 1243 5234 1388 5306; x_wconf 89' lang='lat' dir='ltr'><strong>quod</strong></span> <span class='ocrx_word' id='word_1_697' title='bbox 1444 5235 1696 5302; x_wconf 89' lang='lat' dir='ltr'><strong>vicerint,</strong></span> <span class='ocrx_word' id='word_1_698' title='bbox 1728 5251 1830 5292; x_wconf 92' lang='lat' dir='ltr'><strong>nec</strong></span> <span class='ocrx_word' id='word_1_699' title='bbox 1859 5235 1960 5306; x_wconf 89' lang='lat' dir='ltr'><strong>ipsi</strong></span> <span class='ocrx_word' id='word_1_700' title='bbox 1991 5236 2092 5292; x_wconf 89' lang='lat' dir='ltr'><strong>sibi</strong></span> 
     </span>
    </p>
   </div>
   <div class='ocr_carea' id='block_1_99' title="bbox 495 5325 2098 5398">
    <p class='ocr_par' dir='ltr' id='par_1_99' title="bbox 495 5325 2098 5398">
     <span class='ocr_line' id='line_1_100' title="bbox 495 5325 2098 5398; baseline 0.001 -16"><span class='ocrx_word' id='word_1_701' title='bbox 495 5325 600 5382; x_wconf 89' lang='lat' dir='ltr'><strong>hoc</strong></span> <span class='ocrx_word' id='word_1_702' title='bbox 621 5326 922 5394; x_wconf 87' lang='lat' dir='ltr'><strong>vindicant,</strong></span> <span class='ocrx_word' id='word_1_703' title='bbox 953 5327 1044 5397; x_wconf 91' lang='lat' dir='ltr'><strong>qui</strong></span> <span class='ocrx_word' id='word_1_704' title='bbox 1070 5328 1273 5396; x_wconf 89' lang='lat' dir='ltr'><strong>sciunt,</strong></span> <span class='ocrx_word' id='word_1_705' title='bbox 1322 5327 1464 5398; x_wconf 91' lang='lat' dir='ltr'><strong>quod</strong></span> <span class='ocrx_word' id='word_1_706' title='bbox 1494 5342 1688 5383; x_wconf 89' lang='lat' dir='ltr'><strong>omnes</strong></span> <span class='ocrx_word' id='word_1_707' title='bbox 1730 5328 1845 5384; x_wconf 87' lang='lat' dir='ltr'><strong>fere</strong></span> <span class='ocrx_word' id='word_1_708' title='bbox 1891 5331 2098 5384; x_wconf 85' lang='lat' dir='ltr'><strong>nostris</strong></span> 
     </span>
    </p>
   </div>
   <div class='ocr_carea' id='block_1_100' title="bbox 491 5421 2091 5494">
    <p class='ocr_par' dir='ltr' id='par_1_100' title="bbox 491 5421 2091 5494">
     <span class='ocr_line' id='line_1_101' title="bbox 491 5421 2091 5494; baseline 0.002 -19"><span class='ocrx_word' id='word_1_709' title='bbox 491 5421 673 5491; x_wconf 90' lang='lat' dir='ltr'><strong>potius</strong></span> <span class='ocrx_word' id='word_1_710' title='bbox 700 5421 886 5489; x_wconf 89' lang='lat' dir='ltr'><strong>armis,</strong></span> <span class='ocrx_word' id='word_1_711' title='bbox 920 5436 1080 5493; x_wconf 91' lang='lat' dir='ltr'><strong>quam</strong></span> <span class='ocrx_word' id='word_1_712' title='bbox 1113 5421 1306 5477; x_wconf 90' lang='lat' dir='ltr'><strong>alienis</strong></span> <span class='ocrx_word' id='word_1_713' title='bbox 1354 5423 1678 5492; x_wconf 90' lang='lat' dir='ltr'><strong>pericrimus</strong></span> <span class='ocrx_word' id='word_1_714' title='bbox 1710 5441 1723 5478; x_wconf 89' lang='lat'>:</span> <span class='ocrx_word' id='word_1_715' title='bbox 1751 5423 1951 5494; x_wconf 89' lang='lat' dir='ltr'><strong>quique</strong></span> <span class='ocrx_word' id='word_1_716' title='bbox 1983 5423 2091 5478; x_wconf 86' lang='lat' dir='ltr'><strong>Ro—</strong></span> 
     </span>
    </p>
   </div>
   <div class='ocr_carea' id='block_1_101' title="bbox 493 5513 2094 5573">
    <p class='ocr_par' dir='ltr' id='par_1_101' title="bbox 493 5513 2094 5573">
     <span class='ocr_line' id='line_1_102' title="bbox 493 5513 2094 5573; baseline 0.002 -4"><span class='ocrx_word' id='word_1_717' title='bbox 493 5527 779 5570; x_wconf 90' lang='lat' dir='ltr'><strong>manorum</strong></span> <span class='ocrx_word' id='word_1_718' title='bbox 817 5529 968 5570; x_wconf 90' lang='lat' dir='ltr'><strong>arma</strong></span> <span class='ocrx_word' id='word_1_719' title='bbox 998 5513 1253 5571; x_wconf 92' lang='lat' dir='ltr'><strong>viderunt</strong></span> <span class='ocrx_word' id='word_1_720' title='bbox 1270 5513 1574 5570; x_wconf 83' lang='lat' dir='ltr'><strong>Caesaream</strong></span> <span class='ocrx_word' id='word_1_721' title='bbox 1607 5516 1975 5572; x_wconf 89' lang='lat' dir='ltr'><strong>inhabitantes</strong></span> <span class='ocrx_word' id='word_1_722' title='bbox 2002 5515 2094 5573; x_wconf 87' lang='lat' dir='ltr'><strong>Ju—</strong></span> 
     </span>
    </p>
   </div>
   <div class='ocr_carea' id='block_1_102' title="bbox 566 5632 2093 5707">
    <p class='ocr_par' dir='ltr' id='par_1_102' title="bbox 566 5632 2093 5707">
     <span class='ocr_line' id='line_1_103' title="bbox 566 5632 2093 5707; baseline 0.002 -19"><span class='ocrx_word' id='word_1_723' title='bbox 566 5642 592 5671; x_wconf 75' lang='grc' dir='ltr'><strong>ει</strong></span> <span class='ocrx_word' id='word_1_724' title='bbox 615 5632 765 5689; x_wconf 90' lang='lat' dir='ltr'><strong>Editi</strong></span> <span class='ocrx_word' id='word_1_725' title='bbox 793 5634 1139 5707; x_wconf 78' lang='lat' dir='ltr'><strong>fundibulari.</strong></span> <span class='ocrx_word' id='word_1_726' title='bbox 1172 5635 1248 5691; x_wconf 89' lang='lat' dir='ltr'><strong>De</strong></span> <span class='ocrx_word' id='word_1_727' title='bbox 1260 5634 1364 5691; x_wconf 88' lang='lat' dir='ltr'><strong>hac</strong></span> <span class='ocrx_word' id='word_1_728' title='bbox 1381 5649 1512 5707; x_wconf 90' lang='lat' dir='ltr'><strong>vero</strong></span> <span class='ocrx_word' id='word_1_729' title='bbox 1538 5634 1922 5707; x_wconf 80' lang='lat' dir='ltr'><strong>emendatione</strong></span> <span class='ocrx_word' id='word_1_730' title='bbox 1945 5634 2093 5691; x_wconf 89' lang='lat' dir='ltr'><strong>vide-</strong></span> 
     </span>
    </p>
   </div>
   <div class='ocr_carea' id='block_1_103' title="bbox 491 5705 2087 5777">
    <p class='ocr_par' dir='ltr' id='par_1_103' title="bbox 491 5705 2087 5777">
     <span class='ocr_line' id='line_1_104' title="bbox 491 5705 2087 5777; baseline -0.001 -13"><span class='ocrx_word' id='word_1_731' title='bbox 491 5705 570 5764; x_wconf 78' lang='lat' dir='ltr'><strong>sls</strong></span> <span class='ocrx_word' id='word_1_732' title='bbox 609 5721 730 5776; x_wconf 68' lang='lat' dir='ltr'><strong>qua:</strong></span> <span class='ocrx_word' id='word_1_733' title='bbox 779 5705 1178 5764; x_wconf 81' lang='lat' dir='ltr'><strong>annotabamus</strong></span> <span class='ocrx_word' id='word_1_734' title='bbox 1218 5706 1468 5777; x_wconf 88' lang='lat' dir='ltr'><strong>superius</strong></span> <span class='ocrx_word' id='word_1_735' title='bbox 1496 5705 1562 5760; x_wconf 93' lang='lat' dir='ltr'><strong>ad</strong></span> <span class='ocrx_word' id='word_1_736' title='bbox 1595 5715 1756 5775; x_wconf 89' lang='lat' dir='ltr'><strong>caput</strong></span> <span class='ocrx_word' id='word_1_737' title='bbox 1793 5707 1863 5763; x_wconf 74' lang='grc'><strong>44</strong></span> <span class='ocrx_word' id='word_1_738' title='bbox 1903 5706 1997 5764; x_wconf 87' lang='lat' dir='ltr'><strong>lib.</strong></span> <span class='ocrx_word' id='word_1_739' title='bbox 2037 5723 2087 5762; x_wconf 73' lang='grc' dir='ltr'><strong>ν.</strong></span> 
     </span>
    </p>
   </div>
   <div class='ocr_carea' id='block_1_104' title="bbox 565 5779 2087 5924">
    <p class='ocr_par' dir='ltr' id='par_1_104' title="bbox 565 5779 2087 5924">
     <span class='ocr_line' id='line_1_105' title="bbox 1723 5779 1995 5834; baseline -0.004 0"><span class='ocrx_word' id='word_1_740' title='bbox 1723 5779 1995 5834; x_wconf 66' lang='lat' dir='ltr'><strong>Canum).</strong></span> 
     </span>
     <span class='ocr_line' id='line_1_106' title="bbox 565 5847 2087 5924; baseline 0.001 -20"><span class='ocrx_word' id='word_1_741' title='bbox 565 5847 764 5905; x_wconf 54' lang='lat' dir='ltr'><strong>1t-IZditi</strong></span> <span class='ocrx_word' id='word_1_742' title='bbox 816 5867 1100 5924; x_wconf 86' lang='lat' dir='ltr'><strong>perperam</strong></span> <span class='ocrx_word' id='word_1_743' title='bbox 1132 5850 1443 5923; x_wconf 81' lang='lat' dir='ltr'><strong>defecerunt.</strong></span> <span class='ocrx_word' id='word_1_744' title='bbox 1474 5851 1743 5908; x_wconf 80' lang='lat' dir='ltr'><strong>Caeterum</strong></span> <span class='ocrx_word' id='word_1_745' title='bbox 1800 5850 1887 5906; x_wconf 91' lang='lat' dir='ltr'><strong>hic</strong></span> <span class='ocrx_word' id='word_1_746' title='bbox 1936 5851 2087 5907; x_wconf 90' lang='lat' dir='ltr'><strong>locus</strong></span> 
     </span>
    </p>
   </div>
   <div class='ocr_carea' id='block_1_105' title="bbox 2204 4670 3803 4745">
    <p class='ocr_par' dir='ltr' id='par_1_105' title="bbox 2204 4670 3803 4745">
     <span class='ocr_line' id='line_1_107' title="bbox 2204 4670 3803 4745; baseline -0.004 -15"><span class='ocrx_word' id='word_1_747' title='bbox 2204 4675 2352 4730; x_wconf 86' lang='lat' dir='ltr'><strong>urbis</strong></span> <span class='ocrx_word' id='word_1_748' title='bbox 2377 4675 2468 4745; x_wconf 88' lang='lat' dir='ltr'><strong>qui</strong></span> <span class='ocrx_word' id='word_1_749' title='bbox 2494 4690 2615 4732; x_wconf 90' lang='lat' dir='ltr'><strong>eam</strong></span> <span class='ocrx_word' id='word_1_750' title='bbox 2644 4675 3064 4731; x_wconf 84' lang='lat' dir='ltr'><strong>destruxerunt.</strong></span> <span class='ocrx_word' id='word_1_751' title='bbox 3101 4673 3225 4741; x_wconf 89' lang='lat' dir='ltr'><strong>Ubi,</strong></span> <span class='ocrx_word' id='word_1_752' title='bbox 3259 4673 3498 4743; x_wconf 90' lang='lat' dir='ltr'><strong>inquam,</strong></span> <span class='ocrx_word' id='word_1_753' title='bbox 3555 4685 3637 4735; x_wconf 90' lang='lat' dir='ltr'><strong>es,</strong></span> <span class='ocrx_word' id='word_1_754' title='bbox 3667 4670 3803 4724; x_wconf 83' lang='lat' dir='ltr'><strong>civi-</strong></span> 
     </span>
    </p>
   </div>
   <div class='ocr_carea' id='block_1_106' title="bbox 2201 4763 3798 4840">
    <p class='ocr_par' dir='ltr' id='par_1_106' title="bbox 2201 4763 3798 4840">
     <span class='ocr_line' id='line_1_108' title="bbox 2201 4763 3798 4840; baseline -0.001 -18"><span class='ocrx_word' id='word_1_755' title='bbox 2201 4777 2281 4824; x_wconf 87' lang='lat' dir='ltr'><strong>tas</strong></span> <span class='ocrx_word' id='word_1_756' title='bbox 2308 4769 2505 4825; x_wconf 88' lang='lat' dir='ltr'><strong>referta</strong></span> <span class='ocrx_word' id='word_1_757' title='bbox 2540 4770 2774 4840; x_wconf 89' lang='lat' dir='ltr'><strong>populis,</strong></span> <span class='ocrx_word' id='word_1_758' title='bbox 2808 4767 3138 4825; x_wconf 89' lang='lat' dir='ltr'><strong>venerabilis</strong></span> <span class='ocrx_word' id='word_1_759' title='bbox 3179 4767 3421 4838; x_wconf 86' lang='lat' dir='ltr'><strong>regibus,</strong></span> <span class='ocrx_word' id='word_1_760' title='bbox 3445 4763 3798 4835; x_wconf 81' lang='lat' dir='ltr'><strong>acceptabilis</strong></span> 
     </span>
    </p>
   </div>
   <div class='ocr_carea' id='block_1_107' title="bbox 2199 4860 3799 4934">
    <p class='ocr_par' dir='ltr' id='par_1_107' title="bbox 2199 4860 3799 4934">
     <span class='ocr_line' id='line_1_109' title="bbox 2199 4860 3799 4934; baseline -0.001 -18"><span class='ocrx_word' id='word_1_761' title='bbox 2199 4861 2331 4928; x_wconf 90' lang='lat' dir='ltr'><strong>Deo,</strong></span> <span class='ocrx_word' id='word_1_762' title='bbox 2389 4863 2578 4934; x_wconf 86' lang='lat' dir='ltr'><strong>gratiae</strong></span> <span class='ocrx_word' id='word_1_763' title='bbox 2633 4862 2838 4920; x_wconf 90' lang='lat' dir='ltr'><strong>sedes?</strong></span> <span class='ocrx_word' id='word_1_764' title='bbox 2892 4863 3197 4934; x_wconf 89' lang='lat' dir='ltr'><strong>pavimenta</strong></span> <span class='ocrx_word' id='word_1_765' title='bbox 3250 4871 3339 4916; x_wconf 90' lang='lat' dir='ltr'><strong>tua</strong></span> <span class='ocrx_word' id='word_1_766' title='bbox 3393 4860 3462 4916; x_wconf 91' lang='lat' dir='ltr'><strong>de</strong></span> <span class='ocrx_word' id='word_1_767' title='bbox 3499 4874 3799 4924; x_wconf 89' lang='lat' dir='ltr'><strong>marmore,</strong></span> 
     </span>
    </p>
   </div>
   <div class='ocr_carea' id='block_1_108' title="bbox 2201 4953 3803 5028">
    <p class='ocr_par' dir='ltr' id='par_1_108' title="bbox 2201 4953 3803 5028">
     <span class='ocr_line' id='line_1_110' title="bbox 2201 4953 3803 5028; baseline -0.002 -18"><span class='ocrx_word' id='word_1_768' title='bbox 2201 4957 2441 5026; x_wconf 89' lang='lat' dir='ltr'><strong>parietes</strong></span> <span class='ocrx_word' id='word_1_769' title='bbox 2470 4957 2546 5011; x_wconf 89' lang='lat' dir='ltr'><strong>tui</strong></span> <span class='ocrx_word' id='word_1_770' title='bbox 2578 4955 2852 5028; x_wconf 84' lang='lat' dir='ltr'><strong>fulgentes</strong></span> <span class='ocrx_word' id='word_1_771' title='bbox 2903 4971 3195 5022; x_wconf 88' lang='lat' dir='ltr'><strong>marmore,</strong></span> <span class='ocrx_word' id='word_1_772' title='bbox 3251 4953 3485 5010; x_wconf 89' lang='lat' dir='ltr'><strong>culmina</strong></span> <span class='ocrx_word' id='word_1_773' title='bbox 3536 4963 3627 5009; x_wconf 90' lang='lat' dir='ltr'><strong>tua</strong></span> <span class='ocrx_word' id='word_1_774' title='bbox 3675 4968 3803 5022; x_wconf 79' lang='lat' dir='ltr'><strong>prc-</strong></span> 
     </span>
    </p>
   </div>
   <div class='ocr_carea' id='block_1_109' title="bbox 2205 5049 3803 5122">
    <p class='ocr_par' dir='ltr' id='par_1_109' title="bbox 2205 5049 3803 5122">
     <span class='ocr_line' id='line_1_111' title="bbox 2205 5049 3803 5122; baseline -0.001 -16"><span class='ocrx_word' id='word_1_775' title='bbox 2205 5052 2344 5107; x_wconf 90' lang='lat' dir='ltr'><strong>tioso</strong></span> <span class='ocrx_word' id='word_1_776' title='bbox 2395 5051 2756 5122; x_wconf 87' lang='lat' dir='ltr'><strong>splendebant</strong></span> <span class='ocrx_word' id='word_1_777' title='bbox 2792 5067 3102 5117; x_wconf 86' lang='lat' dir='ltr'><strong>marmore;</strong></span> <span class='ocrx_word' id='word_1_778' title='bbox 3164 5057 3336 5121; x_wconf 66' lang='lat' dir='ltr'><strong>porta:</strong></span> <span class='ocrx_word' id='word_1_779' title='bbox 3378 5060 3484 5105; x_wconf 86' lang='lat' dir='ltr'><strong>tuae</strong></span> <span class='ocrx_word' id='word_1_780' title='bbox 3534 5049 3803 5105; x_wconf 87' lang='lat' dir='ltr'><strong>micantes</strong></span> 
     </span>
    </p>
   </div>
   <div class='ocr_carea' id='block_1_110' title="bbox 2202 5141 3802 5214">
    <p class='ocr_par' dir='ltr' id='par_1_110' title="bbox 2202 5141 3802 5214">
     <span class='ocr_line' id='line_1_112' title="bbox 2202 5141 3802 5214; baseline -0.001 -16"><span class='ocrx_word' id='word_1_781' title='bbox 2202 5159 2357 5212; x_wconf 92' lang='lat' dir='ltr'><strong>auro,</strong></span> <span class='ocrx_word' id='word_1_782' title='bbox 2390 5144 2510 5200; x_wconf 70' lang='lat' dir='ltr'><strong>aliae</strong></span> <span class='ocrx_word' id='word_1_783' title='bbox 2559 5153 2788 5214; x_wconf 88' lang='lat' dir='ltr'><strong>argento</strong></span> <span class='ocrx_word' id='word_1_784' title='bbox 2826 5144 3146 5200; x_wconf 90' lang='lat' dir='ltr'><strong>renitentes.</strong></span> <span class='ocrx_word' id='word_1_785' title='bbox 3179 5142 3384 5198; x_wconf 90' lang='lat' dir='ltr'><strong>Omnes</strong></span> <span class='ocrx_word' id='word_1_786' title='bbox 3416 5141 3710 5204; x_wconf 88' lang='lat' dir='ltr'><strong>interfecti,</strong></span> <span class='ocrx_word' id='word_1_787' title='bbox 3747 5153 3802 5197; x_wconf 90' lang='lat' dir='ltr'><strong>ct</strong></span> 
     </span>
    </p>
   </div>
   <div class='ocr_carea' id='block_1_111' title="bbox 2197 5234 3801 5306">
    <p class='ocr_par' dir='ltr' id='par_1_111' title="bbox 2197 5234 3801 5306">
     <span class='ocr_line' id='line_1_113' title="bbox 2197 5234 3801 5306; baseline -0.001 -17"><span class='ocrx_word' id='word_1_788' title='bbox 2197 5237 2288 5306; x_wconf 90' lang='lat' dir='ltr'><strong>qui</strong></span> <span class='ocrx_word' id='word_1_789' title='bbox 2334 5246 2388 5292; x_wconf 88' lang='lat' dir='ltr'><strong>te</strong></span> <span class='ocrx_word' id='word_1_790' title='bbox 2414 5237 2618 5306; x_wconf 77' lang='lat' dir='ltr'><strong>iugiter</strong></span> <span class='ocrx_word' id='word_1_791' title='bbox 2649 5235 3062 5301; x_wconf 87' lang='lat' dir='ltr'><strong>inhabitabant,</strong></span> <span class='ocrx_word' id='word_1_792' title='bbox 3097 5245 3151 5290; x_wconf 87' lang='lat' dir='ltr'><strong>et</strong></span> <span class='ocrx_word' id='word_1_793' title='bbox 3196 5235 3286 5304; x_wconf 89' lang='lat' dir='ltr'><strong>qui</strong></span> <span class='ocrx_word' id='word_1_794' title='bbox 3333 5234 3401 5289; x_wconf 89' lang='lat' dir='ltr'><strong>ad</strong></span> <span class='ocrx_word' id='word_1_795' title='bbox 3433 5242 3488 5291; x_wconf 86' lang='lat' dir='ltr'><strong>te</strong></span> <span class='ocrx_word' id='word_1_796' title='bbox 3534 5249 3602 5290; x_wconf 83' lang='lat' dir='ltr'><strong>ex</strong></span> <span class='ocrx_word' id='word_1_797' title='bbox 3632 5235 3801 5289; x_wconf 91' lang='lat' dir='ltr'><strong>totius</strong></span> 
     </span>
    </p>
   </div>
   <div class='ocr_carea' id='block_1_112' title="bbox 2196 5326 3799 5398">
    <p class='ocr_par' dir='ltr' id='par_1_112' title="bbox 2196 5326 3799 5398">
     <span class='ocr_line' id='line_1_114' title="bbox 2196 5326 3799 5398; baseline -0.001 -16"><span class='ocrx_word' id='word_1_798' title='bbox 2196 5330 2348 5384; x_wconf 88' lang='lat' dir='ltr'><strong>orbis</strong></span> <span class='ocrx_word' id='word_1_799' title='bbox 2365 5339 2634 5384; x_wconf 89' lang='lat' dir='ltr'><strong>terrarum</strong></span> <span class='ocrx_word' id='word_1_800' title='bbox 2657 5328 2903 5398; x_wconf 91' lang='lat' dir='ltr'><strong>partibus</strong></span> <span class='ocrx_word' id='word_1_801' title='bbox 2925 5327 3338 5394; x_wconf 87' lang='lat' dir='ltr'><strong>conveniebant,</strong></span> <span class='ocrx_word' id='word_1_802' title='bbox 3356 5337 3415 5382; x_wconf 90' lang='lat' dir='ltr'><strong>ut</strong></span> <span class='ocrx_word' id='word_1_803' title='bbox 3440 5342 3549 5382; x_wconf 91' lang='lat' dir='ltr'><strong>non</strong></span> <span class='ocrx_word' id='word_1_804' title='bbox 3574 5326 3799 5382; x_wconf 90' lang='lat' dir='ltr'><strong>dubium</strong></span> 
     </span>
    </p>
   </div>
   <div class='ocr_carea' id='block_1_113' title="bbox 2198 5420 3800 5496">
    <p class='ocr_par' dir='ltr' id='par_1_113' title="bbox 2198 5420 3800 5496">
     <span class='ocr_line' id='line_1_115' title="bbox 2198 5420 3800 5496; baseline -0.001 -17"><span class='ocrx_word' id='word_1_805' title='bbox 2198 5424 2267 5479; x_wconf 91' lang='lat' dir='ltr'><strong>sit</strong></span> <span class='ocrx_word' id='word_1_806' title='bbox 2289 5433 2459 5479; x_wconf 90' lang='lat' dir='ltr'><strong>totum</strong></span> <span class='ocrx_word' id='word_1_807' title='bbox 2505 5425 2560 5479; x_wconf 89' lang='lat' dir='ltr'><strong>in</strong></span> <span class='ocrx_word' id='word_1_808' title='bbox 2592 5432 2644 5478; x_wconf 90' lang='lat' dir='ltr'><strong>te</strong></span> <span class='ocrx_word' id='word_1_809' title='bbox 2673 5423 2932 5479; x_wconf 90' lang='lat' dir='ltr'><strong>mundum</strong></span> <span class='ocrx_word' id='word_1_810' title='bbox 2993 5424 3247 5496; x_wconf 87' lang='lat' dir='ltr'><strong>periisse.</strong></span> <span class='ocrx_word' id='word_1_811' title='bbox 3293 5422 3504 5478; x_wconf 85' lang='lat' dir='ltr'><strong>Nudata</strong></span> <span class='ocrx_word' id='word_1_812' title='bbox 3533 5420 3742 5487; x_wconf 92' lang='lat' dir='ltr'><strong>omnia,</strong></span> <span class='ocrx_word' id='word_1_813' title='bbox 3767 5436 3800 5477; x_wconf 86' lang='lat' dir='ltr'><strong>a</strong></span> 
     </span>
    </p>
   </div>
   <div class='ocr_carea' id='block_1_114' title="bbox 2196 5514 3800 5584">
    <p class='ocr_par' dir='ltr' id='par_1_114' title="bbox 2196 5514 3800 5584">
     <span class='ocr_line' id='line_1_116' title="bbox 2196 5514 3800 5584; baseline -0.002 -11"><span class='ocrx_word' id='word_1_814' title='bbox 2196 5517 2522 5574; x_wconf 87' lang='lat' dir='ltr'><strong>culminibus</strong></span> <span class='ocrx_word' id='word_1_815' title='bbox 2570 5525 2830 5584; x_wconf 91' lang='lat' dir='ltr'><strong>cremata,</strong></span> <span class='ocrx_word' id='word_1_816' title='bbox 2876 5531 2908 5572; x_wconf 90' lang='lat' dir='ltr'><strong>a</strong></span> <span class='ocrx_word' id='word_1_817' title='bbox 2964 5516 3331 5573; x_wconf 88' lang='lat' dir='ltr'><strong>fundamentis</strong></span> <span class='ocrx_word' id='word_1_818' title='bbox 3381 5515 3608 5571; x_wconf 90' lang='lat' dir='ltr'><strong>diruta:</strong></span> <span class='ocrx_word' id='word_1_819' title='bbox 3659 5514 3800 5569; x_wconf 84' lang='lat' dir='ltr'><strong>facta</strong></span> 
     </span>
    </p>
   </div>
   <div class='ocr_carea' id='block_1_115' title="bbox 2199 5630 3794 5706">
    <p class='ocr_par' dir='ltr' id='par_1_115' title="bbox 2199 5630 3794 5706">
     <span class='ocr_line' id='line_1_117' title="bbox 2199 5630 3794 5706; baseline -0.001 -14"><span class='ocrx_word' id='word_1_820' title='bbox 2199 5635 2452 5706; x_wconf 90' lang='lat' dir='ltr'><strong>superius</strong></span> <span class='ocrx_word' id='word_1_821' title='bbox 2499 5633 2594 5689; x_wconf 92' lang='lat' dir='ltr'><strong>lib.</strong></span> <span class='ocrx_word' id='word_1_822' title='bbox 2629 5648 2834 5706; x_wconf 84' lang='lat' dir='ltr'><strong>v,eap.</strong></span> <span class='ocrx_word' id='word_1_823' title='bbox 2889 5633 2982 5703; x_wconf 68' lang='grc'><strong>44,</strong></span> <span class='ocrx_word' id='word_1_824' title='bbox 3026 5635 3125 5690; x_wconf 92' lang='lat' dir='ltr'><strong>sub</strong></span> <span class='ocrx_word' id='word_1_825' title='bbox 3171 5634 3371 5706; x_wconf 79' lang='lat' dir='ltr'><strong>Iinem,_</strong></span> <span class='ocrx_word' id='word_1_826' title='bbox 3407 5633 3489 5690; x_wconf 86' lang='lat' dir='ltr'><strong>sic</strong></span> <span class='ocrx_word' id='word_1_827' title='bbox 3530 5630 3794 5690; x_wconf 73' lang='lat' dir='ltr'><strong>effertur:</strong></span> 
     </span>
    </p>
   </div>
   <div class='ocr_carea' id='block_1_116' title="bbox 2200 5704 3612 5832">
    <p class='ocr_par' dir='ltr' id='par_1_116' title="bbox 2200 5704 3612 5832">
     <span class='ocr_line' id='line_1_118' title="bbox 2200 5704 3612 5832; baseline -0.002 -69"><span class='ocrx_word' id='word_1_828' title='bbox 2200 5704 2521 5832; x_wconf 41' lang='lat' dir='ltr'><strong>tetragonum</strong></span> <span class='ocrx_word' id='word_1_829' title='bbox 2542 5704 2815 5790; x_wconf 63' lang='lat' dir='ltr'><strong>circuitum</strong></span> <span class='ocrx_word' id='word_1_830' title='bbox 2846 5707 3023 5776; x_wconf 80' lang='lat' dir='ltr'><strong>templi</strong></span> <span class='ocrx_word' id='word_1_831' title='bbox 3053 5710 3307 5778; x_wconf 79' lang='lat' dir='ltr'><strong>fecerunt.</strong></span> <span class='ocrx_word' id='word_1_832' title='bbox 3335 5704 3612 5763; x_wconf 71' lang='lat' dir='ltr'><strong>GALLAND.</strong></span> 
     </span>
     <span class='ocr_line' id='line_1_119' title="bbox 2277 5777 2882 5832; baseline 0.002 -1"><span class='ocrx_word' id='word_1_833' title='bbox 2277 5791 2296 5813; x_wconf 66' lang='grc' dir='ltr'><strong><em>θ</em></strong></span> <span class='ocrx_word' id='word_1_834' title='bbox 2363 5777 2681 5832; x_wconf 75' lang='lat' dir='ltr'><strong>fauentibus.</strong></span> <span class='ocrx_word' id='word_1_835' title='bbox 2715 5777 2882 5832; x_wconf 63' lang='grc' dir='ltr'><strong>ΒΑΜ..</strong></span> 
     </span>
    </p>
   </div>
   <div class='ocr_carea' id='block_1_117' title="bbox 2363 5777 2882 5832">
    <p class='ocr_par' dir='ltr' id='par_1_117' title="bbox 2363 5777 2882 5832">
     <span class='ocr_line' id='line_1_120' title="bbox 2363 5777 2882 5832; baseline 0.002 -1"><span class='ocrx_word' id='word_1_836' title='bbox 2363 5777 2681 5832; x_wconf 78' lang='lat' dir='ltr'><strong>fauentibus.</strong></span> <span class='ocrx_word' id='word_1_837' title='bbox 2715 5777 2882 5832; x_wconf 63' lang='grc' dir='ltr'><strong>ΒΑΜ..</strong></span> 
     </span>
    </p>
   </div>
   <div class='ocr_carea' id='block_1_118' title="bbox 2269 5847 3230 5919">
    <p class='ocr_par' dir='ltr' id='par_1_118' title="bbox 2269 5847 3230 5919">
     <span class='ocr_line' id='line_1_121' title="bbox 2269 5847 3230 5919; baseline -0.001 -14"><span class='ocrx_word' id='word_1_838' title='bbox 2269 5847 2295 5886; x_wconf 69' lang='grc' dir='ltr'><strong>ιι</strong></span> <span class='ocrx_word' id='word_1_839' title='bbox 2327 5848 2618 5919; x_wconf 82' lang='lat' dir='ltr'><strong>Josephus,</strong></span> <span class='ocrx_word' id='word_1_840' title='bbox 2643 5847 2920 5905; x_wconf 81' lang='lat' dir='ltr'><strong>octodecim</strong></span> <span class='ocrx_word' id='word_1_841' title='bbox 2945 5848 3130 5905; x_wconf 81' lang='lat' dir='ltr'><strong>millia.</strong></span> <span class='ocrx_word' id='word_1_842' title='bbox 3157 5850 3230 5906; x_wconf 83' lang='lat' dir='ltr'><strong>Io.</strong></span> 
     </span>
    </p>
   </div>
  </div>
