4050 6448
147 340 316 397 22η

854 329 1125 390 HISTOR.
1169 328 1259 385 DE
1302 324 1581 383 EXCIDIO
1623 322 1896 380 lllERUS.
1944 319 2145 377 UIIBIS
2184 314 2845 375 ANACEPHALIEOSIS.

3354 315 3497 374 sats

146 466 248 514 est
271 457 555 515 habitatio
580 466 668 514 tua
687 456 940 522 deserta;
989 470 1091 511 nec
1111 461 1194 508 est
1227 451 1320 524 qui
1349 450 1402 505 in
1435 448 1796 506 tabernaculis

1914 435 2043 507 ξι),
2072 435 2348 504 oderunt,
2399 435 2648 492 odientes
2703 431 3092 490 crucitixerunt
3121 475 3137 500 ,
3177 441 3234 489 et
3269 433 3495 505 gloriam

148 551 277 608 tuis
332 553 629 618 inhabitet,
661 559 718 606 et
763 549 944 605 adhuc
973 563 1299 621 quemquam
1339 547 1523 602 vivere
1548 542 1699 607 libet,
1731 549 1786 596 et

142 659 273 700 non
343 647 554 702 vixisse
594 642 866 716 poenitet?
918 641 1048 697 Duri
1079 641 1247 704 oculi,
1277 639 1372 712 qui
1427 639 1544 693 bzec
1596 635 1785 692 videre

139 749 416 810 possunt
445 759 459 796 :
491 739 729 795 immites
755 735 947 804 animi,
971 737 1062 808 qui
1099 734 1240 792 velle
1281 741 1510 804 possunt
1539 741 1598 788 ut
1626 730 1790 786 tantis

144 832 474 902 supersint
501 831 810 899 doloribus,
849 845 958 885 non
987 828 1130 900 quod
1174 827 1438 885 defecerit
1463 826 1668 892 clades,
1692 823 1789 880 sed

148 924 324 995 quod
355 925 476 997 jam
504 924 654 980 nulla
695 924 936 995 requies.
978 922 1097 990 Quo
1148 921 1292 978 enim
1342 919 1794 978 circumferamus

151 1017 406 1085 oculos,
429 1025 523 1073 aut
561 1015 691 1088 quid
742 1015 1043 1072 decernere
1067 1015 1343 1072 delectet?
1387 1015 1518 1070 urbs
1571 1023 1684 1070 tota
1706 1028 1794 1070 se-

149 1109 439 1182 pulcrum
471 1118 812 1166 mortuorum
840 1117 926 1164 est
959 1125 972 1162 :
999 1107 1172 1165 solem
1196 1107 1575 1178 spectantibus
1603 1121 1796 1162 occur-

149 1215 306 1262 runt
342 1205 581 1272 favillae;
609 1205 713 1262 vis:
734 1219 920 1260 vacuae
951 1204 1274 1271 viventium,
1303 1202 1530 1274 repletae
1561 1202 1798 1259 cadave-

151 1300 357 1356 ribus.
389 1299 568 1355 Miseri
621 1299 869 1356 seniores
900 1297 1244 1355 cinerulcnta
1294 1298 1515 1363 canitie,
1542 1307 1596 1354 et
1622 1298 1798 1353 scisso

151 1395 388 1451 amicm
438 1409 602 1466 snpra
651 1395 909 1468 reliquias
961 1406 1302 1451 mortuorum
1357 1395 1595 1462 sedent,
1655 1394 1797 1450 nuda

156 1494 440 1558 tegentes
465 1503 612 1553 ossa,
635 1487 1062 1559 quodefendant
1091 1503 1123 1544 a
1150 1488 1465 1545 volatilibus
1493 1504 1558 1543 ac
1583 1487 1796 1544 bestiis.

155 1579 441 1637 Mulieres
493 1595 680 1653 paucae
713 1582 1044 1651 incolumes,
1092 1597 1231 1655 quas
1275 1581 1434 1638 miles
1485 1580 1685 1652 impius
1732 1581 1800 1637 ad

156 1677 612 1749 turpitudinem,
666 1694 773 1736 non
816 1680 882 1735 ad
915 1680 1081 1736 vitam
1139 1678 1466 1736 servaverit.
1499 1678 1632 1748 Quis
1683 1677 1802 1735 haec

156 1772 384 1829 videns
413 1783 470 1829 et
515 1773 585 1830 de
629 1775 1215 1845 comperendinatione
1244 1772 1470 1830 vivendi
1529 1772 1798 1844 cogitans,

1889 530 2308 586 resurrectionis
2361 544 2628 585 evacuare
2681 527 2856 583 moliti
2905 534 3052 581 sunt.
3111 523 3243 580 Nam
3287 525 3332 580 si
3387 540 3494 580 non

1891 623 2298 693 cognovissent,
2333 625 2339 691 Ϊ
2371 626 2450 679 rei
2509 621 2646 678 adeo
2725 634 3067 691 nequaquam
3136 618 3498 674 exstitissent.

1894 717 2048 775 Unde
2076 720 2194 788 ipse
2223 717 2293 774 de
2333 717 2419 774 eis
2452 717 2747 773 Dominus:
2780 715 2842 772 Si
2871 731 2972 770 non
3001 715 3254 770 venissem
3275 753 3292 779 ,
3343 722 3391 767 et
3421 713 3501 768 lo-

1891 823 2042 869 cutus
2076 813 2149 868 eis
2204 813 2440 882 fuissem,
2470 825 2738 884 peccatum
2793 826 2896 864 non
2925 807 3171 864 haberent
3200 824 3220 864 :
3246 823 3380 862 nunc
3407 823 3503 861 au-

1893 915 1997 963 tem
2023 915 2072 962 et
2105 907 2380 971 viderunt,
2436 914 2484 960 et
2533 904 2751 960 oderunt
2780 911 2826 958 et
2867 919 2945 956 me
2995 911 3041 957 et
3093 899 3306 958 Patrem
3330 917 3503 956 meum

1895 999 2081 1073 (Joan.
2137 1014 2243 1066 xv,
2297 995 2522 1068 εωι).
2595 997 2988 1069 Cognoverunt
3041 994 3305 1066 siquidem
3357 991 3386 1031 ι’
3437 1008 3503 1049 ex

1897 1095 2060 1151 Patre
2140 1092 2416 1165 quomodo
2504 1099 2559 1147 et
2605 1091 2884 1148 daemones
2931 1090 3177 1146 dicentes
3232 1107 3247 1144 :
3299 1087 3508 1143 Scimus

1899 1187 2038 1261 quod
2067 1187 2137 1242 sis
2169 1185 2345 1241 Filius
2374 1184 2471 1242 Dei
2499 1185 2695 1260 (Marc.
2729 1200 2770 1252 ι,
2799 1185 2869 1241 24
2897 1200 2912 1251 ;
2961 1183 3092 1240 Luc.
3125 1199 3207 1248 tv,
3244 1182 3336 1252 5'5)
3373 1200 3386 1236 :
3420 1181 3506 1236 vi-

1900 1282 2097 1340 dentes
2127 1280 2435 1350 mirabilia,
2492 1281 2780 1337 audientes
2831 1279 3212 1344 mirabiliora;
3262 1276 3355 1333 sed
3401 1291 3507 1332 non

1902 1384 2278 1447 cognoverunt
2333 1375 2413 1430 rei
2472 1375 2808 1431 veritatem:
2845 1373 2968 1444 quia
3026 1372 3150 1428 duri
3195 1371 3361 1427 corde
3415 1369 3512 1425 de-

1906 1478 2280 1529 trectaverunt
2313 1469 2563 1526 credere.
2599 1469 2661 1524 Si
2685 1469 2826 1525 enim
2870 1469 3132 1523 credentes
3181 1483 3296 1522 vere
3323 1481 3518 1537 cogno—

1905 1565 2132 1633 vissent,
2180 1581 2464 1637 numquam
2497 1563 2779 1617 Dominum
2823 1561 3008 1633 gloria:
3031 1604 3046 1628 ,
3083 1569 3143 1616 ut
3179 1561 3256 1615 ait
3286 1559 3511 1624 Paulus,

1905 1657 2287 1727 cruciﬁxissent
2319 1657 2366 1731 (Ι
2395 1654 2516 1710 Cor.
2550 1671 2609 1724 ll,
2652 1654 2733 1724 8).
2784 1653 2922 1709 Hinc
2952 1654 3222 1725 Propheta
3254 1670 3268 1707 :
3303 1650 3516 1726 Cagna-

1907 1749 1976 1803 vit
2004 1749 2094 1804 bos
2123 1765 2471 1821 possessorem
2525 1764 2701 1815 suum,
2731 1757 2779 1801 et
2819 1747 2997 1802 asinus
3034 1761 3264 1818 prwsepe
3316 1745 3516 1800 domini

158 1867 390 1924 audeat
426 1867 494 1924 ad
516 1869 716 1926 coelum
746 1870 931 1926 levare
957 1871 1150 1927 oculos
1171 1871 1194 1925 ?
1217 1870 1350 1938 Quis
1393 1869 1473 1925 sic
1516 1869 1802 1926 immemor

1914 1842 1988 1896 sui
2018 1857 2038 1896 :
2066 1839 2238 1897 Israel
2262 1851 2433 1897 autem
2458 1857 2538 1895 me
2561 1857 2664 1895 non
2707 1840 2943 1912 cognovit
2971 1838 2990 1910 (
3017 1836 3129 1894 Isa.
3164 1853 3212 1905 ι,
3235 1839 3269 1892 5
3297 1836 3337 1909 ).
3371 1837 3512 1904 Quid

162 1964 403 2034 patriae,
429 1962 605 2020 hostis
645 1979 891 2029 suorum,
926 1966 1144 2036 pietatis
1168 1965 1400 2032 alienus,
1429 1980 1628 2037 expers
1675 1964 1797 2020 dul-

162 2058 423 2125 cedinis,
449 2057 606 2129 cujus
634 2067 742 2114 tam
775 2059 1022 2116 semiviri
1055 2059 1124 2114 sit
1157 2059 1334 2116 mollis
1362 2059 1639 2130 spiritus?
1666 2058 1799 2128 Quis

165 2153 251 2209 ita
290 2153 676 2221 meticulosus,
700 2169 862 2224 quem
905 2170 1012 2210 non
1044 2153 1246 2226 pudeat
1285 2153 1370 2208 his
1411 2152 1796 2209 reservatum?

169 2245 412 2304 Utinam
435 2245 658 2318 quidem
681 2247 813 2303 olim
841 2246 1044 2304 defecti
1074 2261 1344 2314 essemus,
1371 2255 1466 2302 aut
1493 2245 1540 2301 si
1569 2246 1678 2300 vita
1709 2260 1801 2302 su-

169 2350 478 2413 peresset,
527 2342 812 2398 oculorum
875 2341 1062 2398 lumen
1112 2341 1370 2413 periisset
1427 2341 1579 2412 prius
1635 2355 1800 2412 quam

174 2443 444 2491 sanctam
473 2433 664 2491 urbem
697 2434 931 2490 dirutam
987 2434 1230 2490 hostium
1282 2433 1532 2489 manibus
1555 2433 1801 2490 intuere-

171 2543 337 2597 mur,
367 2526 737 2599 templumque
765 2528 869 2584 hoc
889 2543 919 2584 a
943 2526 1250 2598 majoribus
1277 2526 1480 2582 nostris
1521 2535 1798 2582 sacratum

173 2620 327 2689 Deo,
355 2633 464 2678 tam
499 2623 666 2693 impie
711 2623 945 2678 ﬂammis
1000 2621 1257 2689 cremari,
1291 2629 1385 2676 aut
1408 2619 1723 2678 sacerdotes
1746 2620 1800 2676 in

177 2716 403 2788 templo
426 2715 871 2788 conspiceremus
889 2716 1072 2787 jacere
1098 2714 1438 2772 interfectos!

795 2830 1026 2890 CAPUT
1072 2831 1222 2888 XXI.

264 2924 636 2984 Emendemus
667 2941 819 2998 ergo,
845 2925 990 2997 quod
1019 2925 1102 2981 his
1118 2927 1518 2998 superviximus
1540 2926 1724 2995 malis,
1743 2936 1803 2984 ut

185 3023 484 3079 videamur
525 3037 632 3078 non
660 3022 787 3078 vitae
835 3022 1016 3079 studio
1063 3023 1343 3080 distulisse
1382 3033 1650 3094 mortem,
1705 3022 1802 3079 sed

188 3117 418 3173 virtutis
444 3116 766 3173 intentione.
791 3114 1230 3173 Circumvallavit
1254 3117 1424 3174 hostis
1440 3133 1602 3174 omne
1629 3119 1805 3172 muni-

191 3219 469 3267 mentum.
519 3208 604 3264 Nil
643 3217 916 3280 superest,
973 3209 1077 3266 nisi
1125 3219 1218 3265 aut
1260 3225 1391 3276 nos,
1421 3218 1518 3266 aut
1545 3209 1804 3282 conjuges

193 3313 408 3358 nostra:
455 3319 468 3356 :
502 3301 616 3373 jam
667 3301 770 3358 sibi
809 3301 951 3360 tilios
1007 3312 1228 3359 nostros
1258 3302 1311 3357 in
1371 3303 1626 3358 auctione
1669 3317 1802 3358 con—

194 3396 1043 3468 stituunt,ccrtantqueinterse,
1075 3396 1196 3468 quis
1225 3397 1384 3467 cujus
1408 3397 1641 3454 abducat
1669 3413 1806 3452 uxo-

197 3510 348 3563 rem,
387 3504 569 3550 utrum
601 3510 698 3566 pro
747 3495 1070 3567 dignitatum
1121 3495 1333 3553 meritis
1383 3511 1808 3566 personarumve

199 3587 492 3645 ordinibus
522 3587 913 3646 distribuendae
944 3589 1074 3656 sint,
1130 3601 1223 3644 aut
1264 3599 1290 3627 ει
1333 3591 1574 3646 sortibus
1619 3592 1807 3647 subire

199 3680 440 3754 cogendi
461 3681 833 3750 miserabiles;
856 3682 1013 3739 nobis
1036 3698 1252 3755 quoque
1278 3694 1536 3755 parantur
1565 3685 1810 3757 prodigia

199 3788 519 3847 pmnarum,
554 3783 822 3832 tormenta
860 3777 1283 3848 exquisitissima
1317 3795 1330 3833 :
1363 3792 1470 3832 non
1519 3778 1694 3834 solum
1725 3792 1812 3832 ar-

201 3869 404 3925 dentes
436 3869 690 3936 flammae,
719 3878 814 3924 aut
835 3870 1071 3927 diversa:
1101 3886 1264 3927 neces
1305 3870 1542 3926 victricis
1587 3869 1697 3924 ictu
1728 3885 1814 3925 sc-

204 3962 364 4017 cnris
388 3978 402 4015 :
427 3960 564 4016 duro
585 3961 801 4032 quidem
825 3971 950 4032 post
973 3963 1206 4026 vincula,
1223 3971 1345 4033 post
1369 3976 1668 4027 carcerem,
1693 3972 1815 4032 post

205 4053 407 4127 jngntn
435 4055 726 4125 supplicio,
769 4055 864 4110 sed
895 4054 1266 4111 tolerabiliore
1296 4055 1429 4110 viris
1450 4097 1463 4121 ,
1493 4056 1538 4110 si
1580 4054 1814 4110 ludibrio

210 4157 410 4216 vacet;
441 4149 536 4206 sed
562 4150 724 4205 etiam
753 4150 923 4206 avulsi
949 4158 1100 4205 artus
1155 4149 1492 4217 viventibus,
1519 4159 1574 4205 et
1625 4150 1818 4220 praeci-

214 4258 326 4314 pue
357 4250 624 4300 truncata:
654 4258 866 4299 manus.
893 4243 1002 4300 Nec
1028 4243 1303 4300 immerito
1326 4283 1342 4310 ,
1371 4243 1494 4314 quia
1524 4243 1820 4300 defuerunt

217 4351 324 4393 suo
355 4336 588 4406 muneri,
621 4352 747 4393 cum
796 4347 1021 4409 possent
1049 4337 1152 4395 sibi
1184 4337 1494 4393 subvenire.
1539 4337 1819 4394 Subeundi

219 4449 436 4504 quoque
467 4449 682 4490 morsus
729 4434 966 4490 ferarum
1015 4433 1082 4488 ad
1122 4433 1388 4489 victorum
1424 4432 1816 4504 spectaculum,

221 4529 367 4602 quod
419 4529 652 4586 diversis
695 4529 807 4601 jam
857 4530 1165 4587 celebratur
1213 4528 1394 4584 arenis
1438 4528 1652 4585 urbium
1688 4546 1700 4582 :
1733 4527 1821 4584 vel

224 4623 478 4693 exemplo
521 4622 676 4679 nobis
708 4623 869 4679 debet
910 4637 1035 4680 esse
1066 4621 1374 4694 pudendum
1395 4663 1410 4689 ,
1444 4621 1530 4678 vel
1573 4621 1692 4676 visu
1722 4619 1824 4676 mi-

227 4683 421 4783 rabile,
449 4727 508 4774 ut
565 4734 910 4776 reservemur
935 4760 950 4787 ,
1002 4683 1096 4774 aut
1147 4715 1338 4774 bestiis
1364 4759 1378 4785 ,
1436 4725 1530 4772 aut
1564 4715 1826 4772 fratribus
1851 4683 1907 4747 Β

229 4817 546 4886 prmliaturi.

792 4913 1022 4971 CAPUT
1077 4911 1243 4971 XXII.

304 5009 372 5064 Et
431 5009 481 5063 ill
537 5025 707 5081 genus
759 5009 864 5065 alia
917 5011 1080 5064 multa
1130 5009 1424 5066 Eleazarus
1481 5008 1538 5065 in
1591 5009 1829 5066 medium

236 5103 550 5174 proferebat
591 5105 913 5162 diffidentiae
964 5117 1019 5160 et
1075 5104 1476 5175 desperationis
1526 5104 1708 5174 plena.
1751 5103 1832 5160 Ex

235 5199 434 5267 quibus
496 5198 782 5263 omnibus,
829 5205 885 5252 et
947 5197 1080 5268 ipsis
1134 5213 1318 5254 rerum
1375 5195 1662 5253 eventibus
1720 5213 1837 5251 cum

237 5291 407 5348 Judmi
433 5290 538 5348 sibi
569 5291 854 5347 manifeste
886 5291 1085 5346 iratum
1114 5289 1282 5346 Deum
1311 5291 1667 5362 cognovissent
1692 5309 1712 5359 ;
1733 5308 1838 5346 non

238 5385 370 5440 sicut
410 5384 580 5440 Deum
610 5385 1028 5456 glorificaverunt
1075 5397 1164 5441 aut
1203 5386 1400 5458 gratias
1451 5396 1703 5458 egerunt,
1748 5388 1838 5443 sed

240 5490 557 5533 evanuerunt
583 5480 636 5533 in
681 5478 1077 5552 sagit/itionibus
1126 5481 1278 5549 suis;
1327 5489 1374 5534 et
1402 5480 1732 5534 obscuratum
1767 5490 1840 5536 est

1905 1950 2004 2008 per
2025 1937 2243 2004 bovem,
2285 1936 2386 1991 nisi
2428 1933 2752 2006 praedicator
2782 1942 3004 1990 sanctus
3051 1932 3282 2002 quisque
3309 1928 3514 1985 intelli-

1901 2029 2086 2099 gitur,
2145 2029 2198 2084 in
2229 2029 2438 2084 semine
2466 2027 2617 2083 verbi
2670 2027 2764 2082 Dei
2829 2024 3175 2081 illaborans?
3223 2022 3364 2092 Quid
3419 2037 3516 2091 per

1905 2120 2142 2186 asinum,
2198 2121 2304 2178 nisi
2360 2120 2554 2176 brutus
2603 2121 2844 2192 gentium
2892 2117 3124 2189 populus
3155 2113 3517 2186 designatur?

1903 2214 1996 2286 qui
2031 2214 2265 2272 audiens
2295 2214 2530 2286 pastoris
2557 2211 2850 2282 cujuslibet
2896 2209 3363 2281 prmdicationem,
3395 2222 3520 2264 mox

1903 2306 1972 2363 ad
2002 2323 2245 2379 praesepe
2300 2304 2518 2364 Domini
2561 2305 2822 2404 cucuj‘rit,
2879 2313 2937 2360 ut
2968 2303 3168 2375 pabulo
3208 2302 3360 2359 verbi
3409 2300 3508 2356 Dei

1907 2401 2236 2459 adhaereret.

2481 2490 2714 2550 CAPUT
2739 2490 2932 2549 XXIII.

1980 2589 2130 2645 Bene
2154 2594 2336 2644 autem
2367 2595 2490 2658 post
2512 2585 2871 2658 quadraginta
2898 2593 2953 2640 ct
3001 2585 3138 2641 duos
3185 2585 3521 2642 visitationis

1905 2695 2022 2738 suae
2068 2695 2240 2736 annos
2277 2679 2448 2735 Israel
2493 2693 2520 2732 a
2556 2685 2704 2734 terra
2751 2675 3131 2747 promissionis
3180 2678 3515 2733 extermina-

1907 2777 2035 2843 tur,‘
2063 2774 2186 2846 quia
2221 2781 2344 2844 post
2391 2771 2748 2845 quadraginta
2780 2771 3107 2843 egressionis
3154 2773 3224 2828 ab
3277 2771 3516 2844 1Egypto

1907 2881 2122 2935 annos,
2169 2866 2223 2921 in
2271 2881 2391 2921 eam
2449 2864 2790 2921 introductus
2833 2865 3182 2936 perhibetur;
3218 2865 3271 2921 in
3325 2866 3524 2935 quibus

1906 2963 2044 3021 duas
2073 2961 2340 3031 ‘decaIOgi
2387 2959 2629 3031 lapideas
2674 2959 2914 3016 secundo
2965 2963 3208 3032 suscepit
3254 2961 3466 3016 tabulas
3493 3003 3510 3028 ,

1905 3071 2002 3130 per
2029 3070 2164 3128 quas
2206 3053 2568 3126 perflguratur
2597 3053 2896 3122 biennium,
2948 3053 3016 3109 ad
3047 3053 3383 3110 adversionis
3413 3072 3516 3110 nu-

1904 3165 2118 3206 merum
2166 3149 2536 3215 destinatutn;
2595 3147 2645 3204 in
2669 3149 2865 3219 quibus
2911 3149 3076 3205 etiam
3127 3149 3362 3206 maxime
3419 3165 3523 3205 no-

1831 3274 1878 3338 C
1912 3243 2074 3300 tanda
2105 3252 2190 3300 est
2237 3241 2377 3298 aenei
2404 3241 2678 3314 serpentis
2729 3241 3010 3307 exaltatio,
3061 3242 3214 3313 cujus
3268 3253 3524 3314 respectu

1912 3339 2145 3411 quisque
2176 3336 2532 3394 moribundus
2576 3339 2701 3392 vitae
2732 3335 3146 3392 restituebatur.
3196 3335 3350 3392 Sicut
3377 3339 3525 3393 enim

1913 3431 2010 3488 illo
2050 3429 2311 3501 temporis
2365 3429 2540 3502 spatio
2587 3437 2643 3486 et
2679 3444 2876 3485 manna
2905 3430 3044 3500 pasti
3094 3439 3262 3498 sunt,
3318 3439 3374 3486 et
3417 3447 3516 3502 per

1913 3525 2274 3582 mediatorem
2315 3524 2503 3580 Mosen
2556 3523 2729 3595 legem
2779 3522 2976 3578 tabulis
3025 3521 3352 3594 descriptam
3383 3524 3520 3594 lapi—

1913 3619 2033 3676 deis
2078 3627 2432 3690 acceperunt,
2478 3626 2534 3672 et
2564 3617 2655 3687 qui
2703 3617 2754 3671 in
2794 3615 3027 3671 articulo
3066 3616 3258 3671 mortis
3303 3633 3529 3686 serpen-

1912 3721 2023 3768 tem
2047 3728 2154 3766 non
2188 3717 2547 3781 respexerunt
2571 3707 2890 3773 exaltatum,
2927 3708 3241 3776 perierunt:
3275 3707 3355 3762 sic
3383 3709 3526 3764 intra

1917 3803 2022 3858 hoc
2053 3803 2357 3858 eversionis
2382 3809 2596 3871 tempus
2625 3815 2814 3856 verum
2866 3815 3064 3854 manna
3096 3799 3266 3870 (unde
3311 3799 3522 3856 dictum

1917 3896 2096 3953 fuerat
2135 3896 2321 3967 (Jonn.
2373 3911 2462 3960 v1,
2497 3895 2589 3964 51)
2618 3913 2630 3949 :
2662 3893 2774 3965 Ego
2804 3911 2921 3949 sum
2970 3895 3119 3965 panis
3147 3895 3316 3963 vivus,
3340 3895 3428 3963 qui
3467 3897 3532 3950 de

1919 3990 2046 4045 caelo
2074 4032 2087 4056 ,
2117 3989 2260 4059 etc.)
2285 3987 2506 4042 haurire
2541 3985 2836 4042 salubriter
2874 3995 3188 4056 renuentes,
3233 4004 3530 4059 verumque

1921 4083 2277 4141 mediatorem
2325 4081 2610 4138 Christum
2661 4081 2849 4138 Jesum
2877 4121 2892 4146 ,
2943 4082 3011 4137 de
3050 4098 3158 4153 quo
3194 4084 3530 4152 przecineba-

1921 4187 2053 4234 tur:
2081 4176 2403 4246 Prophetam
2439 4177 2581 4231 vobis
2623 4175 2898 4231 suscitabit
2945 4173 3202 4232 Dominus
3255 4176 3399 4232 Deus
3448 4195 3528 4233 ve-

1923 4279 2028 4325 ster
2057 4269 2122 4324 de
2147 4268 2396 4339 fratribus
2425 4268 2642 4334 vestris;
2674 4270 2948 4339 tamquam
2975 4282 3054 4321 me
3081 4267 3254 4334 ipsum
3285 4267 3532 4333 audietis,

1922 4379 2073 4436 quem
2111 4361 2153 4416 si
2177 4361 2293 4432 quis
2321 4378 2424 4416 non
2463 4361 2730 4428 audierit,
2778 4360 3204 4415 exterminabitur
3249 4363 3312 4416 de
3338 4365 3532 4432 papula

1925 4473 2021 4513 suo
2052 4454 2230 4529 (Deut.
2262 4469 2424 4520 xvttt,
2458 4453 2647 4524 15-18)
2684 4471 2698 4508 :
2731 4452 2957 4524 ejusque
2987 4452 3176 4524 legalia
3205 4453 3256 4510 in
3312 4471 3371 4511 se
3416 4457 3533 4529 ipso

1927 4567 2058 4609 vera
2101 4560 2256 4623 petra
2290 4549 2562 4620 descripta
2610 4545 2766 4619 sequi
2821 4545 3264 4618 dissimulantes,
3318 4550 3534 4606 exalta-

1931 4656 2044 4702 tum
2090 4647 2144 4700 in
2170 4659 2366 4712 cruce,
2424 4651 2478 4698 et
2507 4657 2537 4696 a
2593 4641 2824 4696 mortuis
2864 4641 3206 4708 surrexisse,
3257 4643 3359 4698 sub
3401 4645 3536 4700 arti-

1931 4742 2060 4800 culo
2113 4740 2434 4797 miserrimre
2473 4735 2776 4795 eversionis
2822 4735 3050 4793 credere
3094 4749 3417 4808 respuentes
3451 4783 3466 4808 ,
3508 4758 3540 4798 a

1935 4847 2083 4893 terra
2133 4832 2515 4905 promissionis
2561 4828 2912 4887 exterminati
2937 4870 2952 4895 ,
3009 4829 3288 4900 perierunt
3320 4848 3333 4884 :
3363 4839 3420 4887 ut
3448 4849 3540 4904 po-

1937 4930 2094 5002 pulus
2143 4927 2234 4984 ille
2280 4927 2369 4998 qui
2399 4924 2607 4981 sedebat
2631 4923 2684 4978 in
2723 4923 2949 4978 tenebris
2981 4934 3028 4978 et
3057 4922 3322 4979 habitabat
3364 4926 3418 4980 in
3462 4943 3545 4982 re-

1940 5024 2094 5097 gione
2119 5018 2316 5075 umbra:
2370 5018 2547 5072 mortis
2583 5015 2734 5088 (Esa.
2789 5031 2866 5082 ιχ,
2897 5015 2996 5085 2),
3055 5015 3229 5071 lucem
3280 5026 3543 5073 mlernam

1937 5115 2130 5172 videns
2168 5110 2610 5173 resurrectionis,
2641 5108 2694 5163 in
2747 5123 2867 5164 eam
2916 5123 3039 5162 cum
3090 5107 3424 5178 plenitudine
3450 5126 3548 5166 sua

1940 5210 2208 5273 introeat;
2248 5214 2304 5261 et
2331 5206 2406 5261 sic
2430 5203 2663 5274 reliquiae
2690 5199 2866 5255 Israel
2902 5201 3061 5256 salva:
3091 5201 3220 5272 fiant
3252 5201 3428 5274 (Rom.
3458 5221 3537 5270 ιχ,

1940 5304 1979 5360 2
1999 5303 2042 5376 ),
2095 5308 2363 5374 quatenus
2389 5314 2455 5354 ex
2487 5297 2700 5354 duobus
2737 5295 3060 5366 parietibus,
3090 5312 3195 5352 una
3226 5308 3547 5352 conseratur

1943 5396 2000 5452 in
2027 5396 2425 5452 resurrectione
2475 5390 2724 5447 Ecclesia
2763 5403 2930 5460 super
2982 5390 3139 5445 illum
3172 5387 3406 5458 lapidem
3451 5405 3550 5444 an-

1946 5491 2194 5561 gularem
2251 5486 2338 5558 qui
2381 5485 2538 5556 faciet
2591 5493 2808 5555 utraque
2848 5499 3013 5536 unum
3064 5480 3288 5551 (Ephes.
3319 5493 3395 5545 ιι,
3431 5478 3552 5551 II),

242 5569 493 5636 insipiens
537 5588 626 5626 cor
665 5587 839 5626 eorum
883 5571 1072 5643 (Rom.
1107 5590 1155 5641 ι,
1185 5571 1327 5644 2i);
1385 5581 1441 5627 et
1481 5588 1603 5628 cum
1647 5574 1737 5643 qui
1775 5590 1805 5627 a

1946 5579 2238 5636 Dominum
2263 5585 2509 5632 nostrum
2540 5573 2818 5632 Christum
2848 5572 3066 5643 Iesum,
3100 5571 3194 5644 qui
3227 5568 3360 5625 vivit
3389 5579 3445 5625 et
3469 5587 3558 5627 re—

247 5679 362 5722 oves
394 5675 596 5722 tantum
626 5667 810 5722 domus
833 5665 1001 5721 Israel
1028 5668 1261 5738 perditas
1287 5676 1492 5722 venerat
1523 5666 1717 5740 (Matii.
1749 5681 1835 5736 xv,

319 5813 347 5841 τι
395 5802 624 5877 Sortitus
660 5805 979 5861 restituebat
1018 5805 1301 5862 Barrensis
1323 5805 1598 5877 superius,
1647 5805 1715 5863 ad
1745 5807 1842 5863 lib.

317 5890 382 5945 v,
412 5889 533 5946 cap.
574 5873 670 5945 53,
708 5879 856 5935 circa
883 5880 977 5934 (in.
1007 5879 1294 5938 GALLAND.

771 5974 1047 6037 Ρλτιιοι..
1093 5974 1238 6038 XV.

1949 5681 2080 5745 gnat
2098 5671 2154 5728 in
2181 5670 2383 5728 szecula
2428 5669 2778 5726 saeculorum.
2802 5665 2999 5722 Amen.

2027 5807 2058 5849 ³³
2107 5807 2416 5882 Legendum
2448 5806 2634 5864 forsan
2663 5819 2730 5860 ea:
2775 5808 2940 5873 parte.
2969 5801 3144 5858 Buta.

3003 5966 3081 6028 33
