3988 6400
174 295 293 369 uss
1036 389 1039 392 ν

2481 396 2491 404 .
3306 305 3453 365 1191

1647 459 3266 471 ῌ

213 486 516 493 —_——.‘_—__—
531 489 714 494 _—.
1075 490 1154 496 --_
2722 494 2743 502 α
2827 494 2865 501 -
3423 490 3427 491 ν

364 625 486 707 ΙΝ
563 623 992 709 PSALMI
1068 625 1460 712 CXVIII
1533 625 2431 712 EXPOSITIONEM
2505 617 3218 712 ADMONITIO.

228 953 416 1029 Aperte
436 962 627 1013 extota
645 956 781 1013 serie
808 956 966 1030 hujus
985 960 1160 1029 operis
1178 959 1520 1032 intelligimus
1542 960 1743 1015 beatum
1771 960 2120 1026 Ambrosium,
2150 977 2268 1016 cum
2298 961 2624 1017 Christianos
2662 977 2773 1017 sua:
2821 977 2958 1017 cura:
2987 962 3288 1017 commissos
3316 973 3445 1033 prcs‘

162 1048 309 1117 septis
330 1047 403 1101 ad
423 1049 786 1118 perfectionem
811 1049 1128 1106 conditionis
1166 1068 1275 1107 suae
1316 1052 1579 1107 cumulate
1615 1053 2017 1126 comparandam
2062 1054 2365 1109 necessariis
2411 1055 2615 1108 munire
2660 1054 2985 1119 decrevisset,
3022 1053 3155 1108 nihil
3193 1052 3264 1106 ad
3311 1052 3449 1107 illud

159 1139 469 1194 existimasse
494 1140 890 1207 conducibilius,
917 1158 1073 1212 quam
1109 1143 1155 1198 si
1182 1144 1501 1214 psalmorum
1545 1149 1774 1199 omnium
1830 1145 2273 1216 pulcherrimum,
2327 1163 2389 1201 ac
2429 1147 2715 1201 moralibus
2753 1148 3008 1217 dogmatis
3057 1146 3454 1218 refertissimum

160 1230 445 1303 (Prtefat.).
465 1233 594 1299 ipsis
610 1244 906 1303 exponeret.
934 1235 1104 1301 Quam
1136 1236 1197 1290 ob
1224 1253 1333 1291 rem
1360 1252 1475 1291 cum
1510 1246 1616 1292 tam
1638 1239 1806 1293 nobile
1825 1250 2184 1311 argumentum
2210 1241 2529 1310 propositum
2572 1239 2778 1294 haberet
2821 1251 3031 1293 sanctus
3077 1238 3297 1305 Doctor,
3346 1255 3457 1293 ont-

157 1342 263 1382 ttem
291 1325 489 1397 ingenii
514 1327 635 1392 vim,
660 1343 862 1383 omnem
874 1328 972 1383 sibi
1000 1328 1248 1384 divinitus
1277 1345 1570 1385 concessam
1598 1330 1901 1399 facultatem
1932 1332 2098 1385 eidem
2126 1332 2440 1387 illustrando
2463 1331 2722 1386 adhibuit.
2756 1330 3020 1400 Quidquid
3042 1332 3092 1385 in
3123 1346 3183 1384 eo
3212 1331 3312 1400 fuit
3341 1329 3450 1383 elo—

153 1423 387 1491 quentiae,
413 1423 665 1494 quidquid
689 1424 914 1485 ardoris,
940 1423 1231 1491 modestiae,
1262 1424 1590 1490 humilitatis,
1613 1423 1863 1493 scientiis,
1890 1425 1946 1479 id
1975 1442 2126 1480 omne
2154 1434 2297 1479 tanto
2330 1442 2443 1480 cum
2486 1424 2765 1495 splendore
2795 1426 2850 1478 in
2889 1423 2986 1477 hac
3029 1423 3461 1478 commentatione

155 1515 304 1570 elucet
332 1525 430 1579 ;ut
460 1533 523 1571 ea
546 1517 804 1571 communi
829 1516 1247 1572 doctissimorum
1275 1518 1524 1583 virorum,
1553 1527 1707 1588 atque
1731 1518 1890 1573 etiam
1914 1519 2348 1575 heterodoxorum
2370 1518 2624 1592 suffragio
2649 1520 2780 1574 inter
2803 1519 3165 1589 prcestantiura
3192 1515 3453 1571 Ambrosii

156 1608 304 1662 nostri
334 1623 498 1677 opera
524 1618 842 1664 numeretur.
1838 1612 1849 1623 ’

218 1700 496 1771 Principio
524 1702 748 1773 quadam
776 1705 1185 1775 prtefatiuncula
1207 1706 1357 1777 quasi
1382 1705 1651 1776 praeludit.
1685 1704 1739 1760 in
1768 1722 1871 1777 qna
1915 1707 2221 1777 compendio
2255 1707 2480 1779 explicat
2524 1704 2774 1775 quidquid
2821 1706 3105 1776 generatim
3132 1703 3349 1777 pertinet
3395 1703 3464 1756 ad

154 1798 278 1851 hunc
298 1796 584 1865 psalmum.
618 1795 758 1851 Hinc
778 1803 965 1852 transit
985 1798 1055 1851 ad
1079 1800 1457 1854 enarrationem
1486 1801 1869 1854 octonariorum
1893 1840 1909 1865 ,
1940 1800 1994 1853 in
2021 1816 2240 1870 quorum
2272 1798 2448 1853 limine
2501 1797 2786 1853 Hebraicas
2832 1812 3061 1866 quasque
3092 1797 3290 1851 litteras
3336 1810 3463 1849 enu—

155 1886 279 1942 cleat
308 1929 322 1953 ,
351 1903 476 1957 qua:
498 1899 640 1955 sunt,
663 1888 930 1958 ipsiusmet
960 1889 1273 1955 testimonio,
1333 1890 1482 1946 velut
1533 1890 1670 1945 tituli
1705 1905 1896 1947 eorum
1945 1904 2241 1958 versuum,
2281 1905 2404 1959 qua:
2440 1890 2542 1945 sub
2591 1888 2784 1944 iisdem
2842 1888 3037 1943 litteris
3086 1886 3455 1943 ascribumur.

153 1978 348 2050 (Serm.
368 1977 482 2049 16).
519 1978 635 2034 Hoc
661 1990 834 2034 autem
861 1981 1076 2053 dignum
1103 1992 1176 2036 est
1198 1982 1337 2053 quod
1367 1983 1656 2037 observetur
1682 2023 1698 2048 ,
1732 1984 1979 2038 nimirum
2005 1995 2241 2039 sanctum
2267 1982 2561 2038 Antistitem
2587 1983 2764 2053 palam
2796 1987 2964 2052 facere
3000 1998 3059 2036 ea
3084 1983 3199 2053 ipsa
3234 1998 3350 2052 quae
3378 1980 3462 2035 hic

151 2090 183 2128 a
199 2073 392 2130 Davide
417 2075 512 2129 sub
534 2074 758 2146 singulis
792 2074 1034 2131 Hebraici
1057 2077 1320 2147 alphabeti
1336 2075 1600 2131 elementis
1627 2078 1923 2141 traduntur,
1944 2076 2039 2132 sub
2059 2076 2243 2132 iisdem
2269 2094 2469 2149 quoque
2488 2094 2521 2131 a
2545 2074 2776 2131 Jeremia
2805 2077 2859 2129 in
2884 2074 2927 2129 Τ
2933 2077 3107 2130 hrenis
3133 2076 3242 2130 suis
3269 2075 3462 2129 descri-

152 2166 217 2223 bi.
255 2167 630 2224 Verumtamen
657 2179 777 2224 ante
806 2186 1090 2226 sermonem
1120 2181 1354 2225 octavum
1380 2187 1494 2225 eam
1517 2187 1623 2225 non
1651 2172 1820 2239 aperit
1844 2172 2255 2237 consensionem,
2282 2187 2436 2243 quam
2478 2171 2717 2240 deinceps
2769 2171 3152 2226 accuratissime
3181 2170 3251 2225 ad
3304 2171 3462 2240 finem

155 2263 323 2333 operis
343 2264 691 2336 prosequitur.
719 2262 790 2317 Et
811 2264 864 2319 in
888 2265 984 2319 hac
1012 2264 1217 2320 demum
1239 2274 1390 2335 parte
1418 2266 1678 2336 copiosius
1699 2265 1996 2320 earumdem
2021 2266 2311 2346 litterarum
2330 2283 2533 2331 sensum
2557 2267 2813 2322 edisserit.

217 2357 347 2411 Post
382 2360 700 2430 explicatum
730 2361 1128 2433 unumquodque
1155 2363 1526 2418 elementorum
1545 2362 1614 2415 ad
1626 2363 2097 2431 interpretationem
2131 2374 2299 2419 textus
2325 2365 2555 2429 accedit,
2589 2374 2637 2418 et
2681 2347 2867 2418 exacte.
2897 2362 3184 2416 admodum
3213 2369 3328 2415 octo
3355 2361 3476 2416 illos

150 2467 327 2508 versus
351 2454 444 2525 qui
470 2454 695 2526 singulis
716 2454 809 2509 sub
838 2454 1103 2511 elementis
1121 2458 1470 2524 continentur,
1506 2456 1689 2512 ordine
1730 2473 1983 2529 quemque
2030 2474 2124 2513 suo
2177 2460 2453 2529 expendit;
2482 2458 2686 2513 tametsi
2711 2458 2831 2511 aliis
2860 2458 3080 2522 diutius,
3112 2455 3230 2509 aliis
3271 2455 3470 2509 breuius

149 2543 468 2598 inuitaretur.
503 2542 688 2600 Primo
705 2547 945 2616 proponit
972 2547 1088 2617 ipsa
1115 2548 1270 2602 verba
1293 2550 1547 2619 cujusque
1567 2565 1768 2616 uersus,
1793 2559 1840 2604 et
1864 2553 1912 2604 si
1938 2550 2063 2621 quid
2089 2562 2328 2605 occurrat
2348 2552 2635 2614 varietatis,
2663 2552 2767 2605 sive
2787 2552 2841 2603 in
2866 2549 3062 2605 Graecis
3078 2550 3182 2603 sive
3202 2548 3257 2600 in
3275 2545 3477 2601 Latinis

155 2637 563 2708 exemplaribus,
595 2638 702 2694 sive
727 2640 881 2694 etiam
901 2640 957 2693 in
983 2640 1186 2694 diversa
1204 2640 1592 2709 interpretibus,
1616 2642 1711 2695 hoc
1729 2640 1821 2695 ille
1850 2643 2059 2697 nomine
2082 2659 2271 2712 magna
2293 2643 2584 2698 eruditione
2615 2644 2777 2696 oculis
2800 2642 3013 2708 subiecit
3041 2643 3236 2711 (Serm.
3259 2640 3316 2707 4,
3369 2638 3437 2693 10
3456 2669 3496 2703 ,ε

150 2732 219 2788 12
239 2741 288 2786 et
313 2732 439 2803 aL).
468 2743 515 2787 et
537 2733 687 2802 quasi
706 2733 868 2806 digito
897 2732 1092 2787 indicat
1117 2736 1285 2804 fontes
1310 2734 1608 2789 istiusmodi
1637 2735 1976 2800 discriminis,
2018 2736 2158 2807 quod
2181 2750 2567 2805 nonnumquam
2593 2734 2964 2788 dissidentibus
2984 2733 3320 2804 interpretum
3351 2729 3466 2799 opi—

149 2825 390 2880 nionibus
410 2867 426 2891 ,
458 2827 649 2895 stepius
672 2840 789 2881 uero
831 2826 1244 2898 antiquariorum
1289 2826 1622 2895 Scripturam
1664 2828 1924 2900 imperitia
1952 2828 2031 2881 uel
2060 2828 2385 2901 indiligentia
2414 2844 2511 2881 sua
2541 2827 2984 2899 corrumpentium
3025 2826 3194 2894 culpa:
3238 2821 3477 2877 attribuit

153 2917 414 2991 (Serani,
442 2920 480 2975 5
507 2929 555 2974 et
575 2918 697 2991 aL).
724 2918 950 2991 Insuper
976 2920 1102 2992 quid
1130 2920 1195 2975 de
1219 2922 1376 2975 variis
1405 2921 1695 2991 Scriptura:
1710 2920 2028 2976 uersionibus
2055 2921 2266 2986 sentiat,
2289 2919 2508 2973 candide
2528 2921 2580 2973 in
2606 2919 2831 2973 medium
2856 2918 3052 2988 profert
3085 2917 3285 2989 (Serm.
3309 2914 3475 2978 9,17,

147 3012 217 3071 20
244 3026 294 3069 et
324 3014 448 3085 2‘2),
477 3013 717 3085 docetque
742 3014 938 3085 (Serm.
957 3016 1048 3085 15)
1076 3025 1196 3068 tunc
1222 3014 1466 3085 temporis
1489 3016 1544 3068 in
1565 3012 1798 3068 Ecclesia
1827 3013 2146 3079 potissimum
2165 3012 2388 3066 ualuisse
2410 3009 2554 3066 LXX
2576 3027 2757 3066 senum
2787 3010 3285 3079 interpretationem.
3318 3006 3478 3063 Nihi-

150 3108 378 3164 lominus
407 3119 581 3163 tamen
596 3107 837 3163 libentius
854 3110 1066 3179 ipsemet
1102 3106 1341 3162 utebatur
1365 3107 1654 3178 exemplari
1681 3094 1776 3162 suo
1792 3104 1976 3161 Gra’co
2006 3106 2206 3175 (Serm.
2241 3106 2333 3176 17)
2361 3122 2376 3171 ;
2407 3106 2640 3175 quamvis
2680 3105 2835 3158 etiam
2868 3104 3076 3157 minime
3121 3102 3400 3173 negligeret
3430 3107 3478 3154 et

144 3206 251 3258 alia
284 3202 515 3258 subinde
540 3203 827 3265 consulere,
857 3210 906 3255 et
928 3202 1158 3257 diversas
1185 3212 1355 3257 textus
1381 3201 1830 3270 interpretationes
1846 3214 1963 3271 qua:
1983 3198 2193 3267 defendi
2214 3215 2363 3269 posse
2393 3199 2568 3266 aliqua
2587 3198 2786 3252 ratione
2805 3195 3133 3260 ridebantur,
3164 3207 3474 3264 proponere.

215 3297 339 3353 Etsi
358 3296 617 3353 statimab
642 3296 856 3350 exordio
877 3296 1032 3363 huius
1063 3295 1236 3364 operis
1260 3293 1456 3365 (Serm.
1487 3292 1542 3361 1)
1566 3311 1666 3349 non
1693 3309 1839 3348 secus
1865 3301 2018 3362 atque
2045 3293 2099 3345 in
2124 3292 2245 3346 aliis
2284 3291 2393 3345 suis
2436 3290 2875 3345 lucubrationibus
2910 3287 3048 3357 (Lib.
3100 3288 3165 3341 de
3210 3285 3368 3340 Isaac
3419 3292 3467 3338 et

144 3391 245 3446 An.
275 3408 398 3463 cap.
425 3388 487 3455 4,
518 3372 662 3443 num.
690 3388 797 3453 25;
835 3385 1056 3459 Prtefat.
1080 3388 1134 3441 in
1163 3385 1319 3453 Luc.,
1345 3384 1480 3457 etc.)
1509 3387 1764 3455 triplicem
1795 3385 2082 3454 Scriptura:
2107 3401 2310 3439 sensum
2336 3394 2583 3455 agnoscat
2608 3424 2624 3451 ,
2652 3383 2942 3438 naturalem
2988 3383 3092 3437 sive
3125 3380 3427 3435 historicum
3454 3419 3471 3443 ,

142 3487 452 3556 mysticum,
487 3494 535 3537 et
564 3484 837 3547 moralem;
896 3484 1122 3552 primum
1147 3490 1318 3535 tamen
1346 3480 1431 3534 hic
1464 3497 1564 3535 non
1593 3481 1845 3549 sequitur,
1876 3479 2159 3534 secandum
2186 3482 2442 3550 percurrit
2471 3481 2597 3534 satis
2620 3480 2819 3544 leuiter,
2842 3475 2933 3533 sed
2959 3477 3306 3548 exsculpendo
3328 3476 3484 3530 illus‘

149 3578 447 3643 trandoque
466 3583 620 3630 tertio
641 3584 780 3629 totus
807 3574 1083 3629 incumbit.
1109 3571 1296 3641 Neque
1315 3590 1435 3628 vero
1465 3589 1637 3627 causae
1657 3574 1764 3627 ilch
1789 3572 1973 3642 quibus
2002 3572 2071 3624 ad
2092 3571 2375 3625 ineundum
2402 3570 2500 3625 hoc
2539 3573 2811 3626 consilium
2840 3573 3083 3625 inductus
3130 3571 3226 3643 fuit
3259 3570 3321 3627 S.
3353 3569 3483 3623 Am-

144 3669 379 3734 brosius,
410 3667 688 3739 difficulter
709 3665 890 3735 afferri
916 3676 1132 3736 possunt
1159 3707 1175 3732 ,
1197 3664 1453 3734 siquidem
1479 3668 1588 3731 ipse
1615 3682 1717 3718 non
1738 3664 1894 3719 semel
1941 3664 2226 3735 afﬁrmavit
2257 3664 2455 3735 (Serm.
2508 3668 2562 3728 1,
2593 3664 2661 3720 15
2711 3674 2759 3719 et
2789 3663 2912 3736 al.),
2945 3665 3179 3737 quamvis
3229 3663 3475 3734 mysticus

145 3779 331 3818 sensus
355 3763 563 3815 acutior
580 3760 668 3823 sit,
695 3761 942 3813 moralem
974 3769 1142 3814 tamen
1169 3758 1329 3811 multo
1356 3758 1668 3825 suaviorem,
1697 3757 2130 3828 acceptioremque
2153 3772 2259 3812 esse
2279 3757 2472 3830 papula
2490 3757 2688 3831 (Serm.
2723 3758 2812 3828 15)
2831 3800 2845 3821 ,
2878 3760 2966 3827 qui
3015 3757 3301 3811 uberiorem
3342 3757 3396 3808 in
3424 3770 3483 3809 eo

145 3855 243 3910 sibi
265 3855 499 3925 praeberi
519 3852 767 3907 utilitatis
792 3864 1006 3926 segetem
1024 3855 1383 3922 cognoscebat.
1413 3849 1479 3903 In
1503 3849 1640 3905 hunc
1665 3852 1824 3922 igitur
1849 3867 2054 3905 sensum
2082 3867 2256 3905 omnes
2294 3853 2491 3924 ingenii
2516 3853 2597 3906 sui
2630 3868 2808 3906 nervos
2846 3852 3099 3917 intendit,
3133 3850 3475 3906 Christianis-

144 3964 242 4020 que
262 3946 514 4018 pracipit
534 3961 640 4016 qua
667 3945 869 3999 ratione
899 3945 1162 4013 pervenire
1188 3944 1394 3999 ualeant
1421 3943 1489 3996 ad
1509 3959 1803 4015 supremum
1841 3944 2061 4016 gradum
2085 3945 2439 4017 perfectionis.
2498 3943 2616 3998 Illic
2663 3944 2949 3998 incredibili
2988 3928 3174 3998 ardore
3203 3943 3365 3996 animi
3412 3943 3468 3996 in

144 4041 422 4109 praecipua
442 4050 491 4092 et
512 4038 739 4092 maxime
768 4037 1062 4091 communia
1085 4037 1400 4108 temmribus
1423 4038 1531 4090 suis
1559 4037 1679 4100 uitia
1701 4036 1975 4090 invehitur.
2011 4036 2117 4092 Sed
2139 4054 2229 4089 nec
2254 4038 2382 4106 ipsis
2406 4038 2541 4091 sacri
2567 4036 2753 4090 altaris
2779 4039 2944 4106 parcit
2988 4038 3241 4091 ministris
3290 4054 3309 4092 :
3349 4053 3479 4107 quos

142 4135 365 4203 quidem
386 4132 450 4187 ob
480 4132 664 4205 culpas
690 4147 809 4203 qua:
828 4148 931 4186 non
955 4135 1029 4185 ita
1046 4145 1228 4202 graces
1257 4129 1582 4195 uidebantur,
1606 4131 1720 4184 loco
1749 4145 1844 4184 suo
1869 4146 1931 4184 ac
1944 4130 2195 4201 dignitate
2220 4130 2451 4184 abdicari
2480 4130 2679 4184 uolebat
2705 4130 2900 4202 (Serm.
2927 4131 2980 4196 2,
3014 4142 3062 4185 et
3088 4131 3187 4204 al.)
3220 4172 3237 4195 ,
3266 4131 3478 4186 nimiam

142 4245 328 4284 eorum
355 4227 448 4298 qui
479 4243 537 4281 se
550 4228 698 4296 justo
719 4225 984 4281 molliores
1010 4223 1363 4294 peccatoribus
1384 4223 1684 4279 exhiberent
1712 4221 2091 4293 indulgentiam
2114 4264 2129 4286 ,
2165 4224 2255 4277 sed
2280 4223 2425 4277 haud
2453 4224 2622 4278 minus
2644 4223 2853 4278 illorum
2880 4227 2968 4296 qui
2993 4225 3088 4280 sibi
3118 4227 3244 4297 ipsis
3278 4226 3482 4280 remissi

139 4319 463 4391 rigidiorem
479 4316 730 4371 adversus
754 4315 890 4369 alios
915 4330 1185 4369 censuram
1211 4321 1525 4375 exercerent,
1549 4312 1866 4367 seueritatem
1885 4312 2144 4367 damnans
2169 4313 2369 4386 (Serm.
2387 4314 2442 4377 4.
2486 4312 2563 4386 5).
2594 4315 2621 4368 Ι
2630 4316 2797 4371 bidem
2840 4317 2991 4370 etiam
3035 4314 3282 4383 Indicos,
3333 4332 3485 4387 atque

142 4413 427 4470 hereticos
447 4422 498 4466 et
522 4411 745 4465 Arianos
768 4410 1025 4479 imprimis
1049 4407 1370 4478 aggreditur,
1393 4405 1810 4475 demonstratque
1830 4404 2030 4471 (Serm.
2058 4404 2131 4458 2'2
2157 4405 2176 4478 )
2209 4408 2422 4461 illorum
2440 4406 2679 4462 ha'resim
2710 4410 2828 4463 hinc
2851 4413 3126 4473 scaturire,
3149 4412 3286 4481 quod
3308 4409 3479 4481 philo-

142 4506 447 4577 sOpirorum
471 4519 537 4555 ac
560 4500 783 4556 maxime
800 4498 1248 4554 Aristotelicorum
1272 4498 1506 4570 argutias
1527 4508 1574 4551 et
1588 4496 1994 4568 uitilitigationes
2020 4507 2191 4552 essent
2207 4500 2387 4552 secuti.
2409 4496 2645 4569 Denique
2672 4517 2847 4555 eorum
2865 4502 2954 4572 qui
2975 4502 3137 4572 plagii
3162 4508 3478 4556 accusabant

141 4598 441 4670 scriptores
459 4606 687 4661 nostros,
720 4592 856 4666 quod
882 4591 1134 4646 librorum
1156 4607 1369 4646 suorum
1401 4591 1802 4663 prceclarissima
1821 4606 2033 4659 quaeque
2052 4592 2106 4645 in
2137 4593 2375 4664 operibus
2398 4594 2824 4665 philosophorum
2853 4596 3237 4664 compilassent,
3261 4598 3479 4651 menda-

62 4738 77 4749 .
143 4691 288 4746 cium
311 4690 464 4759 quod
492 4688 623 4742 alibi
642 4686 841 4754 (Serm.
871 4682 930 4750 2,
958 4693 1005 4736 et
1021 4685 1171 4753 alibi)
1202 4683 1476 4737 nonsemel
1502 4684 1794 4752 impugnat,
1823 4682 1908 4735 hic
1934 4684 2087 4736 etiam
2112 4686 2307 4755 refellit
2337 4684 2493 4756 (Lib.
2525 4688 2590 4741 de
2626 4686 2889 4740 Abraham
2924 4686 3224 4741 l’atriarch.
3254 4697 3301 4741 et
3343 4686 3477 4760 seq.)
3556 4694 3561 4701 '

223 4782 433 4839 Inh'xit
476 4781 622 4835 hisce
660 4778 901 4835 omnibus
949 4781 1101 4850 longe
1141 4776 1426 4830 maximam
1473 4774 1673 4830 Cantici
1704 4773 2037 4829 Canticorum
2081 4787 2282 4847 partem
2307 4818 2323 4844 ,
2368 4780 2519 4849 cujus
2541 4780 2626 4833 hic
2654 4782 2927 4851 mysteria,
2959 4781 3089 4833 sicut
3116 4780 3243 4835 alibi
3270 4779 3477 4836 dixerat

86 4882 107 4903 ’
140 4875 294 4951 (Lib.
321 4876 395 4929 de
426 4873 583 4928 Isaac
606 4881 654 4926 et
679 4872 783 4926 Aa.
809 4888 927 4943 cap.
955 4870 1012 4933 4,
1044 4886 1191 4924 num.
1222 4869 1340 4933 17),
1365 4866 1691 4938 potissimum
1730 4865 1795 4919 de
1836 4864 2077 4922 Ecclesia
2118 4869 2510 4939 interpretatur.
2560 4870 2745 4926 Verum
2783 4888 2885 4926 non
2916 4874 3201 4927 admodum
3238 4860 3481 4931 accurate

142 4969 275 5026 huic
303 4968 514 5023 insistit
534 4965 871 5035 expositioni.
903 4963 1179 5031 Siquidem
1206 4972 1551 5034 prceterquam
1579 4961 1722 5034 quod
1744 4962 1798 5015 in
1829 4962 2067 5030 pluribus
2096 4964 2244 5018 illum
2268 4965 2593 5020 sermonibus
2633 4968 2788 5036 plane
2815 4969 3003 5022 omittit
3022 5010 3038 5035 ,
3066 4971 3299 5040 ejusdem
3342 4971 3479 5026 sacri

136 5063 442 5120 “latinis
470 5077 578 5115 non
608 5059 711 5114 nisi
736 5060 877 5112 circa
906 5058 1115 5112 initium
1143 5071 1204 5110 ac
1225 5057 1381 5124 finem
1404 5055 1572 5109 ordini
1608 5056 1846 5109 inliceret.
1874 5053 1938 5109 In
1968 5056 2181 5125 reliquis
2209 5058 2443 5128 prwdicti
2472 5060 2591 5113 libri
2622 5061 2915 5115 testimonia
2941 5061 3064 5116 hinc
3094 5064 3216 5117 inde
3240 5080 3303 5120 ex
3323 5067 3480 5120 uariis

134 5159 423 5231 capitibus
446 5157 613 5229 petita
636 5171 696 5210 eo
724 5163 926 5208 tantum
953 5152 1158 5215 laudat,
1186 5163 1241 5205 ut
1267 5151 1478 5206 illorum
1499 5150 1808 5205 auctoritate
1834 5166 1917 5205 res
1948 5152 2216 5221 proposita
2239 5162 2524 5206 astruatur.
2558 5153 2892 5224 Quapropter
2915 5155 3125 5211 minime
3152 5156 3355 5212 dubitat
3382 5176 3478 5214 ea-

140 5257 271 5314 “
309 5257 520 5312 iterum
545 5268 607 5306 ac
630 5251 782 5306 tertio
809 5250 1062 5320 allegare.
1093 5247 1221 5303 Cum
1260 5262 1380 5301 uero
1403 5246 1719 5301 Christianas
1745 5246 2083 5317 perfectionis
2111 5248 2604 5303 consummationem
2630 5250 2807 5304 eodem
2838 5252 3041 5322 psalmo
3068 5254 3318 5308 contineri
3340 5270 3482 5308 asse-

139 5361 388 5410 mt
435 5346 644 5425 (3Q.
672 5344 766 5409 15,
791 5341 910 5415 21),
942 5342 1076 5395 hanc
1122 5340 1533 5396 lucubrationem
1582 5338 1843 5393 concludit
1892 5338 2093 5412 (Serm.
2122 5338 2219 5408 22)
2265 5339 2570 5410 exponendo
2616 5341 2853 5406 ultimam
2892 5355 3092 5412 partem
3121 5342 3478 5413 Canticorum,

140 5442 203 5503 ﬁ
228 5463 343 5519 qua
368 5443 575 5516 nuptiae
600 5438 866 5517 spiritales
896 5435 1054 5491 Verbi
1085 5451 1205 5490 cum
1248 5435 1460 5504 Sponsa
1489 5449 1617 5501 sua,
1654 5448 1746 5487 nec
1771 5448 1875 5487 non
1911 5432 2096 5488 intima
2140 5433 2374 5507 ejusdem
2395 5450 2512 5488 cum
2537 5434 2630 5488 illa
2655 5437 2972 5507 conjunctio,
2995 5451 3110 5505 qua:
3153 5453 3235 5492 res
3276 5441 3482 5509 plenam

142 5542 596 5609 mutatamque
624 5534 1002 5608 perfectionem
1026 5530 1316 5596 constituit,
1347 5528 1728 5584 describuntur.
1766 5526 1884 5595 Qua
1910 5527 2117 5597 quidem
2154 5527 2401 5583 coronide
2432 5536 2538 5581 tam
2572 5527 2826 5599 praeclaro
2854 5528 3001 5599 operi
3024 5546 3128 5585 non
3155 5541 3359 5603 poterat
3382 5551 3477 5608 ap-

140 5634 289 5713 pr!
312 5633 573 5692 nobilior.

222 5726 427 5806 ειμι
446 5725 571 5785 ﬁbri
599 5721 963 5782 excellentiam
988 5720 1222 5791 agnoscit
1243 5715 1479 5773 Dallxus
1502 5715 1642 5789 (Lib.
1667 5716 1731 5773 de
1765 5713 1878 5772 Usu
1899 5712 2294 5806 Patrum,qpag.
2321 5712 2479 5785 248).
2512 5714 2598 5770 ubi
2618 5716 2691 5770 ait
2718 5731 2736 5771 :
2767 5715 2917 5789 Opus
2953 5717 3089 5775 alias
3118 5731 3408 5794 praestans,
3435 5737 3493 5784 et

152 5804 493 5889 mas
540 5830 789 5889 salsaque
839 5811 1094 5869 doctrina
1140 5810 1437 5878 refertum,
1470 5809 1723 5881 lectaque
1761 5807 1901 5866 adeo
1939 5804 2363 5878 dignissimum:
2394 5807 2561 5864 nihilo
2602 5819 2774 5865 tamen
2815 5812 2982 5869 secius
3025 5814 3213 5883 eidem,
3243 5818 3349 5874 alio
3379 5821 3493 5881 loco

453 5908 744 5977 Ριποι..
793 5905 945 5970 XV.

2902 5911 3044 5990 .1.
