3988 6354
458 279 593 338 H99

1800 270 2050 333 SANCTI
2086 268 2413 333 AMBROSII

3605 272 3746 332 1200

452 414 579 453 vum
609 405 636 435 δι
665 394 997 467 ingrediatur
1018 393 1197 461 diem;
1223 400 1282 449 ut
1310 392 1628 448 informatus
1653 391 1929 464 agnitione
1956 404 2043 448 sa—
2072 404 2127 466 Α
2148 388 2313 445 habet
2342 387 2571 460 gratiam
2604 401 2620 443 :
2653 386 2903 445 doctrina
2932 386 3054 445 sine
3099 388 3207 444 vita
3236 387 3604 458 integritatem
3634 402 3743 444 non

453 500 860 546 cramemnrunt
910 487 1215 542 cmlestium
1258 485 1422 558 973
1473 501 1582 539 non
1637 483 1793 555 quasi
1858 482 2042 549 rudis,

450 583 546 638 sed
573 583 725 652 quasi
759 580 982 635 rationis
1007 593 1176 648 capax
1201 618 1216 644 ,
1251 587 1379 632 tunc
1409 578 1626 632 demum
1658 591 1815 631 suum
1850 589 2047 632 munus

451 674 717 730 altiribus
755 672 927 727 sacris
959 669 1179 735 offerat,
1210 684 1334 724 cum
1373 667 1601 738 coeperit
1637 682 1759 725 esse
1807 668 2045 723 inStruc-

449 767 586 832 tior;
641 780 708 821 ne
761 763 1043 820 oll‘erentis
1095 760 1311 818 inscitia
1358 761 1692 817 contaminet
1757 758 2046 815 oblationis

455 860 792 931 mysterium.

518 954 575 1010 5.
619 952 828 1007 Titulus
883 958 1064 1006 autem
1105 947 1326 1011 Psalmi,
1370 945 1596 1001 Alleluia
1643 952 1757 1011 est;
1806 943 1910 999 hoc
1937 950 2043 1011 est,

452 1046 570 1102 laus
599 1045 716 1101 Dei.
744 1044 801 1100 In
829 1043 911 1101 his
932 1032 1091 1107 enim,
1118 1031 1335 1114 hymnis
1357 1055 1487 1121 vere
1514 1039 1657 1094 Dens
1688 1036 1958 1102 laudatur,
1989 1035 2044 1091 in
2088 1028 2094 1033 ”

447 1141 645 1211 quibus
669 1148 753 1195 est
796 1146 1141 1208 peccatorum
1180 1134 1454 1191 remissio.
1502 1132 1741 1203 Denique
1787 1130 1842 1185 in
1884 1143 2047 1199 supe-

446 1234 595 1288 riore
648 1232 855 1301 psalmo
906 1230 1086 1300 passio
1138 1226 1352 1283 Domini
1408 1226 1704 1300 praemissa
1742 1232 1865 1291 est;
1926 1237 2047 1293 quae

448 1325 709 1382 mundum
744 1326 886 1379 hunc
927 1320 1109 1386 diluit,
1139 1330 1198 1374 ut
1220 1319 1414 1388 dignus
1445 1317 1650 1373 faceret
1694 1316 1927 1393 pepultts
1946 1313 2044 1391 qui
2096 1368 2111 1389 ν.

451 1418 621 1473 Deum
641 1414 986 1472 immaculato
1016 1428 1113 1468 ore
1152 1411 1458 1466 laudarent.
1504 1407 1624 1480 Ipsa
1652 1421 1867 1478 quoque
1896 1407 2045 1462 litte—

448 1525 629 1567 rarum
688 1510 979 1574 elementa,
1027 1486 1088 1560 ut
1126 1505 1307 1560 omnia
1357 1502 1579 1559 Hebraea
1637 1500 1881 1563 nomina,
1937 1512 2045 1554 non

447 1617 576 1661 sunt
643 1601 983 1659 rationabilis
1025 1597 1494 1668 interpretationis
1546 1608 1714 1649 vacua
1745 1600 1921 1668 atque
1947 1592 2048 1647 im-

445 1681 659 1763 munia,
686 1708 918 1765 quorum
950 1692 1373 1764 signiﬁcationes
1408 1689 1540 1744 locis
1567 1688 1681 1743 suis
1711 1687 2061 1761 aperiemus,

444 1788 473 1829 ι)
504 1788 849 1846 Ceutcsitnus
871 1794 927 1841 et
951 1786 1271 1841 undecimus
1315 1783 1558 1855 psalmus
1591 1796 1689 1852 per
1711 1782 1809 1833 has
1836 1778 2046 1834 litteras
2075 1793 2123 1853 Β

446 1883 502 1939 in
542 1881 776 1944 Hebraeo
816 1879 869 1934 in
918 1877 1201 1949 principiis
1224 1872 1621 1932 versiculorum
1662 1873 1909 1943 digeStus
1936 1881 2043 1938 est,

444 1985 501 2032 et
545 1984 632 2029 est
661 1983 805 2028 totus
831 1971 1046 2029 etltictts
1091 1987 1105 2023 :
1139 1978 1193 2024 et
1241 1968 1587 2037 centesimus
1615 1965 1861 2020 decimus
1912 1961 2046 2017 mihi

438 2067 511 2122 ita
533 2065 771 2135 scriptus
800 2062 1038 2119 videtur.
1092 2060 1339 2131 Denique
1383 2060 1606 2114 vicenos
1633 2066 1689 2111 et
1738 2055 1900 2111 binos
1922 2069 2047 2109 ver-

446 2174 540 2216 sus
558 2158 779 2227 habent,
831 2165 886 2213 et
922 2155 1148 2227 singulis
1172 2153 1427 2209 versibus
1451 2150 1679 2222 singula:
1703 2147 2066 2221 explicantur.

440 2239 749 2307 sententiae.
781 2247 938 2305 Unde
958 2254 1017 2304 et
1044 2262 1140 2319 per
1173 2255 1196 2285 ο
1230 2254 1405 2302 metra
1434 2251 1756 2301 asseruntur
1796 2255 1923 2297 esse
1949 2238 2048 2296 de—

450 2342 661 2413 scripti.

976 2471 1212 2529 SERMO
1241 2468 1513 2527 PRIMUS.

1098 2594 1160 2641 ,κ
1196 2585 1383 2657 Aleplt.

519 2715 572 2771 i.
618 2712 797 2769 Prima
826 2710 1007 2766 littera
1036 2706 1065 2746 τι
1093 2707 1258 2775 Aleph
1289 2707 1517 2770 dicitttr,
1568 2704 1725 2776 cujus
1780 2705 2050 2773 interpre—

447 2809 579 2865 tatio
634 2806 879 2863 doctrina
937 2814 1040 2860 est.
1084 2802 1365 2858 Sollicitus
1415 2814 1547 2871 ergo
1587 2799 1828 2863 auditor,
1855 2796 2049 2867 plenos

446 2899 713 2957 doctrinae
741 2910 933 2953 versus
978 2908 1102 2950 esse
1126 2892 1221 2964 qui
1249 2902 1551 2963 sequuntur
1573 2934 1588 2957 ,
1631 2890 1803 2948 debes
1840 2904 2047 2959 przesu-

451 3007 622 3048 mere.
1638 3040 1641 3041 ,
1772 3038 1775 3041 .

519 3088 575 3142 2.
618 3084 799 3155 (Vers.
834 3085 888 3150 1,
926 3082 1006 3154 2.)
1032 3080 1176 3137 Beati
1207 3080 1552 3146 immaculati,
1616 3078 1812 3150 inquit,
1841 3077 1897 3131 in
1924 3078 2007 3132 via
2033 3119 2048 3143 ,

2150 481 2335 538 habet.
2376 481 2433 537 In
2462 482 2786 538 malevolam
2834 483 3036 538 ctenim
3067 483 3302 537 animam
3331 497 3438 537 non
3477 480 3632 537 cadet
3661 494 3745 536 sa-
3793 491 3802 511 π

2149 573 2370 645 pientia.
2418 572 2652 645 Ideoque
2678 574 2793 629 ait:
2829 574 3070 640 Quwrent
3108 590 3188 629 me
3211 573 3356 638 mali,
3388 582 3437 627 et
3466 588 3569 627 non
3606 572 3746 626 inve-

2149 670 2294 723 nient
2318 666 2506 741 (Prov.
2533 685 2574 731 ι,
2599 667 2721 740 ‘28);
2753 669 2878 740 quia
2910 668 3260 740 improbitate
3285 676 3521 724 caecatur
3550 665 3747 721 mentis

2104 832 2105 837 η
2147 760 2364 825 ocnlus,
2412 770 2464 816 et
2496 760 2767 832 caligante
2788 759 2894 816 sibi
2940 758 3258 828 iniquitate,
3314 756 3574 830 mysteria
3618 770 3747 827 pro-

2160 851 2330 907 funda
2367 852 2615 909 invenire
2645 868 2754 908 non
2776 861 2978 921 potest.
3012 853 3252 908 Primum
3283 867 3416 923 ergo
3444 848 3749 908 exercenda

2147 954 2231 1001 est
2246 944 2371 999 vitze
2410 945 2623 1011 militia,
2651 944 2961 1017 corrigendi
2999 959 3202 1002 mores.
3249 929 3385 1000 Cum
3440 944 3557 999 ba-c
3595 942 3751 998 insti-

2148 1037 2413 1094 tuerimus
2451 1038 2516 1093 ad
2550 1053 2769 1094 cursum
2818 1037 3084 1106 debitum,
3112 1048 3171 1094 ut
3193 1032 3262 1094 sit
3283 1035 3605 1092 olfensionis
3632 1051 3753 1091 cor-

2148 1130 2341 1192 rectio.
2373 1130 2632 1199 puritatis
2657 1131 2829 1203 gratia
2865 1148 2880 1198 ;
2918 1140 3046 1187 tunc
3080 1130 3151 1186 ad
3179 1118 3358 1186 studia
3391 1128 3753 1200 percipiendae

2147 1221 2477 1293 cognitionis
2524 1223 2807 1278 veniamus
2842 1239 2945 1279 suo
2976 1223 3169 1280 ordine
3209 1230 3267 1279 et
3304 1223 3410 1278 via.
3445 1222 3627 1279 Pritna
3657 1221 3757 1294 igi-

2147 1324 2236 1370 tur
2260 1324 2387 1370 sunt
2416 1316 2663 1383 moralia,
2696 1317 2994 1372 secundum
3028 1316 3279 1389 mysdca.
3306 1314 3366 1371 In
3396 1316 3504 1371 illis
3533 1315 3666 1382 vita,
3700 1314 3754 1370 in

2149 1406 2239 1462 his
2257 1408 2530 1480 cognitio;
2566 1410 2638 1464 ita
2656 1420 2716 1466 ut
2745 1410 2795 1465 si
2822 1410 3211 1482 perfectionem
3235 1409 3505 1481 requiras,
3531 1424 3632 1465 nec
3648 1408 3756 1465 vita

2148 1499 2270 1555 sine
2308 1500 2642 1573 cognitione,
2678 1517 2777 1558 nec
2803 1504 3041 1573 cognitio
3055 1504 3174 1559 sine
3201 1503 3305 1559 vita
3332 1503 3405 1558 sit
3429 1520 3442 1559 :
3469 1513 3758 1573 utrumque

2149 1596 2512 1665 adstipuletnr
2531 1597 2708 1653 alteri.
2728 1597 2967 1669 Ideoque
2985 1599 3063 1653 ait
3076 1597 3353 1668 Scriptura
3372 1613 3386 1653 :
3402 1596 3668 1654 Seminate
3678 1613 3759 1653 vo-

2151 1687 2227 1742 bis
2247 1690 2316 1741 ad
2338 1690 2943 1758 justitiam,vindemiatc
2970 1691 3039 1746 ad
3068 1691 3291 1761 fructum
3314 1691 3762 1758 vitta,illuminate

2151 1780 2292 1835 vobis
2321 1782 2493 1837 lumen
2513 1783 2822 1854 cognitionis
2852 1782 3002 1855 (Ose.
3037 1784 3216 1853 κήξ).
3246 1783 3362 1841 Νοη
3393 1784 3540 1853 prius
3561 1784 3763 1839 illumi-

2151 1888 2298 1938 nate,
2314 1875 2411 1931 sed
2429 1878 2697 1933 seminate
2712 1896 2725 1931 :
2742 1892 2843 1933 nec
2862 1877 3040 1932 solum
3065 1878 3333 1934 sentinate
3356 1877 3507 1948 prius
3520 1862 3760 1948 adjusti—

2151 1969 2313 2035 tiam;
2340 1970 2433 2025 sed
2447 1970 2611 2025 etiam
2624 1970 2974 2036 vindemiate,
2990 1954 3257 2041 inquit.ad
3279 1971 3506 2025 fructum
3525 1970 3649 2026 vita:
3673 1988 3686 2024 :
3706 1980 3765 2026 et

2149 2063 2228 2115 sic
2278 2061 2585 2119 illuminate
2634 2063 2816 2118 lumen
2843 2048 3190 2135 cognitionis,
3220 2062 3388 2135 974
3408 2072 3469 2118 ιιι
3497 2061 3763 2134 perfectio

2151 2169 2259 2210 non
2289 2155 2463 2210 solum
2504 2156 2752 2224 consitis,
2788 2155 2886 2213 sed
2914 2156 3078 2213 etiam
3108 2157 3345 2225 receptis
3374 2154 3639 2210 fructibus
3665 2168 3765 2225 ap-

2150 2250 2434 2318 probetnr.
2470 2250 2528 2305 In
2563 2252 2738 2320 primo
2760 2266 2976 2321 quoque
3000 2250 3212 2321 psalmo
3240 2248 3386 2305 hunc
3404 2248 3652 2304 ordinem
3682 2257 3763 2305 tc-

2056 2362 2063 2369 -
2152 2341 2291 2403 nuit.
2328 2348 2387 2396 nt
2406 2342 2459 2396 in
2485 2342 2569 2397 via
2598 2342 2986 2398 ambulandum
3010 2342 3235 2399 doceret
3263 2342 3438 2413 prius,
3463 2349 3518 2396 et
3556 2351 3682 2397 tunc
3704 2341 3759 2397 itt

2151 2429 2298 2502 Lege
2325 2432 2719 2489 meditandum.
2770 2434 2873 2503 Qui
2916 2435 3061 2489 enim
3096 2448 3205 2490 non
3258 2433 3393 2488 abiit
3444 2432 3499 2488 in
3529 2430 3764 2489 consilio

2153 2522 2446 2594 impiorum
2471 2566 2485 2590 ,
2524 2524 2714 2597 utique
2741 2525 2811 2581 dc
2838 2527 3055 2596 pietatis
3076 2527 3185 2592 via,
3222 2533 3279 2581 et
3302 2524 3525 2594 justitite
3565 2524 3764 2580 semita

2153 2628 2264 2669 non
2316 2618 2593 2673 recessit:
2629 2617 2935 2688 meritoque
2986 2618 3039 2672 itt
3092 2617 3178 2672 via
3229 2616 3516 2672 ambulans
3569 2616 3765 2673 beatus

2139 2710 2573 2778 pronuntiatur;
2604 2719 2660 2766 et
2699 2710 2791 2767 die
2834 2727 2899 2767 ac
2938 2720 3102 2768 nocte
3153 2710 3562 2767 meditationem
3602 2710 3767 2782 chis

2153 2816 2418 2857 exercens
2452 2802 2617 2859 habet
2646 2804 2877 2875 gratiam
2918 2803 3291 2860 beatitudinis.

2225 2894 2279 2950 ὅ.
2321 2894 2493 2962 Quam
2541 2895 2937 2953 institutionem
2970 2906 3192 2954 secutus
3223 2898 3510 2963 Salomon,
3558 2895 3766 2954 librum

2154 2985 2224 3041 de
2251 2985 2564 3043 Proverbiis
2601 2989 2840 3058 scripsit,
2873 2991 2925 3046 in
2967 3007 3076 3062 quo
3125 2992 3386 3047 moralem
3418 2991 3597 3048 locum
3632 2991 3770 3049 ube-

2156 3080 2270 3136 rius
2299 3081 2598 3153 expressit,
2645 3083 2945 3141 naturalem
2975 3085 3028 3139 in
3057 3084 3406 3151 Ecclesiaste,
3462 3085 3761 3156 mysticum

446 3182 533 3251 qni
581 3179 849 3235 ambulant
896 3178 948 3231 in
977 3176 1088 3247 lege
1138 3173 1370 3230 Domini.
1423 3173 1568 3227 Beati
1617 3172 1705 3238 qui
1752 3178 2052 3225 scrutantur
2079 3206 2124 3270 Ο
2157 3173 2209 3228 in
2234 3172 2474 3232 Canticis
2498 3175 2834 3231 canticorum
2861 3192 3222 3249 :quamquam
3255 3178 3299 3233 si
3332 3177 3624 3250 diligenter
3649 3178 3768 3236 dis-

453 3274 746 3330 testintonia
792 3276 938 3343 ejus:
968 3270 1022 3324 in
1078 3278 1182 3324 toto
1213 3267 1371 3322 corde
1404 3267 1679 3338 exquirunt
1707 3282 1842 3320 eum.
1872 3266 2045 3330 Quam

450 3366 675 3439 pulcher
701 3365 859 3429 ordo,
880 3379 1039 3435 quam
1084 3362 1272 3432 plenus
1303 3359 1569 3415 doctrina:
1596 3368 1650 3413 et
1666 3357 1858 3429 gratia:
1882 3358 1897 3411 l
1931 3355 2047 3411 Non

453 3459 626 3528 prius,
679 3457 767 3524 qui
823 3462 1079 3509 scrutatur
1130 3451 1421 3507 testimonia
1473 3453 1607 3522 ejus,
1663 3448 1802 3503 dixit
1850 3446 2052 3519 (potuit

448 3554 594 3609 enim
650 3549 946 3606 convenire
1007 3546 1303 3603 secundum
1372 3541 1642 3614 litteram)
1671 3584 1688 3610 ,
1718 3541 1814 3598 sed
1847 3540 2002 3612 prius
2034 3558 2048 3596 :

454 3643 600 3698 Beati
624 3641 941 3698 immaculati
967 3639 1020 3694 in
1046 3640 1147 3694 via.
1199 3637 1340 3693 Ante
1398 3638 1541 3691 enim
1574 3634 1682 3690 vita
1720 3650 1881 3705 quam
1921 3634 2049 3689 duc-

451 3740 592 3794 trina
636 3733 928 3808 quaerenda
956 3742 1057 3789 est.
1088 3732 1211 3788 Vita
1234 3730 1379 3787 enim
1404 3732 1546 3787 bona
1574 3736 1629 3785 et
1657 3720 1775 3785 sine
1799 3727 2046 3784 doctrina

453 3896 578 3936 nem
607 3895 784 3946 suam,
815 3879 868 3933 id
898 3885 1001 3944 est,
1030 3890 1224 3947 panem
1252 3889 1280 3928 a
1312 3869 1596 3947 sacerdote
1617 3868 2044 3947 consecrandum

454 3953 521 4008 ad
571 3941 781 4008 altaria'
805 3941 996 4004 solitus
1034 3941 1239 4002 'alierre
1281 3943 1542 4001 credibile
1571 3949 1672 3994 est.
1718 3941 1846 3994 Natu
1881 3942 2047 3997 moris

455 4023 648 4085 fuis~e,
679 4032 731 4076 ιιι
760 4019 1133 4089 unusquisque
1163 4030 1355 4082 pauent
1389 4013 1530 4089 unde
1552 4012 2047 4089 communicaturus

451 4105 602 4156 erat,
640 4082 775 4160 ipse
823 4082 1085 4160 ιιιῖῑίινιτξιζΔ
1121 4102 1243 4143 cum
1304 4084 1623 4138 miraculum
1684 4083 1751 4135 de
1788 4082 2048 4160 _mttliere

454 4152 659 4219 Christi
680 4152 1030 4221 'pra'sentiatn
1074 4157 1127 4208 in
1169 4165 1511 4209 sacramento
1538 4166 1644 4204 non
1675 4152 1931 4207 credente
1959 4168 2048 4207 re-

457 4235 628 4288 lattnu
664 4234 716 4286 in
747 4232 853 4284 vita
875 4226 1340 4297 Gregoriiltlagui‘
1365 4223 1499 4278 satis
1528 4221 1802 4297 ostendit,
1836 4230 1945 4297 t_nm
1975 4222 2047 4277 lo-

458 4320 555 4360 cns
577 4321 608 4355 ιι
631 4302 772 4357 libro
803 4302 870 4355 de
901 4291 1107 4365 scp'tem
1131 4291 1393 4365 Ecclesiae
1409 4292 1668 4364 gradibus
1688 4307 1795 4365 non
1820 4291 2049 4349 obscure

456 4375 745 4447 signiﬁcat.
777 4372 868 4447 _Sic
888 4363 1069 4447 autem
1093 4368 1255 4421 habet
1287 4383 1300 4418 :
1335 4363 1481 4421 Sicut
1508 4364 1559 4447 in
1580 4364 1844 4447 sacerdote
1869 4379 2049 4447 conse-

459 4431 644 4510 cratio,
672 4444 743 4498 ita
776 4444 830 4496 in
858 4440 1097 4510 ministro
1140 4447 1217 4493 est
1253 4434 1911 4510 sacrantenti__dispositio;
1948 4431 2051 4489 Ille

461 4504 642 4571 oblata
681 4513 1003 4574 sanctificat.
1046 4508 1128 4563 hic
1172 4506 1496 4574 sanctiﬁcata
1544 4505 1823 4578 dispensat.
1877 4504 2050 4578 Porro

462 4590 770 4656 nenphytos
818 4582 1088 4638 sacriﬁcio
1136 4580 1327 4656 adesse
1375 4592 1480 4656 non
1517 4574 2050 4656 consuevissehhoc

2154 3269 2350 3332 cutias.
2381 3280 2437 3326 ct
2482 3270 2536 3325 in
2582 3270 2893 3328 Proverbiis
2936 3274 3167 3344 mystica
3199 3272 3460 3344 pleraque
3495 3273 3762 3343 reperies.

2153 3372 2205 3420 et
2256 3365 2309 3419 in
2365 3363 2608 3421 Canticis
2650 3366 2939 3421 moralium
2993 3366 3342 3422 suavitatem.
3389 3366 3520 3422 Nam
3574 3367 3766 3437 utique

2153 3458 2440 3530 mysticum
2509 3467 2634 3514 est:
2667 3460 2939 3532 Sapientia
2990 3460 3269 3529 ardi/icavit
3323 3460 3420 3515 sibi
3464 3461 3675 3515 domum
3715 3469 3766 3515 et

2149 3550 2381 3607 subdidit
2399 3552 2665 3608 columnas
2690 3563 2902 3624 septem,
2934 3554 3199 3626 interfecit
3228 3570 3351 3609 snas
3378 3553 3597 3615 hostias.
3648 3562 3761 3610 etc.

2152 3642 2339 3716 (Prov.
2366 3648 2440 3711 ix,
2472 3645 2545 3715 t).
2579 3655 2603 3684 ε
2642 3645 2866 3718 Hocque
2894 3647 2947 3701 in
2978 3645 3221 3702 Canticis
3250 3647 3394 3703 lueet
3427 3658 3534 3702 tant
3568 3648 3765 3718 mysti-

2153 3748 2278 3791 cum
2299 3751 2461 3807 quam
2487 3737 2716 3804 morale,
2744 3742 2800 3793 in
2820 3753 2928 3809 quo
2940 3737 3324 3795 blanditiarum
3348 3740 3586 3796 suavitas
3611 3749 3666 3797 et
3679 3738 3765 3796 af-

2154 3873 2220 3949 ad
2253 3874 2458 3949 calcem
2490 3875 2597 3949 col.
2628 3875 2755 3942 759.
2788 3893 2953 3949 quam
3003 3879 3409 3937 annotationem
3436 3880 3532 3937 tibi
3559 3896 3764 3940 consu-

2157 3946 2293 4011 lere.
2317 3946 2361 4000 si
2388 3946 2538 4011 libet,
2569 3948 2713 4003 licet.

2224 4015 2274 4093 d_
2297 4017 2530 4093 Dallaeus
2561 4018 2780 4093 in_|ihro
2810 4016 2890 4093 De
2913 4028 3008 4075 usu
3038 4020 3276 4087 Patrum,
3312 4037 3437 4093 pag.
3459 4020 3589 4087 944,
3622 4025 3765 4080 scri-

2155 4086 2236 4142 bit
2262 4087 2312 4141 itt
2342 4086 2486 4143 hunc
2508 4089 2723 4144 modum
2760 4106 2774 4144 :
2809 4090 2954 4145 Mero
2986 4094 3188 4147 somnia
3236 4086 3411 4149 narra?
3456 4086 3763 4153 Ambrosius

2156 4158 2429 4237 tectoribus
2455 4160 2658 4237 suis....
2689 4161 3041 4237 in_Psalmum
3066 4178 3251 4221 CXVIII.
3276 4167 3400 4237 dum
3426 4167 3637 4237 exponit
3661 4182 3762 4222 no-

2155 4231 2297 4316 mina
2317 4227 2691 4316 Ilebt'at'cgrupt
2713 4230 3078 4316 elementorum
3101 4274 3116 4296 ,
3148 4251 3181 4288 a
3205 4236 3387 4316 quibus
3416 4227 3759 4316 “utamini-

2159 4300 2288 4353 tium
2313 4300 2555 4374 uersiculi
2604 4300 2924 4374 singulorum
2978 4300 3415 4374 Octonariorum,
3475 4314 3585 4362 etc.
3635 4306 3758 4364 Non

2158 4371 2327 4425 St‘lllel
2377 4369 2489 4439 jam
2551 4369 3038 4429 antevostendimus
3088 4369 3671 4433 Doctorem'nostrum
3701 4379 3759 4436 in

2158 4442 2397 4516 eruenda
2453 4441 2845 4516 ilebraicorum
2886 4446 3174 4516 nominum
3206 4446 3604 4516 signiﬁcatione
3645 4451 3755 4504 ali-

2157 4511 2373 4581 quando
2400 4511 2579 4568 minus
2597 4512 2825 4569 feliciter
2868 4513 3164 4572 desudasse
3194 4534 3206 4570 :
3238 4511 3426 4572 verum
3454 4529 3509 4573 et
3531 4518 3606 4572 illi
3635 4533 3760 4577 aevo

2155 4597 2400 4660 quonon
2434 4585 2501 4660 ita
2534 4583 2838 4660 communis
2859 4594 2979 4641 erat
3026 4587 3533 4660 ltebraicaalingute
3562 4593 3763 4660 Cogni-

460 4638 1039 4713 viderini'vconlirmare
1086 4649 1232 4722 qnud
1280 4638 2049 4726 Ambrosius_ac_Angu§t_iuns

2156 4638 2253 4715 tio,
2279 4653 2330 4707 id
2382 4652 2725 4726 tribuendum
2777 4638 3594 4726 estnec—ipsiinﬁtl—t-amluin2

460 4728 638 4785 citatis
660 4728 794 4782 locis
814 4741 908 4780 eos
928 4716 1326 4778 sacratitentuut
1350 4717 1566 4786 quidem
1597 4716 1650 4772 in
1674 4717 1827 4771 altari
1853 4716 2050 4772 vidisse

461 4807 728 4862 asserunt,
750 4798 820 4851 de
850 4792 1115 4849 sacriﬁcio
1144 4802 1324 4846 antetn
1360 4793 1515 4857 plane
1542 4787 2053 4862 sileant._Addedu-

459 4870 607 4926 bium
640 4858 763 4923 esse
795 4865 993 4921 nemini
1025 4863 1246 4919 eosdem
1291 4874 1397 4915 non
1445 4862 1592 4926 prius
1633 4859 1779 4928 gregi
1817 4858 2050 4928 aliorum

463 4940 699 4996 ﬁdelium
755 4937 1075 5005 euujunctos
1115 4936 1316 4997 fuisse,
1348 4944 1508 5000 quam
1534 4927 2050 4983 stolam’candidam

463 5012 821 5079 deponerent.

538 5111 564 5141 ει
596 5102 755 5156 Rom.
800 5097 960 5163 edit.,
986 5095 1309 5168 ingrediatur
1337 5095 1392 5148 in
1416 5093 1583 5160 diem,
1610 5102 1667 5147 ut
1695 5089 1880 5144 innuas
1917 5090 2054 5160 quod

460 5173 793 5243 infermntns,
820 5181 926 5224 etc.

534 5271 562 5311 ι)
610 5272 768 5326 Rom.
800 5267 957 5324 edit.,
984 5262 1229 5317 Psalmus
1272 5262 1572 5318 centesimus
1623 5260 1970 5317 Δράψακα...
2002 5268 2051 5314 et

463 5344 768 5399 centesimus
810 5338 1108 5392 undecimus
1138 5350 1228 5405 per
1254 5337 1368 5396 Itas,
1427 5344 1533 5388 etc.
1578 5331 1689 5405 Δυιιὶ
1721 5345 1852 5384 sane
1881 5330 2052 5405 voluit

461 5416 760 5480 legitimum
813 5402 1147 5480 puniet-andi
1167 5405 1411 5480 ordinem
1448 5402 1764 5480 _reslittn-re.
1799 5402 2047 5480 bellula-

459 5470 712 5540 ttiiestttttt
752 5477 1200 5535 estAmhrnsium
1244 5478 1293 5530 id
1319 5473 1462 5546 quod
1517 5483 1722 5527 cet-tutu
1756 5470 2042 5546 credebat,

457 5556 635 5627 primo
661 5553 821 5608 loco:
855 5548 999 5620 quod
1023 5563 1155 5603 vero
1192 5563 1298 5602 non
1327 5541 1398 5601 ita
1437 5552 1668 5610 eertum,
1688 5541 1927 5598 secundo
1953 5555 2049 5609 pu-

462 5627 659 5683 suisse¢

538 5727 562 5755 ο
600 5715 749 5769 lianc
796 5708 965 5764 fuisse
1009 5716 1250 5765 veterum
1305 5718 1647 5763 communem
1704 5700 2045 5772 opinionem,

459 5787 558 5849 sed
585 5785 652 5839 ab
675 5798 736 5839 ea
762 5779 1095 5836 recentiores
1128 5776 1389 5848 quosdam
1436 5771 2053 5834 descivissedocuimus

2159 4738 2322 4796 super
2347 4739 2409 4777 ea
2443 4740 2501 4779 re
2530 4725 2826 4788 scriptores
2855 4741 2992 4795 quos
3044 4725 3155 4782 tum
3186 4727 3355 4796 licuit,
3388 4730 3755 4790 consuluerit.

2158 4791 2463 4859 Optandum
2512 4797 2728 4864 quidem
2762 4791 3062 4853 esseteum
3116 4798 3168 4852 in
3222 4791 3397 4854 fontes
3426 4799 3607 4855 minus
3627 4817 3758 4859 cur-

2159 4873 2348 4933 ruptus
2396 4864 2673 4929 incidisse,
2712 4882 2834 4919 cum
2885 4867 3024 4924 forte
3053 4869 3258 4923 nullum
3288 4870 3453 4924 alium
3484 4874 3759 4935 repererit

2160 4944 2357 5013 praeter
2408 4935 2648 4989 Philonis
2697 4937 3063 5013 Etymologias
3096 4954 3294 5013 :__quas
3343 4951 3421 4994 t0t
3478 4943 3759 5013 tantisque

2160 5005 2438 5081 errat-ibus
2459 5016 2729 5081 scatentes
2753 5005 2916 5081 fuisse
2943 5005 3101 5081 docet
3127 5007 3509 5081 Hieronymus,
3543 5025 3597 5066 ut
3622 5005 3757 5073 inde

2161 5074 2228 5128 ad
2260 5091 2352 5146 eas
2393 5076 2768 5146 exintrgandas
2800 5078 3025 5145 ipsemet
3074 5074 3439 5135 induceretur.
3493 5074 3574 5136 Ad
3630 5082 3757 5144 h.t-c

2161 5145 2866 5221 nuttrigttoralLJtDalltens
2895 5163 3083 5221 quam”
3109 5165 3333 5221 pruutttn
3374 5151 3439 5207 sit
3471 5151 3525 5206 in
3558 5156 3758 5221 ‘eXpIi-

2157 5216 2357 5292 candis
2379 5217 2657 5292 vocabulis
2683 5217 2820 5272 adeo
2855 5216 3138 5292 multiplici
3169 5220 3564 5291 signiﬁcatione
3588 5216 3754 5292 quasi

2153 5287 2278 5341 fetis
2306 5302 2512 5342 errare.
2567 5287 2698 5355 Quae
2735 5303 2868 5343 sane
2911 5287 3034 5344 eum
3065 5287 3326 5346 adversus
3353 5303 3513 5349 tantte
3559 5287 3755 5351 aucto-

2153 5356 2329 5412 ritatis
2382 5358 2594 5412 Patrem
2639 5358 2938 5415 debuerant
2989 5362 3151 5431 paulo
3205 5363 3592 5421 modestiorem
3621 5370 3755 5423 elli-

2150 5442 2297 5482 cere.

2233 5508 2257 5535 °
2290 5499 2413 5554 Mss.
2449 5498 2690 5576 plerique
2710 5514 2775 5555 ac
2802 5510 2911 5557 vet.
2966 5502 3123 5576 edit.,
3154 5574 3161 5576 Α
3188 5503 3397 5576 Hocque
3420 5504 3755 5576 inﬂCanticis

2158 5568 2279 5647 licet
2300 5580 2401 5647 tam
2421 5568 2691 5647 mysticum
2717 5588 2873 5644 quam
2896 5575 3093 5647 morale
3112 5568 3200 5627 sit.
3235 5568 3420 5638 Rom"
3454 5575 3667 5647 fluitque
3693 5582 3753 5636 in

2159 5636 2388 5726 Quriticis
2435 5636 2755 5726 canticorum
2776 5654 2824 5697 et
2863 5646 3136 5726 mysticum
3165 5653 3213 5698 et
3237 5636 3449 5726 inorata.
3471 5636 3591 5703 Nus'
3612 5663 3753 5726 vero

2159 5709 2837 5791 lectionemeudﬁetnig"
2863 5709 3043 5776 Vind,
3068 5713 3300 5781 Tlteod.,
3319 5714 3513 5773 Navar.
3552 5719 3747 5791 unius,

2158 5788 2322 5851 atque
2346 5781 2486 5840 Aud.
2518 5781 2985 5851 repraccntamus.
