3988 6388
167 363 173 370 ·
244 341 372 399 1201

1326 343 1393 401 ΙΝ
1430 343 1759 403 PSALMUM
1799 343 2009 404 CXVIII
2048 346 2438 407 EXPOSI'I’IO.

3410 357 3551 414 i202

238 458 413 516 fectus
427 461 671 516 amantis
691 459 1042 531 exprimitur:
1063 459 1338 515 Osculetur
1361 478 1440 517 me
1459 463 1524 516 ab
1555 464 1729 517 osculo
1743 462 1848 517 oris
1876 461 1932 523 Α
1953 462 2123 532 spirat
2175 461 2375 528 ubique
2404 465 2644 520 suavitas
2683 465 2981 537 pudicitiae,
3039 479 3369 538 unguentum
3402 468 3550 538 fidei,

240 553 363 619 sui;
393 555 650 619 quoniam
677 553 876 623 optima
925 552 1083 606 ubera
1112 562 1200 606 tua
1244 570 1403 624 super
1429 556 1625 622 uinum,
1654 565 1703 609 et
1723 557 1853 610 odor

243 655 630 716 unguentorum
672 655 876 701 tuarum
892 661 1046 715 super
1065 645 1487 701 omniaaromata
1515 645 1737 719 (Cant.t,
1772 646 1848 720 1).

318 739 372 793 4.
416 735 706 794 Constitne
761 753 890 808 ergo
939 738 1200 808 virginem
1253 742 1632 810 desponsatam
1682 740 1852 795 multo

243 843 525 904 tempore,
553 841 608 886 et
629 831 782 902 justo
805 831 1103 888 ferventem
1133 849 1338 901 amore,
1370 851 1490 905 qua:
1527 835 1694 889 multa
1728 851 1852 905 pro-

240 927 376 983 bata
430 941 592 997 opera
642 925 827 981 dilecti
868 926 1228 997 probabilium
1277 929 1494 982 tcsuum
1549 930 1852 984 assertione

245 1019 588 1091 cognoverit.
633 1018 921 1075 desideriis
943 1020 1224 1088 suspensis
1267 1019 1487 1074 dilatant
1515 1021 1848 1091 frequenter,

245 1117 358 1188 jam
413 1130 521 1170 non
564 1113 829 1169 ferentem
876 1129 1088 1180 moras;
1135 1129 1258 1186 qua:
1289 1116 1470 1170 omnia
1527 1115 1764 1180 fecisset,
1794 1125 1852 1171 ut

247 1222 511 1279 sponsum
543 1207 755 1262 videret
787 1225 800 1260 :
829 1207 1124 1278 aliquando
1168 1210 1310 1261 votis
1341 1208 1566 1277 politam
1613 1209 1748 1272 suis,
1781 1207 1846 1262 ad

245 1303 608 1374 improvisum
639 1301 823 1372 sponsi
856 1301 1146 1356 advt-ntum
1194 1301 1395 1372 gaudio
1423 1303 1714 1366 turbatam,
1741 1316 1847 1357 non

248 1411 498 1468 quaerere
527 1392 820 1464 primordia
843 1393 1206 1458 salutationis,
1233 1410 1338 1448 non
1364 1393 1654 1448 verborum
1669 1393 1844 1460 vices;

247 1488 345 1543 sed
386 1486 573 1541 statim
614 1485 758 1554 quod
813 1483 1186 1540 desiderasset
1215 1485 1451 1556 exigere.
1508 1485 1582 1540 Ita
1620 1500 1750 1555 ergo
1793 1493 1848 1540 et

245 1588 433 1636 sancta
464 1577 707 1634 Ecclesia
739 1593 858 1648 quae
890 1576 942 1632 in
968 1562 1282 1647 primtirdiis
1313 1577 1497 1633 mundi
1520 1578 1846 1646 deSponsata

242 1675 300 1731 in
328 1674 609 1746 paradiso,
649 1672 987 1743 pra'fignrata
1030 1673 1083 1727 in
1112 1671 1351 1740 diluvio,
1385 1675 1706 1728 annuntiata
1751 1689 1848 1743 per

243 1769 468 1840 Legem,
523 1776 713 1822 vocata
775 1784 870 1836 per
917 1765 1233 1838 prophetas,
1280 1767 1371 1822 ditt
1412 1767 1845 1836 redemptionem

1955 556 2058 612 llos
2104 556 2448 630 integritatis.
2505 559 2571 614 Et
2615 574 2647 614 a
2677 561 2998 616 mortalibus
3025 564 3175 617 venit
3219 562 3284 616 ad
3322 565 3548 636 mystica

1954 649 2142 706 dicens
2173 669 2184 705 :
2217 650 2513 708 Introduxit
2545 669 2623 707 me
2644 651 2759 709 Rea:
2783 656 2835 709 in
2865 656 3152 710 cubiculum
3177 673 3350 725 suum,
3379 659 3552 713 exsul-

1956 752 2120 797 temus
2164 755 2214 797 et
2263 744 2495 798 (celentur
2543 747 2597 799 in
2636 756 2704 813 te,
2751 750 3029 818 diligamus
3075 749 3233 804 ubera
3263 761 3351 804 tua
3396 767 3550 820 super

1954 836 2125 889 viuum
2150 835 2342 907 (lbid.,
2374 838 2451 909 5).
2491 839 2731 910 Simplex
2761 851 2844 895 est
2871 842 3016 896 enim
3067 844 3333 912 osculum,
3385 860 3554 916 nego-

1955 928 2151 982 tiosum
2178 941 2357 983 autem
2386 929 2617 985 cubiculi
2646 942 2941 987 Secretum.

2025 1020 2076 1074 6.
2122 1020 2177 1075 In
2203 1022 2320 1088 ipso
2347 1038 2563 1092 quoque
2596 1023 2891 1093 Evangelio
2911 1027 3308 1095 pulcherrimus
3333 1028 3401 1083 de
3428 1044 3547 1084 mo-

1953 1113 2156 1168 ralibus
2185 1113 2335 1168 locus
2366 1127 2478 1180 est;
2515 1102 2581 1169 ut.
2613 1119 2982 1187 unusquisque
3011 1136 3102 1172 vas
3136 1134 3290 1174 suum
3325 1123 3550 1178 mnntlet

1953 1205 2166 1260 dicente
2196 1206 2428 1262 Domino
2457 1227 2470 1262 :
2501 1196 2770 1264 Phorisaie
2799 1227 2951 1272 caece.
2999 1213 3190 1267 munda
3218 1216 3360 1283 prius
3411 1217 3549 1284 quod

1951 1299 2086 1352 intus
2113 1308 2188 1351 est
2229 1300 2405 1352 colicis
2432 1309 2477 1352 et
2513 1301 2838 1372 parapsidis;
2863 1313 2917 1356 ut
2946 1305 3039 1373 ﬁat
3069 1314 3117 1358 et
3161 1305 3215 1356 id
3252 1309 3391 1375 quod
3419 1309 3549 1377 [oris

1953 1401 2024 1445 est
2051 1392 2299 1444 mundum
2331 1390 2549 1463 (Matth.
2600 1409 2757 1460 nni,
2787 1394 2902 1464 26).
2953 1395 3084 1450 Nam
3133 1397 3235 1453 nisi
3267 1415 3327 1453 se
3375 1416 3549 1454 unusv

1951 1483 2179 1553 quisque
2209 1484 2359 1536 intus
2401 1483 2773 1549 mundaverit,
2829 1487 3042 1540 etiamsi
3090 1488 3218 1541 foris
3265 1492 3545 1558 speciosus

1954 1577 2204 1633 videatur
2235 1587 2293 1633 ct
2326 1578 2530 1646 justus,
2561 1578 2755 1632 similis
2797 1579 2902 1632 erit
2940 1580 3206 1635 dealbatis
3236 1585 3538 1652 sepulcris;

1949 1680 2008 1725 nt
2032 1672 2162 1726 foris
2192 1670 2410 1741 quidem
2456 1672 2639 1742 jUstus
2685 1670 2953 1738 videatur,
2991 1675 3134 1729 intus
3163 1689 3294 1730 vero
3337 1677 3548 1731 sitfeti-

1951 1762 2070 1817 dus.
2130 1763 2220 1819 Sic
2246 1776 2329 1817 est
2358 1765 2605 1817 doctrina
2628 1765 2746 1819 sine
2789 1766 2912 1818 vitm
2943 1766 3273 1821 innocentia.
3303 1766 3408 1821 Sed
3441 1784 3542 1825 nec

240 1861 525 1917 hominum
548 1901 564 1924 ,
620 1859 894 1929 Evangelii
949 1858 1240 1923 decorem,
1292 1859 1478 1914 dilecti
1533 1871 1844 1928 exspectas.
1872 1847 1921 1907 Β
1949 1855 2066 1927 ipsa
2087 1857 2334 1912 doctrina
2364 1867 2546 1928 patest
2591 1856 2893 1912 mercedem
2924 1858 3156 1925 habere,
3190 1859 3276 1914 ubi
3314 1861 3543 1932 gratiam

242 1951 963 2021 setadventum,impatiens
983 1967 1151 2005 morte
1183 1951 1234 2004 in
1266 1949 1450 2005 oscula
1482 1952 1587 2004 ruit
1617 1950 1838 2006 dicens:

242 2047 516 2102 Osculelur
546 2064 627 2101 me
667 2048 730 2101 ab
755 2047 930 2100 osculo
957 2047 1064 2101 oris
1090 2047 1191 2100 sui.
1240 2045 1309 2100 Et
1338 2045 1600 2100 delectata
1643 2045 1842 2100 osculis

237 2139 432 2209 adjicit
472 2157 486 2192 :
530 2138 785 2206 Quoniam
832 2139 1030 2204 Optima
1087 2137 1246 2191 ubera
1277 2145 1365 2190 tua
1392 2153 1548 2209 super
1572 2138 1765 2190 vinum.

317 2232 375 2287 5.
419 2229 486 2284 Et
513 2239 567 2284 ut
596 2230 858 2285 moralius
887 2228 1155 2293 dicamus,
1187 2228 1430 2298 iutellige
1462 2229 1590 2282 mihi
1621 2243 1840 2284 carnem

236 2325 415 2385 illam,
445 2338 565 2394 qua:
591 2322 891 2377 madefacta
934 2321 1110 2377 fuerat
1155 2323 1207 2376 in
1238 2323 1407 2376 Adam
1449 2323 1721 2392 serpentis
1753 2339 1844 2377 ve-

236 2433 405 2484 neno,
448 2432 570 2487 qua:
621 2415 912 2470 criminum
949 2417 1226 2469 marcebat
1266 2414 1468 2479 fetore,
1499 2429 1618 2482 qua:
1648 2429 1845 2484 proce-

234 2512 404 2568 debat
436 2510 491 2566 in
525 2510 742 2565 filiabus
767 2509 896 2565 Sion
929 2508 1037 2562 alta
1067 2508 1287 2562 cervice
1311 2516 1366 2563 et
1406 2508 1626 2562 nutibus
1655 2507 1842 2563 oculo-

236 2622 355 2662 rum
379 2647 392 2669 ,
418 2615 472 2659 et
505 2605 707 2660 itinere
753 2603 948 2674 pedum
987 2600 1210 2656 trahens
1252 2599 1485 2666 tunicas,
1532 2611 1586 2656 et
1618 2600 1842 2670 pedibus

235 2699 352 2753 suis
375 2697 593 2760 ludens,
617 2697 848 2751 crinium
879 2696 1146 2750 cincinnis
1168 2703 1223 2748 et
1243 2695 1560 2764 compositis
1583 2695 1839 2761 vultibus,

237 2801 404 2861 atque
428 2789 775 2845 redimiculis
803 2798 856 2843 et
894 2788 1043 2842 omni
1087 2786 1338 2842 affectate
1378 2787 1577 2842 decore
1602 2788 1718 2856 plus
1748 2787 1840 2842 de-

234 2883 442 2938 decens
475 2901 488 2936 :
521 2881 768 2937 eamdem
813 2891 988 2936 tamen
1023 2880 1271 2952 plurimis
1323 2881 1573 2936 eductam
1605 2882 1841 2936 oraculis

234 2976 390 3047 quod
417 2986 672 3030 venturus
700 2982 868 3041 esset,
898 2973 989 3045 qui
1037 2975 1309 3043 serpentis
1362 2973 1634 3028 illecebris
1658 2973 1844 3029 excluo

232 3069 348 3134 sis,
382 3069 557 3122 sancti
607 3067 838 3138 Spiritus
891 3065 1197 3121 infunderet
1241 3067 1496 3137 gratiam,
1553 3075 1611 3120 ut
1665 3066 1841 3122 omnis

235 3178 371 3218 caro
427 3161 637 3217 videret
676 3162 917 3216 snlulare
975 3160 1103 3226 Dei,
1159 3160 1338 3214 omnis
1383 3174 1511 3213 caro
1558 3158 1624 3214 ad
1671 3159 1840 3214 Deum

232 3254 490 3319 veniret,
560 3251 819 3307 inarsisse
867 3251 1142 3306 desiderio
1185 3269 1198 3302 :

236 3345 635 3414 ntimpatiens,
666 3344 968 3407 utlasciva,
1000 3355 1057 3398 ut
1117 3344 1415 3410 luxuriosa,
1465 3353 1522 3396 nt
1578 3344 1838 3414 querula,

233 3438 379 3492 sicut
438 3446 566 3492 ante
625 3435 828 3501 fuerat,
877 3434 1218 3504 displiceret;
1288 3444 1342 3489 et
1398 3435 1641 3505 longiore
1680 3452 1841 3504 quam

234 3530 382 3585 ferre
408 3529 522 3597 jam
553 3536 788 3599 poterat.
835 3526 1098 3582 morantis
1148 3526 1413 3582 adventus
1450 3528 1700 3583 dominici
1748 3543 1844 3582 ex-

234 3624 582 3696 spectatione
628 3623 791 3694 975
841 3630 1155 3692 qnateretnr
1195 3638 1208 3673 :
1253 3635 1357 3677 non
1417 3621 1842 3676 immurmuran-

238 3728 348 3772 tem
393 3726 598 3779 tatnen,
648 3730 749 3769 nec
801 3713 1308 3784 transgredientem,
1355 3713 1448 3769 sed
1474 3715 1740 3768 levantem
1789 3715 1841 3770 in

235 3809 388 3864 omni
439 3810 559 3863 loco
591 3822 755 3876 puras
785 3822 977 3862 manus
1005 3807 1124 3860 sine
1156 3807 1229 3860 ira
1282 3816 1334 3860 et
1366 3805 1762 3874 disceptatione
1786 3807 1843 3862 in

235 3904 430 3960 habitu
460 3915 678 3969 ornato,
712 3916 833 3957 cum
866 3901 1191 3957 verecundia
1222 3911 1273 3956 et
1315 3901 1613 3957 sobrietate
1639 3916 1839 3956 ornan-

237 4007 350 4053 tem
380 4013 462 4062 se,
500 4009 606 4049 non
653 3994 706 4048 in
737 3995 891 4050 tortis
922 3994 1186 4058 crinibus,
1232 4003 1326 4048 aut
1375 4009 1529 4058 auro,
1575 4003 1668 4048 aut
1699 4010 1843 4048 mar-

232 4090 429 4161 garitis
479 4097 575 4143 aut
624 4096 775 4143 veste
807 4088 1040 4158 pretiosa
1067 4105 1081 4150 ;
1125 4086 1217 4142 sed
1249 4089 1312 4141 iis
1345 4105 1467 4157 qua:
1496 4089 1766 4143 castitatis
1792 4097 1847 4143 et

236 4183 403 4239 bona:
432 4181 865 4236 conversatimiis
906 4181 1168 4235 docerent
1197 4182 1451 4251 gratiam,
1478 4197 1636 4236 orare
1663 4182 1846 4237 dicen-

236 4286 348 4332 tem
379 4294 394 4329 :
424 4274 704 4330 Osculetur
729 4291 807 4328 me
827 4275 889 4329 ab
906 4274 1082 4328 osculo
1109 4275 1213 4327 oris
1248 4275 1328 4327 sui
1345 4292 1362 4338 ;
1390 4276 1635 4346 quoniam
1655 4278 1846 4344 optima

237 4369 402 4422 ubera
434 4378 522 4420 tua
537 4382 692 4435 super
713 4368 908 4420 vinum.
933 4365 1053 4421 Jam
1083 4365 1302 4420 volebat
1321 4366 1602 4421 adluerere
1624 4365 1846 4422 Christo

237 4479 395 4526 caro,
441 4463 554 4531 jam
600 4461 893 4517 festinabat
934 4462 1236 4527 innubere;
1289 4473 1346 4516 ut
1396 4474 1544 4518 esset
1572 4479 1710 4517 unus
1737 4465 1846 4533 spi-

235 4556 403 4622 ritus,
433 4564 488 4608 et
519 4553 676 4607 fieret
694 4569 823 4609 caro
852 4553 1081 4620 Christi,
1114 4569 1234 4618 qua:
1279 4563 1398 4608 erat
1425 4563 1550 4609 ante
1594 4556 1844 4610 meretri-

236 4649 343 4704 cis.
375 4645 673 4708 Osculetur,
700 4648 892 4716 inquit,
916 4663 995 4701 nte
1022 4647 1323 4718 (osculatur
1342 4662 1441 4701 nos
1463 4647 1807 4703 DeiVerlnim
1826 4690 1841 4715 ,

237 4739 463 4811 quando
505 4753 725 4792 sensum
755 4748 1005 4793 n0strnm
1036 4739 1256 4807 spiritus
1283 4741 1609 4810 cognitionis
1640 4741 1845 4797 illumi-

239 4833 396 4902 nat);
432 4840 486 4885 ct
520 4844 794 4900 tamquam
827 4831 1132 4900 despiciens
1161 4845 1352 4886 omnes
1374 4833 1746 4902 jucunditates
1794 4843 1849 4889 et

236 4924 644 4978 delectationes
658 4938 806 4990 suas,
827 4924 1378 4993 cmlestibnscupiens
1403 4925 1669 4982 inhaerere
1697 4942 1850 4981 man-

238 5015 384 5070 datis
404 5016 483 5069 ait
515 5032 528 5066 :
557 5016 826 5080 Quoniam
857 5016 1064 5086 optima
1096 5026 1361 5086 praecepta
1391 5026 1843 5074 teSIamentorum

239 5119 468 5164 tuorum
501 5123 670 5177 super
697 5123 912 5162 omnem
957 5110 1324 5180 appetentiam
1353 5112 1555 5178 carnis,
1582 5121 1638 5166 et
1663 5114 1853 5168 sa-culi

238 5203 609 5271 voluptatem.
652 5200 976 5254 Meminerat
1013 5201 1156 5254 enim
1186 5216 1244 5256 se
1275 5202 1328 5255 in
1360 5203 1467 5256 Eva
1494 5213 1618 5258 ante
1640 5205 1718 5258 sic
1738 5204 1853 5274 lap-

239 5310 382 5360 sam,
445 5292 576 5347 dum
621 5294 962 5362 voluptatem
1018 5295 1266 5364 corporis
1311 5298 1532 5364 praefert
1581 5299 1853 5354 mandatis

240 5384 592 5444 emleStihus.
623 5385 744 5440 Ait:
779 5385 1112 5457 Unguentum
1149 5388 1472 5442 exinanitum
1503 5406 1689 5444 nomen
1713 5395 1885 5445 tuum’

243 5478 444 5554 (Ibid.,
499 5477 596 5548 3);
626 5477 732 5534 hoc
772 5489 874 5545 est,
926 5488 1074 5534 totus
1101 5479 1417 5536 immundis
1450 5482 1853 5551 impuritatibus

243 5572 597 5630 diversorum
644 5571 948 5628 facinorum
990 5571 1193 5628 fetebat
1250 5573 1339 5628 hic
1391 5574 1669 5639 mundus:
1705 5592 1852 5634 nunc

318 5765 348 5794 ⁸
391 5753 512 5812 Hoc
533 5761 645 5819 est,
672 5751 768 5824 qui
813 5751 965 5809 velut
984 5752 1166 5808 carnis
1193 5754 1307 5810 vice
1339 5768 1402 5809 ac
1424 5755 1641 5812 nomine
1670 5756 1859 5827 loque-

250 5817 434 5890 batur.

323 5896 354 5938 ιδ
400 5897 570 5954 Rom.
604 5893 766 5962 cdit.,
791 5896 1101 5966 populorum
1129 5896 1543 5966 redemptionem.

1871 4613 1925 4672 Ι)

1949 1965 2056 2004 non
2089 1948 2247 2003 habet
2297 1949 2642 2004 iunucenlire.
2703 1948 2972 2004 Peceatori
3003 1953 3136 2004 enim
3185 1953 3317 2006 dixit
3361 1952 3546 2007 Deus:

1950 2042 2121 2108 Quare
2151 2052 2203 2096 tu
2235 2059 2449 2098 enarras
2489 2044 2725 2116 justitius
2748 2061 2883 2098 meas
2913 2043 3086 2116 (Psal.
3113 2061 3259 2111 xux,
3284 2045 3412 2118 16)?
3437 2045 3546 2103 Sed

1947 2147 2286 2190 revertamur
2313 2135 2379 2189 ad
2412 2138 2750 2206 propositum
2784 2138 3097 2204 |lS:tItI|tlltl.‘

2019 2228 2070 2283 7.
2116 2227 2284 2295 Beati,
2319 2229 2514 2298 inquit,
2548 2231 2864 2284 immaculati
2879 2231 2933 2283 in
2959 2231 3062 2296 via,
3081 2232 3169 2299 qui
3199 2229 3464 2285 ambulant
3492 2231 3546 2286 in

1948 2323 2056 2392 lege
2088 2319 2318 2375 Domini.
2370 2320 2520 2375 Beati
2547 2321 2633 2392 qui
2677 2333 2974 2376 scrutantur
3004 2324 3296 2378 testitttonia
3325 2327 3458 2397 ejus,
3491 2326 3548 2378 in

1947 2422 2052 2467 toto
2073 2415 2225 2466 corde
2250 2413 2522 2482 exquirunt
2550 2429 2686 2466 eum.
2726 2413 2937 2468 Primus
2986 2430 3174 2469 versus
3197 2415 3437 2480 moralis,
3462 2431 3548 2470 se-

1946 2506 2156 2562 cundus
2189 2506 2470 2576 mysticus.
2496 2506 2628 2574 Quis
2672 2507 2773 2560 hoc
2822 2507 2992 2561 dicit?
3033 2507 3298 2575 Propheta
3335 2507 3542 2577 utique,

1949 2611 1972 2637 ει
2001 2601 2090 2671 qui
2133 2601 2458 2672 fungebatur
2481 2602 2661 2655 carnis
2709 2601 2978 2670 alloquio,
3028 2611 3081 2655 et
3109 2602 3241 2655 dit-it
3291 2603 3393 2654 hoc
3425 2609 3546 2669 post

1946 2708 2068 2749 eum
2124 2694 2390 2762 psalmum
2419 2709 2526 2762 quo
2552 2694 2824 2763 descripta
2851 2705 2933 2747 est
2963 2693 3181 2746 Domini
3213 2695 3382 2746 nostri
3408 2692 3539 2748 Jesu

1945 2785 2144 2840 Christi
2174 2787 2377 2856 passio.
2405 2786 2529 2841 'Ubi
2558 2801 2685 2856 ergo
2721 2795 2778 2841 et
2812 2787 2992 2841 divina
3021 2796 3361 2842 sacramenta
3391 2803 3548 2844 reve-

1946 2882 2051 2935 lata
2081 2890 2244 2946 sunt,
2287 2891 2342 2935 et
2396 2881 2569 2934 induit
2616 2881 2914 2935 Dominicte
2965 2883 3382 2937 resurrectionis
3415 2883 3550 2938 laeti-

1948 2971 2100 3036 tiam,
2121 2981 2174 3026 et
2199 2971 2468 3042 passionis
2495 2973 2804 3042 degustavit
2829 2974 3083 3042 gratiam;
3123 2973 3251 3028 vidit
3272 2974 3542 3045 justorutn

1946 3071 2428 3135 congregationes,
2459 3063 2487 3102 ι’
2521 3065 2750 3134 papulas
2806 3064 3210 3136 redemptorum
3232 3108 3247 3134 ,
3308 3067 3544 3136 perdito-

1949 3173 2065 3212 rum
2093 3159 2344 3225 salutem,
2381 3169 2716 3212 mortnorutn
2744 3161 3226 3220 resurrecnonem.
3245 3161 3551 3215 sanctifica-

1250 3251 1343 3306 sed
1399 3259 1726 3305 metuentem
1773 3267 1840 3307 ne
1869 3234 1914 3296 Ο
1949 3252 2149 3306 tionem
2191 3259 2654 3305 sacramentorum
2675 3292 2687 3313 ,
2716 3261 2769 3305 et
2796 3251 3120 3305 exclamavit
3145 3251 3332 3306 dicens
3361 3270 3374 3304 :
3401 3251 3546 3307 Beati

1947 3343 2265 3398 inunaculuti
2287 3343 2339 3396 in
2364 3343 2478 3406 uin,
2517 3341 2621 3397 hoc
2651 3352 2733 3396 est
2760 3359 2772 3396 :
2797 3357 2924 3396 ecce
2974 3341 3259 3396 maledicta
3307 3350 3451 3397 terra
3492 3343 3545 3397 in

1949 3437 2118 3494 Adam
2150 3436 2316 3505 cmpit
2345 3435 2546 3488 habere
2584 3433 3017 3499 beatitudinem;
3067 3433 3113 3486 si
3162 3445 3337 3487 tamen
3374 3434 3544 3501 legem

1951 3530 2163 3584 Domini
2236 3543 2341 3581 non
2417 3526 2812 3595 derelinquat:
2854 3541 2980 3580 ecce
3035 3523 3414 3580 immaculatus
3466 3535 3550 3581 est

1950 3621 2137 3684 homo,
2193 3621 2282 3692 qui
2328 3629 2447 3674 erat
2484 3629 2608 3673 ante
2651 3618 2909 3688 pollutus.
2943 3619 3112 3685 Quam
3140 3619 3436 3690 pretiosum
3465 3627 3550 3673 est

1949 3713 2224 3768 custodire
2247 3721 2577 3782 prteccptum
2607 3711 2817 3766 Domini
2845 3713 3039 3779 !quam
3074 3713 3367 3783 pretiosum
3383 3711 3544 3766 etiam

1950 3805 2204 3876 praecepti
2237 3807 2401 3876 ipsius
2441 3808 2584 3860 scire
2613 3805 2961 3875 mysterium!

2020 3899 2072 3955 8.
2119 3901 2224 3955 Sed
2267 3899 2387 3969 quis
2427 3910 2508 3954 est
2537 3897 2958 3953 immaculatus?
3012 3896 3131 3951 Non
3160 3896 3344 3966 utique
3372 3897 3460 3965 qtti
3492 3896 3546 3951 in

1947 4009 2289 4064 quacumque
2327 3993 2409 4046 via
2438 3993 2676 4046 ambulat
2707 3991 2839 4045 :sed
2869 3991 2958 4060 qtti
3016 3991 3066 4043 in
3116 3989 3334 4044 Christo
3361 3989 3551 4045 authu—

1951 4086 2046 4141 lat.
2097 4085 2218 4154 Ipse
2249 4086 2392 4139 enim
2441 4085 2575 4139 dixit
2609 4102 2622 4137 :
2658 4083 2771 4158 Ego
2817 4102 2930 4139 sum
2958 4087 3039 4138 via
3081 4078 3258 4156 (Joan.
3312 4100 3435 4149 xw,
3464 4082 3548 4155 6).

1950 4176 2007 4233 In
2033 4177 2132 4234 hac
2157 4177 2325 4249 976
2356 4178 2436 4232 via
2461 4179 2548 4245 qui
2592 4178 2862 4244 ambulat,
2912 4195 3095 4234 errare
3137 4192 3243 4233 non
3295 4175 3475 4248 novit;
3504 4184 3552 4237 si

1949 4281 2130 4326 tamen
2180 4274 2247 4327 ab
2305 4274 2404 4327 hac
2446 4273 2530 4326 via
2591 4289 2882 4338 numquam
2930 4273 3170 4329 recedat.
3229 4275 3322 4330 Est
3371 4287 3422 4331 et
3466 4277 3548 4330 via

1949 4364 2097 4430 Lex;
2127 4375 2218 4420 etc
2242 4364 2364 4420 ideo
2390 4364 2517 4420 dtnn
2544 4367 2922 4421 immaculatus
2948 4378 3062 4433 est,
3095 4369 3145 4422 in
3179 4369 3296 4439 lege
3339 4369 3552 4424 Domini

1949 4459 2188 4514 ambulet
2224 4477 2237 4512 :
2273 4475 2371 4514 nec
2420 4460 2701 4515 amlmlare
2749 4461 2799 4514 in
2835 4462 2917 4514 via
2954 4461 3053 4515 bac
3085 4463 3316 4525 desinat,
3349 4477 3418 4516 ne
3449 4462 3552 4517 im-

1954 4555 2254 4609 maculatus
2280 4568 2401 4608 es~e
2448 4553 2694 4608 desistat.
2746 4553 2860 4608 Non
2892 4552 3128 4608 declinet
3176 4555 3227 4607 in
3269 4555 3554 4610 dexteram

1954 4654 2046 4699 aut
2075 4645 2284 4710 laevam,
2317 4655 2406 4698 aut
2441 4644 2655 4707 titubet,
2689 4661 2793 4698 non
2839 4646 3214 4707 resistat,.non
3243 4657 3554 4714 exspectet;

1957 4736 2049 4791 sed
2080 4737 2323 4814 ambulet
2356 4737 2638 4804 superiora
2669 4736 3031 4801 obliviscens,
3072 4747 3125 4791 et
3167 4751 3232 4792 ea
3261 4753 3380 4807 qua;
3428 4748 3553 4794 sunt

1957 4830 2136 4899 priora
2163 4836 2444 4897 appetens,
2475 4828 2540 4881 ad
2564 4827 2893 4882 destinatum
2919 4838 3199 4899 sequatur,
3224 4840 3288 4882 ad
3310 4831 3554 4886 bravinm

1959 4920 2201 4986 festinet,
2224 4907 2515 4975 contendat
2562 4936 2730 4988 usque
2764 4921 2814 4972 in
2847 4919 3039 4982 linem;
3075 4921 3196 4974 finis
3227 4922 3369 4974 enim
3396 4921 3554 4991 Legis

1955 5023 2039 5069 est
2091 5014 2356 5069 Christus.
2393 5014 2539 5069 Multi
2570 5014 2753 5067 VttIllttl
2778 5013 3062 5068 ambulare
3104 5015 3154 5068 in
3187 5015 3292 5076 via.
3337 5014 3430 5069 sed
3452 5031 3558 5070 non

1953 5122 2125 5178 usque
2146 5109 2212 5162 ad
2233 5109 2416 5163 linem.
2437 5108 2551 5162 Non
2579 5109 2861 5164 ambulant
2893 5107 3061 5163 Judzei
3086 5125 3258 5177 usque
3278 5108 3344 5163 ad
3372 5108 3560 5176 linem,

1955 5206 2048 5274 qni
2071 5221 2176 5259 non
2208 5219 2376 5276 usque
2403 5205 2467 5259 ad
2495 5203 2770 5260 Christum
2819 5190 3129 5260 ambulant.
3167 5205 3282 5259 Non
3319 5204 3560 5261 ambulat

1958 5297 2285 5353 Maniclirens
2336 5298 2389 5353 in
2429 5299 2534 5366 via,
2564 5299 2654 5369 qui
2711 5298 2905 5368 Legem
2953 5297 3188 5351 refutat:
3221 5296 3314 5352 sed
3370 5299 3562 5353 ambu-

1959 5394 2186 5450 Iatvcra
2237 5394 2370 5449 litles
2423 5409 2542 5464 quas
2593 5389 2892 5464 etiLegem
2934 5390 3180 5461 suscipit,
3229 5399 3283 5444 et
3323 5391 3560 5460 plenitu-

1958 5485 2138 5543 dinem
2171 5487 2329 5557 Legis
2355 5485 2618 5556 agnoscit.

2031 5580 2086 5633 9.
2113 5579 2168 5635 Si
2185 5579 2305 5650 quis
2330 5593 2461 5649 ergo
2490 5581 2541 5633 in
2568 5576 2936 5645 viafambulat,
2961 5586 3230 5633 scrutetur
3251 5579 3564 5635 testimonia

2047 5769 2068 5797 ο
2110 5758 2266 5814 Rom.
2301 5759 2454 5818 edit..
2489 5768 2536 5814 et
2564 5758 2679 5814 ideo
2725 5757 2848 5811 dum
2877 5760 2964 5827 qui
2991 5759 3045 5813 in
3083 5760 3190 5831 lege
3219 5757 3431 5814 Domini
3454 5777 3569 5816 am-

1967 5830 2131 5914 bulat.
2158 5831 2524 5887 immaculatus
2554 5841 2658 5899 est,
2689 5846 2780 5885 nec
2807 5830 3165 5887 ambulare”;
3198 5846 3312 5898 qute
3330 5833 3446 5886 sunt
3475 5849 3570 5886 rm-

1969 5909 2157 5954 teriora
2176 5911 2445 5968 appetens.
2516 5913 2519 5915 ’
