3988 6396
439 344 582 400 {EOS

1788 341 2039 399 QANCTI
2072 342 2403 400 MBIKOSII

3600 342 3736 401 ιαθι

429 459 666 516 Domini.
691 458 825 527 Quae
852 459 981 515 licet
1007 460 1231 530 mystica
1258 458 1390 524 sint,
1412 467 1597 513 tamen
1624 456 2033 512 etiamsuoralia
2061 459 2115 521 Α
2140 455 2385 512 scientia.
2438 455 2505 510 Et
2531 456 2575 510 si
2606 468 2769 525 negas
2795 455 2946 523 aliis,
2982 456 3075 510 tibi
3109 469 3215 511 non
3248 470 3436 527 negas.
3471 455 3604 510 Etsi
3633 456 3733 509 lio-

430 553 486 609 iu
530 569 596 609 se
625 553 855 619 habent;
886 552 1145 623 quoniam
1188 551 1384 606 melius
1422 558 1602 620 potest
1658 548 1935 603 ambulare
1974 549 2033 605 in

433 647 540 713 via,
567 648 660 716 qui
698 655 972 701 scrutatur
1015 642 1585 699 Domini-testimonia.
1626 640 1762 696 Nam
1814 651 1872 695 ut
1912 640 2035 711 quis

430 737 1021 809 intemperantissimos
1088 744 1281 804 captus
1352 733 1673 789 adulterinae
1719 732 2035 803 cupiditatis

438 841 596 898 testu,
651 837 708 885 et
736 830 911 884 victus
952 826 1196 892 libidine,
1220 825 1307 882 vel
1352 825 1639 895 indulgens
1661 824 1910 896 ﬂagitiis,
1942 825 2034 895 qui

428 936 735 992 repugnare
782 920 918 975 nolit
957 918 1284 989 appetentius
1326 932 1439 973 suta
1480 918 1685 981 carnis,
1736 931 2034 973 conversus

432 1015 539 1069 line
567 1027 732 1084 atque
758 1012 909 1080 illuc,
937 1012 982 1065 si
1017 1022 1042 1048 ιι
1069 1011 1345 1067 neminem
1403 1009 1542 1063 forte
1574 1009 1783 1077 videat,
1830 1010 1883 1063 in
1906 1006 2035 1062 faci-

431 1125 533 1163 nus
552 1107 664 1162 ruit
695 1123 708 1159 :
742 1106 884 1161 idem
946 1114 1127 1159 tamen
1193 1102 1442 1174 quamvis
1492 1101 1735 1156 inveniat
1790 1108 2033 1171 para-tatu

430 1200 778 1256 occasionem
807 1197 1083 1269 potiendi,
1134 1196 1384 1266 evplorat
1427 1194 1719 1265 diligenter
1742 1195 1946 1259 omnia,
1981 1194 2036 1249 in

432 1296 711 1351 diversum
750 1292 938 1348 oculos
968 1307 1117 1361 suos,
1148 1289 1461 1347 incuriosus
1497 1288 1745 1359 justitire,
1775 1287 2036 1344 sollicitus

430 1387 620 1451 Iunias,
649 1384 936 1455 detorquet
965 1382 1300 1454 frequenter,
1355 1380 1632 1437 erubescit
1661 1378 2035 1435 testimonium

433 1480 661 1546 erroris,
685 1478 777 1549 qui
811 1493 917 1532 non
940 1475 1217 1531 erubescit
1238 1490 1483 1530 errorem
1511 1491 1524 1528 :
1556 1488 1620 1528 ac
1640 1475 1686 1526 si
1713 1487 1875 1543 quem
1897 1470 2037 1527 forte

433 1582 800 1643 spectatorem
845 1570 1162 1641 cognoverit
1215 1568 1475 1624 facinoris
1528 1567 1645 1634 sui,
1708 1565 2038 1622 verecundia

436 1671 740 1738 sequestrat
772 1663 1277 1735 intemperantiam;
1330 1671 1387 1717 et
1426 1661 1677 1732 quatuvis
1729 1676 1854 1716 cum
1883 1659 1911 1697 δ
1941 1675 2039 1715 an-

437 1761 562 1814 cilla
587 1759 672 1814 vel
695 1757 983 1813 meretrice
1012 1757 1243 1827 vulgari,
1277 1755 1369 1811 ubi
1398 1754 1607 1810 nullum
1636 1754 1708 1809 sit
1731 1753 2041 1824 deprehen-

2135 550 2268 603 mini
2320 547 2600 613 inliciaris,
2630 545 2742 602 Dee
2786 546 2992 603 lateris.
3054 548 3118 603 Et
3161 547 3205 603 si
3233 547 3469 604 volueris
3511 561 3733 618 negare,

2139 651 2245 698 tum
2268 653 2323 698 te
2349 642 2704 710 cogitationes
2727 641 3036 697 revincunt.
3784 713 3791 723 υ

2210 741 2298 796 ii.
2342 739 2539 796 Elisuzo
2583 738 2915 795 assistebant
2959 736 3160 809 angeli,
3198 753 3341 809 quos
3377 736 3630 804 videbat;
3680 747 3736 794 et

2137 835 2262 892 ideo
2289 833 2501 906 agmina
2534 833 2774 888 hostium
2804 847 2910 887 non
2941 832 3165 888 timebat
3192 849 3206 885 :
3240 831 3336 886 sed
3358 830 3737 901 timebatpuer

2136 930 2278 997 ejus,
2306 928 2396 997 qui
2428 927 2650 997 angelos
2671 925 3034 981 nonvidebati
3065 924 3498 995 Aperuitoculos
3530 923 3646 993 ejus
3668 922 3735 979 ad

2137 1037 2324 1079 vocem
2355 1020 2638 1093 prophetae
2665 1018 2840 1090 gratia
2868 1017 2984 1084 Dei,
3012 1017 3142 1072 vidit
3171 1018 3489 1088 angelorum
3517 1017 3731 1072 exerci-

2138 1124 2247 1180 tus,
2297 1121 2353 1169 et
2399 1110 2634 1168 credidit
2673 1126 2796 1166 esse
2845 1122 3166 1179 praesentes,
3209 1124 3347 1180 quos
3390 1118 3573 1172 antea,
3613 1108 3737 1178 quia

2139 1218 2246 1259 non
2275 1204 2511 1272 videbat,
2543 1202 2767 1273 putabat
2796 1201 3052 1257 absentes
3080 1201 3168 1273 (iV
3202 1200 3332 1272 Reg.
3360 1215 3434 1266 vs,
3459 1201 3526 1255 16
3549 1209 3598 1255 ει
3620 1201 3733 1269 i7).

2137 1296 2209 1352 Et
2238 1306 2292 1351 tu
2316 1297 2434 1367 lege
2464 1294 2786 1366 prephetam
2814 1303 2870 1347 nt
2890 1292 3103 1359 videas,
3129 1293 3252 1364 lege
3283 1301 3341 1347 ut
3369 1293 3575 1363 aperiat
3607 1306 3738 1347 ocu-

2138 1391 2226 1446 los
2253 1399 2374 1445 tuos
2401 1408 2414 1443 ι
2438 1404 2541 1444 nec
2576 1400 2629 1443 te
2670 1387 2885 1442 hostilis
2914 1386 3059 1458 legio
3087 1395 3413 1457 perterrent,
3449 1394 3504 1440 et
3542 1383 3736 1441 obses-

2138 1496 2259 1537 sum
2290 1495 2414 1536 esse
2444 1490 2497 1535 te
2526 1478 2740 1547 credas,
2772 1478 2866 1549 qui
2890 1477 3028 1534 liber
3058 1492 3141 1546 es,
3165 1477 3258 1547 qui
3286 1475 3529 1532 munitus
3549 1491 3610 1532 es
3626 1476 3740 1547 spi-

2137 1573 2390 1629 ritalibus
2414 1574 2630 1641 turmis,
2659 1572 2702 1629 si
2731 1571 3051 1642 prephetam
3075 1586 3181 1626 non
3206 1570 3572 1641 derelinquas.
3601 1570 3740 1625 Cum

2140 1665 2238 1721 tibi
2272 1665 2536 1736 propheta
2565 1664 2829 1735 loquitur,
2859 1664 2985 1734 quia
3014 1664 3160 1720 Deus
3192 1662 3341 1719 dixit
3372 1682 3387 1719 :
3420 1661 3533 1734 Ego
3553 1662 3743 1718 malum

2141 1768 2189 1813 et
2214 1767 2404 1813 terram
2444 1756 2671 1827 compleo
2707 1754 2927 1829 (Jerem.
2974 1771 3134 1823 sunt,
3159 1755 3254 1826 24)
3284 1773 3298 1809 :
3326 1770 3450 1812 cum
3493 1754 3586 1810 tibi
3614 1769 3744 1825 pro-

433 1851 593 1906 dendi
620 1849 952 1919 periculum,
982 1855 1318 1903 teutamenta
1347 1845 1603 1900 moliatur
1629 1844 1891 1908 libidinis,
1933 1860 2034 1914 pu-‘
2066 1848 2115 1909 Β
2142 1853 2305 1921 pheta
2336 1848 2486 1917 dicit,
2539 1850 2661 1920 quia
2690 1848 2865 1920 plures
2909 1846 3171 1902 nobiscum
3216 1856 3336 1902 sunt
3382 1844 3470 1916 (IV
3501 1845 3636 1917 Reg.
3663 1861 3743 1913 vt,

438 1944 572 1998 dore
595 1949 779 1996 tamen
810 1940 1091 2010 inceptum
1120 1935 1331 1994 deserit
1360 1955 1373 1991 :
1405 1945 1614 2007 quanto
1640 1935 1886 2007 magissi
1917 1935 2038 2006 quis

438 2034 638 2089 allevat
657 2033 861 2086 mentis
890 2031 1101 2097 oculos,
1135 2028 1521 2085 etconsideret
1543 2028 1702 2097 plena
1731 2012 1854 2083 esse
1871 2042 2038 2099 auge-

439 2126 613 2180 lorum
636 2125 844 2188 omnia,
883 2138 1041 2188 aera,
1077 2131 1282 2188 terras,
1316 2135 1494 2189 mare,
1530 2119 1811 2189 ecclesias,
1845 2120 2040 2190 quibus

438 2217 616 2287 angeli
666 2225 908 2285 praesunt
937 2214 1140 2285 (mittit
1192 2212 1336 2268 enim
1366 2212 1632 2268 Dominus
1660 2213 1882 2283 angelos
1911 2228 2041 2271 suos

444 2309 510 2364 ad
562 2308 934 2364 defensionem
990 2322 1179 2362 eorum
1234 2306 1325 2377 qui
1396 2305 1640 2361 literedes
1704 2304 1872 2361 futuri
1916 2313 2043 2361 sunt

438 2402 833 2471 promissorum
853 2398 1200 2466 cretestium),
1227 2406 1491 2468 concepto
1522 2404 1701 2467 potest
1730 2397 2043 2455 renuntiare

443 2496 697 2565 peccato!
752 2492 908 2551 Unde
934 2494 1037 2547 ista
1071 2490 1226 2547 turba
1264 2490 1660 2558 innocentium,
1703 2490 1813 2547 nisi
1843 2507 1909 2546 ex
1933 2490 2043 2547 illis

444 2587 854 2657 peccatoribus?
906 2585 1113 2641 Eadem
1169 2594 1360 2640 natura
1407 2594 1489 2641 est
1515 2585 1785 2652 omnium,
1834 2585 1929 2641 sed
1960 2585 2044 2640 di-

443 2696 597 2738 versa
619 2680 929 2751 disciplina.
978 2679 1336 2736 Gircumcisie
1392 2680 1528 2735 nihil
1555 2689 1659 2747 est,
1688 2689 1744 2736 et
1768 2680 2044 2752 gentilitas

440 2776 579 2832 nihil
609 2785 736 2832 est:
768 2776 864 2831 sed
903 2775 1213 2831 observatio
1242 2772 1619 2829 mandatorum
1668 2772 1799 2837 Dei,
1837 2782 2044 2827 natura:

441 2870 611 2941 ipsius
641 2879 797 2939 auget
823 2870 1073 2939 gratiam.
1098 2867 1288 2923 Merita
1315 2874 1611 2923 commutat
1640 2866 1730 2921 ille
1751 2866 1844 2937 qui
1870 2865 2042 2924 dicit:

443 2962 686 3019 Tenebrae
739 2963 793 3016 iu
820 2963 1067 3029 circuitu,
1115 2971 1162 3015 et
1209 2946 1434 3031 parietes
1484 2976 1562 3015 me
1603 2960 1845 3030 operiunt
1873 2975 1893 3013 :
1922 2975 2041 3029 pec-

440 3066 678 3110 catorum
726 3070 960 3109 meorum
986 3069 1091 3108 non
1131 3053 1226 3107 erit
1267 3066 1459 3106 metuar
1494 3050 1791 3105 Altissimus
1834 3048 2037 3121 (Eccli.

446 3166 604 3219 χχιιι,
636 3148 756 3222 26).

515 3244 603 3299 lt).
644 3241 761 3297 Non
803 3240 1074 3297 reveritus
1108 3254 1260 3296 esses
1305 3239 1620 3309 angelorum
1671 3237 2038 3307 praesentiam,
2069 3223 2116 3288 Ο

440 3338 486 3393 si
512 3344 807 3407 praesentes
855 3349 977 3390 esse
1002 3331 1295 3389 crederes?
1322 3331 1441 3386 Non
1487 3338 1763 3385 metueres
1804 3346 1912 3385 non
1961 3330 2040 3385 di-

443 3447 562 3487 catu
621 3430 830 3495 facere,
878 3427 977 3483 sed
1034 3426 1216 3497 loqui,
1260 3438 1352 3480 aut
1390 3424 1556 3480 etiam
1603 3425 1845 3503 cogitare
1894 3425 2041 3495 quod

441 3540 665 3595 pravum
688 3532 810 3588 est,
848 3522 896 3576 si
928 3521 1023 3575 tibi
1068 3520 1250 3576 divina
1280 3519 1555 3590 Scriptura
1584 3521 1873 3586 suasisset,
1911 3521 2038 3592 quia

444 3618 592 3672 Deus
638 3612 1306 3687 cogitationumarbiter,
1356 3624 1689 3668 secretorum
1754 3615 1908 3670 testis
1955 3624 2040 3670 cst

441 3724 628 3774 verax,
658 3707 801 3764 sicut
832 3708 947 3778 ipse
970 3707 1047 3761 ait
1076 3723 1089 3760 t
1120 3704 1301 3760 Estote
1330 3706 1457 3760 mihi
1479 3715 1648 3773 testes,
1680 3717 1728 3761 et
1751 3722 1844 3779 ego
1871 3710 2035 3776 testis,

438 3804 563 3858 dicit
604 3802 863 3856 Dominus
905 3799 1074 3866 Deus,
1106 3810 1153 3854 et
1195 3815 1322 3870 puer
1368 3814 1509 3853 utens
1531 3812 1679 3868 quem
1700 3800 1830 3871 elegi
1859 3798 2036 3872 (Esuit

438 3904 590 3962 stus,
620 3893 713 3966 10)
735 3894 759 3948 2
784 3892 1072 3948 Hominem
1102 3892 1308 3947 vereris
1361 3901 1706 3961 praesentem,
1738 3890 1833 3946 Dei
1860 3890 2037 3948 Patris

436 3998 491 4042 ct
512 3986 636 4042 Filii
664 3999 774 4040 non
797 3985 1005 4041 vereris
1027 3982 1531 4055 praesentiam?Sed
1554 4000 1662 4037 non
1682 3983 1762 4038 vis
1789 3983 2034 4051 credere,

440 4094 508 4134 ne
531 4080 705 4149 possis
732 4093 925 4133 cavere
960 4096 973 4131 :
1007 4094 1116 4133 non
1154 4078 1232 4133 vis
1260 4076 1473 4144 audire,
1503 4092 1625 4132 cum
1657 4075 1875 4147 legitur,
1907 4079 2034 4147 quia

435 4171 582 4225 Deus
641 4169 791 4223 novit
836 4167 1046 4223 occulta
1105 4168 1428 4235 hominum,
1488 4184 1557 4222 ne
1613 4168 1841 4237 incipias
1891 4169 2034 4225 scire

438 4259 586 4330 quod
612 4259 828 4324 timeas,
851 4266 906 4314 et
934 4258 1126 4312 timere
1173 4273 1242 4312 ne
1283 4272 1493 4326 pecces.
1526 4258 1666 4312 Audi
1693 4274 1825 4327 ergo
1850 4259 2035 4330 Scrip-

437 4360 615 4408 turam
638 4349 913 4417 divinam,
964 4360 1023 4404 ut
1069 4347 1401 4404 convcrlaris
1452 4364 1480 4402 a
1518 4348 1603 4403 via
1633 4363 1799 4420 prava
1825 4360 1878 4405 et
1918 4365 2033 4405 tuae

439 4446 608 4516 ligna.
660 4442 783 4499 Noli
840 4443 983 4498 sicut
1009 4456 1186 4498 caecus
1215 4442 1384 4498 oculis
1415 4444 1817 4512 corporalibus,
1848 4455 1939 4499 aut
1960 4445 2034 4500 si-

433 4542 527 4592 cut
556 4534 784 4602 surdns,
813 4535 904 4604 qui
927 4549 995 4590 eo
1037 4533 1180 4603 quod
1204 4550 1309 4589 non
1333 4534 1497 4606 977
1521 4544 1701 4606 potest
1728 4537 1913 4593 videre
1940 4547 2034 4593 aut

2145 1943 2271 2012 l6),
2302 1942 2425 2013 quia
2452 1943 2506 1996 in
2529 1942 2760 1997 circuitu
2786 1948 2976 1997 nostro
3001 1941 3177 2012 angeli
3200 1950 3331 1997 sunt
3356 1956 3371 1995 :
3395 1939 3584 1996 attolle
3612 1954 3745 1995 ocu-

2146 2034 2228 2091 los
2259 2033 2478 2098 nitentis,
2510 2043 2567 2088 et
2594 2031 2805 2088 videbis
2833 2048 2941 2087 non
2962 2032 3139 2088 solum
3170 2031 3416 2103 angelos,
3454 2030 3553 2087 sed
3577 2031 3746 2086 etiam

2147 2126 2339 2191 Deum,
2371 2125 2465 2196 qui
2493 2125 2639 2181 dicat
2668 2125 2763 2180 tibi
2788 2125 2973 2197 :Aperi
2991 2124 3143 2192 mihi,
3169 2140 3318 2180 soror
3341 2139 3474 2191 mea,
3506 2123 3748 2195 proxima

2147 2235 2258 2274 mea
2288 2216 2460 2292 (Cant.
2489 2233 2543 2285 v,
2566 2217 2649 2290 2).
2672 2217 2863 2274 Pulsat
2886 2217 2953 2273 ad
2976 2218 3197 2288 ianuam
3219 2228 3275 2273 et
3293 2215 3513 2289 quando
3534 2224 3588 2271 tu
3614 2215 3747 2271 dor-

2144 2313 2250 2368 mis
2281 2329 2294 2364 :
2323 2312 2369 2368 si
2419 2319 2602 2366 tamen
2649 2311 2735 2365 vel
2783 2312 3051 2365 excitatus
3103 2307 3351 2380 evigiies,
3395 2308 3483 2365 vel
3519 2316 3748 2364 vocatus

2142 2405 2364 2475 januam
2398 2404 2475 2458 tui
2507 2403 2743 2473 pectoris
2786 2404 3020 2473 aperias,
3058 2401 3321 2456 introibit.
3351 2400 3510 2469 Quod
3559 2400 3606 2455 si
3649 2397 3738 2454 fu-

2144 2497 2260 2568 gias
2289 2495 2579 2550 lectionem
2611 2493 3010 2565 propheticum,
3061 2494 3108 2549 si
3144 2493 3290 2549 domi
3336 2508 3444 2548 non
3473 2491 3639 2563 legas,
3687 2491 3748 2547 in

2148 2586 2395 2642 Ecclesia
2442 2585 2633 2641 audire
2663 2587 2836 2652 nolis;
2884 2600 3069 2641 nonne
3106 2585 3247 2642 sicut
3286 2584 3377 2641 ille
3418 2586 3507 2655 qui
3545 2596 3748 2640 averso

2147 2681 2401 2735 conuivet
2427 2679 2641 2746 obtutu,
2676 2692 2745 2735 ne
2772 2680 2955 2736 videat
2979 2680 3123 2751 quod
3150 2679 3322 2751 possit
3344 2678 3557 2745 videre,
3588 2676 3747 2732 clau-

2147 2775 2225 2831 dit
2255 2777 2443 2832 oculos
2486 2790 2557 2830 ne
2582 2774 2832 2845 aspiciat,
2860 2773 2953 2829 cui
2977 2781 3218 2844 potestas
3241 2769 3463 2827 videndi
3499 2777 3608 2835 est,
3647 2776 3753 2824 aut

2147 2872 2290 2927 sicut
2316 2872 2369 2926 in
2402 2871 2587 2926 furore
2614 2870 2860 2940 plerique
2886 2866 3125 2938 iujecere
3155 2879 3347 2922 manus
3374 2861 3551 2918 oculis
3578 2860 3695 2917 suis
3729 2879 3747 2917 :

2148 2966 2222 3019 ita
2247 2974 2303 3019 et
2345 2972 2398 3018 tu
2430 2963 2605 3031 primo
2630 2960 2896 3017 averteris
2941 2959 3250 3016 conniventi
3282 2956 3458 3027 magis
3484 2954 3751 3011 dissimu-

2148 3058 2371 3125 latione,
2405 3071 2564 3126 quam
2604 3053 2970 3124 refragatione
3009 3049 3325 3122 praerupta?
3350 3049 3486 3104 Nam
3521 3062 3642 3103 cum
3672 3047 3750 3103 ad

2148 3152 2447 3207 Ecclesium
2470 3150 2642 3215 venis,
2694 3157 2749 3203 et
2794 3144 3165 3203 Christianum
3198 3155 3251 3199 te
3294 3142 3517 3208 asseris,
3572 3156 3751 3197 sanus

2149 3245 2369 3310 videris,
2394 3244 2575 3314 aperis
2592 3242 2802 3308 oculos,
2823 3239 3020 3311 quibus
3046 3237 3222 3308 possis
3242 3234 3429 3292 videre
3458 3252 3470 3289 :
3491 3233 3588 3292 sed
3609 3234 3748 3290 dum

2146 3338 2334 3394 audire
2368 3336 2679 3393 dissimulas
2704 3348 2826 3404 qua:
2872 3332 3146 3401 leguntur,
3196 3328 3406 3384 claudis
3444 3343 3514 3383 ne
3551 3327 3751 3382 videas

2149 3431 2264 3497 tibi,
2291 3430 2390 3485 etsi
2421 3428 2542 3483 aliis
2566 3424 2753 3481 videre
2782 3423 3023 3502 videris;
3054 3421 3233 3492 injicis
3277 3420 3442 3477 etiam
3472 3419 3748 3491 quasdam

2147 3522 2386 3594 perﬁdiae
2424 3530 2479 3576 et
2506 3517 2936 3589 intemperantiae
2964 3529 3158 3571 manus
3178 3513 3355 3569 oculis
3381 3512 3574 3568 animae
3608 3520 3749 3581 tuae,

2144 3628 2195 3674 et
2226 3612 2729 3672 cuecitateminfers
2757 3610 2909 3667 cordi
2938 3616 3054 3676 tuo,
3080 3607 3225 3680 quod
3254 3614 3340 3663 est
3365 3606 3605 3675 gravius,
3641 3619 3750 3660 vo-

2146 3708 2475 3773 luntariam;
2538 3714 2597 3761 ttt
2641 3704 2840 3761 videns
2894 3718 3001 3758 non
3057 3701 3281 3767 videas,
3344 3696 3571 3753 audiens
3627 3711 3748 3753 non

2143 3802 2351 3858 audias.

2218 3900 2305 3956 l2.
2351 3896 2517 3951 Putas
2546 3905 2600 3951 te
2648 3894 2824 3950 solum
2856 3906 2977 3949 esse
3023 3905 3146 3947 cum
3175 3887 3488 3954 fornicaris,
3533 3896 3748 3942 etnon

2144 3989 2452 4046 recordaris
2489 3987 2617 4059 quia
2656 3986 2802 4042 oculi
2844 3984 3055 4041 Domini
3103 3982 3293 4037 vident
3334 3980 3523 4036 orbem
3559 3988 3750 4035 terra-

2143 4082 2302 4139 rum?
2327 4079 2447 4136 Non
2491 4078 2647 4134 audis
2687 4077 2957 4133 dicentem
2992 4092 3007 4131 :
3041 4072 3172 4129 Ecce
3216 4073 3352 4128 venit
3396 4070 3644 4125 hora.....
3682 4081 3750 4126 ut

2142 4172 2509 4247 dispergamini
2532 4171 2876 4241 unusquisque
2895 4169 2949 4224 in
2969 4184 3086 4234 sua,
3110 4176 3158 4222 et
3178 4182 3258 4220 me
3281 4163 3450 4219 solum
3470 4162 3754 4233 relinqua‘

2143 4267 2206 4321 tis
2244 4284 2257 4321 :
2281 4264 2371 4320 sed
2394 4279 2496 4318 non
2521 4278 2635 4316 sum
2662 4260 2807 4316 solus
2829 4297 2844 4328 ,
2887 4260 3009 4330 quia
3037 4257 3198 4313 Pater
3227 4271 3427 4311 mecum
3454 4264 3531 4310 est
3547 4254 3600 4326 (1
3609 4272 3749 4313 οιιη.

2141 4371 2255 4423 xvt,
2280 4356 2373 4428 32)
2392 4354 2585 4412 ?Adest
2614 4368 2745 4424 ergo
2786 4352 2970 4422 Pater,
3004 4353 3162 4407 adest
3202 4360 3259 4407 et
3288 4349 3459 4405 Filius
3488 4348 3608 4417 Dei,
3634 4349 3752 4405 ad-

2139 4464 2266 4510 sunt
2296 4454 2554 4520 ministri,
2597 4452 2790 4507 adsunt
2836 4451 3129 4509 Cherubim
3176 4459 3234 4507 et
3275 4449 3583 4521 Serapbim,
3610 4466 3753 4520 quae

2140 4549 2326 4606 dicunt
2356 4568 2369 4604 :
2401 4549 2655 4615 Sanctus,
2687 4557 2930 4614 sanctus,
2976 4558 3199 4605 sanctus
3229 4564 3243 4602 ε
3277 4547 3437 4616 plena
3468 4552 3553 4602 est
3581 4554 3752 4604 terra

436 4628 627 4684 audire
654 4634 979 4698 praesentes,
1020 4625 1196 4681 solum
1226 4641 1350 4681 esse
1394 4642 1454 4681 se
1503 4627 1677 4682 credit
1708 4644 1719 4680 :
1748 4637 1803 4683 et
1828 4627 1882 4683 in
1915 4631 2034 4699 piu-

2144 4641 2441 4711 tnajestatis
2479 4650 2602 4696 tuae.
2633 4639 2831 4696 Plenus
2859 4649 2944 4697 est
2970 4640 3116 4696 enim
3156 4639 3389 4695 mundus
3418 4646 3754 4695 sanctarum

438 4723 700 4777 rimorum
745 4730 909 4785 casto,
964 4720 1094 4774 dum
1124 4726 1278 4789 putat
1304 4718 1508 4775 nullum
1542 4734 1663 4774 esse
1688 4729 2031 4790 praesentem,

432 4827 747 4887 perpetrare
788 4815 1038 4871 adoritur
1066 4815 1211 4887 quod
1242 4816 1541 4872 arbitratur
1565 4813 1685 4872 esse
1717 4827 1987 4872 secretum
2015 4836 2031 4887 ε

432 4926 540 4966 non
580 4917 759 4980 potest
787 4910 930 4965 enini
964 4909 1210 4966 videntes
1250 4910 1437 4965 videre
1462 4909 1553 4981 qui
1584 4925 1692 4965 non
1725 4910 1913 4977 videt;
1960 4911 2034 4966 si-

430 5006 634 5062 militer
679 5015 735 5061 et
762 5013 815 5059 tu
869 5005 1066 5060 mentis
1114 5013 1347 5060 emeatus
1387 5004 1560 5060 oculis
1599 5003 1709 5059 noli
1758 5005 2032 5061 aestimare

430 5100 574 5172 quod
603 5100 723 5154 sine
767 5107 905 5154 teste
951 5098 1276 5169 delinquas;
1329 5101 1455 5169 quia
1502 5098 1739 5152 hominis
1789 5112 2037 5168 praesen-

425 5195 557 5250 tiam
586 5191 864 5248 declinare
895 5192 1138 5261 potuisti.
1190 5192 1378 5248 Plures
1407 5202 1531 5248 sunt
1557 5193 1649 5264 qui
1677 5191 2021 5264 redarguunt,

426 5302 589 5359 quam
617 5300 753 5357 quos
781 5301 976 5341 cavare
1021 5285 1264 5355 potuisti.
1315 5286 1496 5356 ipsum
1542 5294 1596 5342 te
1619 5287 1806 5357 fugere
1833 5288 1907 5342 tui
1935 5302 2026 5343 am

427 5388 733 5435 cusatorem
767 5393 874 5435 non
896 5387 1075 5451 potes,
1114 5392 1275 5450 quem
1310 5390 1332 5418 ο
1363 5380 1617 5435 convenit
1646 5380 1863 5452 propria
1889 5395 2023 5437 cons

428 5614 433 5619 ο
491 5596 519 5624 ι
554 5583 759 5639 Omnes
791 5581 948 5650 editi,
980 5583 1234 5638 neminem
1271 5583 1437 5637 vident
1479 5582 1670 5652 flagitii
1714 5585 1798 5638 sui
1817 5588 2014 5653 testem,

421 5660 479 5739 in
514 5656 716 5734 facinus
739 5653 844 5707 ruit
867 5670 888 5722 ;
919 5669 1109 5709 omnes
1147 5668 1307 5722 mss.,
1354 5657 1609 5709 neminem
1634 5653 1824 5725 videat,
1855 5656 1908 5710 in
1934 5660 2015 5727 fa-

458 5736 466 5739 ’
508 5743 538 5778 ιι
602 5736 727 5775 ιἰιιι.

420 5743 761 5869 ωηδιεριιΐριί
807 5792 951 5848 hunc
1003 5795 1179 5869 lqcum
1233 5807 1355 5869 cum
1388 5794 1456 5849 iis
1479 5798 1800 5869 qu:eSupra
1854 5798 2005 5856 lib.l

435 5868 498 5925 de
545 5863 827 5929 Abraham,
856 5878 976 5941 cap.
1028 5853 1365 5934 7,nunt.59,
1410 5853 1724 5935 traduntur}
1756 5883 1855 5925 nec
1903 5853 2009 5929 non

2137 4734 2429 4799 virtutum;
2474 4734 2599 4805 quia
2631 4732 2823 4805 plenus
2870 4744 2956 4789 est
3001 4732 3388 4805 nequitiarum.
3416 4732 3618 4788 Plenus
3643 4743 3756 4790 est.

2136 4825 2285 4881 orbis
2326 4834 2592 4881 terrarum
2640 4825 2916 4892 remediis,
2962 4825 3084 4895 quia
3135 4824 3328 4896 plenus
3373 4834 3456 4880 est
3494 4824 3745 4894 laqueis.

2136 4917 2300 4974 Putas
2325 4919 2469 4989 quod
2498 4920 2549 4974 in
2580 4918 2825 4989 lupanari
2853 4916 3102 4973 Christus
3122 4928 3173 4973 te
3205 4932 3310 4972 non
3336 4917 3504 4988 978
3524 4915 3742 4986 videat,

2134 5027 2294 5083 quem
2329 5012 2473 5069 videt
2503 5012 2731 5081 lupanar
2771 5011 3014 5066 intrare?
3037 5008 3205 5065 Putas
3247 5011 3391 5080 quod
3430 5010 3485 5065 iu
3516 5009 3751 5067 adulte-

2136 5108 2217 5163 rio
2249 5115 2300 5162 te
2341 5124 2446 5162 non
2472 5106 2862 5178 deprehendat,
2892 5120 3055 5175 quem
3086 5104 3233 5160 videt
3259 5104 3588 5160 adulterium
3635 5122 3752 5162 εο-

2133 5201 2432 5273 gitantem?
2478 5200 2617 5256 Num
2661 5199 2903 5270 parietes
2945 5198 3165 5269 refugit,
3197 5197 3291 5267 qui
3340 5207 3551 5269 spectat
3576 5208 3751 5258 erro-

2132 5307 2221 5348 res
2254 5311 2267 5347 :
2300 5304 2354 5349 et
2401 5302 2671 5350 secretum
2716 5290 2966 5348 criminis
3012 5298 3321 5357 aversatur,
3371 5293 3462 5363 qui
3505 5302 3749 5352 scenam

2131 5384 2373 5441 criminis
2412 5385 2689 5441 intuetur?
2712 5384 2796 5439 An
2844 5392 3001 5455 putas
3027 5391 3155 5439 tunc
3177 5384 3410 5454 primum
3434 5394 3486 5439 te
3513 5383 3659 5439 intra
3672 5402 3752 5446 re

2118 5598 2410 5730 ῗᾷιῖιωιιέω
2430 5602 2591 5663 quam
2612 5590 2772 5664 capiti
2801 5593 2835 5647 4
2863 5592 3106 5664 ejusdem
3133 5590 3275 5660 libri,
3299 5592 3406 5648 col.
3436 5570 3568 5659 289,
3589 5594 3753 5651 subs

2290 5680 2321 5716 u
2362 5702 2376 5715 .

2290 5680 2376 5716 US.

2198 5729 2513 5809 fConrem't,
2551 5734 2776 5792 verbum
2807 5750 2839 5792 θ
2880 5734 3038 5805 fore;
3067 5733 3120 5790 id
3152 5744 3256 5801 est,
3280 5732 3489 5807 judicio
3526 5748 3753 5809 perse-

2119 5802 2320 5872 quitur.
