3988 6340
207 295 338 350 Ηῢὸ

1292 301 1359 357 IN
1400 299 1722 360 PSALIIUM
1761 301 1974 360 CXVIII
2013 295 2395 364 EXPOSITIO.

3371 298 3508 372 iane

205 423 231 451 α
258 414 630 481 meritoriam,
678 430 803 470 cum
851 416 1110 471 fornicem
1143 417 1444 474 meretricis
1472 413 1815 488 ingrederis?
1841 423 1892 484 Α
1921 429 1974 474 te
2001 430 2099 490 per
2125 420 2346 490 Legem,
2377 430 2476 492 per
2515 423 2837 493 Prophetas,
2879 418 2975 495 per
3002 409 3376 497 Evangelium,
3413 433 3510 500 per

206 507 424 564 Intrasti
452 510 591 577 jam,
619 507 838 579 quando
877 508 1238 579 cogitationes
1275 520 1393 565 tuas
1439 509 1696 566 meretrix
1731 511 1813 564 in-

211 602 415 657 troivit.
446 600 665 657 Intrasti
686 602 822 670 jam,
849 601 1064 672 quando
1095 602 1162 657 ad
1199 602 1507 673 potiendam
1539 603 1813 672 prostibu-

211 695 277 750 ιω
301 695 660 766 cupiditatem
683 707 880 765 gressu
908 696 1107 752 mentis
1135 695 1369 752 intrasti.
1400 696 1636 752 Pulsain
1661 697 1812 766 lupa-

211 793 360 848 naris
398 790 569 856 lores,
598 790 818 860 quando
847 789 914 846 ad
945 791 1192 846 mulieris
1238 792 1690 861 concupiscenda
1715 792 1812 849 de-

208 900 401 942 corem
430 884 618 940 oculos
647 884 849 940 mentis
891 885 1176 955 aperuisti.
1211 886 1279 940 Et
1324 885 1373 940 si
1407 901 1594 941 verum
1623 887 1813 942 audire

210 979 318 1045 vis,
367 976 646 1048 quomodo
701 984 756 1032 te
800 977 855 1031 in
896 977 1146 1046 lupanari
1199 993 1308 1033 non
1354 979 1488 1034 vidit
1526 977 1807 1046 Christus;

214 1069 433 1139 quando
481 1077 538 1122 te
579 1067 732 1133 vidit,
770 1067 895 1138 quia
943 1068 1302 1124 adulterando
1345 1070 1400 1124 in
1443 1070 1609 1126 corde
1636 1080 1728 1126 tuo
1758 1083 1811 1128 te

214 1162 390 1232 ipsum
437 1163 664 1228 lupanar
691 1173 815 1215 esse
859 1158 1072 1216 fecisti?
1110 1161 1354 1230 Denique
1381 1163 1499 1232 ipse
1545 1160 1678 1216 dicit
1708 1161 1812 1215 Do-
1854 1147 1859 1154 ’

213 1254 398 1309 minus
425 1251 586 1308 Jesus
617 1269 629 1305 :
657 1251 762 1317 Qui
803 1251 990 1307 viderit
1036 1253 1305 1308 mulierem
1347 1255 1415 1308 ad
1448 1255 1812 1322 concupiscen-

213 1347 339 1399 dum
369 1362 502 1410 eam,
527 1348 644 1417 jam
666 1344 982 1399 adulter'avit
1002 1361 1113 1399 eam
1136 1346 1188 1399 in
1219 1345 1373 1400 corde
1399 1362 1491 1400 suo
1523 1345 1805 1418 (Matth.v,

212 1438 330 1510 28).
366 1437 522 1495 Unde
549 1448 726 1494 tamen
756 1446 862 1493 tam
884 1438 1176 1510 religiosus
1198 1439 1250 1495 in
1275 1441 1557 1511 opinione,
1581 1441 1671 1510 qui
1699 1449 1809 1495 tam

214 1534 509 1604 probrosus
540 1535 593 1588 in
623 1533 892 1589 crimine?

284 1628 376 1682 15.
405 1625 514 1683 Sed
540 1625 834 1696 adquiesco
861 1627 959 1681 tibi
984 1626 1126 1696 quod
1155 1625 1314 1682 Jesus
1352 1635 1405 1682 te
1437 1626 1574 1681 nolit
1600 1625 1807 1692 videre,

212 1719 348 1774 nolit
380 1717 683 1784 revincere,
709 1718 803 1787 qui
831 1717 965 1773 nolit
1008 1733 1290 1786 accusare,
1341 1719 1515 1773 nolint
1542 1717 1728 1773 videre
1755 1725 1811 1772 et

1916 513 2206 580 Apostolos
2253 515 2506 581 monuit,
2559 523 2619 570 ut
2660 516 2887 571 nimium
2929 517 3209 573 cusmdi'as
3257 521 3509 579 inundata

1914 604 2129 661 Domini
2385 609 2480 664 Dei
2531 611 2630 665 liti.
2686 611 2881 678 Oin'ne;
2935 613 3110 682 inqillt
3141 613 3357 684 (Matth.
3408 614 3507 683 itit,

1912 699 2029 769 56),
2074 702 2300 755 verbum
2345 701 2580 756 otiosum
2623 703 2767 770 quod
2822 704 3034 759 loculus
3084 704 3271 771 fueris,
3316 707 3511 763 reddes

1915 806 2014 859 pro
2045 807 2108 844 eo
2153 795 2435 847 rationem.
2468 792 2584 848 Noli
2613 796 3001 850 dissimulare:
3034 797 3102 849 ait
3131 799 3312 865 aliquo
3358 801 3510 854 inan-

1913 883 2042 938 dato
2073 883 2181 938 iota
2215 899 2402 947 unum;
2455 894 2549 938 aut
2585 899 2724 939 unus
2770 902 2903 955 apex
2940 901 3048 942 non
3093 894 3354 960 przrterit.
3392 892 3511 946 Noli

1915 975 2172 1030 recedere
2213 977 2280 1030 de
2313 977 2418 1030 via.
2449 977 2504 1032 Si
2539 978 2590 1032 in
2624 980 2705 1032 via
2737 977 3023 1035 ainbulans
3076 986 3159 1036 vix
3191 991 3340 1037 tutu-z
3387 1001 3447 1040 es
3477 1003 3506 1039 a

1915 1068 2161 1133 latrone;
2195 1069 2322 1138 quid
2354 1071 2522 1124 iacies
2547 1071 2594 1125 si
2635 1083 2686 1124 te
2729 1081 2882 1126 extra
2913 1075 3054 1128 viam
3099 1090 3384 1143 vagantem
3423 1079 3508 1133 in-

1913 1164 2161 1216 venerit?
2195 1165 2504 1232 ltirigantur
2543 1177 2768 1233 gressus
2807 1167 2880 1220 tui
2905 1183 2921 1225 ς
2950 1175 3007 1220 rt
3055 1181 3122 1222 ne
3153 1170 3394 1226 iniit-mus
3436 1172 3511 1225 sis

1912 1256 1978 1309 ad
2006 1255 2367 1322 dirigentium,
2395 1269 2618 1325 premre
2643 1264 2698 1312 ut
2721 1258 2914 1327 dirigat
2939 1260 3196 1314 Dominus
3223 1262 3333 1314 vias
3365 1273 3506 1316 tuas.

1987 1347 2075 1402 15.
2110 1349 2205 1401 llic
2243 1359 2391 1418 optat
2419 1367 2438 1403 >:
2470 1348 2683 1404 Utinam
2725 1353 3018 1422 dirigantur
3040 1354 3136 1407 vite
3178 1371 3303 1406 mete
3324 1355 3344 1408 !
3369 1355 3508 1411 Alibi

1912 1440 2044 1495 dicit
2076 1457 2089 1494 :
2119 1439 2436 1512 Exspectans
2478 1445 2770 1510 exspectari
2814 1443 3113 1508 Daininum,
3152 1449 3200 1498 et
3246 1446 3511 1500 exaudivit

1913 1549 2086 1589 me...
2114 1544 2159 1586 et
2186 1535 2361 1587 statuit
2386 1535 2540 1605 pedes
2567 1551 2706 1589 meos
2741 1537 2795 1587 in
2824 1548 2992 1607 petra,
3019 1547 3070 1592 et
3094 1540 3282 1592 direxit
3303 1540 3510 1607 'gr'essn's

1911 1642 2049 1680 meas
2077 1625 2248 1698 (Psal.
2283 1641 2466 1687 xxxix.
2486 1627 2520 1681 ‘2.
2552 1640 2598 1681 et
2622 1627 2701 1697 5).
2729 1628 2876 1698 Roga
2901 1645 3032 1696 ergo
3059 1641 3112 1685 et
3131 1641 3208 1693 tu,
3245 1639 3302 1684 ut
3328 1630 3508 1685 Domi-

1916 1734 2017 1774 nus
2042 1720 2241 1790 dirigat
2279 1721 2506 1789 vestigia
2536 1721 2736 1774 mentis
2763 1729 2869 1774 tua:
2897 1737 2910 1785 ;
2950 1735 3059 1791 quo
3093 1722 3269 1790 possis
3295 1721 3509 1776 Domini

209 1809 412 1880 angeli.
435 1809 542 1865 Sed
571 1807 721 1864 videt
737 1807 1009 1877 diabolus,
1032 1810 1123 1879 qui
1152 1819 1327 1864 tecum
1350 1809 1614 1873 introivit,
1641 1809 1806 1863 immo
1837 1807 1886 1866 B
1913 1811 2190 1868 custodire
2231 1811 2669 1882 iustiﬁcationes.
2713 1812 2828 1867 Non
2857 1813 3230 1880 cunfun'deris,
3263 1814 3386 1868 cum
3418 1813 3510 1868 r‘e-

209 1902 302 1972 qui
331 1909 387 1957 te
417 1900 757 1956 introduxit:
788 1899 976 1956 vident
1025 1899 1261 1956 ministri
1310 1900 1450 1970 ejus,
1483 1899 1577 1970 qui
1609 1908 1661 1954 te
1697 1899 1806 1954 cir-

211 1997 640 2063 cumdederunt,
672 2010 741 2052 ne
771 1995 984 2050 videres
1014 1995 1238 2066 angelos
1281 1994 1375 2049 Dei
1408 2013 1420 2048 :
1453 1993 1587 2048 vidit
1616 1992 1808 2060 Belial,

210 2089 352 2145 vidit
380 2089 549 2158 legio,
573 2089 664 2158 qui
692 2095 743 2143 te
773 2087 1142 2158 impulerunt;
1177 2101 1246 2142 ne
1272 2088 1394 2156 quis
1421 2094 1809 2153 revocaret,ne

212 2184 344 2253 quis
378 2192 603 2238 teneret.
645 2181 764 2237 Noli
788 2190 985 2252 putare
1005 2183 1149 2250 quod
1172 2181 1199 2219 Ι)
1229 2180 1522 2237 colludium
1553 2181 1647 2236 tibi
1672 2197 1809 2252 pra:-

211 2285 323 2331 stet
352 2275 575 2342 silentii,
605 2275 693 2345 qui
726 2274 839 2328 vult
865 2283 1045 2330 tecum
1069 2274 1320 2345 supplicii
1352 2273 1558 2330 habere
1588 2287 1814 2328 consor-

216 2369 374 2424 tium.
412 2367 603 2423 Studet
630 2368 816 2438 plures
847 2367 1058 2423 similes
1081 2366 1168 2422 sui
1193 2365 1406 2432 videre;
1437 2374 1493 2422 et
1519 2367 1576 2421 in
1622 2381 1688 2421 eo
1717 2367 1813 2420 ha-

209 2461 306 2516 bet
329 2461 584 2530 gloriam,
630 2459 775 2530 quod
819 2459 1004 2529 plures
1036 2458 1280 2528 perditos
1310 2458 1518 2513 fecerit.
1561 2457 1681 2527 Ips'e
1729 2466 1816 2512 est

214 2558 485 2622 incentor,
533 2555 652 2624 ipse
696 2563 1006 2621 accusator,
1054 2553 1173 2623 ipse
1216 2553 1269 2608 in
1299 2551 1494 2608 Judam
1544 2551 1811 2618 introivit,

214 2652 335 2722 ipse
361 2666 487 2706 eum
530 2648 603 2704 ad
631 2648 995 2719 proditionem
1031 2647 1268 2717 impulit,
1307 2647 1425 2717 ipse
1455 2645 1605 2701 misit
1634 2644 1702 2699 ad
1732 2644 1813 2699 Ia-

214 2763 439 2818 queum.
456 2746 661 2814 Quanti
687 2745 885 2800 dicturi
907 2753 1037 2801 sunt
1058 2745 1110 2800 in
1141 2745 1235 2799 illo
1261 2745 1351 2799 die
1377 2745 1636 2800 adversus
1659 2745 1811 2798 eum:

212 2841 298 2897 Tu
349 2855 454 2895 nos
499 2839 930 2906 circumvenisti,
963 2848 1018 2892 tu
1061 2837 1327 2906 i‘mpulisti
1374 2835 1530 2906 (Gen.
1564 2851 1639 2901 ιιι,
1671 2835 1764 2904 13)
1797 2837 1810 2889 l

212 2934 550 3004 Exemtﬂum
581 2931 819 3002 quaeris?
862 2933 1061 3003 Accipe
1091 2931 1364 2987 dicentem
1395 2930 1562 2984 Evam
1609 2941 1818 2999 prava-

211 3028 508 3084 ricationis
533 3043 642 3082 sua:
665 3035 942 3082 auctorem
965 3025 1138 3081 fuisse
1163 3031 1496 3095 serpentem.
1530 3021 1636 3077 Sed
1664 3021 1813 3076 illum

212 3121 546 3191 iniplicavit,
573 3135 678 3175 non
705 3135 766 3175 se
794 3119 1049 3174 absolvit.
1077 3114 1172 3172 Cui
1197 3113 1478 3186 reSpondit
1510 3114 1771 3168 Dominus
1798 3131 1810 3166 :

213 3182 333 3270 Non
369 3182 738 3284 prasceperam
782 3225 851 3267 ne
887 3209 1179 3282 gustarctis
1217 3182 1303 3264 dev
1325 3208 1469 3278 ligno
1495 3209 1635 3272 solo,
1669 3205 1813 3277 quod
1845 3182 1890 3245 C

215 3318 301 3360 est
331 3307 386 3360 in
418 3305 602 3358 medio
638 3303 871 3373 paradisi
903 3301 1091 3374 (Ibid.,
1125 3300 1253 3372 ll)?
1283 3299 1657 3370 Respondebit
1683 3311 1812 3369 ergo

216 3401 436 3457 Veritas
478 3408 535 3454 et
565 3397 810 3468 pluribus
843 3416 856 3450 :
893 3397 1176 3451 Diabolum
1219 3395 1447 3450 audistis
1493 3393 1823 3470 suadentem.

215 3488 1200 3580 noxiakme’uqmpgtgistiataudire
1226 3487 1407 3542 vitalia
1440 3486 1808 3542 mandantem.

293 3506 526 3580 staknie
569 3505 990 3570 nempgtgtsua
1047 3505 1200 3543 uuire
1226 3505 1407 3542 vnana
1440 3505 1808 3542 mandantem.

293 3565 685 3670 ιιι.)
715 3582 770 3668 4,
795 3505 1048 3661 βμᾷᾼῶ
1071 3581 1194 3636 ideo
1223 3578 1770 3650 operemurjustitias
1798 3595 1810 3630 :

217 3678 273 3734 Ν
278 3693 345 3732 on
373 3665 515 3732 enim
543 3665 938 3746 quippei-tantur
974 3675 1315 3744 iniquitatem,
1342 3671 1399 3726 in
1432 3673 1529 3726 viis
1557 3675 1670 3744 ejus
1705 3688 1814 3724 ant.

215 3773 545 3827 bulaoerttnt.
579 3767 661 3823 Tn
691 3768 950 3823 mandasti
977 3768 1220 3820 mandata
1243 3769 1331 3819 tua
1364 3764 1612 3819 custodiri
1638 3764 1810 3817 nimis.

219 3866 440 3922 Utinam
471 3865 764 3934 dirigantur
791 3864 885 3916 vita
911 3873 1041 3916 utet:
1066 3861 1135 3915 ad
1160 3859 1524 3915 custodiendas
1557 3858 1816 3928 iustiﬁca-

214 3962 383 4013 tiones
428 3958 578 4011 tuas!
603 3943 752 4011 Tum:
790 3971 892 4009 non
928 3953 1241 4021 confundor,
1275 3967 1388 4006 cum
1429 3947 1734 4020 perspiciam
1763 3951 1816 4003 in

213 4051 397 4106 ennio
437 4050 686 4102 mandata
724 4057 834 4102 tua.
881 4046 997 4101 Non
1049 4045 1225 4100 solum
1284 4043 1572 4108 mandasti,
1622 4042 1812 4112 inquit,

214 4144 484 4201 custodiri
524 4142 778 4197 mandata
826 4149 939 4208 tua,
972 4141 1068 4195 sed
1117 4139 1278 4195 etiam
1329 4136 1588 4194 custodiri
1634 4135 1812 4191 nimis.

212 4240 448 4312 Quando
479 4240 584 4293 hoc
613 4237 929 4292 mandavit?
969 4235 1027 4290 ln
1059 4235 1310 4305 paradiso
1342 4233 1563 4305 quidem
1597 4231 1820 4288 inunda-

215 4339 296 4389 vit
326 4330 480 4398 Adrc,
515 4338 576 4384 ut
622 4327 922 4384 custodiret
967 4327 1220 4382 mandata
1253 4345 1264 4380 :
1296 4327 1391 4382 sed
1427 4326 1665 4381 fortasse
1711 4341 1818 4381 non

214 4428 582 4484 mandaverat
604 4421 766 4476 nimis
793 4421 1094 4486 custodire;
1124 4427 1179 4475 et
1204 4419 1325 4474 ideo
1351 4421 1535 4489 lapsus
1565 4427 1669 4486 est,
1700 4418 1821 4474 ideo

214 4518 460 4575 inﬂexus
477 4528 618 4570 voce
641 4513 888 4569 mulieris
909 4527 1043 4578 suae,
1075 4512 1197 4567 ideo
1217 4512 1480 4582 deceptus
1502 4521 1619 4567 erat
1645 4526 1672 4565 a
1703 4525 1821 4567 ser-

1915 1907 2157 1976 spexeris
2177 1907 2231 1960 in
2261 1906 2441 1960 omnia
2471 1905 2722 1960 mandata
2749 1905 3047 1974 ejus.Ante
3076 1906 3222 1960 enim
3251 1909 3511 1961 cbnl‘usus

1913 2015 1973 2056 es
1995 2001 2050 2054 in
2081 1999 2248 2053 Adam
2279 2009 2333 2053 et
2379 1999 2510 2052 Eva.
2556 1998 2799 2067 Denique
2831 1999 3009 2053 nudus
3044 2001 3214 2054 factus
3263 2008 3344 2065 es,
3377 2014 3510 2068 ope-

1913 2092 2069 2148 ruisti
2102 2100 2154 2146 te
2176 2090 2355 2154 loliis;
2386 2089 2512 2159 quia
2540 2087 2966 2145 'cout‘uiidebaris
2995 2107 3009 2143 :
3039 2080 3372 2144 ahSco’ndisti
3406 2100 3458 2145 te
3478 2105 3508 2145 ιι

1915 2191 2207 2254 conspectu
2237 2183 2367 2247 Dei;
2400 2183 2524 2251 quia
2556 2181 2945 2245 erubescebas,
2975 2184 3052 2236 ita
3091 2193 3151 2237 ut
3173 2179 3267 2238 tibi
3305 2182 3509 2237 diceret

1915 2278 2059 2332 Deus
2088 2295 2100 2328 :
2133 2277 2321 2339 Adam,
2351 2274 2438 2328 ubi
2464 2289 2516 2328 es
2553 2271 2708 2343 (Gen.
2733 2289 2811 2338 ιιι,
2841 2271 3096 2345 9)?Cum
3124 2274 3203 2329 illi
3228 2275 3383 2342 dicit,
3413 2273 3508 2329 tibi

1917 2369 2086 2433 dicit;
2119 2366 2291 2423 Adam
2322 2366 2465 2421 enim
2495 2367 2945 2436 interpretatione
2973 2368 3144 2422 latina
3181 2372 3346 2424 homo
3374 2369 3511 2424 dici;

1918 2474 2024 2526 tur,
2071 2462 2176 2516 hoc
2220 2469 2303 2515 est
2331 2477 2346 2512 :
2371 2459 2568 2527 Homo,
2592 2459 2684 2513 ubi
2728 2459 2830 2514 es?
2867 2457 2932 2514 Et
2957 2460 3128 2515 Adam
3177 2461 3461 2530 respondit
3494 2479 3505 2512 :

1918 2557 2140 2613 Timens
2177 2557 2300 2626 quia
2347 2555 2526 2610 nudus
2560 2569 2732 2616 eram,-
2760 2564 2816 2609 et
2862 2563 2973 2608 tota
3005 2563 3186 2608 mente
3228 2555 3506 2616 contusus,

1916 2661 2045 2707 ante
2111 2659 2464 2720 conSpectum
2523 2659 2676 2701 tuum
2724 2647 2910 2701 venire
2982 2657 3089 2700 nun
3159 2655 3326 2701 ausiis
3386 2655 3506 2703 sum

1919 2743 2120 2818 (lbid.,
2164 2742 2276 2809 10).
2325 2742 2470 2808 Ergo
2525 2753 2594 2793 ne
2645 2737 3077 2804 confundantur,
3134 2739 3511 2795 custodiamus

1917 2836 2169 2892 mandata
2210 2832 2444 2896 Domini,
2494 2839 2549 2885 et
2591 2829 2962 2885 custodiamus
3019 2831 3221 2884 omnia.
3277 2828 3409 2886 Nam
3460 2835 3506 2886 si

1917 2930 2037 3000 quis
2074 2943 2235 2982 unum
2264 2923 2574 2979 mandatum
2611 2922 2903 2988 custodiat,
2931 2931 2986 2976 et
3016 2921 3158 2976 aliud
3191 2925 3510 2989 prtevarice-

1917 3030 2026 3085 tur,
2070 3019 2202 3074 nihil
2251 3017 2300 3073 ei
2333 3017 2574 3086 prodest.
2631 3013 2935 3067 Custodivit
2975 3028 3033 3068 se
3077 3014 3274 3083 aliquis
3319 3027 3347 3068 ιι
3388 3025 3514 3070 sart-

1919 3117 2104 3184 guinc,
2149 3125 2257 3166 non
2285 3108 2579 3164 custodivit
2607 3105 2676 3160 ab
2721 3105 3030 3171 adulterio;
3077 3106 3262 3175 utique
3299 3107 3354 3162 in
3402 3115 3512 3161 uno

1921 3206 2222 3269 convictus,
2273 3203 2492 3270 punitur
2533 3199 2694 3254 etiam
2727 3197 2935 3266 legibus
2981 3196 3335 3251 saecularibus
3368 3215 3379 3250 :
3409 3206 3512 3252 nec

1916 3297 2139 3369 prodest
2166 3295 2215 3351 ei
2244 3293 2473 3349 alterius
2498 3290 2742 3346 criminis
2770 3288 3121 3354 abstinentia,
3169 3288 3214 3343 si
3256 3287 3309 3343 in
3338 3289 3510 3344 altero

1915 3391 2077 3448 fuerit
2101 3388 2495 3460 deprehensus.
3095 3427 3102 3437 .

1990 3486 2075 3540 16.
2111 3484 2296 3552 (Vcrs.
2330 3481 2383 3549 'I,
2417 3477 2497 3551 8.)
2526 3478 2816 3548 Conﬁtebor
2844 3476 2955 3542 tibi,
2988 3475 3224 3542 Domine,
3255 3476 3312 3529 in
3345 3476 3514 3531 dii-ec;

1918 3579 2054 3632 tione
2081 3574 2254 3629 cordia
2283 3572 2544 3643 (advortis
2569 3585 2701 3640 quas
2725 3572 2842 3623 vias
2863 3567 3091 3639 dirigas)
3118 3569 3172 3621 in
3197 3581 3255 3622 eo
3283 3567 3400 3622 cuni
3423 3569 3476 3622 di
3493 3599 3508 3610 -

1917 3671 2089 3723 dicere
2108 3666 2316 3737 judicia
2334 3664 2552 3737 justitiaa
2591 3674 2713 3715 tute.
2741 3659 3152 3728 Justiﬁcationcs
3192 3671 3308 3714 tuas
3336 3667 3512 3714 'custo-

1919 3764 2062 3817 diam
2091 3778 2110 3815 :
2158 3776 2261 3814 non
2310 3774 2388 3812 me
2427 3757 2757 3824 derelinquas
2807 3769 3186 3824 usquequaque.
3229 3749 3344 3808 Hoc
3391 3757 3512 3809 loc‘u

1920 3856 2145 3926 mysuca
2184 3849 2398 3921 plenius
2423 3857 2755 3918 cognoscere
2784 3860 2845 3900 se
2869 3846 3009 3899 velle
3036 3853 3272 3898 testatur
3293 3885 3307 3911 ,
3337 3852 3398 3898 ut
3427 3845 3512 3898 in-

1917 3951 2196 4022 gradiatur
2249 3945 2548 4016 penetralia
2615 3942 3003 4012 mysteriorum
3057 3939 3403 4003 cmlestium,
3457 3948 3513 3992 et

1920 4043 2232 4114 aperiantur
2284 4039 2386 4093 sibi
2441 4037 2680 4091 thesauri
2728 4033 3008 4100 sapientim
3054 4041 3110 4087 et
3161 4031 3403 4086 scientia:
3458 4034 3512 4085 in

1920 4135 2137 4192 Christo
2181 4129 2509 4188 absconditi.
2557 4125 2712 4182 Unde
2759 4134 2816 4180 et
2859 4123 3116 4179 Salomon
3155 4124 3228 4177 ait
3259 4141 3271 4174 :
3303 4124 3517 4178 Atti-alte

1923 4245 2014 4284 nos
2033 4237 2142 4298 post
2167 4235 2214 4279 te
2241 4243 2254 4279 :
2286 4224 2338 4277 in
2378 4222 2587 4276 odorem
2621 4229 3001 4290 unguentorum
3031 4227 3237 4270 tuorum
3279 4231 3370 4270 nos
3400 4231 3518 4269 cur—

1921 4337 2110 4376 rentus.
2177 4316 2478 4370 Introduxit
2541 4329 2622 4367 me
2697 4311 2811 4366 Rex
2878 4311 2934 4365 in
3003 4309 3296 4364 cubiculum
3366 4319 3517 4363 suum

1929 4411 2101 4482 (Cant.
2135 4425 2173 4475 ι,
2205 4409 2282 4476 5).
2332 4405 2400 4460 Et
2441 4403 2674 4458 fortasse
2714 4401 2844 4456 illud
2889 4399 3033 4470 quod
3065 4405 3142 4454 ait
3178 4414 3342 4471 supra
3369 4416 3383 4452 :
3413 4399 3514 4453 Ot-

1927 4504 2122 4558 culetur
2152 4516 2230 4554 me
2255 4500 2319 4552 ab
2347 4497 2520 4550 osculo
2551 4496 2659 4550 oris
2683 4495 2763 4548 sui
2785 4491 2976 4565 (Ibid.,
3008 4492 3073 4560 ι),
3105 4491 3373 4561 significat
3403 4492 3519 4561 Spi-

212 4621 408 4683 pente,
445 4611 642 4678 putans
687 4605 833 4675 quod
877 4603 924 4658 si
970 4605 1022 4659 in
1071 4609 1222 4673 parte
1250 4570 1430 4673 aliqua
1475 4603 1760 4658 recederet
1786 4617 1819 4657 a
1845 4570 1898 4630 D
1929 4599 2064 4654 ritus
2091 4595 2263 4651 sancti
2294 4589 2732 4660 supervenientis
2756 4587 3009 4656 gratiam;
3034 4584 3174 4636 sicut
3202 4583 3426 4652 angelus
3450 4575 3516 4637 ad

215 4702 484 4759 mandato
507 4737 523 4764 ,
573 4709 682 4751 non
730 4695 942 4766 penitus
995 4705 1205 4750 erraret
1237 4710 1251 4746 :
1285 4693 1382 4749 sed
1409 4694 1533 4764 quia
1583 4694 1756 4748 semel
1787 4707 1816 4747 a

212 4796 417 4849 semita
461 4787 847 4844 mandatorum
901 4787 1148 4854 recessit,
1183 4794 1349 4840 totam
1391 4785 1632 4841 deseruit
1657 4785 1815 4852 viam,

211 4894 273 4942 et
297 4880 634 4953 exspoliavit
661 4877 915 4933 omnibus
949 4877 1260 4948 nudumque
1291 4876 1528 4946 reliquit.
1559 4873 1684 4931 [dco
1717 4875 1824 4930 Do-

213 4976 425 5040 minus,
453 4973 581 5044 quia
608 4972 795 5042 lapsus
819 4979 958 5036 erat,
989 4969 1078 5040 qui
1107 4969 1159 5024 in
1188 4967 1440 5039 paradiso
1467 4978 1600 5035 erat,
1637 4975 1822 5039 postea

294 5121 322 5148 ³
349 5105 535 5167 (Index
586 5105 914 5162 Navarraaus
963 5121 1100 5159 unus
1127 5147 1141 5170 ,
1191 5107 1654 5160 meretr-icatorium
1690 5106 1823 5160 :sed

213 5176 574 5240 ratinend'urn
623 5175 969 5231 maritorium.
1018 5175 1120 5231 Ubi
1165 5175 1542 5246 subinteliige,
1595 5178 1818 5230 diverso.

213 5255 376 5315 tium,
417 5250 504 5304 vel
526 5248 824 5313 stabulant;
852 5249 932 5301 sic
961 5253 1102 5302 enim
1131 5249 1405 5317 quondam
1433 5250 1575 5302 dicta
1594 5255 1738 5311 sunt,
1770 5255 1826 5300 ut

215 5342 346 5381 cum
375 5320 724 5376 Tertulliano
755 5321 1059 5386 loquamur,
1092 5320 1397 5372 consistoria
1427 5319 1699 5373 libidinum
1727 5336 1822 5385 pn-

221 5396 506 5450 blicarum.
557 5389 713 5446 Unde
771 5390 1059 5459 prostibula
1109 5406 1203 5444 seu
1252 5392 1564 5460 prostibulas
1609 5390 1826 5460 quidam

218 5467 531 5538 appellatas
560 5463 1061 5538 volunt_,_qt_nnlpro
1089 5459 1315 5538 stabulo,
1352 5459 1404 5516 id
1434 5471 1538 5528 est,
1569 5459 1695 5538 ante
1721 5472 1830 5514 sta-

221 5529 414 5594 nidum
447 5541 680 5590 starent.
733 5529 1056 5587 Meritorum:
1087 5531 1265 5587 autem
1309 5541 1338 5586 ιι
1383 5533 1641 5588 merendo
1669 5547 1831 5586 vera-

223 5609 340 5674 tur,
369 5606 518 5678 illiut!
571 5609 800 5678 mereat,
833 5605 1044 5678 honest
1086 5603 1261 5673 pariat
1304 5615 1567 5674 quaestum
1609 5603 1830 5660 domino

217 5672 352 5748 sub.
379 5672 498 5746 {)th
521 5681 690 5733 senSu
719 5672 906 5728 Horat.
937 5675 989 5728 in
1010 5672 1137 5728 Arte
1162 5683 1325 5745 poet.:

585 5761 680 5828 ilic
703 5784 866 5828 meret
893 5787 991 5828 tera
1014 5775 1142 5826 liber
1159 5775 1330 5854 Sosiis.

1929 4691 2150 4747 Mariam
2196 4685 2370 4740 dixit:
2403 4682 2632 4754 Spiritus
2677 4689 2887 4733 sanctus
2926 4675 3243 4748 superveniet
3280 4679 3333 4730 in
3377 4687 3442 4742 te,
3472 4687 3521 4731 et

1925 4781 2085 4837 virtus
2108 4777 2358 4833 Altissimi
2376 4771 2698 4828 obumbrabit
2725 4772 2812 4824 tibi
2842 4768 2995 4839 (Luc.
3025 4783 3063 4832 ι,
3089 4766 3199 4836 55).
3237 4779 3258 4806 ο
3292 4768 3521 4834 Quando

1927 4883 2109 4927 autem
2157 4867 2521 4923 introduxerit
2567 4879 2686 4919 eam
2719 4862 2835 4916 [lex
2888 4861 2939 4914 in
2987 4858 3295 4914 cubiculum
3335 4857 3517 4925 suum,

1928 4965 2196 5038 passionis
2224 4973 2456 5030 tempus,
2498 4957 2683 5012 lateris
2714 4952 3061 5024 compunctio
3091 4952 3350 5016 declarat,
3391 4963 3522 5005 sau-

1932 5104 2066 5159 I’Iinc
2105 5102 2268 5158 etiam
2327 5095 2644 5152 meretrices
2700 5108 2762 5146 ac
2822 5088 3082 5145 meritorii
3127 5089 3274 5159 pueri
3327 5105 3522 5144 nomen

1932 5175 2139 5236 sortiti;
2173 5172 2296 5224 licet
2326 5167 2641 5220 meritoriam
2669 5161 2993 5234 quandoque
3022 5161 3308 5216 hunest'um
3341 5159 3521 5215 diver-

1934 5245 2136 5302 sorinm
2165 5242 2452 5310 signiticet.

2007 5335 2033 5374 ι)
2052 5333 2372 5394 Colludinm,
2398 5339 2486 5382 aut
2513 5328 2730 5382 collusio
2759 5324 3159 5394 simulationem
3189 5338 3250 5376 ac
3281 5321 3523 5394 fraudem

1937 5408 2199 5476 Sigilliit'al
2226 5421 2241 5469 ;
2271 5401 2549 5476 (:olludere
2569 5393 3131 5476 enim,dicuntur,_qni
3158 5409 3280 5476 rum
3309 5393 3528 5476 videan-

1941 5465 2026 5534 ιιῖἷ·
2054 5484 2193 5531 intur
2215 5465 2274 5530 se
2295 5472 2627 5528 contendere
2649 5465 2740 5522 aut
2768 5467 3002 5533 litigare,
3029 5466 3131 5530 huc
3155 5465 3531 5519 tantummodo

1942 5567 2035 5619 pi'l‘
2064 5548 2464 5619 simulationem
2496 5543 2727 5619 iaciunt,
2755 5554 2876 5619 cum
2905 5552 3041 5591 unus
3072 5537 3250 5619 dedita
3276 5549 3448 5619 opera
3471 5551 3530 5592 se

1935 5606 2146 5690 judicio
2179 5616 2318 5690 vinci
2343 5615 2595 5690 patiatur.
2625 5613 2729 5666 Sed
2757 5625 2816 5665 ea
2850 5607 2996 5664 fraus
3025 5606 3186 5662 etiam
3217 5607 3395 5662 locum
3437 5608 3532 5662 ha-

1942 5687 2028 5748 bet
2059 5701 2210 5746 extra
2238 5687 2522 5758 judicium.

2021 5784 2187 5842 rblss.
2223 5783 2427 5857 plures,
2471 5775 2697 5848 Quando
2738 5782 2910 5831 autem
2943 5770 3349 5832 introducit"...
3394 5785 3534 5829 com-
