3988 6342
448 281 586 337 1207

1779 278 2028 336 SANCTI
2069 274 2394 334 AMBROSII

3553 281 3566 349 ξ
3601 270 3743 334 ιι)οὸ
3815 241 3826 255 ³

447 396 628 471 guinis
655 394 875 462 eﬂusio,
907 394 1203 466 sepulturae
1233 404 1591 465 unguentum,
1624 396 2042 452 resurrectionis
2070 397 2125 459 Α
2146 392 2261 464 27).
2296 392 2593 466 Dereliquit
2631 396 2777 452 enim
2820 395 3059 466 penitus,
3108 411 3267 467 quem
3314 395 3536 453 sceleris
3584 396 3666 452 sui
3716 407 3738 435 ο

451 490 809 562 mysterium;
843 498 902 543 tit
939 488 1186 544 osculum
1217 491 1372 559 quasi
1403 504 1604 558 sponsa
1632 491 1910 562 acceperit
1942 510 1956 546 :
1991 493 2045 547 iit

448 582 756 639 cubiculum
784 590 963 635 autem
993 577 1195 635 Christi
1225 582 1617 640 sitintroducta
1649 584 1916 651 Ecclesia,
1941 600 2048 642 non

445 677 560 746 jam
598 675 755 745 quasi
782 673 1162 727 tantummodo
1192 673 1541 744 desponsata,
1575 677 1671 732 sed
1699 680 1861 732 etiam
1893 679 2049 748 quasi

439 752 652 838 nupta;
684 781 784 821 nec
805 765 982 820 solum
1016 765 1310 821 thalamum
1343 768 1414 822 sit
1445 769 1712 840 ingressa,
1743 771 1838 826 sed
1883 770 2046 826 etiam

447 863 704 934 legitimae
727 860 906 914 claves
935 860 1148 927 copulae
1185 873 1482 918 consecuta
1511 864 1600 918 sit.
1635 865 1870 935 Ideoque
1894 868 2049 937 quasi

451 955 504 1009 in
557 953 794 1008 thalamo
850 952 951 1006 sita
1003 952 1130 1007 ait:
1175 950 1457 1025 Colligatio
1504 967 1662 1026 gutta:
1693 963 1856 1028 frater
1891 963 2050 1014 ‘meus

450 1047 598 1110 mihi,
621 1047 755 1099 inter
791 1043 958 1098 media
981 1045 1137 1098 ubera
1169 1047 1446 1112 requiescet
1479 1046 1655 1118 (Cant.
1687 1065 1726 1114 ι,
1758 1047 1867 1120 12).
1895 1051 2049 1118 Quod

451 1139 495 1193 si
539 1137 845 1191 cubiculum
877 1138 1190 1207 quaerimus,
1228 1139 1344 1207 ipse
1391 1153 1491 1193 nos
1521 1140 1767 1206 edoceat,
1806 1142 1895 1211 qui
1926 1143 2002 1198 ait
2035 1161 2048 1198 :
2101 1129 2105 1132 λ

450 1229 527 1283 Τιι
556 1239 730 1284 autem
777 1246 891 1283 cum
935 1229 1126 1296 orabis,
1177 1231 1315 1283 intra
1358 1231 1411 1284 in
1460 1234 1752 1288 cubiculum
1797 1245 2051 1291 tuum:et

445 1323 781 1393 clausaostio
803 1339 894 1376 ora
924 1332 1120 1393 patrem
1144 1334 1288 1376 tuum
1313 1324 1365 1377 in
1394 1323 1698 1379 abscondito
1724 1326 1939 1398 (Matth.
1975 1343 2048 1393 v1,

444 1415 530 1486 6).
561 1412 882 1469 Cubiculum
931 1415 1184 1469 Ecclesia:
1234 1430 1431 1485 corpus
1479 1426 1563 1470 est
1601 1415 1824 1473 Christi.
1874 1418 2053 1474 Intro-

448 1508 606 1562 duxit
635 1523 752 1561 eam
786 1507 904 1562 Rex
937 1507 988 1561 in
1011 1507 1190 1560 omnia
1225 1507 1487 1563 interiora
1515 1509 1795 1578 mysteria,
1823 1511 1972 1566 dedit
2001 1512 2050 1566 ci

449 1592 657 1664 claves;
690 1609 743 1653 ut
768 1586 1135 1668 aperiretsibi
1161 1599 1442 1654 thesauros
1469 1601 1713 1656 scientia:
1739 1617 2052 1658 sacramen-

456 1704 671 1758 torum,
717 1693 929 1746 clausas
978 1702 1139 1746 antea
1190 1692 1336 1747 fores
1369 1692 1653 1762 panderet,
1701 1707 2052 1764 cognosceret

2148 488 2392 557 permisit
2411 488 2649 545 eﬂ'ectui.
2673 489 2824 546 Alios
2849 501 3030 546 autem
3058 491 3335 563 apostolos
3363 507 3483 548 cum
3517 491 3745 548 vidisset

2148 596 2268 637 esse
2299 583 2564 647 turbatos,
2598 587 2722 654 quia
2751 585 2977 646 dixerat
3009 603 3021 639 :
3051 585 3164 651 Quo
3198 603 3293 659 ego
3319 587 3472 652 vado,
3523 601 3610 640 vos
3641 602 3742 639 non

2149 675 2358 744 potestis
2379 676 2551 729 venire
2575 675 2768 748 (lbid.,
2799 679 2892 747 55)
2915 696 2930 742 ;
2962 677 3170 733 addidit
3197 697 3210 733 :
3250 677 3369 733 Non
3397 679 3632 734 turbetur
3652 693 3744 732 cor

2148 775 2369 820 vestrum
2396 764 2576 839 (Joan.
2604 783 2716 834 xw,
2750 769 2825 838 1).
2861 767 2928 822 Ει
2960 769 3097 823 infra
3125 785 3138 821 :
3164 767 3359 822 Iterum
3385 771 3550 836 venio,
3575 777 3624 822 et
3655 783 3745 820 ac-

2149 859 2311 912 cersio
2351 873 2437 911 vos
2464 857 2534 912 ad
2577 875 2656 912 me
2686 861 2888 931 ipsum;
2932 871 2988 913 ut
3016 860 3100 914 ubi
3123 877 3237 914 sum
3277 877 3393 932 ego,
3421 872 3466 914 et
3499 876 3586 914 vos
3631 859 3745 913 sitis

2152 948 2341 1022 (Ibid.,
2362 950 2443 1022 3).
2468 951 2712 1022 Denique
2742 953 2983 1008 turbatus
3011 953 3204 1008 Petrus
3232 955 3320 1025 qui
3349 953 3652 1022 derelinqui
3674 952 3745 1005 ti-

2151 1055 2324 1101 meret
2347 1047 2422 1100 ait
2453 1064 2466 1100 :
2502 1045 2739 1111 Domine,
2769 1064 2869 1118 quo
2896 1049 3054 1103 'vadis
3082 1046 3262 1118 (Joan.
3293 1064 3408 1114 xm,
3430 1048 3563 1118 56)?
3597 1045 3747 1102 Vidit

2154 1141 2413 1195 Dominus
2474 1141 2676 1196 turbari
2725 1157 2874 1206 eum,
2930 1153 2985 1197 et
3038 1141 3317 1211 restiondit
3364 1142 3414 1197 ei
3453 1141 3611 1209 :Quo
3651 1157 3745 1211 ego

2153 1235 2305 1300 vado,
2340 1250 2440 1286 non
2464 1243 2602 1304 potes
2629 1251 2706 1289 me
2734 1234 2884 1288 modo
2907 1237 3048 1306 sequi
3080 1253 3098 1290 :
3121 1237 3343 1306 sequeris
3371 1245 3542 1289 autem
3569 1245 3746 1308 postea

2157 1325 2373 1396 (Matt/1.
2406 1342 2513 1390 xxv,
2557 1328 2625 1382 30
2651 1337 2698 1382 et
2731 1327 2844 1400 5|).
2877 1327 2968 1383 Sic
2991 1328 3119 1383 etin
3153 1328 3287 1382 mari
3311 1343 3435 1382 cum
3466 1327 3745 1393 titubaret,

2155 1420 2405 1475 clamavit
2425 1420 2492 1475 ad
2512 1421 2784 1477 Christum
2812 1439 2827 1488 ;
2853 1436 2905 1477 et
2927 1423 3164 1492 porrexit
3182 1424 3230 1477 ei
3259 1423 3539 1478 dexteram
3560 1423 3751 1478 Chris-

2157 1523 2260 1574 tus,
2299 1528 2364 1567 ne
2396 1513 2611 1582 penitus
2637 1513 2932 1570 derelictus
2959 1513 3179 1584 periret.

2232 1605 2318 1662 19.
2351 1605 2519 1662 Nemo
2549 1616 2727 1661 autem
2755 1607 2917 1662 debet
2946 1607 3143 1672 inﬂari,
3175 1605 3317 1676 quod
3339 1620 3630 1676 numquam
3651 1605 3752 1660 de.

2156 1699 2492 1770 relinquatur
2518 1717 2533 1754 :
2564 1699 2649 1754 vel
2679 1699 2886 1765 dolere,
2917 1698 3059 1769 quod
3089 1698 3381 1769 aliquando
3403 1696 3752 1766 derelinqua-

448 1787 616 1859 980
642 1795 667 1822 α
691 1786 1021 1856 quiescentis
1067 1788 1317 1856 gratiam,
1352 1787 1590 1842 defuncti
1641 1803 1914 1858 somnum,
1944 1791 2055 1846 vir-
2084 1805 2132 1864 Β
2162 1804 2279 1857 tur;
2313 1793 2577 1863 siquidem
2608 1793 2723 1861 ipse
2754 1792 2924 1847 Filius
2967 1807 3027 1847 se
3063 1791 3195 1846 dicit
3236 1791 3575 1857 derelictum,
3609 1791 3754 1844 sicut

450 1889 620 1932 tutetn
652 1878 1094 1932 resurrectionis.

526 1972 616 2025 17.
649 1969 707 2024 1η
755 1970 848 2024 illo
893 1972 1405 2042 cubiculojustitias
1455 1974 1668 2031 Domini
1712 1977 1841 2033 Jesu
1887 1989 2052 2051 nupta

451 2065 679 2134 reperit.
718 2065 852 2132 Qua:
883 2075 1014 2124 sunt
1046 2066 1152 2120 illae
1177 2066 1440 2136 justitiaa?
1479 2068 1676 2140 Utique
1716 2083 2053 2128 sacramenta

451 2161 817 2230 baptismatis,
863 2162 1005 2215 sicut
1051 2161 1300 2230 legimus,
1349 2165 1475 2233 quia
1521 2179 1643 2218 cum
1692 2167 1932 2221 venienti
1985 2169 2051 2223 ad

450 2251 781 2320 baptismum
811 2251 1019 2307 diceret
1045 2251 1325 2307 Joannes:
1361 2251 1472 2326 Ego
1515 2271 1547 2308 a
1596 2265 1644 2309 te
1686 2256 1842 2311 debeo
1882 2258 2053 2327 bapti-

454 2348 585 2411 zari,
619 2357 665 2400 et
694 2357 746 2400 tu
777 2346 912 2400 venis
945 2345 1014 2398 ad
1043 2362 1123 2398 me
1135 2361 1155 2411 ;
1185 2346 1450 2418 respondit
1473 2347 1627 2403 Iesus
1657 2369 1676 2403 .·
1705 2348 1834 2405 Sine
1864 2351 2051 2418 modo;

450 2440 525 2493 sic
539 2440 675 2493 enim
703 2438 845 2490 decet
891 2453 984 2491 nos
1013 2439 1297 2510 adimplere
1327 2456 1527 2494 onmem
1545 2443 1806 2514 justitiam
1832 2442 2050 2516 (Matth.

448 2545 528 2594 in,
560 2528 628 2582 14
657 2539 703 2584 et
729 2529 842 2595 15).
872 2527 929 2582 In
972 2529 1068 2582 illo
1109 2531 1364 2586 cubiculo
1390 2532 1811 2602 justiﬁcationes
1839 2535 2051 2591 Domini

451 2620 660 2680 didicit.
701 2621 960 2690 cognovit
998 2623 1280 2678 consilium
1310 2624 1426 2690 Dei,
1467 2625 1609 2680 sicut
1638 2627 1899 2696 scriptum
1922 2639 2005 2684 est
2035 2647 2048 2684 :

456 2713 594 2781 Quia
620 2715 788 2767 omnis
827 2717 1052 2787 papulus
1090 2718 1330 2784 audiens,
1368 2727 1415 2772 et
1445 2719 1711 2786 publicani
1731 2723 2052 2793 justi/icore-

453 2819 572 2861 runt
619 2806 786 2861 Deum
827 2811 1077 2876 baptiz'tti
1121 2813 1372 2882 baptismo
1395 2814 1618 2868 Joannis
1642 2833 1660 2869 :
1682 2816 1927 2880 pltariswi
1958 2833 2052 2870 au-

450 2914 553 2956 tem
577 2909 626 2954 et
654 2902 938 2972 legisperiti
969 2905 1243 2958 consilium
1289 2905 1386 2960 Dei
1415 2917 1713 2974 spreverunt
1755 2909 1808 2962 in
1841 2925 1914 2974 se,
1949 2926 2050 2964 non

451 2993 696 3061 baptizati
720 2993 783 3046 ab
807 3009 865 3047 eo
889 2993 1046 3067 (Luc.
1075 3011 1166 3058 vn,
1197 2995 1268 3051 29
1295 3007 1342 3051 et
1382 2998 1497 3067 50).
1526 2998 1679 3066 Quod
1710 2999 1782 3054 illi
1827 3015 2049 3070 spreve~

451 3095 600 3148 rttnt,
632 3100 730 3138 nos
761 3085 1044 3156 eligamus.
1071 3095 1124 3141 et
1146 3103 1438 3158 sequamur
1469 3091 1760 3145 consilium
1791 3091 1910 3159 Dei,
1945 3109 2050 3164 quo

2158 1883 2322 1939 habes
2350 1901 2361 1934 :
2397 1881 2555 1950 Deus,
2575 1882 2715 1938 Deus
2736 1899 2899 1948 meus,
2914 1883 3104 1953 respice
3126 1883 3176 1935 in
3199 1898 3280 1934 me
3301 1898 3316 1945 ;
3337 1898 3493 1950 quare
3511 1896 3587 1934 me
3604 1881 3754 1934 dere-

2157 1976 2346 2045 liquisti
2375 1974 2548 2046 (Psal.
2575 1991 2691 2040 XXI,
2720 1975 2815 2042 1)?
2852 1974 2921 2029 Et
2964 1975 3053 2029 ille
3081 1974 3295 2045 quidem
3328 1989 3615 2044 numquam
3644 1973 3752 2028 de-

2156 2068 2377 2123 relictus
2418 2084 2447 2121 a
2497 2067 2652 2122 Patre
2697 2077 2804 2134 est,
2858 2083 2981 2122 cum
3023 2083 3129 2138 quo
3173 2067 3335 2122 Pater
3377 2082 3592 2137 semper
3635 2076 3752 2122 est.

2155 2159 2427 2229 Scriptum
2469 2168 2554 2214 est
2579 2159 2722 2215 enim
2757 2180 2768 2213 :
2798 2158 2936 2214 Ecce
2947 2160 3062 2231 jam
3093 2162 3225 2214 venit
3266 2161 3418 2225 liora,
3461 2172 3516 2214 ut
3547 2161 3754 2228 disper-

2153 2252 2348 2325 gamini
2387 2251 2732 2322 unusquisque
2756 2252 2810 2305 in
2837 2269 2951 2319 sua,
2983 2263 3029 2305 et
3060 2269 3140 2306 me
3183 2252 3355 2308 solum
3397 2252 3699 2321 relinquatis
3730 2271 3754 2308 :

2155 2345 2244 2400 sed
2277 2361 2379 2399 non
2407 2361 2519 2400 sum
2559 2345 2722 2410 solus,
2769 2347 3014 2417 quoniam
3045 2345 3206 2400 Pater
3243 2361 3439 2399 mecum
3466 2357 3540 2399 est
3565 2343 3749 2414 (Joan.

2156 2455 2265 2504 xvi,
2297 2437 2412 2509 '59.).
2456 2437 2564 2492 Sed
2596 2439 2890 2494 secundum
2938 2454 3136 2508 corpus
3175 2441 3227 2494 in
3265 2454 3372 2510 quo
3409 2447 3491 2494 est
3518 2440 3756 2494 traditus

2154 2530 2414 2600 passioni,
2443 2544 2549 2584 vox
2574 2531 2671 2584 ista
2704 2533 3006 2600 processit;
3039 2531 3294 2602 quoniam
3320 2531 3620 2602 derelinqui
3651 2547 3721 2588 no
3745 2564 3760 2574 -

2153 2619 2241 2674 bis
2288 2621 2557 2689 videmur,
2596 2623 2811 2692 quando
2847 2638 3034 2679 sumus
3066 2625 3117 2678 in
3147 2623 3405 2693 periculis
3430 2626 3734 2680 constituti.

2152 2714 2314 2785 981
2343 2712 2500 2770 Unde
2535 2723 2588 2770 et
2618 2714 2816 2770 Paulus
2865 2717 2941 2768 ait
2987 2715 3052 2770 de
3095 2715 3256 2771 Patre
3284 2715 3396 2770 Deo
3425 2715 3570 2780 ιριιί
3603 2715 3757 2771 Filio

2155 2809 2365 2878 proprio
2405 2823 2506 2862 non
2540 2810 2785 2879 pepercit,
2824 2810 2912 2864 sed
2939 2825 3031 2878 pro
3069 2810 3216 2864 nobis
3264 2810 3500 2865 omnibus
3531 2811 3759 2866 tradidit

2156 2917 2269 2954 eum
2295 2900 2472 2972 (Rom.
2501 2918 2614 2969 vtn,
2649 2902 2764 2973 52).
2807 2903 3168 2974 Dercliquisse
3195 2903 3435 2970 videtur;
3467 2904 3592 2975 quia
3639 2918 3758 2961 non

2159 2995 2421 3064 pepercit,
2462 2996 2553 3064 qui
2604 2995 2822 3050 tradidit
2852 2996 3013 3049 morti
3044 3013 3058 3051 :
3090 2996 3185 3050 sed
3215 3012 3320 3050 non
3351 2997 3565 3067 penitus
3596 2997 3760 3053 derc-

2158 3084 2345 3154 liquit,
2398 3086 2485 3140 cui
2524 3085 2722 3140 dicitur
2759 3104 2770 3139 :
2807 3086 2944 3150 Quia
2973 3103 3101 3144 anon
3148 3087 3469 3158 derelinques
3518 3089 3750 3144 animum

451 3177 586 3232 nihil
613 3186 789 3246 potest
817 3192 941 3233 esse
966 3179 1280 3246 sublimius;
1330 3180 1434 3237 hoc
1463 3182 1609 3237 enim
1640 3182 1906 3252 divinum,
1941 3203 2046 3256 quo
2075 3181 2120 3245 (ζ
2155 3192 2320 3229 meam
2350 3177 2402 3230 in
2429 3177 2653 3249 inferno,
2677 3193 2768 3231 nec
2795 3176 2940 3232 dabis
2972 3177 3224 3233 Sanctum
3256 3188 3400 3234 tuum
3426 3181 3596 3236 videre
3632 3197 3751 3237 cor.

455 3271 510 3325 lit
539 3271 790 3324 remissio
829 3282 1194 3341 peccatorum.
1242 3273 1375 3328 Cum
1407 3274 1658 3332 didicerit
1691 3278 1871 3348 itaque
1892 3279 2048 3348 justi-

454 3362 558 3417 tias
586 3361 821 3426 Domini,
857 3363 1024 3416 Deum
1051 3365 1243 3420 timens
1271 3381 1379 3421 non
1407 3369 1782 3425 confundetur.
1809 3372 2049 3442 Denique

453 3464 510 3508 et
540 3453 739 3530 Paulus
770 3453 845 3507 ait
879 3473 890 3506 :
926 3453 993 3507 In
1025 3456 1167 3510 nullo
1189 3457 1479 3528 confundar
1506 3457 1734 3530 (Philip.
1767 3478 1805 3523 ι,
1838 3460 1954 3532 ‘20).

530 3546 620 3602 18.
657 3547 720 3602 Ει
748 3547 878 3618 quia
911 3549 1090 3604 nullus
1133 3559 1308 3619 potest
1337 3553 1606 3622 perlectus
1657 3569 1780 3611 esse
1827 3558 1946 3612 sine
1968 3557 2046 3610 fa-

465 3656 596 3696 vore
626 3640 744 3704 Dei,
780 3657 956 3707 neque
987 3651 1160 3709 tutus;
1191 3643 1312 3699 ideo
1337 3659 1531 3716 rogare
1556 3647 1740 3714 debet,
1789 3665 1855 3704 ne
1897 3649 2048 3719 peni-

455 3745 542 3789 tus
565 3750 688 3790 eum
713 3735 1058 3805 derelinquat
1091 3737 1252 3792 Deus.
1287 3737 1419 3792 Nam
1450 3755 1612 3809 supra
1639 3744 1848 3813 rogavit
1876 3744 2045 3799 David

448 3843 518 3883 ne
545 3827 1017 3897 derelinqueretur
1046 3829 1233 3885 dicens
1266 3849 1278 3884 :
1311 3830 1391 3885 Ne
1435 3833 1761 3904 derelinquas
1801 3852 1902 3899 me,
1933 3834 2046 3890 Do-

452 3921 589 3974 mine
633 3919 770 3976 Deus
810 3938 952 3976 meus
983 3921 1154 3993 (Psal.
1182 3939 1390 3990 xxxvn,
1422 3924 1549 3996 22);
1585 3927 1671 3980 hic
1699 3927 1775 3982 ait
1809 3946 1820 3980 :
1849 3928 1934 3982 Ne
1955 3929 2047 3983 de-

451 4014 712 4080 relinquas
753 4031 832 4067 me
863 4031 1238 4086 usquequaque,
1282 4017 1384 4073 hoc
1425 4031 1530 4085 est,
1581 4021 1828 4076 multum.
1875 4023 2046 4093 Supra

446 4103 592 4158 {arte
618 4105 771 4172 quasi
799 4106 976 4159 adhuc
1011 4106 1385 4175 imperfectus,
1417 4112 1546 4164 etin
1591 4115 1800 4182 magnis
1831 4125 2046 4182 pertur-

451 4195 764 4250 bationibus
796 4197 1000 4264 positus
1043 4213 1109 4251 ne
1144 4197 1634 4267 derelinqueretur,
1663 4203 1925 4259 timebat:
1961 4205 2048 4262 hic

452 4299 636 4343 autem
667 4289 774 4355 iam
806 4288 997 4341 fortior
1023 4305 1128 4342 non
1164 4290 1318 4344 timet
1346 4289 1648 4361 derelinqui
1678 4306 1734 4348 ιιι
1775 4306 2047 4366 tentetur;

454 4379 550 4435 sed
580 4389 732 4450 rogat
754 4395 822 4433 nc
848 4378 1060 4450 penitus
1101 4380 1526 4451 derelinquatur.
1557 4385 1884 4458 Plerumque
1904 4390 2047 4446 enim

457 4473 786 4544 derelinquit
817 4473 961 4529 Deus
989 4490 1125 4545 quos
1173 4476 1286 4529 vult
1317 4477 1533 4546 probari
1567 4497 1579 4533 :
1615 4481 1827 4548 penitus
1866 4491 2046 4538 autem

2151 3270 2441 3339 ruptioncm
2471 3268 2645 3340 (Psal.
2676 3286 2767 3336 xv,
2802 3270 2908 3339 10).

2616 3401 2848 3462 SERMO
2887 3401 3267 3460 SECUNDUS.

2833 3529 2888 3576 ,ει
2932 3514 3081 3571 Betli.

2227 3631 2277 3684 1.
2309 3629 2328 3703 (
2352 3629 2507 3687 Vers.
2535 3631 2590 3688 9.
2617 3631 2636 3703 )
2667 3632 2735 3686 In
2762 3649 2862 3702 quo
2892 3633 3102 3702 corrigit
3123 3633 3362 3703 juvenior
3390 3633 3524 3698 uiam
3549 3651 3697 3688 suam
3730 3636 3755 3690 ?

2151 3722 2515 3793 Superiorum
2541 3736 2668 3780 octo
2715 3741 2970 3780 versuum
3013 3740 3120 3779 non
3152 3724 3384 3792 absurda
3419 3725 3578 3781 nobis
3605 3727 3759 3783 ceci-

2149 3817 2226 3874 dit
2251 3817 2584 3888 disputatio;
2631 3820 2860 3892 ideoque
2907 3831 2962 3876 et
3008 3823 3288 3892 sequentia
3338 3823 3588 3893 persequi
3635 3832 3759 3878 stu-

2152 3910 2298 3966 dintn
2331 3911 2448 3965 fuit.
2477 3912 2543 3966 Et
2571 3914 2800 3982 primum
2837 3913 3031 3969 litterae
3055 3913 3330 3980 secunda),
3363 3913 3467 3979 hoe
3492 3912 3753 3982 cstBeth,

2148 4003 2528 4074 interpretatio
2553 4005 2946 4062 consideranda
2976 4016 3060 4062 est
3086 4048 3100 4072 ,
3150 4023 3269 4076 quin
3311 4005 3366 4060 in
3405 4007 3571 4062 latino
3621 4022 3759 4064 con-

2158 4112 2335 4163 versa,
2366 4097 2612 4152 confusio
2637 4099 2961 4154 declaratur.
3015 4099 3120 4155 Sed
3151 4101 3240 4169 qui
3279 4099 3418 4154 viam
3447 4114 3600 4164 suam
3628 4114 3757 4155 cor-

2155 4189 2283 4259 rigit
2307 4230 2322 4256 ,
2355 4206 2460 4244 non
2491 4191 2875 4246 confundetur.
2927 4190 3126 4246 Verum
3168 4193 3291 4261 quia
3323 4191 3368 4246 is
3404 4192 3495 4263 qui
3526 4193 3762 4264 corrigit

2155 4292 2280 4338 ante
2308 4282 2360 4336 in
2401 4297 2587 4338 errore
2615 4282 2712 4338 fuit
2745 4283 3057 4357 (quomodo
3094 4286 3238 4340 enim
3267 4286 3594 4356 corrigitur,
3638 4289 3756 4353 nisi

2157 4375 2297 4447 quod
2329 4386 2453 4430 ante
2483 4376 2746 4432 deﬂexita
2766 4379 2966 4448 vero?),
2987 4380 3172 4447 utique
3201 4380 3252 4433 in
3285 4380 3434 4449 lapsu
3456 4381 3758 4452 positus,et

2156 4471 2541 4527 adolescentiae
2569 4473 2696 4527 luxu
2724 4513 2739 4540 ,
2793 4489 2857 4528 ac
2883 4474 3097 4530 lasciva:
3137 4475 3312 4530 aetatis
3339 4486 3527 4548 captus
3572 4476 3761 4533 illece-

456 4565 785 4637 derelinqnit
813 4582 949 4637 quos
971 4567 1192 4623 deserit.
1225 4568 1523 4639 Dereliquit
1565 4571 1781 4640 penitus
1811 4573 2003 4628 ludam
2031 4592 2046 4630 :

2159 4564 2307 4633 bris,
2360 4565 2448 4620 ubi
2498 4565 2566 4620 ad
2607 4567 2910 4636 juventutis
2959 4570 3513 4642 provectuscontinia
3568 4568 3758 4626 sobria

452 4676 560 4715 non
591 4660 881 4732 dereliquit
909 4670 1090 4716 autem
1121 4671 1367 4717 sanctum
1410 4661 1533 4729 Job,
1567 4662 1621 4717 in
1648 4665 1804 4732 cujus
1825 4663 1853 4702 δ
1883 4666 2049 4736 patri-

454 4753 718 4817 monium,
753 4754 806 4807 in
854 4753 1007 4822 cujus
1053 4768 1252 4823 corpus
1290 4761 1612 4823 petestatem
1645 4754 1859 4810 diabolo
1904 4754 2054 4810 dedit

453 4841 578 4915 (Job
625 4859 687 4909 ιι,
711 4843 807 4914 6);
841 4844 894 4898 in
917 4844 1151 4898 animam
1180 4853 1361 4899 autem
1392 4859 1500 4898 non
1527 4846 1696 4900 dedit.
1727 4846 1858 4900 Nam
1890 4847 1938 4902 si
1960 4846 2054 4902 de-

453 4936 626 4993 disset
669 4937 722 4992 in
755 4937 1012 5005 animam,
1043 4939 1258 5006 penitus
1288 4937 1669 5007 dereliquisset
1710 4953 1855 4993 eum.
1885 4939 2051 4994 Num-

454 5029 584 5098 quid
613 5044 716 5084 non
747 5029 866 5084 ideo
896 5029 1189 5085 derelictus
1219 5041 1302 5085 est
1340 5029 1466 5094 Job,
1493 5039 1551 5084 ut
1582 5030 1807 5085 relictus
1848 5031 2050 5100 proba-

451 5129 621 5187 retur,
665 5121 923 5190 probatns
973 5123 1366 5177 coronaretur?
1398 5121 1698 5193 Dereliquit
1745 5123 1907 5193 igitur
1946 5122 2046 5178 Ju-

451 5214 600 5282 dam,
642 5212 730 5270 cui
769 5215 886 5267 ait:
925 5213 1077 5279 Quod
1127 5214 1281 5282 facis,
1331 5218 1415 5284 {ac
1447 5215 1665 5270 celerius
1703 5215 1886 5286 (Joan.
1922 5232 2043 5284 sui,

450 5397 658 5466 punctio
690 5394 1001 5466 declaratur.
1037 5394 1189 5461 Quod
1230 5394 1321 5466 qui
1363 5394 1692 5464 probaverit,
1724 5394 1794 5448 ita
1822 5395 2023 5449 intelli-

487 5477 560 5538 at,
588 5483 651 5520 ac
674 5465 719 5519 si
760 5469 1023 5536 Scriptum
1066 5475 1231 5532 esset,
1265 5465 1486 5531 Quando
1515 5467 1815 5520 introducta
1841 5466 2027 5538 legitur

487 5483 560 5531 at,
588 5483 651 5520 ac
674 5483 719 5519 SI
760 5483 1023 5536 scriptum
1066 5483 1231 5532 esset,
1265 5483 1486 5531 uuanao
1515 5483 1815 5520 tntroaucta
1841 5483 1885 5519 te

448 5483 706 5602 gﬂcclesia,
739 5551 830 5607 per
859 5541 952 5590 hoc
979 5537 1326 5607 passionis....
1351 5546 1548 5602 tempus
1569 5539 1885 5591 declaratur.

523 5610 766 5661 “Omnes
801 5608 957 5674 edit.,
1003 5607 1332 5677 quiescentis
1367 5611 1630 5676 gratiam;
1680 5620 1872 5663 eontra
1899 5621 2029 5662 mss.

492 5692 622 5746 rope
660 5677 726 5731 ad
758 5693 944 5742 unum,
999 5677 1180 5746 quietis
1221 5678 1462 5746 gratiam.
1493 5679 1701 5734 Rursus
1743 5679 1860 5733 sola
1901 5678 2029 5734 edit.

492 5695 622 5746 rope
660 5695 726 5731 au
758 5695 944 5742 unutn,
999 5695 1180 5746 quietis
1221 5695 1462 5746 gratiam.
1493 5695 1701 5734 nursus
1743 5695 1860 5733 sont
1901 5695 2029 5734 eatt.

453 5695 604 5804 Rom.
623 5789 636 5813 ,
665 5748 902 5804 virtutem
941 5749 1296 5816 resurgentis;
1318 5747 1440 5804 alite
1465 5759 1520 5804 et
1540 5750 1715 5805 cuncti
1746 5763 1902 5818 mss.,
1940 5749 2038 5804 vir-

2154 4667 2334 4714 mcntc
2359 4659 2668 4730 resipiscet:
2697 4669 2967 4730 tamquam
2997 4659 3255 4716 confusus
3284 4661 3485 4729 animo,
3513 4674 3761 4731 quonam

2157 4751 2317 4806 modo
2344 4752 2714 4808 erubescenda
2745 4753 3000 4822 deponat,
3019 4764 3075 4809 et
3104 4754 3260 4825 plena
3289 4754 3574 4824 probitatis
3598 4769 3762 4811 assu-

2155 4852 2266 4897 mat
2291 4886 2305 4909 ,
2332 4844 2422 4899 diu
2455 4860 2638 4900 secum
2665 4845 2829 4900 volvit
2855 4862 2870 4911 ;
2918 4831 2972 4902 et
2997 4846 3228 4904 diversis
3256 4847 3519 4904 ﬂuctuans
3546 4849 3761 4920 cogita-

2160 4936 2396 4992 tionibus
2425 4937 2584 4992 librat
2600 4948 2760 5008 atque
2777 4938 3071 5005 examinat,
3100 4937 3379 5007 superiora
3397 4939 3760 5009 obliviscens,

2157 5038 2211 5084 et
2229 5045 2289 5084 ea
2318 5045 2437 5100 qua:
2465 5040 2592 5085 sunt
2612 5031 2792 5100 priora
2819 5042 3101 5101 appetens,
3125 5031 3580 5101 quemadmodum
3606 5033 3760 5090 viam

2155 5138 2306 5178 suam
2335 5125 2590 5195 corrigat,
2614 5123 3078 5194 ollensionetnque
3104 5124 3549 5181 adolescentioris
3575 5128 3762 5184 astatis

2154 5215 2293 5270 seria
2317 5216 2619 5285 iuventutis
2647 5217 2826 5272 fronte
2856 5226 3136 5286 praetexat.
3185 5215 3340 5274 Unde
3383 5235 3450 5276 ne
3474 5220 3565 5276 diu
3594 5218 3762 5274 dubi-

2130 5406 2289 5450 tutem
2312 5399 2724 5452 resurrectionis.

2205 5465 2386 5545 {Post
2410 5483 2619 5545 vocent.
2640 5473 3241 5545 pa_trimonium,ltabent
3254 5472 3319 5528 ed
3329 5473 3386 5527 it.
3401 5515 3414 5537 ,
3437 5474 3535 5545 .lus
3564 5484 3761 5545 tyran-

2137 5539 2281 5612 nidis
2300 5540 2596 5593 adversario
2626 5539 2833 5609 tribuit;
2861 5559 2978 5612 quc
3001 5544 3260 5599 desuntin
3283 5539 3758 5606 mss.Gallieanis.

2219 5609 2336 5686 vlta
2388 5626 2537 5686 tn_ss._
2568 5627 2788 5686 omnes;
2838 5609 2970 5668 edit.
3016 5630 3171 5686 vero,
3225 5615 3453 5680 permisit
3486 5615 3760 5686 e/fectui;

2142 5681 2391 5758 quaedam
2420 5681 2619 5747 Paris.,
2672 5683 2904 5758 effectui.
2940 5685 3083 5740 Alios
3127 5691 3300 5739 autem
3331 5691 3435 5741 non
3465 5681 3756 5758 dereliquit

2144 5755 2422 5821 apostolos,
2448 5769 2576 5822 quos
2601 5767 2720 5808 cum
2746 5757 2976 5822 vidisset,
3007 5765 3115 5811 etc.
