3988 6350
191 301 315 360 I209

1265 302 1331 361 IN
1366 300 1700 362 PSALMUM
1739 301 1950 360 CXVIII
1989 299 2375 361 EXPOSITIO.

3335 302 3477 359 ιειο

187 425 255 472 tet
278 414 607 485 hujusmodi,
637 423 694 470 et
720 415 926 470 incerto
957 413 1157 472 luereat
1179 455 1195 482 ,
1223 415 1316 471 dat
1346 414 1614 485 PrOpheta
1637 429 1769 470 eou-
1796 418 1850 478 Α
1876 422 2094 485 peccata
2123 429 2219 469 sua
2244 457 2259 482 ,
2293 413 2530 485 exagitat
2557 413 2943 470 conscientiam
2987 412 3323 470 consuetudo
3348 428 3476 484 pec-

183 511 386 577 silium,
430 508 588 580 quasi
638 523 761 564 cum
794 524 860 563 eo
889 508 1004 578 ipse
1051 508 1396 575 deliberans;
1450 518 1578 564 tunc
1626 509 1770 563 enim

183 604 468 660 salubriora
499 601 731 657 consilia
759 601 1032 657 credimus
1058 644 1073 668 ,
1115 603 1158 656 si
1190 600 1544 672 propensiore
1600 600 1772 657 medi—

184 697 372 749 tatione
392 693 706 750 examinata
734 691 1038 747 videantur.
1085 692 1191 749 Sed
1224 693 1338 764 ipsa
1364 691 1772 748 deliberationis

178 788 451 860 susceptio
480 786 636 841 docta
667 785 988 840 definitione
1012 785 1394 856 distinguitur,
1430 794 1487 840 ut
1533 786 1774 840 diversa-

178 896 286 934 rum
313 879 702 950 cogitationum
731 891 1033 932 concursus
1061 879 1270 932 auferat
1297 877 1485 932 dicens
1516 895 1528 929 :
1582 876 1647 930 lu
1675 893 1772 947 quo

175 972 373 1042 corrigit
410 971 659 1044 juvenior
685 970 818 1024 uiam
861 971 1048 1023 suout?
1097 971 1193 1026 llic
1237 972 1381 1025 enim
1418 969 1772 1025 deliberantis

175 1072 253 1120 est
292 1062 412 1118 fmis
439 1105 453 1127 ,
488 1077 599 1132 quo
626 1062 766 1115 viam
792 1076 945 1115 suam
975 1063 1228 1132 corrigat.

241 1157 291 1211 2.
323 1156 385 1211 Et
408 1156 693 1225 respondit
724 1174 738 1209 :
769 1152 834 1208 In
856 1156 1193 1209 custodiendo
1220 1156 1370 1211 verba
1400 1167 1507 1210 tua.
1543 1155 1609 1209 Et
1634 1155 1771 1210 bene

173 1252 236 1304 ad
259 1250 546 1304 Dominum
576 1262 874 1303 conversus
904 1248 1185 1318 respondit
1217 1249 1538 1312 deliberanti
1561 1290 1576 1310 .
1617 1248 1769 1318 quasi

173 1355 325 1411 prece
372 1350 539 1410 atque
593 1340 844 1394 oratione
895 1339 1072 1394 delata
1107 1341 1392 1396 consilium
1422 1340 1526 1395 hoc
1558 1340 1767 1395 Domini

172 1431 525 1503 inspiratione
557 1431 821 1501 repererit
849 1448 862 1492 ;
895 1438 953 1484 ut
982 1446 1088 1486 non
1116 1433 1556 1502 praesumptionis
1583 1433 1766 1486 Imma-

175 1541 290 1591 ntc,
336 1525 433 1581 sed
481 1524 812 1594 dignationis
840 1524 1040 1578 divina:
1086 1525 1386 1580 remedium
1431 1525 1766 1580 crederetur.

169 1617 310 1673 Meus
355 1619 502 1673 enim
550 1628 738 1672 nostra
791 1617 1079 1672 verborum
1128 1620 1430 1674 caelestium
1475 1633 1768 1688 conspersa

168 1713 458 1769 seminibus
482 1755 497 1777 ,
529 1727 651 1782 qute
674 1721 799 1766 ante
821 1710 1186 1781 degenerabat
1218 1713 1272 1767 in
1298 1714 1556 1782 stirpibus
1584 1754 1598 1777 ,
1650 1728 1765 1766 me-

1875 507 2070 574 candi,
2101 517 2155 562 et
2183 521 2313 562 usus
2341 509 2544 562 erroris
2570 507 2878 563 instabilem
2929 507 3080 563 facit.
3129 507 3470 564 Luctandum

1875 611 1960 657 est
1983 601 2073 656 diu
2106 600 2412 671 hnjnsmodi
2438 601 2575 670 viro,
2608 612 2628 640 ο
2663 610 2723 657 ιιι
2749 601 3072 658 abolefaciat
3113 603 3163 657 in
3192 603 3474 672 iuventute

1874 695 2012 752 facta
2043 697 2340 750 inveterata
2366 704 2530 767 atque
2556 695 2832 752 diuturna.
2881 695 3017 750 Huic
3043 695 3095 750 in
3123 695 3362 767 periculo
3388 711 3476 753 res

1874 771 1975 853 esi,
2013 789 2086 843 illi
2116 789 2169 843 in
2200 789 2363 844 bono.

1943 880 1999 935 4.
2035 879 2274 951 Denique
2300 880 2507 936 sedebit
2536 881 2628 936 ille
2671 880 3022 953 singulariter
3045 924 3061 949 ,
3110 883 3266 954 quasi
3304 883 3348 938 is
3378 881 3469 954 qui

1874 971 2031 1027 facile
2077 988 2182 1028 non
2229 973 2466 1029 inveniat
2510 973 2772 1043 aequalem
2798 1016 2814 1040 ,
2857 974 3220 1044 singularibus
3245 975 3478 1030 donatus

1872 1066 2141 1136 praemiis:
2169 1075 2223 1121 et
2249 1066 2426 1121 silebit
2453 1066 2667 1136 quietus
2696 1076 2749 1120 et
2771 1067 2992 1122 feriatus
3021 1068 3090 1122 ab
3119 1069 3266 1122 omni
3308 1067 3474 1123 inter-

1873 1157 2168 1227 pellatione
2201 1160 2488 1214 mundanae
2513 1160 2894 1215 sollicitudinis
2919 1202 2932 1224 ,
2964 1170 3020 1216 et
3054 1162 3390 1230 voluptatis:
3422 1169 3477 1216 ct

1873 1251 2073 1307 divinis
2104 1254 2317 1307 vacabit
2343 1253 2579 1308 oraculis
2606 1296 2620 1319 ,
2654 1270 2777 1325 qua:
2805 1254 2984 1309 solent
3014 1255 3360 1325 singulariter
3385 1270 3474 1310 se-

1875 1344 2130 1400 dentibus
2159 1346 2423 1410 revelari,
2457 1346 2594 1401 sicut
2624 1355 2811 1400 sancto
2843 1346 3038 1413 David,
3069 1349 3160 1417 qui
3191 1348 3302 1401 ait:
3345 1346 3486 1414 Quo-

1873 1436 2011 1489 niam
2053 1446 2106 1488 tu
2150 1437 2480 1506 singulariter
2499 1438 2555 1490 in
2589 1453 2677 1502 spe
2707 1438 3017 1491 constituisti
3048 1454 3128 1490 me
3156 1437 3176 1508 (
3202 1436 3350 1492 Psal.
3385 1453 3438 1492 tv
3458 1479 3473 1504 ,

1874 1527 1988 1596 10).
2020 1528 2084 1581 Ει
2113 1527 2198 1582 hic
2227 1529 2444 1598 quidem
2469 1544 2576 1582 non
2609 1528 2662 1582 in
2693 1535 2908 1582 secreto
2934 1527 3084 1582 solus
3111 1527 3354 1595 sedebat,
3383 1528 3478 1583 sed

1872 1635 1994 1674 cum
2027 1628 2287 1690 prteesset
2316 1620 2568 1690 p0pu|is;
2617 1619 2876 1691 singulari
2908 1630 3086 1675 tamen
3135 1621 3305 1690 gratia
3341 1635 3480 1691 prte-

1873 1713 2130 1768 minebat.
2175 1714 2320 1769 Elias
2348 1714 2494 1768 solus
2521 1713 2786 1781 sedebat,
2837 1729 2958 1768 cum
3001 1713 3070 1768 ab
3111 1715 3302 1783 angelo
3328 1755 3343 1778 ,
3391 1713 3478 1770 vel

167 1805 325 1860 liores
351 1806 529 1860 cultus
562 1804 727 1859 edere
754 1847 766 1870 ,
796 1803 1112 1876 fructusque
1144 1804 1338 1860 afferre
1369 1807 1576 1874 incipit.
1629 1805 1770 1860 Diri-
1798 1811 1846 1870 B
1874 1807 2036 1860 etiam
2067 1807 2246 1861 corvis
2267 1808 2444 1862 cibum
2473 1807 2850 1862 deferentibus
2876 1817 3190 1878 pasceretur
3215 1809 3306 1879 (Ill
3339 1808 3470 1881 Reg.

165 1913 348 1968 gamus
374 1899 539 1969 igitur
572 1899 799 1952 semitas
828 1909 1062 1966 nostras,
1099 1914 1199 1954 nec
1236 1899 1464 1954 tortuosi
1496 1898 1767 1969 serpentis

168 2006 459 2060 sequamur
489 1991 790 2046 anfractus.
843 1991 954 2046 Viae
987 1993 1132 2048 enim
1160 1993 1376 2049 Domini
1408 2007 1607 2059 reetae;
1640 2009 1766 2063 per-

163 2099 335 2139 versa:
362 2093 540 2138 autem
569 2085 670 2138 via:
699 2085 996 2138 errantium
1029 2127 1043 2150 ,
1090 2085 1157 2140 de
1202 2085 1396 2155 quibus
1426 2085 1626 2143 dicitur
1655 2105 1668 2140 :
1720 2086 1764 2140 0

161 2179 251 2247 qui
279 2179 584 2242 reliquerunt
613 2179 823 2232 semitas
847 2188 1010 2233 rectas
1036 2179 1052 2247 (
1078 2178 1234 2234 Prov.
1265 2195 1323 2244 ιι,
1359 2181 1460 2249 15)
1489 2182 1502 2234 l
1533 2179 1590 2234 lu
1623 2181 1767 2235 ordi-

162 2291 286 2331 nem
315 2291 470 2346 seges
499 2277 615 2330 laeta
641 2277 970 2346 porrigitur,
1016 2285 1176 2345 atque
1218 2274 1270 2327 in
1314 2288 1528 2327 versum
1572 2288 1765 2342 quem-

161 2368 283 2423 dam
318 2369 496 2424 vineta
540 2379 849 2439 ponuntur;
895 2384 1182 2423 cervorum
1234 2383 1425 2422 cursus
1466 2367 1762 2435 directior,

160 2461 459 2528 vulpecula:
485 2460 780 2515 flexuosus.
827 2459 954 2515 ldeo
979 2460 1048 2514 de
1079 2458 1289 2513 Herode
1331 2459 1527 2513 dicitur
1575 2476 1588 2512 :
1645 2457 1725 2512 Ite
1748 2500 1762 2526 ,

161 2553 313 2608 dicite
342 2554 486 2622 vulpi
513 2554 591 2607 illi
616 2553 770 2622 (Luc.
808 2568 927 2619 xui,
964 2549 1112 2621 '59);
1145 2551 1268 2620 quia
1297 2549 1597 2605 deﬂexerat
1624 2565 1652 2604 a
1683 2549 1766 2604 via

162 2656 332 2707 recta,
368 2662 468 2700 nec
500 2648 601 2700 iter
635 2661 792 2699 suum
828 2646 879 2698 in
916 2644 1204 2715 juvcntnte
1250 2651 1601 2698 correxcrat:
1652 2641 1768 2710 dig-

157 2751 261 2792 nus
291 2736 580 2792 Hieremiae
606 2735 850 2800 Threno,
881 2751 989 2806 quo
1020 2734 1290 2789 deﬂentur
1315 2741 1646 2803 peceatores,
1675 2731 1767 2801 qui

152 2834 341 2901 jugum
374 2831 526 2886 verbi
554 2830 606 2884 in
625 2830 792 2901 982
816 2832 1100 2897 juvenlule
1127 2827 1401 2895 suscipere
1425 2835 1764 2880 recusarunt.

155 2923 279 2979 Ideo
310 2923 517 2992 captivi
541 2924 684 2976 ducti
715 2933 844 2976 sunt
869 2963 886 2988 ,
930 2921 1053 2975 ideo
1094 2919 1450 2988 deploranlur
1495 2929 1765 2988 tamquam

157 3015 406 3079 mortui;
462 3015 585 3082 quia
640 3015 767 3068 vitae
827 3015 1135 3068 nescierunt
1198 3012 1455 3076 semitas,
1508 3018 1562 3064 et
1609 3010 1766 3080 digna

154 3122 320 3177 opera
372 3115 397 3141 ⁸
431 3104 754 3159 cadaverum
799 3103 955 3158 busto
981 3121 1087 3158 non
1136 3104 1568 3182 declinaverunt.
1601 3101 1768 3158 Flens

1873 1915 1999 1964 xvu,
2035 1900 2090 1967 ϐ,
2114 1909 2159 1952 et
2187 1915 2295 1963 xix,
2327 1899 2405 1971 7).
2434 1900 2595 1955 Solus
2627 1915 2732 1954 non
2764 1900 2940 1956 solum
2963 1910 3210 1958 secretus
3230 1916 3260 1956 a
3281 1902 3474 1969 turbis,

1871 2006 2056 2045 verum
2089 1991 2250 2044 etiam
2278 2001 2592 2060 segregatus
2615 2006 2643 2044 a
2674 1993 2882 2046 meritis
2915 1992 3288 2062 plurimorum.
3318 1993 3481 2048 Deni-

1871 2097 1976 2152 que
2007 2083 2367 2137 revelationes
2399 2083 2474 2138 illi
2508 2082 2704 2138 divina:
2731 2085 2920 2152 gratite
2943 2083 3301 2154 refulgebant,
3327 2085 3479 2156 cujus

1873 2179 2114 2232 muneris
2147 2179 2374 2232 fructum
2407 2194 2502 2248 pro
2527 2179 2780 2233 mercede
2809 2177 3213 2247 adipiscebatur
3239 2196 3254 2244 ;
3283 2180 3410 2250 quia
3443 2193 3472 2233 a

1866 2268 2146 2337 iuventute
2173 2284 2267 2322 sua
2295 2269 2481 2339 jugum
2506 2269 2655 2325 verbi
2685 2269 3089 2339 suscipiendum
3116 2270 3341 2340 putavit,
3374 2284 3475 2326 nec

1873 2359 2132 2415 trahenda
2161 2360 2320 2430 longe
2355 2361 2560 2415 diutius
2589 2360 2716 2416 fune
2742 2372 2986 2431 peccata.

1944 2453 1998 2507 5.
2049 2453 2505 2522 Potestjuvenior
2532 2455 2634 2508 iste
2661 2453 2750 2523 qtti
2781 2453 2910 2508 fecit
2950 2453 3150 2508 bonum
3177 2493 3194 2519 ,
3240 2451 3479 2508 tollendo

1867 2547 1924 2606 in
1948 2547 2232 2616 juventute
2255 2546 2442 2617 jugunt
2471 2547 2644 2613 verbi,
2681 2547 2914 2602 nondum
2948 2546 3244 2617 perfectus,
3272 2549 3361 2617 qui
3385 2546 3479 2600 ad-

1877 2641 1982 2695 huc
2004 2641 2256 2711 juvenior
2279 2680 2295 2706 ,
2339 2657 2636 2712 segregans
2664 2657 2794 2695 vero
2838 2656 2897 2696 se
2928 2656 2956 2694 ιι
2989 2642 3275 2712 colloquiis
3295 2656 3479 2710 a-qua-

1874 2735 2000 2789 lium
2029 2777 2044 2802 ,
2092 2753 2212 2806 qum
2240 2737 2555 2805 plerumque
2578 2744 2935 2804 corrumpunt
2972 2736 3144 2791 bonos
3174 2749 3355 2790 mores
3377 2776 3392 2801 ,
3421 2744 3478 2790 et

1871 2829 2116 2897 contagia
2151 2828 2338 2881 volens
2368 2827 2552 2898 fugere
2580 2829 2920 2896 peccantium
2951 2844 2965 2890 ;
3014 2828 3083 2881 ita
3119 2827 3343 2896 intelligi
3369 2827 3481 2881 sin-

1876 2920 2137 2990 gulariter
2159 2921 2348 2976 sedere
2391 2931 2444 2974 et
2491 2919 2658 2974 silere
2687 2961 2702 2987 ,
2733 2934 2801 2974 ne
2827 2920 2976 2974 rudis
3016 2921 3192 2974 tctatis
3222 2919 3479 2974 facilitate

1873 3010 2082 3065 labatur
2109 3028 2120 3062 :
2153 3011 2250 3066 sed
2280 3011 2560 3067 intendere
2581 3013 2859 3066 seniorum
2903 3012 3209 3081 praeceptis,
3245 3011 3478 3082 prophe-

1874 3115 2045 3161 tarum
2075 3105 2327 3172 oraculis,
2363 3106 2734 3173 apostolorum
2768 3105 3096 3175 magisteriis
3124 3123 3135 3158 :
3172 3105 3476 3161 laudandus

157 3213 287 3269 ergo
320 3207 556 3252 mortem
585 3205 896 3267 perpetuam
917 3196 1252 3261 Judaeorutn,
1278 3195 1762 3250 dicitllieretnias:
1793 3199 1838 3262 ρ
1871 3213 1937 3252 eo
1967 3199 2091 3267 quia
2127 3198 2273 3267 prius
2306 3197 2419 3252 volt
2451 3197 2722 3267 loquenda
2754 3213 3087 3266 cognoscere
3108 3240 3122 3264 ,
3163 3213 3322 3268 quam
3353 3213 3481 3268 pro-

158 3290 365 3344 Bonum
394 3299 469 3344 est
499 3289 607 3343 viro
638 3307 755 3343 cum
783 3289 916 3343 tollit
939 3290 1126 3360 jugum
1150 3290 1489 3360 injurentute
1515 3304 1533 3341 :
1572 3286 1764 3341 sedebit

158 3384 562 3455 singulariter,et
579 3383 744 3436 silebit
761 3383 1098 3451 ;quiatulitin
1111 3379 1391 3452 se(T/treu.
1410 3379 1571 3444 111,27
1587 3391 1630 3434 et
1645 3379 1758 3452 28).

226 3481 277 3535 5.
310 3479 432 3534 Non
461 3479 636 3532 solum
673 3478 862 3532 tollere
887 3476 1076 3547 jugum
1117 3476 1307 3541 verbi,
1355 3475 1448 3531 sed
1488 3476 1541 3530 in
1571 3476 1762 3544 juven-

156 3581 270 3627 tute
301 3571 570 3626 debemus
597 3570 812 3624 tollere.
843 3569 898 3624 Si
927 3570 1070 3624 enim
1100 3585 1226 3624 sero
1258 3569 1541 3631 tollamus,
1573 3567 1764 3636 incipi-

153 3679 276 3719 mus
305 3661 334 3700 ι’
369 3662 744 3733 penitentiam
774 3661 1113 3729 superiorum
1148 3661 1317 3729 magis
1347 3659 1570 3724 habere,
1603 3673 1762 3729 quam

154 3768 342 3813 tenere
367 3755 618 3826 gratiam.
670 3753 1077 3809 Praereniamus
1108 3769 1235 3822 ergo
1259 3753 1552 3821 juventutis
1591 3766 1764 3806 annos

151 3850 500 3905 correctione
529 3862 802 3916 congrua;
832 3855 888 3899 ut
912 3845 1078 3916 magis
1111 3844 1354 3898 dicamus
1373 3842 1598 3913 singuli:
1626 3842 1764 3897 Deus

152 3945 241 4010 qui
263 3941 437 4011 pascis
467 3956 545 3992 nte
570 3956 602 3992 a
622 3942 894 4011 juventutc
925 3955 1036 3991 mea
1058 3936 1210 4008 (Gen.
1233 3952 1420 4004 XLVIII,
1443 3934 1534 4006 15)
1562 3953 1574 3998 ;
1602 3951 1763 4006 quam

153 4033 595 4090 recordatiOnem
629 4031 890 4086 habentes
921 4030 1125 4100 lapsum
1156 4029 1454 4101 defleamus
1484 4028 1760 4084 dicentes:

153 4127 364 4180 Delicta
403 4125 688 4196 juventutis
720 4141 844 4177 meae
877 4164 892 4186 ,
934 4133 982 4176 et
1004 4123 1311 4193 ignorantia:
1348 4139 1472 4176 mea:
1503 4140 1564 4177 ne
1591 4125 1768 4178 menti-

151 4221 295 4276 neris
321 4221 342 4291 (
367 4219 520 4276 l’sal.
551 4235 668 4286 XIV,
698 4220 728 4273 7
754 4221 790 4287 ).
844 4217 957 4272 Hoc
984 4218 1282 4273 debilitatis
1311 4229 1393 4273 est
1423 4219 1722 4273 remedium
1748 4261 1762 4285 ,

152 4312 290 4367 illud
325 4311 501 4366 robur
527 4311 740 4367 salutis.
787 4309 992 4365 Salutis
1023 4310 1288 4364 medicina
1321 4310 1529 4365 vulneri
1563 4311 1765 4380 quteri-

152 4418 245 4461 tur
272 4427 286 4460 :
315 4406 494 4477 gratia
523 4403 1032 4472 s:initati.aldeoque
1057 4404 1160 4457 ait:
1183 4401 1383 4456 Bonum
1405 4413 1477 4456 est
1498 4404 1624 4464 viro,
1651 4419 1766 4455 cum

154 4501 294 4554 tollit
315 4500 510 4571 jugnm
540 4499 592 4552 iu
608 4501 879 4570 juventute
911 4499 930 4567 (
956 4495 1146 4550 Thren.
1174 4512 1232 4550 ιιι
1255 4536 1270 4559 ,
1296 4496 1363 4549 9.7
1388 4494 1428 4565 ).
1478 4495 1538 4549 ιξι
1587 4505 1764 4549 autem

1871 3287 2014 3344 ferre
2041 3304 2159 3358 quae
2185 3289 2382 3344 sentiat
2410 3305 2424 3352 ;
2454 3297 2744 3360 antequam
2771 3289 2916 3358 loqui
2949 3289 3158 3354 discat,
3186 3289 3383 3342 timens
3412 3305 3480 3345 ne

1872 3383 2212 3453 multiloquio
2242 3393 2521 3452 peccatum
2553 3385 2862 3440 contrahat.
2891 3384 3047 3440 Unde
3073 3394 3207 3455 puto
3228 3394 3281 3438 et
3313 3381 3339 3420 ἀ
3373 3383 3477 3455 Py-

1872 3476 2152 3546 thagoram
2179 3477 2331 3532 illttm
2362 3477 2740 3548 philosophum
2769 3478 3096 3534 imitatorem
3137 3472 3352 3548 juvenis
3381 3479 3478 3532 hu-

1841 3572 1957 3643 ‘jus
1985 3572 2150 3645 983
2180 3572 2481 3643 prephetici
2513 3574 2811 3629 instituisse
2839 3585 3044 3628 sectam
3076 3613 3089 3636 ,
3135 3583 3192 3626 ut
3230 3572 3478 3642 discipuli

1870 3666 1952 3721 sui
1999 3665 2366 3734 quinquennio
2393 3680 2499 3719 non
2545 3667 2829 3734 loquentes
2878 3675 3029 3720 tanto
3072 3663 3292 3719 silentio
3326 3665 3475 3734 loqui

1870 3755 2179 3821 discerent;
2211 3771 2332 3810 cum
2366 3757 2667 3826 praesertim
2702 3769 2753 3811 et
2784 3756 2979 3820 David,
3014 3756 3312 3824 superioris
3342 3766 3473 3809 teta-

1872 3848 1940 3903 tis
1970 3864 2127 3919 quam
2161 3849 2520 3920 Pythagoram
2546 3849 2712 3904 fuisse
2743 3866 2849 3904 non
2873 3849 3091 3903 dubium
3119 3850 3209 3909 sit.
3243 3849 3330 3918 qui
3362 3850 3471 3904 ait:

1871 3941 2019 4006 Dixi,
2047 3944 2331 3996 custodiam
2362 3943 2471 3996 vias
2503 3959 2659 4002 meas,
2681 3953 2734 3995 ut
2761 3959 2862 3994 non
2889 3942 3188 4008 delinquant
3217 3943 3270 3992 in
3299 3941 3476 4010 lingua

1871 4051 2005 4088 mea.
2036 4033 2200 4087 Ροδαὶ
2230 4034 2307 4086 ori
2338 4049 2448 4086 meo
2491 4034 2780 4086 custodiant
2809 4031 2994 4103 (Psal.
3025 4046 3249 4092 χχιιι-ιιι.
3275 4029 3308 4084 ‘2
3332 4029 3370 4100 ).
3407 4032 3476 4087 Et

1871 4127 1995 4196 quia
2018 4125 2154 4178 forte
2185 4123 2474 4193 aliquando
2504 4123 2704 4192 aliquid
2739 4124 2951 4178 locutus
2977 4131 3122 4177 esset
3166 4122 3471 4187 incautius;

1874 4217 1994 4271 ideo
2023 4226 2215 4284 postea,
2255 4231 2284 4270 a
2322 4215 2429 4271 Deo
2460 4217 2589 4286 poni
2622 4215 2704 4270 ori
2749 4232 2846 4270 suo
2896 4213 3201 4270 custodiam
3235 4214 3475 4284 postula-

1873 4309 1970 4362 vit.
2016 4308 2232 4363 Esaiam
2265 4324 2480 4377 quoque
2530 4307 2896 4377 pythagoricis
2943 4308 3272 4361 anteriorem
3308 4305 3477 4361 fuisse

1871 4402 1992 4471 quis
2015 4401 2264 4468 nesciat?
2291 4401 2538 4469 Quicum
2569 4401 2833 4466 audisset,
2859 4401 3028 4454 clama
3059 4399 3231 4473 (Esai.
3256 4416 3346 4464 XL,
3375 4399 3430 4470 6)
3456 4416 3469 4464 ;

1872 4509 1979 4550 non
2007 4494 2158 4565 prius
2186 4495 2522 4560 clamaverit,
2558 4510 2718 4563 quam
2747 4493 2956 4549 audiret
2974 4493 3100 4562 qttid
3121 4492 3360 4546 clamare
3373 4491 3472 4546 dc-

151 4593 244 4662 qui
277 4603 406 4661 p05t
430 4590 673 4645 decursa:
689 4588 989 4659 juventutis
1017 4603 1191 4642 annos
1217 4587 1402 4658 jugum
1425 4587 1626 4653 tulerit,
1661 4601 1767 4642 non
1796 4591 1846 4650 D
1874 4588 2045 4643 heret.
2082 4587 2380 4656 Respondit
2409 4587 2552 4642 enim
2583 4605 2596 4641 :
2634 4585 2770 4652 Quid
2798 4585 3030 4639 clamabo
3065 4582 3252 4654 (Ibid.)
3273 4583 3296 4636 ?
3321 4581 3474 4639 Unde

152 4694 240 4739 est
278 4682 469 4738 statim
496 4682 800 4754 perfectum
840 4681 1067 4736 bonum.
1115 4681 1406 4737 Stimulant
1445 4681 1587 4736 enim
1638 4695 1762 4736 eum

226 4881 255 4908 ἰ
287 4871 555 4941 Tangitur
571 4869 910 4941 Graecorum,
933 4869 1412 4938 Romanorumque
1431 4867 1770 4941 consuetudo

153 4939 814 5012 urendicadaverazquo
839 4939 1104 5012 supplicio
1143 4942 1329 5011 gravia
1368 4953 1584 5012 peccata
1607 4939 1768 5010 digna

149 5015 439 5075 dicuntur.

220 5083 256 5123 ι’
300 5085 439 5139 Mss.
474 5098 666 5138 omnes
691 5083 881 5138 Gallici
909 5125 924 5149 ,
958 5081 1265 5153 sapientiam
1291 5083 1655 5154 superiorum;
1685 5081 1767 5135 vel

146 5167 208 5210 ut
235 5155 496 5210 nmmulli
520 5157 744 5219 habent,
770 5154 1122 5222 superborum,
1153 5164 1243 5207 aut
1271 5155 1435 5208 etiam
1467 5163 1525 5208 ut
1551 5155 1664 5216 alii,
1682 5169 1768 5205 su-

144 5242 462 5295 pernorum.
508 5225 710 5290 Verum
760 5225 886 5294 quid
936 5241 1040 5295 per,
1077 5224 1396 5287 sapientiam
1425 5224 1770 5295 Ambrosius

143 5294 258 5352 Sibi
293 5297 503 5361 vellet,
557 5312 663 5351 non
693 5294 959 5351 videmus.
1013 5294 1283 5363 Quocirca
1325 5294 1502 5366 potior
1555 5295 1770 5349 videtur

146 5366 292 5422 edit.
314 5371 570 5424 omnium
597 5368 786 5423 lectio.

229 5472 256 5499 ο
293 5461 502 5518 Omnes
528 5460 664 5516 edit.
694 5475 758 5513 ac
787 5474 918 5515 mss.
952 5459 1172 5527 aliquot,
1208 5469 1264 5512 ut
1287 5458 1592 5525 abolefaciat
1632 5458 1772 5510 inve-

151 5541 335 5587 terata
356 5575 374 5599 ,
402 5543 514 5589 etc.
560 5532 666 5586 Alii
699 5531 886 5601 plures
915 5546 976 5584 ac
1010 5530 1275 5600 potiores,
1305 5539 1360 5582 ut
1387 5528 1692 5601 abolefnciat
1724 5529 1777 5582 in

133 5605 428 5674 juventam
453 5608 592 5676 facta
615 5599 937 5663 inveterata;
970 5601 1020 5676 id
1050 5611 1153 5664 est,
1181 5611 1240 5654 ut
1262 5601 1473 5676 impleat
1497 5599 1775 5676 eaquibus

144 5670 258 5746 per
285 5670 465 5730 totam
488 5675 834 5746 juventutem
855 5714 878 5746 _,
921 5673 1021 5725 sub
1050 5686 1157 5742 qua
1185 5670 1412 5740 pueritia
1459 5670 1774 5725 adolescen-

147 5743 351 5821 tiagge
381 5743 1420 5821 hiecomprehenduntur,_assite_verat.

229 5792 656 5889 ἳίἶιιᾶἶιῖἆιῖιὶῖ
665 5792 1656 5888 aaa'daaa‘i‘sytia'gaata’tii'sapiina
1684 5827 1778 5868 ne-

1871 4680 2077 4738 dictum
2105 4689 2191 4735 est
2214 4681 2296 4735 ei:
2329 4679 2509 4733 Omnis
2532 4695 2649 4732 caro
2661 4680 2859 4749 fenum,
2885 4687 2929 4731 et
2952 4677 3118 4731 onmis
3141 4676 3312 4746 gloria
3335 4676 3470 4744 ejus,

1875 4880 1965 4922 mo
1996 4864 2168 4919 nescit
2198 4863 2249 4915 in
2283 4862 2500 4917 silentio
2527 4861 2693 4917 fuisse
2725 4861 2976 4930 positum.
3005 4859 3117 4915 Hoc
3144 4869 3326 4914 autem
3358 4869 3475 4913 erat

1873 4934 2368 5004 duplicisrationis.
2404 4934 2638 4988 Primum
2672 4931 2813 5002 quod
2834 4934 3113 5004 ἐχεμυθίαν
3128 4930 3471 5004 dictitabant,

1875 5001 2156 5075 discipulis
2185 5021 2588 5074 nonnumquam
2623 5001 3001 5068 inltienni'uin,
3026 5002 3225 5075 saepius
3247 5001 3299 5054 in
3317 5001 3474 5071 quin-

1875 5072 2169 5148 quennium
2213 5072 2587 5131 indicebatur:
2638 5076 2870 5148 alterum
2918 5089 3027 5148 quo
3078 5072 3329 5148 profanos
3377 5086 3473 5125 sua

1875 5143 2131 5204 uelabant
2182 5148 2479 5217 mysteria;
2542 5155 2598 5201 et
2637 5145 2737 5199 hoc
2782 5143 3028 5209 παντελὲς
3074 5143 3476 5217 nominabatur.

1875 5221 2027 5288 Quod
2062 5235 2188 5273 vero
2213 5213 2280 5273 ex
2308 5217 2524 5272 Davidis
2559 5227 2718 5286 atque
2742 5217 2893 5270 Isaia:
2910 5218 3126 5286 scriptis
3147 5217 3310 5268 multa
3332 5213 3476 5267 edis-

1875 5307 2000 5346 cere
2033 5291 2289 5360 potuerit,
2325 5303 2421 5343 ncc
2448 5290 2584 5342 ratio
2606 5289 3318 5360 chronologicarepugnat;
3351 5298 3474 5338 cum

1876 5363 1971 5417 illo
2001 5355 2216 5431 quidem
2246 5358 2372 5424 556,
2408 5360 2509 5414 hoc
2535 5358 2849 5431 autemﬁlti
2876 5355 3034 5431 annis
3089 5355 3356 5431 posterior
3376 5369 3476 5408 ex-

1877 5426 2072 5488 stiterit
2102 5451 2114 5484 :
2147 5443 2199 5486 et
2232 5439 2493 5500 prum-rea
2527 5432 2668 5483 favet
2698 5429 2778 5482 Fl.
2807 5429 3055 5500 Iosephi,
3081 5426 3351 5500 Origo-nis,
3378 5441 3477 5481 nec

1878 5519 1985 5559 non
2009 5497 2310 5557 Clementis
2338 5502 2564 5556 Alexan.
2598 5501 2914 5554 auctoritas.
2957 5497 3192 5553 Censnle
3223 5513 3386 5567 super
3411 5512 3474 5552 ea

1879 5592 1937 5631 re
1966 5575 2122 5628 Joan.
2155 5572 2282 5628 Ger.
2340 5571 2584 5626 Vossium
2613 5570 2676 5624 de
2704 5569 3141 5642 Philosophontm
3172 5570 3325 5642 sectis
3352 5584 3473 5636 cap.

1878 5647 1934 5709 6,
1969 5645 1996 5717 §
2027 5647 2078 5700 5.
2124 5645 2261 5717 Vide
2285 5643 2447 5698 etiam
2473 5659 2606 5717 qu:c
2625 5658 2722 5717 nos
2751 5641 2843 5696 lib.
2873 5639 2997 5717 ιιίίε
3020 5639 3475 5717 ﬁbra/tangunt)?

1880 5711 2146 5784 “fnum.
2175 5715 2267 5784 20,
2297 5717 2437 5771 sicut
2461 5711 2515 5769 et
2546 5716 2611 5770 ad
2643 5714 2846 5770 calcent
2876 5711 3156 5770 Admonit.
3202 5713 3256 5768 ιιι
3286 5711 3378 5767 lib.
3413 5711 3478 5767 de

1878 5787 2024 5846 Bono
2041 5790 2216 5844 mortis
2246 5786 2677 5844 observavimus.
3523 5797 3532 5806 '
