3988 6348
530 281 660 335 ιξιι

1872 274 2121 335 ’.6ιὶΝοΤί
2157 277 2485 337 ΜΙΒἊΟΘΙΙ

3688 277 3821 333 liii!

524 406 580 448 ut
598 397 701 465 ﬂos
728 396 856 467 feni;
900 395 1048 450 Arsit
1074 401 1249 467 fenum
1280 403 1326 450 et
1366 396 1466 465 ﬂos
1504 397 1617 468 ejus
1652 393 1845 448 decidit
1869 411 1888 448 :
1915 393 2121 449 verbum
2145 398 2197 457 Α
2230 393 2403 448 Fusce
2432 410 2567 461 suta,
2592 402 2642 448 et
2664 397 2867 459 decora,
2894 394 3021 463 ﬁlia
3050 393 3379 448 Hierusalem
3409 394 3429 463 (
3453 392 3603 449 Cant.
3637 410 3688 461 t,
3719 394 3752 446 4
3770 399 3820 465 );

524 498 697 543 autem
730 486 938 543 Domini
963 497 1132 542 ntartet
1157 490 1213 542 in
1238 498 1487 542 teternum
1509 486 1528 559 (
1553 484 1695 541 Ibid.
1723 524 1738 552 ,
1763 485 1798 541 6
1818 514 1890 527 --
1909 485 1945 543 8
1966 486 1988 558 )
2013 502 2029 552 ;
2073 493 2128 542 et

527 579 840 652 prophetica
870 592 1006 636 voce
1033 579 1309 636 clamavit.

597 673 653 730 6.
702 670 939 744 Uterque
967 672 1130 742 igitur
1155 672 1371 743 juvenis
1402 671 1816 747 praedicandum
1867 679 1896 711 ι
1931 671 2024 727 ille
2048 680 2129 726 ta-

528 784 650 824 men
679 783 870 835 serus,
926 766 1013 822 hic
1035 777 1269 834 cautus;
1313 767 1401 822 ille
1435 782 1495 823 se
1534 766 1655 837 ipso
1698 774 2020 832 contentus,
2073 773 2128 821 et

526 874 822 931 numquam
852 859 955 915 sibi
1002 858 1199 913 solus:
1242 858 1349 915 iste
1391 857 1664 928 pulchram
1711 856 1859 914 atati
1908 856 2129 913 lubricas

525 950 866 1021 disciplinam
896 948 1207 1007 adsciscens
1235 950 1437 1005 silentii
1461 966 1479 1017 ;
1510 964 1609 1005 nec
1634 949 1813 1005 adhuc
1830 949 1931 1004 sibi
1957 949 2132 1005 abun-

525 1043 680 1111 dans,
711 1041 807 1098 sed
835 1041 957 1098 aliis
987 1057 1046 1098 se
1078 1042 1275 1098 timens
1300 1040 1564 1097 credere:
1610 1054 1861 1110 quaerens
1891 1049 2069 1095 tamen
2098 1054 2129 1095 ι

519 1138 806 1208 juventute
831 1149 1204 1207 congregare,
1241 1150 1362 1206 qua:
1405 1134 1460 1189 in
1505 1139 1786 1190 senectute
1830 1141 1888 1189 et
1927 1133 2030 1188 sibi
2076 1139 2133 1188 et

523 1228 789 1299 proximis
813 1228 927 1284 suis
946 1228 1178 1299 prosint,
1207 1243 1277 1284 ne
1301 1225 1512 1283 dicatur
1534 1225 1613 1295 ei:
1644 1226 1772 1293 Quia
1794 1226 1847 1279 in
1864 1226 2132 1296 jurentute

528 1336 633 1375 nou
660 1319 953 1391 collegisti,
994 1319 1251 1391 quomodo
1290 1319 1515 1374 inuenies
1559 1319 1614 1375 in
1641 1327 1892 1374 senectute
1916 1316 1939 1391 (
1964 1317 2130 1372 Eccti.

529 1428 681 1477 xxv,
717 1413 843 1483 5)?
886 1412 1029 1485 Ergo
1056 1414 1101 1469 is
1131 1414 1177 1469 si
1204 1414 1256 1468 in
1281 1411 1516 1469 concilio
1557 1413 1831 1469 seniorum
1880 1411 2131 1480 sederit,

527 1519 746 1560 manum
769 1503 1052 1559 adhibebit
1082 1504 1165 1559 ori
1193 1520 1292 1560 suo
1317 1520 1333 1571 ;
1364 1514 1422 1558 ut
1448 1503 1673 1559 audiens
1700 1505 1997 1559 sententias
2019 1503 2134 1558 eol-

523 1595 677 1666 ligat,
705 1594 851 1666 quod
873 1594 976 1650 sibi
1003 1595 1070 1650 ad
1097 1596 1447 1652 maturiorem
1462 1603 1873 1652 servetaetatem
1901 1614 1914 1650 :
1943 1610 2134 1667 quem-

526 1689 819 1745 admodum
852 1690 1018 1744 Maria
1048 1704 1170 1744 cum
1199 1690 1363 1746 verba
1394 1690 1597 1746 Christi
1652 1691 1900 1758 audiret,
1945 1691 2134 1748 conle-

2228 486 2376 542 l'usca
2401 503 2496 556 per
2519 487 2753 558 culpam,
2789 487 2986 542 decora
3010 502 3110 556 per
3134 486 3387 558 gratiam.
3419 487 3559 544 Dicit
3587 497 3637 544 et
3661 494 3821 543 eam:

2230 576 2408 633 Fusca
2433 595 2568 644 sum,
2586 589 2635 634 et
2655 578 2881 646 decora;
2913 577 3063 635 fusca
3090 579 3323 647 pulvere
3349 579 3597 634 smculari
3623 619 3639 644 ,
3670 588 3825 647 auem

2228 671 2491 727 certando
2517 671 2709 743 collegi
2733 686 2747 727 :
2780 682 2803 712 ο
2833 671 3032 728 decora
3062 671 3185 728 oleo
3205 672 3432 741 spiritali
3459 700 3475 738 δ
3504 689 3613 741 quo
3643 672 3827 728 mundi

2230 763 2390 832 hujus
2428 766 2706 836 pulverem
2739 765 3184 836 squallorentque
3220 764 3449 821 detersi.
3512 764 3687 821 Fusca
3736 781 3830 836 per

2230 855 2455 911 vitium:
2485 857 2580 912 sed
2610 856 2807 913 decora
2830 857 2946 928 jam
2979 873 3076 929 per
3116 857 3389 913 lavacrum
3414 900 3429 925 ,
3472 857 3621 928 quod
3665 857 3832 913 abluit

2231 962 2393 1004 omne
2417 947 2699 1004 delictum.
2749 949 2924 1005 Fusco
2952 962 3073 1005 sum
3100 988 3116 1015 ,
3149 949 3273 1018 quia
3294 949 3517 1021 peccavi
3553 968 3568 1006 :
3598 949 3791 1006 decora
3813 990 3828 1016 ,

2231 1044 2354 1115 quia
2392 1042 2505 1114 jam
2550 1060 2635 1099 me
2659 1046 2837 1116 diligit
2858 1042 3147 1101 Christus:
3192 1060 3355 1115 quam
3396 1046 3735 1117 relegaverat
3778 1045 3829 1100 in

2232 1134 2364 1201 Eva,
2393 1136 2599 1206 recepit
2628 1142 2695 1192 ex
2724 1137 2965 1208 Virgine,
3000 1136 3243 1207 suscepit
3272 1153 3339 1193 ex
3364 1136 3553 1193 Maria.

2303 1225 2356 1282 9.
2392 1226 2532 1282 Dicit
2557 1228 2720 1283 etiam
2762 1229 3078 1301 Synagoga,
3114 1229 3271 1298 cujus
3294 1229 3554 1302 mysteria
3581 1228 3687 1284 hoc
3715 1229 3832 1285 loco

2233 1318 2513 1389 plerisque
2543 1321 2793 1377 videntur
2822 1322 3053 1392 exprimi
3094 1340 3107 1374 :
3150 1337 3274 1392 qua:
3302 1337 3424 1376 cum
3451 1335 3512 1376 se
3546 1320 3696 1391 rejici
3723 1320 3830 1391 jam

2234 1412 2445 1469 videret
2478 1426 2703 1486 propter
2743 1414 2904 1470 totius
2944 1415 3121 1484 plebis
3154 1414 3486 1485 impietatem
3511 1454 3528 1481 ,
3560 1413 3835 1470 solabatur

2233 1519 2295 1560 se
2320 1514 2497 1560 tamen
2535 1508 2702 1577 ;quia
2744 1507 2920 1577 ipsum
2950 1508 3222 1563 Christum
3265 1506 3333 1562 de
3373 1507 3572 1577 populo
3610 1521 3710 1562 suo
3738 1532 3752 1571 ί
3782 1517 3835 1562 et

2235 1597 2451 1653 Petrum
2478 1608 2533 1655 et
2559 1599 2819 1655 Joannem
2858 1608 2914 1655 et
2940 1600 3223 1666 Jacobum,
3250 1597 3468 1655 Christo
3491 1599 3835 1655 adhaerentes

2234 1691 2471 1758 videbat,
2499 1691 2593 1762 qui
2626 1692 2857 1748 habebat
2883 1692 3097 1764 eloquia
3126 1692 3225 1747 sibi
3254 1691 3494 1758 credita;
3526 1700 3579 1747 et
3606 1691 3730 1747 ideo
3756 1692 3837 1746 tli-

525 1782 682 1837 rehat
707 1795 773 1836 ea
799 1781 981 1836 omnia
1010 1782 1063 1837 in
1085 1781 1250 1837 corde
1277 1797 1379 1837 suo
1410 1780 1563 1854 (Luc.
1598 1798 1660 1848 ιι,
1693 1782 1786 1854 51)
1810 1799 1826 1842 ι
1876 1784 2135 1854 quemad-
2163 1790 2210 1851 Β
2238 1785 2394 1840 cehat
2424 1803 2438 1838 :
2476 1784 2646 1839 Fusca
2668 1802 2780 1840 sum
2806 1795 2855 1840 et
2879 1786 3088 1851 decora,
3114 1784 3242 1854 ﬁlia:
3270 1782 3600 1840 Hierusalem
3624 1801 3645 1850 ς
3689 1785 3837 1840 fusca

529 1875 750 1931 modum
782 1875 1019 1933 Joannes
1042 1890 1162 1932 cum
1189 1884 1353 1946 caput
1380 1891 1536 1931 suum
1578 1890 1739 1946 supra
1785 1885 1976 1947 pectus
2001 1876 2131 1934 Jesu

529 1966 745 2025 Domini
777 1968 1066 2025 reclinaret
1090 1968 1272 2040 (Joan.
1299 1985 1413 2038 stu,
1438 1960 1557 2042 25),
1592 1968 1875 2028 hauriebat
1906 1970 2133 2041 profun-

530 2063 597 2116 da
629 2070 843 2118 secreta
873 2061 1172 2134 sspientim.

604 2153 658 2209 7.
715 2154 795 2209 En
842 2155 938 2211 tibi
982 2153 1240 2224 juvenem
1277 2155 1371 2225 qui
1400 2155 1543 2211 viam
1587 2170 1740 2211 suam
1770 2157 1825 2211 in
1850 2156 2132 2227 juventute

530 2248 791 2303 correxit.
813 2247 1054 2303 Piscator
1075 2256 1195 2303 erat
1214 2263 1338 2304 cum
1362 2247 1530 2304 fratre
1546 2264 1675 2316 suo;
1696 2249 1830 2305 vidit
1849 2250 2131 2306 Dominum

530 2339 737 2405 Jesum,
762 2354 884 2396 cum
909 2340 1139 2411 plicaret
1166 2342 1304 2397 retia
1326 2358 1422 2397 sua
1448 2382 1464 2410 ,
1493 2350 1548 2398 et
1586 2342 1792 2398 audivit
1816 2343 2087 2400 dicentem
2114 2361 2129 2398 :

537 2434 720 2491 Vertite
759 2476 773 2490 .
822 2476 835 2489 .
881 2473 897 2490 .
942 2473 956 2489 .
996 2437 1189 2505 faciam
1218 2452 1306 2490 vos
1333 2438 1613 2506 piscatores
1634 2437 1895 2493 hominum
1934 2462 1952 2493 ι
1994 2477 2008 2492 .
2054 2478 2069 2494 .
2115 2479 2129 2493 .

530 2540 581 2584 et
620 2531 811 2586 relictis
839 2533 1029 2603 retibus
1055 2534 1181 2598 suis,
1209 2542 1259 2588 et
1277 2542 1444 2602 patre,
1467 2547 1669 2590 secutus
1688 2544 1762 2589 est
1781 2548 1895 2589 eum
1915 2534 2129 2606 (Matth.

530 2640 608 2691 tv,
645 2624 712 2680 l9
740 2636 788 2678 et
817 2624 936 2694 20).
966 2624 1124 2680 Viam
1153 2626 1339 2681 saeculi
1359 2637 1600 2696 coeperat
1628 2642 1849 2683 currere
1878 2645 1891 2681 :
1922 2628 2017 2684 sed
2036 2643 2133 2684 au-

529 2718 659 2773 ditis
683 2717 879 2773 Christi
902 2717 1170 2787 imperiis,
1199 2716 1443 2774 deseruit
1468 2718 1633 2772 vitam
1666 2719 1883 2788 mundi,
1915 2729 2134 2776 secutus

532 2819 618 2866 est
643 2809 957 2865 Christum:
994 2809 1243 2880 probavit
1280 2811 1405 2881 quia
1452 2811 1506 2865 in
1546 2825 1612 2866 eo
1657 2811 1864 2881 corrigit
1895 2812 2134 2884 juveuior

532 2905 667 2956 viam
694 2919 862 2969 suam,
893 2903 939 2958 si
955 2902 1159 2958 Christi
1181 2903 1343 2959 verba
1369 2903 1660 2968 custodiat,
1689 2905 1875 2961 dicens
1892 2905 1959 2961 ad
1976 2921 2130 2962 eum:

524 2992 825 3066 .Ditigamus
856 2994 1008 3049 ubera
1035 3004 1125 3051 tua
1151 3011 1307 3068 super
1328 2996 1501 3049 uinum
1532 2995 1718 3065 (Cant.
1750 3002 1789 3063 ι,
1818 2997 1845 3050 l
1869 2995 1910 3066 ).
1937 2996 2027 3053 Sic
2053 3007 2131 3050 tas

534 3104 661 3144 tuen
686 3086 878 3146 bibens
906 3124 923 3155 ,
954 3096 1012 3143 ut
1040 3104 1149 3144 non
1175 3088 1559 3144 absorberetur
1609 3089 1734 3145 vino
1760 3106 1773 3144 :
1814 3089 1913 3144 sed
1959 3091 2131 3161 gratia

2237 1893 2333 1949 per
2382 1878 2811 1935 incredulitatem
2838 1920 2853 1944 ,
2882 1878 3080 1934 decora
3123 1894 3219 1948 per
3250 1878 3486 1948 Legem:
3540 1877 3689 1933 fusca
3736 1893 3837 1950 per

2236 1970 2444 2039 lapsum
2475 1990 2488 2039 ;
2537 1970 2735 2026 decora
2764 2012 2782 2039 ,
2811 1972 2934 2041 quia
2960 1970 3157 2026 dilexit
3191 1986 3275 2025 rue
3296 1971 3375 2025 sol
3403 2015 3419 2037 ,
3445 1980 3500 2026 et
3525 1972 3673 2041 prior
3692 1969 3837 2039 facta

2234 2077 2354 2117 sum
2385 2064 2732 2132 congregatio
2773 2062 2889 2119 Dei.
2922 2062 3101 2119 Nolite
3130 2063 3381 2134 refugere
3409 2056 3542 2131 me,
3574 2066 3699 2134 quia
3723 2064 3839 2118 fus-

2234 2167 2298 2210 ca
2328 2170 2448 2210 sum
2476 2171 2491 2221 ;
2536 2155 2660 2211 ideo
2701 2155 2847 2211 lusca
2877 2171 3022 2224 sum,
3053 2157 3181 2227 quia
3213 2156 3293 2211 sol
3322 2170 3410 2211 me
3434 2156 3657 2227 reliquit
3678 2156 3839 2223 justi-

2237 2248 2325 2302 tia:
2347 2286 2361 2311 ,
2392 2247 2481 2318 qui
2511 2257 2635 2302 ante
2662 2262 2747 2302 me
2775 2246 3080 2303 illuminare
3103 2256 3500 2313 consueverat;
3550 2247 3712 2301 amisi
3742 2262 3836 2301 co-

2238 2339 2411 2395 lorem
2447 2340 2626 2395 vultus
2657 2342 2798 2405 mei;
2850 2340 3043 2395 obtusa
3082 2338 3222 2393 iacta
3264 2347 3352 2393 est
3379 2338 3526 2393 acies
3553 2337 3834 2393 oculorum

2237 2446 2482 2488 nieorum
2511 2473 2527 2500 ,
2572 2433 2765 2503 quibus
2793 2443 2920 2488 ante
2946 2431 3119 2487 solem
3149 2430 3394 2486 videbam
3435 2450 3448 2485 :
3500 2432 3552 2485 in
3594 2431 3836 2487 tenebris

2235 2528 2474 2595 ambulo,
2507 2528 2633 2599 quia
2659 2529 2803 2584 diem
2828 2527 3027 2583 Christi
3059 2528 3268 2584 nescio.
3313 2526 3492 2583 Nolite
3524 2536 3702 2583 tamen
3744 2528 3837 2582 de-

2237 2623 2449 2694 spicere
2492 2639 2580 2680 me
2621 2641 2635 2689 ;
2682 2623 2939 2695 quoniam
2969 2623 3058 2693 qui
3086 2621 3345 2693 reliquit,
3396 2630 3577 2691 potest
3622 2637 3836 2677 rursum

2235 2719 2502 2790 aspicere,
2538 2719 2782 2774 misereri
2810 2718 3031 2774 iterum.
3081 2717 3229 2774 Solet
3260 2724 3591 2788 congregare
3625 2715 3839 2785 disper-

2235 2826 2349 2877 sos,
2379 2812 2625 2867 desertos
2649 2812 2929 2882 requirere
2955 2851 2969 2876 ,
2998 2811 3254 2881 colligere
3279 2810 3584 2866 destitutos;
3629 2808 3838 2864 Omnes

2237 2905 2409 2959 tribus
2436 2904 2597 2958 lsrael
2629 2904 2921 2958 convenite
2946 2941 2963 2970 ,
2991 2900 3018 2938 ά
3039 2903 3269 2974 aspicite
3298 2916 3383 2957 me
3406 2901 3662 2956 decoram
3707 2910 3839 2957 ante

2236 2997 2486 3052 dilectam
2513 3014 2526 3050 :
2554 2995 2732 3050 Nolite
2754 2995 2984 3066 aspicere
3014 3010 3093 3048 me
3118 3033 3131 3057 ,
3169 2993 3411 3063 quoniam
3442 2990 3694 3060 oluscata
3723 3008 3840 3046 sum

2236 3088 2287 3159 (Ι
2298 3088 2405 3142 bid.
2419 3104 2445 3152 ,'
2466 3088 2523 3161 5)
2558 3105 2572 3153 ;
2607 3087 2711 3144 hoc
2742 3097 2827 3143 est
2848 3127 2862 3153 ,
2892 3102 2999 3142 non
3032 3085 3136 3141 hoc
3160 3086 3335 3140 solum
3363 3083 3637 3154 aspiciatis
3663 3125 3678 3149 ,
3711 3084 3839 3154 quia

533 3182 650 3250 ejus
682 3182 922 3237 ltetitiam
954 3182 1134 3238 cordis
1164 3181 1430 3248 hauriret,
1462 3196 1570 3236 non
1601 3182 1848 3252 corporis
1872 3181 2131 3238 ebrietate
2160 3180 2213 3244 C,
2238 3180 2495 3236 oll'uscata
2534 3195 2677 3236 sum.
2720 3179 2839 3235 Non
2865 3189 2951 3235 est
2981 3178 3211 3233 intuitus
3239 3192 3328 3232 me
3354 3176 3437 3232 sol
3464 3218 3480 3242 ,
3510 3183 3568 3231 et
3600 3174 3727 3230 ideo
3750 3175 3839 3231 oi-

536 3273 812 3330 titubaret.
847 3273 1090 3346 Denique
1115 3275 1303 3331 bibens
1326 3275 1430 3330 hoc
1458 3262 1640 3330 vinum
1660 3313 1677 3343 ,
1704 3276 1917 3347 aperuit
1944 3276 2132 3332 oculos

533 3378 662 3420 suos
683 3406 698 3432 ,
744 3374 799 3419 et
821 3365 956 3421 vidit
983 3367 1125 3420 viam
1156 3375 1359 3421 rectam
1386 3407 1402 3433 ,
1450 3366 1669 3437 reliquit
1714 3374 1988 3422 tortuosas
2018 3369 2133 3423 vias

533 3457 723 3512 dicens
746 3473 761 3514 :
786 3455 1037 3528 {Equites
1067 3458 1250 3514 dilexit
1277 3468 1324 3515 te
1355 3459 1372 3529 (
1399 3457 1567 3521 lbid.,
1595 3460 1630 3514 5
1655 3457 1712 3529 );
1744 3458 1846 3514 hoc
1875 3469 1959 3514 est
1982 3496 1996 3525 ,
2022 3474 2132 3515 non

533 3548 773 3604 ﬂexuosa
807 3550 996 3605 itinera
1026 3558 1078 3606 te
1104 3560 1406 3622 sequuntur
1431 3590 1445 3613 ,
1475 3549 1571 3605 sed
1602 3550 1753 3605 solus
1784 3550 1849 3604 ad
1879 3558 1934 3607 te
1959 3558 2136 3620 potest

529 3642 754 3713 justitiaa
783 3651 985 3698 trames
1011 3643 1316 3713 pervenire.
1343 3643 1446 3711 Qui
1475 3643 1619 3698 enim
1643 3641 1819 3712 diligit
1841 3642 2131 3711 jnStitiam,

532 3753 640 3793 non
668 3752 730 3792 se
757 3738 953 3792 avertit
999 3752 1027 3791 a
1073 3735 1314 3793 Christo.
1357 3735 1642 3803 Quomodo
1685 3737 1830 3791 enim
1871 3737 2131 3792 arbitrum

524 3832 774 3905 justitite,
796 3839 1372 3902 remuneratoremque
1394 3832 1709 3887 meritorum
1738 3831 2000 3887 innocens
2021 3846 2136 3887 me-

530 3932 645 3979 tuat
673 3924 1008 3980 conscientia
1029 3924 1054 3978 i

603 4016 657 4071 8.
712 4016 772 4070 ln
826 4016 931 4072 hoc
977 4031 1109 4087 ergo
1138 4015 1166 4055 λ)
1189 4017 1392 4087 juvene
1436 4017 1576 4072 viam
1622 4031 1773 4072 suam
1822 4018 2135 4089 corrigente

530 4116 776 4176 spectato
801 4122 994 4176 magna
1017 4108 1276 4179 mysteria
1306 4150 1321 4175 ,
1364 4124 1487 4178 quae
1529 4109 1583 4164 in
1614 4107 1855 4165 Canticis
1878 4111 2132 4168 Cantico-

530 4213 654 4254 rum
680 4208 902 4254 sanctus
930 4198 1187 4254 Salomon
1216 4200 1457 4270 repletus
1490 4200 1700 4255 Domini
1744 4202 1939 4272 spiritu
1965 4206 2137 4259 resul-

531 4290 683 4346 tavit.
734 4289 1013 4346 Constitue
1057 4291 1343 4347 Dominum
1384 4292 1569 4348 Jesum
1620 4294 2026 4350 recumbentem
2080 4297 2133 4353 in

531 4382 827 4449 convivio,
883 4383 1242 4441 reclinantem
1301 4400 1363 4442 se
1405 4385 1671 4442 Joannem
1727 4400 1889 4463 supra
1945 4399 2136 4459 pectus

530 4474 669 4543 ejus,
712 4474 978 4531 mirantes
1005 4476 1142 4533 alios
1172 4478 1314 4549 quod
1346 4492 1538 4535 servus
1564 4493 1625 4535 se
1649 4493 1812 4549 supra
1846 4480 2131 4537 Dominum

2238 3276 2443 3330 fuscata
2474 3290 2616 3330 sum.
2658 3274 2766 3331 Sed
2804 3276 2948 3330 lucet
2974 3272 3057 3328 sol
3081 3288 3247 3342 super
3272 3271 3448 3341 justos
3477 3279 3533 3327 et
3565 3269 3838 3341 injustas:

2237 3382 2401 3436 super
2422 3368 2603 3437 justas
2632 3383 2730 3437 per
2759 3365 3012 3438 gratiam,
3043 3380 3209 3435 super
3240 3363 3467 3435 injustos
3498 3377 3596 3432 per
3626 3362 3844 3418 miseri-

2236 3461 2479 3515 cordiam
2505 3476 2520 3526 ;
2570 3460 2676 3515 illis
2706 3458 3010 3514 mercedem
3039 3455 3356 3512 meritorum
3388 3455 3634 3511 tribuens
3665 3495 3680 3521 ,
3715 3454 3840 3508 iStis

2237 3564 2459 3625 peccata
2505 3553 2802 3608 dimittens.
2851 3551 2919 3607 Et
2966 3550 3220 3622 gentibus
3266 3565 3374 3604 non
3421 3549 3640 3605 lucebat
3660 3554 3839 3615 "ante,

2237 3660 2383 3703 nunc
2415 3648 2591 3702 lucet:
2638 3659 2780 3701 nunc
2810 3644 2919 3700 illis
2955 3644 3132 3699 oritur
3153 3684 3167 3710 ,
3213 3643 3302 3712 qui
3332 3641 3611 3697 oriebatur
3653 3639 3832 3703 mihi;

2235 3740 2327 3809 qui
2359 3738 2466 3793 illis
2496 3736 2739 3804 remisit,
2793 3736 3032 3792 remittet
3058 3743 3116 3790 et
3158 3733 3312 3789 mihi.
3358 3732 3535 3788 Nolite
3581 3731 3843 3787 arbitrari

2236 3830 2495 3901 quoniam
2535 3828 2799 3885 oﬂ‘nscnta
2831 3844 2950 3884 sum
2977 3869 2990 3895 ,
3022 3826 3167 3897 quod
3198 3826 3416 3899 penitus
3443 3825 3726 3896 reliquerit
3753 3841 3845 3879 me

2236 3924 2343 3990 sol,
2371 3934 2425 3979 et
2446 3923 2556 3994 jam
2584 3934 2689 3979 non
2708 3922 3006 3990 intueatur,
3032 3916 3057 3958 ελ
3082 3937 3187 3976 non
3211 3919 3450 3990 requirat
3470 3934 3691 3989 a'gram.
3721 3917 3843 3973 Dis-

2237 4016 2509 4072 simulavit
2534 4031 2564 4071 a
2595 4030 2721 4081 me;
2753 4014 2877 4086 quia
2910 4028 3017 4069 non
3042 4014 3252 4069 servavi
3284 4011 3532 4067 mandata
3564 4011 3720 4081 ejus:
3753 4026 3843 4067 re-

2235 4108 2614 4165 conciliabitur
2641 4146 2655 4175 ,
2681 4122 2803 4163 cum
2835 4106 3025 4162 viderit
3065 4120 3309 4162 meorum
3341 4103 3716 4175 pernitentiam
3743 4104 3848 4158 de-

2238 4201 2508 4255 lictorum.
2557 4199 2673 4255 Non
2714 4199 2850 4254 vidit
2875 4214 2962 4254 me
2990 4198 3116 4265 sol,
3166 4197 3290 4267 quia
3317 4212 3426 4252 non
3458 4195 3638 4267 recepi
3678 4196 3847 4253 adve—

2235 4295 2476 4349 nientem
2495 4309 2509 4359 ;
2530 4306 2636 4347 non
2665 4290 2856 4361 aperui
2886 4290 3177 4356 fenestras,
3213 4298 3272 4343 ut
3298 4289 3481 4344 lumen
3514 4287 3638 4341 vitae
3667 4286 3846 4342 intra-

2233 4397 2339 4443 ret.
2390 4386 2525 4441 Cum
2556 4398 2865 4458 aperuere,
2916 4381 3246 4439 illuminabit
3271 4381 3461 4436 oculos
3506 4394 3696 4443 uicos,
3747 4379 3843 4450 qui

2235 4482 2384 4537 venit
2406 4489 2467 4537 ut
2490 4489 2661 4536 totum
2685 4477 2943 4535 munduut
2972 4476 3325 4542 illuminaret,
3347 4482 3405 4530 et
3430 4473 3648 4529 videant
3667 4473 3840 4528 etiam

530 4568 839 4636 reclinaret,
868 4570 1014 4641 quod
1042 4584 1169 4626 caro
1199 4572 1285 4627 illa
1309 4571 1477 4645 984
1502 4574 1776 4644 peccatrix
1804 4578 1967 4645 supra
1997 4586 2133 4632 tem-
2157 4568 2213 4630 D
2238 4589 2345 4629 non
2373 4573 2640 4629 videntes.

530 4662 675 4732 plum
711 4661 869 4720 Verbi
899 4664 1277 4731 recumberet,
1306 4665 1449 4736 quod
1476 4666 1654 4721 anima
1685 4667 1777 4721 illa
1799 4669 1982 4723 carnis
2009 4668 2128 4724 vin-

530 4754 665 4809 culis
695 4756 887 4811 innexa
910 4798 924 4824 ,
952 4757 1131 4812 aulam
1161 4758 1359 4814 divinae
1392 4757 1741 4829 plenitudinis
1769 4772 2123 4818 scrutaretur.

530 4847 661 4902 llzec
684 4861 814 4918 ergo
836 4847 1158 4905 mirantibus
1185 4851 1309 4907 aliis
1339 4851 1622 4920 respondit
1648 4852 1827 4907 anima
1866 4852 2126 4910 Joannis:

605 5022 631 5050 ³
668 5013 742 5072 Ut
771 5013 930 5084 hujus
960 5013 1061 5069 loci
1107 5014 1417 5071 obscuritas
1463 5021 1811 5070 removeatur
1834 5056 1849 5080 ,
1899 5013 2124 5070 adverte

530 5100 652 5142 eum
682 5085 773 5155 qui
804 5099 926 5139 sero
949 5085 1110 5156 rediit
1136 5084 1203 5140 ad
1230 5084 1424 5140 bonam
1457 5084 1666 5156 frugem
1696 5126 1710 5151 ,
1741 5085 1793 5140 ei
1821 5086 1911 5155 qui
1940 5088 2124 5140 Statim

529 5159 599 5239 ab
623 5154 988 5239 adulescentia
1014 5155 1435 5239 Doininijngum
1460 5154 1664 5239 tulerit,
1687 5154 1926 5239 inpriori
1956 5164 2125 5212 metu:

529 5228 630 5283 bro
658 5227 858 5295 opponi
885 5244 900 5281 :
948 5227 1002 5280 in
1046 5226 1333 5296 posteriori
1362 5236 1541 5281 autem
1574 5226 1711 5283 duos
1741 5226 1864 5282 illos
1890 5229 2032 5282 inter
2069 5240 2128 5283 se

529 5298 852 5370 comparari,
878 5310 1015 5370 quos
1036 5296 1253 5365 quidem
1278 5297 1474 5370 ambos
1492 5297 1668 5353 eidem
1688 5299 1816 5370 jugo
1840 5299 1978 5354 colla
2001 5298 2130 5353 sub—

530 5314 852 5368 comparari,
919 5314 1015 5351 uos
1036 5314 1253 5365 qutuem
1278 5314 1465 5351 amoos
1492 5314 1668 5353 cutem
1688 5314 1816 5370 jngo
1840 5314 1978 5354 coita
2001 5314 2130 5353 suu-

530 5369 768 5436 didisse,
813 5314 911 5426 sed
944 5376 1127 5424 tamen
1156 5382 1264 5424 non
1309 5366 1478 5424 simili
1528 5370 1736 5424 ratione
1763 5411 1778 5436 ,
1823 5372 1986 5442 supra
2016 5374 2130 5424 me-

533 5443 788 5496 tuomvit.

603 5511 629 5551 ι’
680 5513 807 5567 Mss.
857 5510 1204 5586 complures,
1250 5512 1305 5586 in
1351 5511 1445 5586 hoc
1474 5506 1645 5586 autem
1679 5514 1870 5586 juvene
1912 5518 2137 5581 spectato

533 5596 728 5655 magna
751 5584 1011 5655 mysteria.
1050 5582 1166 5638 \‘et.
1201 5583 1353 5649 edit.,
1386 5584 1440 5655 in
1465 5583 1562 5637 hoc
1590 5582 1759 5637 autem
1780 5585 1968 5654 juvene
1995 5596 2138 5654 spec-

535 5653 645 5709 tato
664 5698 677 5721 ,
709 5653 900 5708 hoc’est
924 5694 939 5718 ,
968 5653 1173 5708 Joanne
1198 5654 1424 5727 pra'vide
1450 5669 1639 5727 magna
1664 5653 1925 5727 mysteria.
1976 5653 2133 5708 ltiun.

537 5739 667 5782 cum
696 5738 826 5779 mss.
854 5727 1041 5796 paucis
1060 5765 1073 5790 ,
1094 5736 1157 5796 ut
1187 5722 1238 5779 in
1272 5735 1438 5781 textu.
1484 5722 1635 5796 lianc
1664 5722 1826 5795 porro
1848 5726 2134 5782 lectionem

541 5792 878 5876 praitulimus
902 5836 917 5861 ,
965 5794 1109 5873 quod
1136 5810 1299 5856 voces
1341 5810 1460 5867 qua:
1491 5795 1543 5852 in
1574 5792 1682 5855 illis
1717 5796 2097 5876 deslderauttlt‘
2119 5834 2134 5865 ,

2311 4667 2398 4722 l0.
2429 4665 2560 4721 Filii
2582 4666 2757 4720 matris
2780 4679 2906 4719 mea:
2935 4668 3288 4734 pugnaverunt
3315 4659 3558 4713 adversus
3587 4674 3667 4711 me
3689 4697 3706 4724 ,
3741 4674 3841 4728 po-

2235 4769 2445 4814 suerunt
2469 4776 2549 4813 me
2567 4757 2827 4814 custodem
2855 4758 2908 4811 iu
2942 4756 3119 4810 vineis.
3181 4752 3391 4807 Vineam
3421 4767 3582 4805 nteant
3613 4767 3715 4804 nan
3749 4767 3847 4805 cu-

2235 4849 2442 4906 stodiri.
2488 4850 2687 4906 Putant
2710 4850 2876 4920 aliqui
2904 4849 3013 4903 hoc
3041 4846 3111 4902 de
3136 4846 3242 4901 illis
3272 4844 3377 4900 dici
3403 4884 3418 4911 ,
3466 4842 3556 4914 qui
3595 4843 3847 4915 Synago-

2230 5029 2353 5070 cum
2382 5010 2679 5069 habeantur
2709 5012 2763 5067 in
2792 5011 2912 5067 aliis
2934 5050 2951 5079 ,
3006 5022 3332 5079 magnopere
3360 5006 3846 5078 interpolationem

2235 5086 2541 5142 redoleant.

2310 5168 2331 5195 α
2363 5155 2490 5211 Mss.
2524 5154 2794 5217 nonnulli,
2823 5153 3010 5206 decora
3037 5154 3187 5206 oculo
3217 5149 3462 5219 spiritali.

2305 5228 2333 5264 τι
2365 5227 2490 5283 Mss.
2532 5234 2657 5282 octo
2680 5267 2696 5288 ,
2724 5224 2936 5297 aipicite
2974 5236 3052 5277 me
3085 5222 3326 5297 decorant
3370 5226 3488 5297 ante
3514 5221 3843 5297 derelictam.

2239 5297 2354 5354 Diio
2386 5341 2399 5363 ,
2433 5312 2627 5366 nempe
2655 5291 2795 5354 Nati;
2831 5297 3069 5366 primus,
3103 5303 3157 5347 et
3186 5291 3421 5366 S._i\ud.
3453 5334 3468 5366 ,
3502 5332 3515 5346 .
3555 5333 3567 5345 .
3599 5291 3851 5343 decoram

2238 5380 2356 5424 ante
2382 5362 2614 5423 delicta:
2642 5369 2784 5436 quod
2820 5362 2925 5419 non
2954 5365 3226 5434 diSpIicet.
3259 5362 3470 5434 Reliqui
3500 5371 3678 5436 tamen
3709 5376 3843 5436 cum

2240 5441 2374 5495 edit.
2408 5447 2468 5495 ut
2499 5441 2550 5494 in
2593 5433 2738 5495 testu
2766 5454 2780 5502 ;
2835 5436 2974 5491 unde
3001 5436 3085 5491 vel
3116 5436 3315 5491 excidit
3339 5433 3525 5505 copula
3553 5476 3568 5501 ,
3597 5433 3681 5489 vel
3706 5434 3853 5487 alte-

2241 5524 2360 5568 rum
2391 5512 2716 5581 adjectivutn
2746 5509 2820 5564 ibi
2852 5508 2972 5562 vice
2997 5508 3315 5581 substantivi
3347 5506 3586 5581 ponitur.

2315 5588 2339 5619 υ
2371 5574 2512 5638 Edit.
2544 5582 2702 5637 Rom.
2729 5622 2745 5649 ,
2792 5596 2884 5635 nec
2931 5581 3116 5634 revisat
3144 5574 3385 5649 nigram.
3421 5574 3784 5649 Dissimulaait
3818 5594 3852 5649 (ι

2240 5670 2336 5708 me.
2375 5653 2495 5709 Vet.
2524 5646 2739 5718 autem,
2758 5668 2860 5705 non
2885 5651 3109 5720 requirat
3136 5688 3150 5712 ,
3178 5658 3225 5700 et
3252 5648 3472 5718 gratiam
3496 5646 3851 5720 dissimulavit

2239 5742 2272 5779 a
2296 5742 2395 5779 me.
2444 5726 2572 5781 Mss.
2608 5716 2737 5781 tero
2766 5716 2963 5794 magno
2979 5716 3521 5794 ‘consensu'nostram
3551 5716 3851 5794 lectionem

2244 5796 2590 5885 continuant,
2607 5788 3078 5879 esceptisilttob'tts
3092 5788 3205 5858 ubi,
3231 5788 3425 5859 reuisit,
3448 5800 3567 5878 pro,
3587 5789 3850 5891 rettuirat.
