3988 6372
175 370 294 425 1218

1233 366 1296 422 ΙΝ
1337 365 1914 442 ΡΞΑΜΙἨΜᾩΧΫΠΙ
1954 366 2339 426 EXPOSlTlO.

3289 374 3431 431 12H

169 500 269 556 gum
292 482 351 539 ad
375 482 529 553 Legis
560 493 835 552 prmeepta
866 481 1277 556 constringunt;
1331 492 1390 540 ut
1417 484 1615 555 Legem
1640 498 1733 540 cu-
1760 489 1810 548 Λ
1841 486 1969 541 bant
2007 485 2254 542 meridie.
2296 484 2411 543 illis
2446 487 2702 544 meridies
2723 487 2895 544 factus
2915 503 2995 554 es,
3021 490 3111 560 qui
3143 502 3436 560 pascuntur

163 579 337 633 stodiat
361 618 376 645 ,
404 576 615 630 vineam
657 589 812 631 suam
846 585 1062 633 tueatur
1084 618 1101 645 ,
1133 593 1295 649 quam
1319 579 1593 636 custodire
1621 594 1731 636 non

1832 579 1887 633 in
1908 577 2110 634 divitiis
2139 580 2267 646 tuis,
2288 587 2343 635 et
2373 580 2426 635 in
2453 590 2504 636 te
2534 590 2776 651 sperant.
2806 581 2933 639 Ideo
2956 592 3014 639 ut
3041 582 3175 640 dixit
3216 584 3380 639 David
3418 600 3435 648 ς

159 670 325 742 potuit.
376 668 619 739 Denique
648 668 988 725 custodiebat
1033 679 1091 725 ut
1137 669 1343 728 faceret
1385 686 1555 738 uvas,
1602 671 1733 728 fecit
1832 669 2067 725 Deduces
2111 687 2291 727 eorum
2331 673 2584 737 iustitiam
2611 684 2869 745 tamquam
2893 675 3087 742 lumen,
3113 685 3159 731 et
3176 678 3442 750 judicium

160 775 314 821 autem
338 764 539 833 Spinas.
587 761 722 829 Quae
752 763 824 818 sit
847 762 1011 834 igitur
1035 763 1203 837 935
1230 765 1384 820 vinea
1412 802 1429 831 ,
1453 766 1602 821 venit
1624 765 1731 820 Da-

160 856 232 912 vid
259 854 521 912 testiﬁcari
552 854 709 910 nobis
733 854 924 912 dicens
945 855 1189 911 :Vineam
1209 873 1274 913 ex
1292 856 1529 931 Afgypto
1559 868 1730 912 tram-

161 949 523 1024 tttlisti,cjccisti
546 958 747 1021 gentes,
770 959 819 1004 et
842 950 1090 1021 plantaui
1103 967 1216 1006 eam
1238 951 1409 1025 (Prol.
1434 968 1615 1017 um.
1645 951 1726 1024 9).

160 1042 363 1098 Possunt
401 1050 456 1095 et
482 1041 719 1109 apostoli
746 1056 869 1097 esse
916 1043 1012 1098 lilii
1041 1044 1229 1099 matris
1255 1044 1374 1114 ejus
1398 1086 1414 1112 ,
1461 1047 1553 1116 qui
1599 1059 1730 1102 vere

160 1133 578 1203 impugnaverunt
606 1130 950 1204 Synagogam
978 1133 1223 1190 dicentes
1247 1156 1261 1191 :
1308 1133 1446 1191 Ecce
1472 1136 1726 1191 converti-

161 1243 254 1281 mur
270 1226 332 1280 ad
354 1234 522 1297 gentes
548 1224 571 1297 (
593 1224 709 1278 Act.
735 1240 864 1293 ιιιιι,
895 1225 966 1281 46
986 1223 1044 1298 );
1072 1235 1125 1283 et
1163 1227 1473 1284 nationibus
1499 1229 1723 1284 verbum

162 1319 240 1375 Dei
259 1317 517 1375 seminare
540 1326 847 1388 caperent.
870 1318 1108 1375 Possunt
1130 1329 1185 1376 et
1215 1322 1496 1393 prophetae
1526 1320 1725 1377 intelli-

164 1414 201 1483 gi
218 1452 233 1480 ,
257 1411 341 1483 qui
363 1411 630 1467 monendo
657 1411 1137 1485 denuntiandoque
1160 1448 1176 1481 ,
1226 1423 1284 1471 ut
1327 1415 1539 1472 vineam
1565 1431 1723 1473 suam

165 1503 421 1559 custodiret
449 1502 733 1575 Synagoga
758 1542 776 1572 ,
803 1504 940 1559 nihil
967 1504 1336 1575 profecerunt.
1380 1507 1534 1563 Fecit
1574 1509 1720 1565 enim

168 1597 317 1666 spinas
340 1595 699 1666 improbitatis
726 1638 743 1663 ,
772 1613 893 1669 qua:
919 1598 1137 1655 virtutis
1164 1601 1361 1656 uberes
1389 1599 1597 1657 fructus
1621 1601 1718 1657 de-

166 1689 284 1745 ferre
317 1689 584 1746 debuerat.
645 1690 714 1746 Et
751 1691 877 1748 ideo
922 1692 1251 1764 confitetur,
1294 1696 1420 1769 quia
1461 1697 1717 1768 populum

162 1797 290 1839 suum
318 1783 582 1841 custodire
611 1800 722 1840 non
754 1787 968 1856 patuit;
1024 1781 1329 1860 meritoque
1363 1805 1490 1847 sero
1522 1793 1718 1862 quaerit

1831 782 2005 820 eorum
2034 774 2292 835 tamquam
2330 766 2592 821 meridiem
2621 766 2801 838 (Psal.
2844 783 3032 835 xxxvi,
3062 766 3142 840 6).

1902 858 1990 916 12.
2030 857 2241 926 Qumris
2292 873 2423 929 ergo
2473 868 2746 930 tamquam
2778 858 2980 926 aliena,
3021 874 3141 930 que
3180 859 3426 930 proxima

1828 967 1950 1008 eras
1980 968 1994 1005 :
2029 960 2298 1022 tamquam
2326 966 2553 1022 pauper,
2606 967 2727 1021 qum
2752 950 2908 1007 dives
2934 950 3103 1007 fuisti.
3132 951 3227 1008 Vis
3252 951 3428 1022 sequi,

1827 1059 1949 1115 quae
1988 1044 2335 1113 praecedebas
2366 1061 2377 1097 :
2412 1054 2575 1114 atque
2614 1045 2819 1099 utinam
2861 1044 2947 1100 vel
2986 1047 3253 1117 sequaris,
3293 1061 3430 1117 quos

1825 1136 2137 1206 prmcedere
2157 1136 2419 1193 debuistil
2452 1136 2787 1193 Mercenaria
2815 1153 2939 1194 esse
2965 1138 3264 1204 desideras,
3311 1153 3433 1212 qum

1824 1238 1951 1285 ante
1981 1231 2345 1286 mercenaries
2367 1229 2685 1301 colligebas.
2717 1230 3062 1287 Mercenarite
3104 1231 3290 1302 utique
3327 1248 3430 1289 vox

1823 1321 1924 1377 ista
1961 1321 2190 1378 dicentis
2230 1330 2349 1377 est:
2380 1320 2463 1377 Ne
2528 1324 2659 1393 forte
2688 1323 2814 1394 ﬁam
2854 1324 3239 1379 circumamicta
3279 1340 3434 1396 super

1821 1433 1997 1491 greges
2025 1416 2284 1472 sodalium
2321 1428 2527 1471 tuorum
2554 1414 2731 1486 (Cant.
2762 1432 2802 1481 ι,
2830 1414 2910 1487 6).
2947 1416 3079 1484 Qum
3119 1418 3429 1490 proselytos

1823 1525 1891 1566 ex
1935 1509 2186 1580 gentibus
2222 1518 2346 1565 ante
2389 1508 2744 1581 suscipiebas,
2800 1510 2967 1584 me
3013 1524 3154 1566 nunc
3199 1509 3316 1581 ipsa
3374 1510 3429 1566 in

1821 1603 2127 1658 nationibus
2171 1603 2252 1658 vis
2300 1617 2399 1673 pro
2438 1602 2726 1675 proselytis
2771 1604 2993 1673 suscipi,
3047 1612 3102 1659 et
3152 1614 3426 1676 tamquam

1821 1694 2027 1751 advena
2085 1697 2429 1767 congregari.
3410 1700 3411 1703 ‘

1893 1791 1980 1847 13.
2025 1792 2336 1861 Respondit
2359 1791 2558 1849 Jcsus:
2592 1804 2614 1830 ο
2650 1791 2770 1847 Nisi
2798 1808 2983 1847 noscas
3007 1801 3054 1846 te
3083 1792 3321 1847 decoram
3346 1792 3428 1846 ius

163 1886 339 1944 tenere,
362 1894 515 1950 quem
543 1894 671 1935 cum
702 1888 932 1948 teneret,
961 1883 1178 1938 amisit:
1210 1884 1380 1939 multo
1405 1884 1724 1942 dissimilior
1753 1888 1801 1949 Β
1828 1894 1903 1940 ter
1940 1886 2178 1941 mulieres
2214 1884 2378 1957 (Ibid.
2407 1885 2487 1955 7).
2548 1885 2689 1954 Quid
2735 1894 2820 1941 est
2866 1900 2926 1941 se
2970 1900 3217 1951 noscere,
3244 1885 3348 1941 nisi
3370 1893 3429 1941 ut

162 1968 261 2041 eius
282 1987 389 2043 qua:
412 1972 574 2028 dicit:
606 1971 794 2028 Inveni
821 1990 968 2045 quem
992 1975 1171 2030 dilexit
1200 1977 1376 2032 anima
1399 1994 1531 2046 mea,
1578 1979 1721 2033 tenui

160 2081 281 2130 eum,
303 2075 346 2120 et
371 2083 466 2122 non
491 2067 776 2139 relinquam
800 2084 917 2123 eum
946 2067 1123 2140 (Cant.
1154 2085 1234 2138 ut,
1264 2068 1346 2143 4).

225 2159 305 2214 Η.
344 2160 572 2232 Denique
597 2162 964 2219 illainvitatin
989 2163 1207 2220 hortum
1233 2178 1391 2220 suum
1424 2164 1716 2236 Sponsum:

158 2252 265 2309 haec
282 2252 366 2309 ubi
398 2264 568 2322 pascat
593 2257 901 2326 requirens,
942 2256 1074 2313 dicit
1116 2257 1186 2313 ad
1216 2258 1428 2329 ipsum:
1457 2257 1721 2314 Anuuntia

154 2346 268 2400 nti/ti
292 2363 430 2417 quem
454 2348 630 2404 dilexit
659 2350 834 2405 anima
864 2364 976 2406 mea
1030 2347 1205 2423 (Cant.
1239 2369 1277 2419 ι,
1310 2353 1389 2423 6).
1421 2350 1529 2408 Cur
1555 2367 1718 2423 quem

156 2437 317 2493 dilexit
340 2440 506 2494 anima
537 2455 656 2495 mea
686 2440 916 2510 dicis,et
936 2458 1050 2497 non
1087 2459 1247 2514 quem
1273 2443 1610 2515 diligit?Cur
1638 2444 1720 2500 di-

158 2532 345 2599 misisti,
374 2549 523 2605 quem
565 2536 824 2592 tenebas?
850 2545 878 2574 ἰ
909 2537 1155 2594 Dilexisti
1188 2546 1400 2609 patrum
1420 2537 1544 2603 fide,
1584 2538 1719 2592 ami-

156 2626 255 2682 sisti
278 2627 641 2686 incredulitate
664 2647 678 2683 ς
712 2630 937 2686 tenebas
960 2631 1245 2687 charitatis
1267 2632 1531 2701 vinculis,
1583 2635 1721 2689 ami-

159 2719 262 2774 sisti
289 2720 434 2793 longo
454 2721 583 2782 fune
614 2724 871 2795 perfidiae.
910 2724 1039 2781 Ideo
1059 2728 1240 2782 nescis
1272 2726 1360 2782 ubi
1392 2736 1596 2797 pascat,
1628 2725 1719 2782 ubi

159 2824 372 2881 ntaneat;
419 2832 540 2872 nam
579 2816 625 2873 si
666 2818 859 2884 scires,
896 2832 1004 2873 non
1034 2833 1331 2889 quaereres.
1359 2818 1501 2875 Dicis
1529 2820 1717 2875 enim:

161 2901 247 2959 Ubi
276 2908 475 2976 pacis?
510 2909 597 2965 ubi
636 2926 813 2964 manes
839 2910 894 2965 in
931 2911 1144 2966 meridie
1171 2910 1403 2983 (lbid.)?
1441 2912 1719 2969 Meridiem

160 3002 278 3055 nosti
314 3016 430 3057 esse
463 3001 780 3071 Ecclesiam,
820 3020 943 3074 qua:
980 3016 1159 3060 teneat
1197 3005 1470 3062 Christum
1515 3024 1529 3060 :
1569 3017 1625 3062 et
1663 3015 1718 3062 tu

159 3107 261 3149 eum
280 3094 329 3150 in
357 3096 595 3153 noetibus
612 3097 849 3169 quaeris?
875 3098 993 3166 Dic,
1024 3097 1219 3169 inquit,
1272 3099 1424 3166 mihi,
1456 3098 1672 3156 Christe
1700 3119 1713 3155 :

161 3190 398 3260 responde
431 3192 515 3248 vel
545 3201 769 3264 propter
799 3191 853 3248 id
878 3196 1006 3264 quia
1035 3203 1163 3249 ante
1190 3207 1355 3249 carus
1382 3194 1526 3249 fuisti
1556 3203 1719 3264 atque

1822 1977 1956 2032 sciat
1979 1993 2037 2033 se
2059 1980 2427 2049 unusquisque
2449 1978 2724 2034 hominem
2750 1976 2817 2033 ad
2833 1978 3124 2050 imaginem
3158 1986 3216 2034 et
3236 1977 3432 2033 simili-

1824 2069 2063 2127 tudinem
2118 2071 2214 2128 Dei
2258 2070 2511 2139 factum,‘_
2535 2070 2768 2127 rationis
2805 2071 3201 2143 capacem,quf
3228 2084 3428 2127 terram

1821 2178 1971 2218 suam
1996 2163 2251 2220 excolere
2279 2173 2549 2233 tamquam
2581 2164 2757 2219 bonus
2777 2164 3015 2235 agricola
3056 2163 3252 2220 debeat
3301 2178 3429 2220 ara-

1822 2262 1905 2309 tro
1926 2254 2179 2325 quodam,
2207 2263 2264 2311 et
2288 2254 2422 2309 falce
2442 2254 2740 2324 sapientiae,
2770 2265 2827 2310 ut
2851 2256 2934 2311 vel
2961 2255 3097 2310 dura
3112 2254 3385 2312 finduntur
3407 2268 3424 2322 ε

1820 2347 1907 2404 vel
1931 2347 2257 2405 luxuriantia
2294 2346 2605 2404 recidantur
2630 2365 2644 2404 :
2674 2349 2763 2419 qui
2780 2348 3091 2404 inferiorem
3116 2349 3200 2404 sui
3228 2350 3432 2419 portio-

1823 2457 1945 2497 nem
1981 2440 2147 2496 animi
2188 2439 2418 2511 imperio
2449 2440 2644 2497 debeat
2689 2440 3039 2510 gubernare?
3066 2440 3224 2499 Unde
3261 2442 3427 2498 etiam

1821 2532 1876 2589 in
1907 2532 2049 2605 Lege
2116 2534 2377 2604 scriptum
2402 2544 2487 2588 est
2526 2551 2541 2587 :
2582 2534 2802 2590 Attende
2840 2534 2952 2601 tibi,
2979 2550 3042 2589 ne
3066 2535 3159 2605 ﬁat
3217 2534 3428 2590 verbum

1820 2626 2174 2681 absconditum
2212 2628 2267 2681 in
2294 2628 2449 2683 corde
2480 2637 2568 2682 tuo
2592 2626 2775 2699 (Deut.
2804 2643 2896 2694 xv,
2935 2626 3019 2699 9).
3051 2627 3197 2693 Tibi,
3225 2629 3423 2699 inquit,

1821 2718 2062 2789 attende,
2093 2734 2200 2776 non
2231 2721 2416 2792 utique
2446 2720 2580 2779 dicit
2620 2720 2867 2790 pecuniae
2894 2728 3022 2788 ture,
3067 2735 3176 2775 non
3211 2734 3427 2790 posses‘

1820 2810 2063 2867 sionibus
2126 2812 2254 2879 tuis,
2284 2828 2390 2867 non
2420 2811 2622 2867 viribus
2661 2810 2911 2881 corporis
2940 2827 2957 2867 ε
2989 2810 3087 2868 sed
3126 2813 3309 2868 animo
3333 2822 3427 2868 tuo

1819 2918 1884 2959 ac
1921 2902 2087 2958 menti
2120 2912 2224 2958 tuae
2247 2919 2263 2969 ;
2285 2903 2426 2958 unde
2457 2906 2639 2959 omnia
2666 2903 2921 2972 consilia,
2952 2904 3113 2974 factu,
3144 2905 3431 2977 cogitatio-

1820 3012 2028 3069 nesque
2064 3006 2314 3053 manant.
2345 2997 2467 3053 Tibi
2495 3013 2628 3070 ergo
2652 2997 2876 3054 attende
2909 2998 3006 3066 ibi,
3037 2999 3128 3055 ubi
3161 2999 3426 3070 potiorem

1820 3106 1942 3147 esse
1971 3102 2023 3148 te
2043 3092 2210 3147 nosti.
2254 3089 2281 3128 ά
2312 3090 2487 3147 Nosce
2518 3092 2783 3162 teipsum,
2803 3091 2947 3162 quod
2974 3092 3213 3164 Apollini
3234 3091 3430 3165 Pythio

1819 3184 2102 3254 assignant
2142 3183 2377 3256 gentiles
2417 3185 2543 3252 viri,
2589 3185 2745 3255 quasi
2782 3185 2900 3254 ipse
2924 3197 3113 3241 auctor
3136 3184 3301 3241 fuerit
3327 3187 3429 3241 ltu-

161 3278 361 3339 dilectus
386 3282 511 3339 mihi
536 3302 551 3341 :
576 3285 679 3340 etsi
705 3299 806 3354 ego
837 3293 997 3342 tanta!
1018 3285 1429 3356 praerogativam
1473 3286 1718 3343 charitn.
1750 3268 1797 3332 C
1826 3277 1915 3348 jus
1972 3278 2302 3345 sententiae;
2364 3294 2488 3335 cum
2554 3277 2623 3335 de
2659 3288 2851 3336 nostro
2894 3287 3211 3351 usurpatum
3239 3281 3307 3335 ad
3335 3294 3430 3334 sua

162 3370 218 3428 tis
240 3376 405 3441 amisi;
442 3387 496 3432 tu
535 3386 719 3438 tamen
747 3379 898 3448 quasi
941 3378 1060 3449 pius
1088 3378 1356 3448 responde
1405 3379 1539 3435 mihi
1570 3396 1585 3435 :
1621 3378 1721 3437 Ubi

160 3470 301 3536 pascis
321 3470 344 3523 ?
363 3472 444 3525 ubi
462 3472 681 3528 omnes?
707 3471 991 3544 Reliquisti
1033 3490 1139 3539 me,
1167 3473 1345 3531 abiisti
1390 3474 1456 3529 ad
1481 3487 1669 3545 gentes
1699 3493 1719 3532 :

163 3564 399 3620 recessisti
432 3565 589 3637 longe
628 3581 659 3620 a
696 3581 821 3632 me;
862 3578 915 3622 et
944 3566 1052 3623 illis
1091 3568 1315 3639 propior
1351 3566 1526 3624 factus
1564 3584 1645 3635 es,
1687 3583 1719 3624 ιι

160 3653 329 3722 quibus
350 3657 499 3729 longe
520 3673 641 3714 eras
662 3674 678 3725 ;
704 3657 801 3714 sed
827 3657 1000 3715 factus
1018 3674 1080 3717 es
1105 3675 1294 3729 prope,
1315 3659 1443 3730 quia
1464 3659 1721 3716 eredides

160 3751 508 3820 ruutsanguiui
553 3760 648 3806 tuo
671 3766 687 3805 :
710 3766 738 3805 a
764 3766 850 3806 me
876 3751 1185 3817 recessisti;
1222 3752 1348 3822 quia
1377 3766 1478 3822 ego
1501 3766 1717 3809 crucem

1828 3375 2176 3441 transferant,
2209 3383 2263 3430 et
2295 3374 2453 3445 longe
2481 3375 2719 3430 anterior
2747 3375 2961 3446 Moyses
2980 3374 3163 3443 fuerit,
3189 3374 3279 3446 qui
3296 3374 3432 3430 serio

1826 3466 2150 3538 psitlibrum
2182 3466 2616 3534 Deuterouomii,
2655 3482 2816 3538 quam
2858 3466 3165 3539 philosophi
3194 3466 3286 3537 qui
3327 3467 3427 3523 ista

1825 3560 2118 3615 finxerunt.

1842 3706 1845 3709 .
1898 3650 1986 3707 14.
2032 3650 2182 3707 Unde
2211 3657 2267 3706 et
2292 3650 2554 3708 Salomon
2594 3653 2874 3709 oraculum
2920 3652 3165 3708 divinum
3206 3662 3428 3710 secutus

1825 3744 2045 3816 scripsit
2087 3745 2140 3799 in
2182 3743 2424 3799 Canticis
2452 3743 2801 3799 Canticorum
2836 3765 2849 3799 ;
2886 3743 3007 3800 Nisi
3025 3745 3158 3801 scias
3201 3754 3248 3800 te
3272 3744 3428 3800 deco-

162 3847 286 3893 luam
312 3854 409 3896 non
435 3842 669 3912 suscepi,
714 3852 775 3898 ut
811 3843 992 3899 mundi
1033 3842 1484 3912 redemptionem,
1535 3843 1630 3899 sed
1664 3853 1721 3901 ut
1821 3856 1929 3894 ram
1955 3841 2086 3893 inter
2106 3837 2343 3892 mulieres
2365 3837 2541 3911 (Cum.
2576 3852 2620 3905 ι,
2651 3836 2706 3908 7)
2738 3854 2753 3905 ;
2798 3837 2902 3894 hoc
2929 3847 3033 3905 est,
3058 3838 3163 3893 nisi
3188 3852 3424 3908 cognos-

160 3930 284 3985 noxii
311 3934 724 3990 damnationem.
766 3935 869 4003 Qui
906 3944 1088 3990 autem
1128 3945 1457 4005 receperunt
1494 3945 1565 4003 te,
1611 3936 1716 3991 Do-
1820 3940 1993 3988 caste
2026 3931 2333 3999 mortalem,
2375 3931 2720 3995 rationalem.
2778 3941 2832 3987 et
2874 3942 2964 3986 tua
2993 3942 3213 4001 peccata
3261 3932 3428 3987 fatea-

159 4023 305 4090 mine,
344 4027 474 4083 sicut
511 4026 709 4083 salutis
746 4038 1046 4096 auctorem,
1078 4030 1133 4085 in
1157 4029 1383 4085 meridie
1420 4038 1564 4085 sunt.
1609 4028 1718 4085 Illis
1817 4026 1917 4088 ris,
1949 4024 2057 4080 cito
2096 4024 2246 4079 dicas
2278 4023 2590 4094 iniquitates
2629 4031 2748 4077 tuas
2810 4031 2868 4078 ut
2918 4022 3265 4093 justilleeris;
3324 4024 3427 4079 nisi

158 4111 306 4181 luces,
329 4116 424 4172 illis
449 4118 707 4190 refulges,
730 4120 839 4175 illis
876 4120 1021 4176 calet
1054 4119 1228 4192 gratia
1251 4132 1359 4187 tua,
1390 4121 1531 4177 sicut
1554 4121 1718 4176 meri-
1820 4114 2177 4178 converteris,
2215 4120 2271 4169 et
2312 4113 2461 4184 prior
2486 4126 2710 4169 accuses
2738 4111 2936 4169 delicta
2978 4124 3090 4178 tua,
3131 4115 3282 4169 venit
3306 4112 3427 4170 dies

158 4205 276 4262 dies.
312 4208 425 4265 Mihi
461 4212 757 4268 matutinus
795 4226 939 4282 eras,
979 4228 1104 4268 cum
1161 4212 1338 4268 adhuc
1376 4213 1657 4269 crederem
1701 4233 1716 4268 ε
1822 4210 2035 4279 mortis,
2064 4209 2245 4279 etiam
2277 4208 2485 4265 nullum
2515 4207 2889 4264 conversionis
2910 4207 3211 4264 remedium
3239 4217 3362 4264 est:
3393 4218 3415 4247 υ

157 4299 352 4357 seducti
377 4303 658 4360 credebam
689 4304 868 4376 plene,
898 4303 927 4343 ι)
950 4306 1074 4376 quia
1096 4320 1207 4361 non
1244 4320 1365 4361 sum
1406 4306 1623 4362 inventa
1663 4307 1718 4363 in
1820 4302 2141 4376 prteveniris
2185 4301 2313 4358 dum
2356 4316 2465 4359 non
2515 4302 2743 4373 cogitas.
2773 4301 3025 4359 Accende
3050 4303 3223 4359 facem
3252 4312 3422 4369 tuam;

156 4394 379 4461 meridie;
409 4395 545 4453 sicut
566 4396 771 4469 Joseph
796 4413 920 4454 cum
960 4397 1219 4456 fratribus
1257 4398 1370 4459 suis
1408 4398 1499 4469 qui
1534 4413 1719 4456 cmnao
1824 4397 2138 4468 priusquam
2185 4395 2384 4467 Sponsi
2423 4394 2523 4452 tibi
2564 4395 2847 4452 claudatur
2860 4394 3046 4467 janua,
3080 4398 3422 4468 quieaspee-

215 4562 257 4629 ‘_
273 4550 497 4629 Quatuor
529 4573 664 4615 mss.
710 4556 996 4614 Perdidisti
1047 4568 1253 4627 patrum
1290 4554 1467 4629 ﬁdem,
1497 4542 1716 4613 amisisti
1740 4559 1794 4619 D
1821 4556 2238 4629 nnmjussu,_ut
2270 4552 2423 4629 Plato
2471 4550 2521 4629 in
2548 4554 2838 4629 Charmide
2858 4563 3049 4612 auctor
3073 4562 3179 4629 est,
3215 4554 3424 4626 legere-

158 4626 470 4702 credtgtiratem
502 4646 521 4685 :
546 4638 694 4702 quem
725 4629 945 4702 tenebas,
977 4626 1087 4685 etc.

161 4764 200 4820 in
216 4694 241 4734 ι’
273 4696 545 4824 Ingaunis
558 4694 682 4759 cod.
712 4699 847 4758 Gall.
868 4694 1087 4770 desunt,
1112 4702 1235 4773 quia
1252 4712 1356 4756 non
1385 4714 1499 4756 sum
1519 4701 1719 4757 inventa

223 4783 335 4824 men
369 4789 434 4824 te.

154 4773 200 4820 in
223 4773 434 4826 meridie.

217 4842 343 4911 fita
367 4851 465 4899 ret.
493 4843 625 4899 edit.
650 4856 714 4898 ac
731 4842 902 4911 multo
926 4844 1101 4911 maior
1118 4858 1249 4898 mss.
1278 4856 1560 4911 numerus.
1604 4842 1717 4897 Ali-

156 4908 231 4977 qui
255 4908 445 4986 initiati,
473 4928 537 4971 ac
562 4914 722 4969 Rom.
753 4908 910 4978 edit.,
941 4904 1041 4969 nisi
1064 4922 1351 4986 cognoscas
1400 4922 1468 4981 te,
1507 4904 1710 4984 decora,

153 4986 243 5034 etc.
272 4983 360 5038 "is
385 4984 561 5042 favent
592 4996 704 5041 non
730 4986 904 5041 solum
935 4985 1100 5048 LXX,
1133 4983 1238 5040 *ιιιιί
1285 4994 1602 5041 constanter
1640 4986 1717 5038 le-

152 5049 330 5127 [ittlrii
354 5057 513 5122 seu;
548 5071 741 5112 verum
763 5065 820 5112 et
858 5059 1177 5114 Ambrosius
1203 5058 1317 5127 ipse
1343 5056 1437 5111 lib.
1459 5055 1536 5110 De
1561 5055 1719 5112 Isaac

154 5120 379 5202 filiaiam
405 5120 522 5195 capi.
548 5129 607 5193 4,
640 5144 791 5202 num.
822 5129 908 5202 t5;
928 5120 1270 5202 Quamquam
1294 5127 1721 5202 isticetiamlecj

153 5196 330 5250 nauem
355 5206 588 5253 nostram
618 5199 834 5252 videtur
855 5196 1143 5266 indicare,'
1170 5204 1292 5254 cum
1334 5196 1524 5253 scribit
1554 5215 1568 5251 :
1600 5196 1720 5253 Nisi

154 5274 319 5339 regem
343 5276 411 5332 te,
432 5271 552 5339 quia
574 5269 766 5323 decora
791 5284 866 5333 es,
896 5280 1001 5325 etc.

210 5331 236 5373 δ
267 5331 592 5395 Sentetitiam
627 5341 764 5395 hanc
790 5331 943 5395 multi
973 5341 1207 5395 tribuere
1228 5338 1440 5395 Chiloni
1468 5338 1719 5394 Lat-aede-

151 5406 349 5481 Ennio.
383 5419 446 5467 ut
488 5422 682 5467 auctor
710 5411 898 5467 homil.
928 5413 982 5466 in
1011 5413 1168 5467 Caut.
1198 5420 1341 5466 cant.
1369 5411 1511 5481 apttd
1542 5410 1719 5481 Orig,

150 5473 697 5563 ﬂigtoymmhomil.
811 5493 866 5538 et
895 5484 1007 5549 alii,
1039 5484 1180 5538 inter
1206 5495 1342 5553 quos
1363 5473 1717 5537 Ausonius'itt

149 5559 209 5602 VII
228 5546 463 5621 διήθει.
480 5554 557 5610 ita
570 5553 764 5610 scribit
795 5570 809 5607 :

499 5652 681 5706 edidi,
703 5643 837 5706 quod
856 5643 1057 5695 latinum
1076 5648 1173 5706 cst,
1198 5643 1357 5695 Nosce
1374 5649 1442 5695 te.

372 5678 1456 5772 ἩυἫίιὲὦῖιῖς’“ἓὲἕὲ”ιΞιῖιῖὸὶῖὲνιῗιῖἷὲἔίι

148 5784 1015 5897 Ἀθείέἒέίεφιεφξξδιίερψει
1035 5798 1279 5897 Molliri
1291 5806 1583 5897 ,πιαίνει
1602 5808 1719 5897 fuit.

1826 4636 1931 4686 tur.
1958 4618 2070 4684 Hoc
2098 4618 2260 4683 etiam
2281 4622 2555 4682 Ausonius
2581 4627 2743 4682 tradit
2765 4627 2816 4682 in
2848 4618 3199 4697 sequentibus
3225 4644 3236 4679 :

2076 4714 2333 4781 Brevitate
2354 4722 2491 4781 nhta,
2516 4726 2608 4780 qua
2633 4714 2857 4767 Lacones
2877 4719 3076 4781 utimur,

2074 4780 2367 4831 Commendo
2391 4779 2628 4838 nostrum,
2652 4792 2763 4831 ι’νειοι
2780 4792 2953 4835 σεαυτὸν.
2976 4779 3137 4829 NoSee
3161 4786 3213 4828 te
3240 4792 3253 4829 :

2071 4843 2209 4903 Quod
2231 4846 2279 4891 in
2300 4842 2520 4892 columna
2538 4842 2639 4903 jam
2662 4847 2861 4892 tenetur
2884 4840 3143 4904 Delphica.

1823 4932 2032 4991 Floruit
2078 4941 2255 4987 autem
2294 4929 2496 5004 Chilon
2530 4931 2689 5004 annis
2742 4939 2862 4997 post
2894 4932 3112 5004 Moysen
3144 4931 3274 4999 950,
3304 4942 3426 5000 post

1823 5005 2170 5064 Salomonetn
2212 5008 2340 5057 vero
2397 5000 2524 5058 6l5.
2559 5001 2662 5056 Alii
2708 4999 3246 5072 prmterea'lmjusce
3302 4999 3427 5072 prn-

1825 5077 2052 5134 nuntiati
2082 5082 2334 5130 auctores
2360 5073 2529 5127 habiti
2560 5082 2709 5140 sunt,
2761 5086 2897 5144 quos
2936 5071 3336 5128 Elias’Vinetus
3366 5076 3420 5130 in

1825 5148 2120 5206 Ausonium
2144 5153 2559 5201 commemorat.
2602 5144 2761 5198 Plura
2815 5160 3029 5215 quoque
3075 5147 3315 5206 reperies
3368 5148 3419 5201 in

1824 5221 1994 5289 Adag.
2018 5288 2021 5289 ν
2043 5216 2277 5289 Erasmi,
2309 5215 2437 5269 chil.
2465 5217 2518 5278 1,
2548 5225 2690 5289 rent.
2723 5215 2966 5289 6,)qdag.
2999 5215 3091 5271 95.
3122 5215 3230 5289 Sed
3277 5215 3428 5273 lubet

1824 5291 1927 5345 huc
1944 5282 2115 5343 Veliam
2150 5284 2410 5354 adjicere,
2443 5286 2587 5356 quod
2611 5282 2749 5341 idem
2780 5286 2869 5341 ille
2899 5282 3052 5355 poeta
3082 5287 3307 5340 nimium
3338 5304 3424 5343 ne-

1820 5361 1947 5433 gligi
1974 5368 2159 5414 monet
2187 5358 2444 5427 doletque
2472 5358 2685 5430 Edyllio
2718 5358 2810 5423 51,
2845 5358 2994 5412 hisce
3025 5357 3269 5411 versibus
3299 5374 3312 5410 :

2071 5450 2372 5510 Quamquam
2392 5444 2590 5498 difﬁcile
2614 5454 2687 5497 est
2712 5462 2768 5497 se
2794 5460 3021 5505 noscere,
3042 5460 3153 5498 rvat.
3175 5460 3327 5498 «tanta.

2136 5509 2291 5571 Quam
2311 5524 2524 5575 prOpere
2548 5509 2774 5572 legimus,
2797 5517 2896 5559 tam
2918 5511 3016 5561 cito
3042 5510 3355 5572 negligintus.

1901 5606 1924 5634 ο
1964 5594 2056 5650 Sic
2104 5608 2293 5648 omnes
2333 5592 2464 5648 edit.
2493 5593 2564 5647 At
2600 5605 2730 5646 mss.
2760 5593 3102 5661 negationem
3129 5607 3234 5648 non
3257 5607 3428 5663 agno-

1828 5674 1986 5725 scunt
2014 5683 2026 5718 :
2055 5679 2283 5734 quorum
2312 5664 2554 5718 nonnulli
2587 5663 2806 5726 habent,
2842 5664 3167 5731 prwvenires,
3193 5664 3318 5717 dum
3334 5679 3427 5721 σοι

1864 5741 1962 5794 itas
1981 5752 2164 5804 ;unus,
2183 5737 2458 5807 prteveuire
2482 5734 2831 5804 dumcogitas,
2859 5736 3077 5791 accende
3098 5739 3284 5806 facem.
3317 5748 3426 5794 etc.

1882 5792 1947 5868 tsi
1984 5792 2195 5869 'autcm'
2232 5792 2349 5863 haec
2389 5823 2491 5864 suo
2534 5792 2831 5877 senatunon
2884 5792 3124 5877 careant,
3175 5792 3429 5873 videntur

152 5872 275 5953 Μ
592 5872 782 5975 templi
807 5878 1051 5985 Delphici
1084 5872 1337 5979 inscripta
1385 5872 1727 5963 Amphictyo-
1837 5893 2018 5977 tamen
2051 5881 2186 5975 edit.
2217 5872 2636 5982 anteponendas.
