3988 6318
545 319 687 378 1ὶ15

1895 308 2143 368 SANCTI
2180 305 2505 366 AMBROSII

3697 297 3834 355 1216

543 447 660 495 tare
696 435 789 494 diu
828 451 936 492 non
974 434 1117 491 solet
1139 431 1494 503 negligentes.
1538 428 1660 484 Nisi
1680 427 1816 483 scias
1842 437 1908 494 te,
1941 427 2134 497 inquit,
2166 435 2218 496 Α
2243 423 2516 496 cognoscit
2537 421 2682 478 enim
2713 418 2974 476 Dominus
2997 417 3087 489 qui
3119 423 3248 472 sunt
3275 415 3468 486 ipsius,
3520 422 3575 470 et
3621 413 3738 470 vult
3784 423 3839 469 ut

544 532 784 586 decoram
838 530 973 583 inter
1016 526 1254 581 mulieres
1277 540 1296 590 ;
1319 531 1375 578 et
1404 521 1554 577 dicas
1575 538 1595 577 :
1618 518 1794 575 Fusco
1836 535 1948 574 sum
1974 527 2019 572 et
2046 518 2137 572 de-

546 640 668 680 cora
706 622 882 695 (Cant.
909 638 948 684 ι,
973 620 1070 690 4);
1105 619 1251 673 lusca
1295 633 1438 684 sum,
1469 617 1596 687 quia
1639 614 1857 687 peccavi
1884 633 1896 667 :
1923 611 2018 668 sed
2048 611 2143 667 de-

545 734 710 785 cora;
753 719 875 788 quia
907 715 1126 786 diligor,
1152 713 1275 784 quia
1303 727 1473 783 genus
1500 727 1619 767 sum
1634 708 1891 775 Abrabm,
1913 709 2141 763 electum

545 828 739 886 genus,
799 809 1058 866 dilectum
1119 808 1276 862 Deo:
1323 806 1456 860 nihil
1501 805 1592 860 tibi
1651 803 2143 875 proderitpatrum

544 904 715 976 gratia
743 919 758 970 ;
801 914 993 973 potens
1021 909 1105 956 est
1133 899 1276 954 enim
1309 899 1451 954 Deus
1477 898 1545 953 de
1588 896 1859 967 lapidibus
1885 896 2004 950 istis
2029 900 2148 948 s’us—

545 994 716 1051 citare
770 995 908 1049 filios
959 993 1212 1049 Abrahae.
1267 991 1333 1046 Et
1373 991 1501 1047 alibi
1555 991 1607 1044 in
1651 989 1943 1059 Evangelio
1974 988 2148 1058 legisti

547 1086 700 1158 (Luc.
736 1101 854 1150 xui,
886 1086 950 1141 11
980 1114 1041 1124 -
1073 1085 1181 1156 15),
1216 1083 1339 1154 quia
1363 1081 1598 1137 Abrahae
1628 1081 1791 1136 ﬁliam
1827 1081 2012 1152 ligavit
2037 1080 2152 1134 dia-

544 1179 988 1249 bolusuequilize
1010 1193 1122 1232 sua:
1154 1177 1412 1243 vinculis,
1465 1191 1624 1246 quam
1680 1174 1840 1229 solvit
1894 1173 2151 1237 Dominus

549 1273 639 1329 die
669 1273 905 1328 sabbati.
932 1271 1044 1326 Nisi
1075 1286 1205 1340 ergo
1228 1270 1370 1325 scias
1405 1280 1476 1335 te,
1503 1268 1640 1323 nihil
1669 1266 1768 1321 tibi
1795 1266 2058 1338 proderit.
2087 1267 2152 1322 Et

549 1367 595 1422 si
635 1367 830 1421 dicas:
874 1365 1104 1420 Abrahze
1136 1380 1254 1418 sum
1293 1364 1423 1429 tilia,
1483 1377 1605 1433 quae
1645 1377 1752 1417 non
1791 1361 1990 1429 credis,
2031 1376 2152 1431 quat

551 1473 795 1515 errorem
849 1474 958 1513 non
999 1458 1265 1528 corrigis;
1301 1456 1570 1512 Abraham
1612 1455 1828 1526 quidem
1869 1455 2149 1509 salvatur:

548 1553 648 1608 sed
689 1563 742 1608 te
773 1552 1026 1607 nobilitas
1053 1551 1268 1621 generis
1292 1565 1396 1604 non
1416 1549 1646 1619 juvabit,
1682 1557 1706 1585 ιι
1731 1549 1831 1602 ιιἰεί
1871 1547 2007 1603 fides
2039 1563 2154 1602 ser-

549 1644 779 1700 vaverit.
809 1643 926 1699 Non
955 1654 1008 1699 te
1037 1643 1270 1712 decipiat
1313 1642 1433 1697 data
1490 1640 1733 1712 patribus
1776 1641 2148 1710 repromissio.

549 1737 668 1792 Non
699 1737 936 1807 suscipio
969 1751 1254 1807 personam
1297 1735 1555 1802 hominis,
1610 1750 1715 1789 non
1744 1735 1982 1803 suscipio
2017 1749 2154 1804 prte-

2244 520 2378 576 sciat
2406 532 2465 572 se
2490 515 2879 586 unusquisque,
2903 515 3038 567 sciat
3062 526 3122 566 se
3153 509 3379 582 pepulus
3400 507 3518 564 Del.

2318 609 2406 664 17.
2436 606 2541 664 Sed
2569 619 2686 662 esm
2715 619 2821 660 non
2848 611 3245 675 cognoscantur
3273 599 3573 656 errantium
3596 601 3720 668 vite,
3738 601 3842 657 sic-

2247 711 2305 756 ut
2350 700 2480 756 dicit
2513 700 2774 754 Dominus
2797 716 2811 752 :
2839 697 2959 752 Non
2991 696 3108 750 novi
3131 711 3241 762 vos,
3266 695 3517 749 discedite
3541 711 3573 747 a
3593 711 3688 759 me,
3717 710 3842 765 ope-

2248 795 2374 847 rarii
2399 793 2679 862 iniquitatis
2711 792 2866 865 (Luc.
2887 806 3002 852 xm,
3027 789 3122 862 27)
3141 808 3152 843 :
3172 790 3257 844 hic
3279 801 3458 844 autem
3477 789 3729 860 juveuior
3753 790 3844 860 qui

2249 895 2428 958 potest
2483 885 2756 954 corrigere
2807 885 2946 938 viam
3001 897 3175 947 suam,
3231 880 3459 936 fortasse
3499 881 3753 950 juveuior
3778 881 3846 935 sit

2252 989 2432 1045 atate,
2468 993 2572 1032 nou
2599 978 2874 1043 moribus;
2903 985 2961 1031 et
2996 975 3191 1030 haheat
3213 974 3265 1028 in
3296 975 3472 1045 primo
3501 972 3633 1028 ﬂore
3655 973 3845 1041 juven-

2254 1074 2384 1128 tutis
2407 1089 2520 1129 sua:
2549 1073 2772 1128 senilem
2825 1070 3180 1136 intellectum,
3223 1069 3291 1123 de
3335 1083 3442 1139 quo
3471 1069 3548 1123 ait
3580 1088 3592 1122 :
3626 1065 3844 1122 Canities

2255 1175 2424 1220 autem
2462 1177 2534 1220 est
2580 1165 2867 1218 intellectus
2921 1163 3213 1216 hominibus
3233 1160 3386 1233 (Sap.
3422 1177 3494 1228 Iv,
3553 1159 3628 1232 8),
3653 1160 3846 1231 quibus

2257 1259 2539 1313 maturitas
2605 1257 2838 1322 consilii,
2905 1255 3250 1326 gravitaSque
3303 1254 3561 1323 suppetit.
3614 1250 3770 1308 Unde
3799 1261 3849 1308 et

2257 1351 2545 1407 Hiereutite
2587 1350 2781 1406 dicitur
2807 1367 2819 1404 ;
2854 1349 2979 1404 Noli
3018 1349 3187 1402 dicere
3207 1348 3327 1417 quia
3338 1347 3547 1419 juvenis
3573 1362 3686 1399 sum
3715 1346 3847 1417 (Jer.

2257 1462 2296 1510 ι,
2329 1445 2405 1516 7).
2434 1446 2497 1499 Et
2521 1445 2704 1516 utique
2726 1453 2840 1500 erat
2863 1452 3022 1498 aetate
3045 1441 3297 1512 juvenis;
3332 1440 3425 1495 sed
3456 1440 3708 1511 prohibet
3731 1456 3850 1494 eum

2251 1540 2506 1610 juvenem
2553 1556 2612 1594 se
2639 1539 2844 1603 dicere,
2874 1538 2964 1609 qui
2994 1545 3141 1592 esset
3188 1535 3498 1590 maturioris
3531 1533 3850 1604 prudentiae.

2259 1634 2445 1690 Daniel
2475 1647 2596 1688 cum
2630 1647 2762 1702 puer
2787 1640 2953 1697 esset,
2984 1634 3194 1698 accepit
3217 1628 3462 1700 spiritum
3510 1641 3618 1697 quo
3663 1626 3855 1696 dignus

2257 1725 2551 1782 senectutis
2581 1723 2831 1794 primitiis
2861 1723 3182 1785 haberetur;
3214 1730 3271 1774 ut
3314 1719 3666 1789 redargueret
3701 1732 3854 1773 senes

551 1829 848 1899 rOgativam
877 1829 1127 1898 generis;
1179 1828 1280 1882 nisi
1322 1827 1509 1883 videro
1548 1838 1935 1897 congruentem
1966 1828 2152 1897 generi
2182 1838 2230 1898 Β
2259 1821 2372 1891 ipse
2403 1837 2506 1874 non
2532 1818 2715 1874 senior
2741 1817 3102 1888 longazvitate,
3137 1816 3232 1871 sed
3260 1815 3463 1899 gratia;
3495 1822 3615 1869 erat
3633 1815 3777 1869 enim
3806 1815 3854 1868 in

554 1937 764 1977 morum
789 1921 1150 1985 nobilitatem,
1178 1929 1236 1974 ut
1266 1921 1357 1974 fiat
1387 1921 1518 1990 justi
1547 1921 1762 1992 generis
1791 1921 2007 1976 electio.

627 2015 717 2069 15.
759 2013 915 2082 Quod
963 2015 1009 2069 si
1067 2015 1208 2068 scias
1264 2022 1338 2081 te,
1395 2023 1452 2070 et
1490 2030 1752 2085 agnoscas
1779 2016 1902 2086 quia
1934 2023 2156 2084 peccato

554 2104 791 2160 obnoxia
822 2121 919 2170 es;
952 2105 1258 2161 exeundum
1288 2107 1340 2160 in
1363 2107 1634 2163 ealcaneis
1659 2123 1882 2180 gregum
1923 2117 2003 2163 est
2037 2108 2152 2162 tibi.

552 2195 655 2254 Exi
685 2213 817 2268 ergo
846 2198 987 2254 nuda
1012 2198 1169 2269 pede,
1192 2210 1239 2254 et
1261 2216 1412 2270 pasce
1450 2199 1626 2255 ltttdos
1651 2211 1766 2255 tuos
1812 2201 1867 2254 in
1915 2200 2154 2254 taberna-

553 2292 684 2345 culis
730 2303 994 2360 pastorum
1044 2290 1219 2365 (Cant.
1275 2311 1312 2362 ι,
1369 2294 1444 2366 7).
1501 2296 1600 2362 Qui
1646 2297 1762 2352 sine
1805 2306 2027 2365 peccato
2053 2305 2156 2364 est,

557 2400 728 2457 agnos
751 2387 917 2458 987
952 2387 1146 2457 pascit,
1189 2403 1318 2443 oves
1352 2390 1544 2458 pascit.
1575 2389 1706 2458 Quae
1730 2399 1909 2444 autem
1938 2400 2160 2459 peccato

559 2480 792 2536 obnoxia
816 2493 921 2545 est,
951 2480 1125 2550 pascit
1157 2480 1344 2536 haedos
1374 2481 1465 2553 qtti
1496 2497 1527 2537 a
1567 2480 1801 2537 sinistris
1833 2493 1994 2548 sunt;
2055 2497 2161 2537 non

557 2572 703 2626 enim
735 2581 914 2642 potest
937 2587 1060 2628 esse
1091 2573 1146 2628 in
1191 2573 1412 2629 dextera
1447 2575 1680 2644 pastoris
1708 2575 1855 2630 boni.
1898 2575 2165 2645 Sequatur

556 2665 730 2734 magis
759 2665 1028 2720 dicentem
1059 2666 1222 2722 Petro
1254 2685 1265 2718 :
1306 2666 1438 2720 Veni
1459 2679 1596 2722 retro
1628 2684 1729 2734 me,
1756 2679 1939 2722 satana
1969 2668 2159 2739 (Marc.

559 2772 674 2820 vut,
705 2759 820 2828 '55).
853 2758 1144 2829 Sequendo
1173 2759 1365 2816 Petrus
1388 2761 1440 2815 in
1473 2761 1694 2817 dextera
1751 2764 1948 2818 meruit
1995 2765 2168 2820 collo-

559 2850 670 2902 cari
692 2865 710 2914 ;
731 2847 963 2920 ideoque
993 2851 1042 2904 ei
1071 2849 1265 2905 dicitur
1298 2869 1309 2904 :
1336 2851 1502 2907 Pasce
1521 2854 1787 2922 agniculos
1817 2871 1952 2909 meos
1981 2855 2163 2920 (Joan.

561 2959 675 3010 xxi,
725 2943 840 3012 16).
881 2943 988 2999 Sed
1019 2959 1128 3015 quo
1149 2955 1335 3010 exeat,
1367 2946 1492 3001 audi
1525 2967 1536 3000 :
1567 2949 1648 3001 Ad
1687 2950 2054 3015 tabernacula,
2088 2951 2167 3004 in-

565 3035 699 3106 quit,
734 3045 1032 3103 pastorum;
1057 3037 1158 3091 hoc
1188 3045 1294 3103 est,
1325 3037 1393 3092 ad
1415 3048 1627 3108 gentes,
1649 3039 1714 3093 ad
1748 3040 2164 3110 dispersionem.

565 3128 804 3199 Ideoque
831 3129 1010 3185 dixit:
1047 3129 1343 3186 Percutiant
1392 3142 1670 3202 pastorem,
1712 3143 1759 3186 et
1811 3134 2170 3203 dispergentur

2258 1915 2354 1970 illo
2384 1923 2514 1968 tetas
2543 1913 2846 1968 senectutis
2869 1912 2978 1964 vita
3011 1897 3356 1964 immaculata
3395 1906 3560 1980 (Dan.
3589 1923 3702 1972 stu,
3743 1905 3855 1979 45).

2257 2006 2352 2062 Cui
2387 2006 2523 2061 bene
2557 2005 2818 2075 competit
2869 2004 3180 2058 Davitlicum
3229 2001 3359 2055 illud
3407 2001 3591 2056 dicere
3632 2018 3648 2057 :
3691 1999 3860 2072 Super

2258 2103 2480 2156 seniores
2507 2099 2742 2154 intellexi
2771 2098 2952 2171 (Infra
3008 2113 3137 2152 vers.
3168 2095 3317 2167 100).
3339 2093 3568 2165 Ideoque
3591 2103 3860 2164 tamquam

2259 2193 2327 2247 de
2349 2192 2590 2246 veterani
2623 2189 2860 2254 consilii,
2883 2200 2939 2244 et
2967 2189 3154 2243 senilis
3181 2188 3425 2242 scientiae
3477 2185 3595 2240 viro
3618 2185 3859 2240 divinum

2263 2285 2627 2358 pronuntiavit
2651 2283 2928 2340 oraculum
2957 2301 2968 2337 :
3006 2281 3134 2349 Quis
3160 2282 3460 2353 prudentior
3490 2295 3644 2350 quam
3675 2277 3863 2333 Daniel

2268 2379 2453 2450 (Ezec.
2483 2378 2784 2443 χχιιιιῶγὲ

2338 2475 2424 2530 18.
2466 2473 2619 2529 Nunc
2643 2473 2774 2528 illud
2797 2473 3160 2536 advertamus,
3189 2471 3234 2525 si
3267 2469 3524 2539 possibile
3551 2479 3638 2525 est
3662 2477 3720 2524 ut
3745 2483 3863 2524 cor-

2265 2568 2676 2638 rigatjuvenior
2708 2567 2847 2620 viam
2876 2581 3053 2632 suam,
3079 2579 3145 2618 an
3179 2563 3322 2618 non?
3351 2561 3406 2618 Si
3441 2576 3546 2616 non
3578 2573 3699 2628 est;
3737 2577 3865 2632 ergo

2267 2664 2525 2718 mentitur
2555 2661 2856 2732 Propheta:
2891 2661 2985 2715 sed
3018 2660 3140 2729 quia
3164 2674 3269 2712 non
3293 2657 3573 2723 mentitur,
3610 2656 3866 2726 possibile

2267 2765 2370 2812 est.
2402 2757 2479 2811 ita
2512 2765 2691 2811 tamen
2745 2754 3021 2824 possibile,
3066 2765 3121 2807 ut
3150 2752 3292 2824 quod
3322 2751 3656 2821 impossibile
3686 2751 3866 2806 videa-

2269 2859 2376 2913 tur,
2403 2851 2494 2904 liat
2520 2849 2815 2921 possibile;
2841 2849 2886 2903 si
2927 2847 3200 2903 custodiat
3227 2846 3411 2916 junior
3450 2846 3618 2900 verba
3653 2845 3750 2901 Dei
3786 2847 3868 2900 :si

2268 2957 2447 3000 autem
2481 2961 2587 2999 non
2611 2943 2902 3010 custodiat,
2938 2942 3297 3013 impossibile.
3330 2939 3488 2998 Unde
3531 2939 3662 2995 illud
3697 2940 3869 2995 Evan-

2269 3040 2502 3110 gelicum
2524 3057 2536 3093 :
2560 3037 2793 3093 Facilius
2815 3049 2887 3094 est
2911 3037 3160 3091 camelttm
3185 3053 3277 3108 per
3299 3040 3530 3107 foramen
3557 3051 3679 3089 acus
3705 3046 3870 3089 trans-

2269 3130 2366 3196 ire,
2396 3147 2549 3202 quant
2598 3131 2803 3185 divitem
2835 3135 3024 3185 intrare
3068 3130 3120 3183 in
3153 3145 3366 3199 regnum
3417 3129 3586 3201 988
3622 3127 3869 3181 caelorum

563 3239 678 3277 oves
724 3224 893 3294 gregis
922 3222 1108 3293 (Zach.
1155 3239 1269 3289 XIII,
1323 3223 1409 3296 7);
1453 3233 1510 3278 ut
1539 3225 1815 3294 repleatur
1847 3235 1991 3280 totus
2020 3225 2170 3280 orbis
2198 3213 2243 3274 C
2280 3223 2497 3296 (Matth.
2522 3239 2640 3289 XIX,
2666 3222 2784 3293 Ἡ).
2816 3222 2970 3288 Quod
2995 3221 3094 3275 hoc
3124 3235 3342 3292 quoque
3369 3220 3506 3274 libro
3536 3218 3873 3288 itnpos~ihile

564 3324 828 3370 terrarum
871 3332 1034 3386 grege
1063 3315 1286 3382 Christi,
1317 3318 1622 3388 signiﬁcans
1651 3329 1777 3374 tunc
1809 3318 1923 3374 fore
1962 3320 2162 3374 salvam

563 3407 928 3480 Syuagogam,
961 3425 1084 3465 cum
1124 3427 1184 3466 se
1215 3411 1339 3466 huic
1365 3411 1688 3478 dispersioui
1737 3425 1790 3468 et
1839 3413 1952 3482 ipsa
1993 3411 2167 3468 socia-

564 3502 725 3564 verit,
750 3518 872 3571 qute
904 3503 1134 3572 replevit
1154 3503 1296 3559 hunc
1325 3505 1616 3570 mundum;
1653 3505 1995 3560 tabernacula
2020 3507 2162 3560 enim

567 3602 866 3664 pastorum,
900 3610 1066 3665 regna
1093 3609 1219 3650 sunt
1247 3607 1424 3652 terrae.
1458 3597 1706 3668 Ideoque.
1751 3599 2012 3668 propheta
2063 3600 2168 3654 Da-

562 3686 651 3741 vid
678 3689 926 3742 nationes
951 3690 1278 3744 autmutians
1301 3689 1608 3745 eredituras
1629 3691 1706 3744 ait
1739 3707 1754 3745 :
1783 3689 1964 3764 Regna
1993 3701 2163 3756 terrte,

564 3790 767 3835 cantate
784 3780 895 3836 Deo
927 3781 1102 3852 (Psal.
1131 3799 1296 3850 vau,
1321 3783 1437 3856 55).
1473 3783 1614 3854 Ergo
1652 3786 1788 3840 sciat
1809 3801 1867 3841 se
1893 3785 2164 3856 juvenior,

565 3883 624 3928 ut
653 3875 892 3946 corrigat
923 3877 1062 3931 viam
1095 3892 1272 3931 suam.

639 3968 728 4023 16.
770 3967 877 4024 Sed
908 3968 1046 4024 dicis
1080 3987 1092 4022 :
1119 3971 1251 4036 Quis
1287 3980 1464 4040 potest
1495 3987 1825 4042 cognoscere
1849 3974 1988 4028 viam
2015 3975 2169 4044 juve-

565 4059 707 4124 uior,
732 4071 789 4114 ut
817 4063 1089 4131 corrigat;
1115 4077 1236 4116 cum
1261 4062 1533 4132 Propheta
1561 4064 1742 4120 dicat:
1771 4063 1892 4118 Tria
1919 4075 2037 4119 sunt
2073 4067 2170 4119 im-

566 4149 832 4221 possibilia
856 4151 980 4203 milti
1002 4152 1306 4221 intelligere,
1322 4164 1367 4206 et
1382 4165 1622 4222 quartum
1640 4155 1778 4223 quod
1800 4172 1899 4208 non
1921 4144 2168 4228 agnosco:

568 4244 782 4316 nestigia
836 4243 1026 4311 aquila:
1068 4244 1310 4305 volantis.
1360 4246 1492 4298 viam
1538 4248 1793 4316 serpentis
1821 4247 1875 4301 in
1927 4259 2098 4319 petra,
2125 4260 2170 4303 et

567 4336 777 4390 semitas
801 4337 944 4390 navis
966 4337 1274 4408 uavigantis,
1309 4348 1355 4391 et
1375 4338 1482 4392 vias
1512 4339 1608 4392 viri
1633 4340 1685 4392 in
1714 4339 2166 4411 juventute(Prov.

572 4445 702 4496 xxx,
728 4429 795 4485 18
819 4439 868 4482 et
899 4429 1010 4498 19).
1052 4430 1108 4484 Si
1142 4429 1397 4486 Salomon
1427 4429 1627 4486 fatetur
1664 4431 1805 4502 quod
1854 4448 1961 4487 non
2006 4447 2174 4503 agno-

567 4530 684 4576 scat
715 4521 829 4575 vias
884 4521 984 4576 viri
1019 4521 1069 4576 in
1119 4521 1439 4591 juventute;
1482 4523 1754 4589 quomodo
1792 4533 1972 4594 potest
2013 4526 2170 4596 juve-

2268 3331 2389 3373 esse
2415 3317 2567 3384 dixit,
2620 3318 2696 3371 sic
2719 3325 2900 3370 tamen
2934 3315 3280 3384 intelligimus
3332 3312 3667 3383 impossibile
3712 3325 3868 3376 esse,

2268 3410 2392 3480 quia
2440 3409 2634 3464 divites
2683 3423 2790 3464 non
2820 3407 3132 3464 custodiunt
3162 3406 3412 3461 mandata
3439 3406 3534 3460 Dei
3566 3422 3578 3459 :
3613 3406 3656 3460 si
3688 3415 3872 3460 autem

2268 3504 2598 3568 custodiant,
2627 3503 2683 3557 fit
2711 3502 2967 3573 possibile
3004 3501 3145 3571 quod
3179 3499 3512 3569 impossibile
3567 3497 3869 3553 videbatur.

2273 3597 2371 3653 Hic
2395 3607 2475 3652 est
2498 3595 2738 3651 camelus
2780 3595 2870 3666 qui
2905 3595 3070 3649 intrat
3097 3609 3193 3662 per
3241 3601 3520 3662 augustam
3545 3590 3684 3644 viam
3710 3607 3723 3656 ε
3753 3607 3874 3660 qua:

2270 3691 2420 3746 illum
2443 3701 2568 3744 ante
2589 3704 2786 3759 capere
2817 3705 2920 3743 non
2969 3696 3182 3759 poterat
3231 3687 3732 3756 concupiscentem,
3762 3685 3872 3753 jam

2269 3785 2418 3855 capit
2443 3784 2836 3838 custodientem
2883 3781 3135 3837 mandata
3169 3781 3372 3836 divina.
3411 3793 3432 3820 ο
3463 3779 3873 3836 Custodientem

2269 3890 2447 3934 autem
2479 3878 2638 3933 verba
2680 3878 2797 3941 Dei,
2847 3878 2969 3947 quia
3007 3877 3296 3932 custodivit
3333 3893 3416 3942 ea,
3457 3875 3667 3947 Moyses
3723 3879 3875 3947 quasi

2271 3973 2542 4027 seniorem
2575 3970 2736 4040 elegit
2767 3969 2962 4041 (Exod.
2991 3985 3081 4031 vtt,
3105 3970 3190 4036 l);
3245 3978 3299 4023 et
3341 3983 3482 4022 nunc
3519 3969 3717 4038 quibus
3773 3971 3875 4023 hoc

2275 4063 2474 4133 Spiritu
2531 4063 2626 4117 Dei
2650 4061 3003 4118 committitur
3044 4059 3232 4125 officii,
3273 4068 3330 4113 ut
3381 4059 3583 4128 eligant
3631 4060 3878 4115 seniores

2275 4155 2467 4219 viros,
2523 4154 2732 4223 eligunt
2792 4154 2913 4208 sine
2979 4152 3147 4208 dubio
3208 4151 3348 4206 inter
3411 4149 3662 4204 seniores
3721 4150 3879 4218 juve-

2273 4263 2396 4303 nem
2437 4247 2794 4315 corrigentem
2842 4245 2981 4299 viam
3023 4261 3176 4300 suam
3204 4286 3219 4310 ,
3252 4244 3304 4298 iu
3338 4240 3696 4298 custodiendo
3713 4243 3878 4297 verba

2273 4338 2390 4394 Dei.
2421 4339 2484 4393 Et
2511 4339 2554 4390 si
2580 4337 2812 4391 senioris
2857 4336 3032 4390 aetatis
3054 4335 3228 4390 virum
3255 4334 3542 4404 elegerint,
3579 4347 3685 4387 nou
3721 4337 3876 4403 quasi

2275 4431 2574 4503 longaevum
2603 4429 2786 4501 utique
2809 4430 3112 4500 elegerunt,
3141 4428 3235 4484 sed
3275 4427 3427 4498 quasi
3477 4425 3876 4482 custodientem

2275 4526 2436 4582 verba
2492 4526 2796 4596 Deizquod
2852 4525 2896 4578 si
2948 4522 3214 4595 repetitur
3269 4522 3320 4576 in
3347 4521 3589 4589 juniore,
3612 4519 3801 4590 utique
3826 4531 3882 4577 et

569 4611 692 4668 nior
729 4615 1096 4683 cognoscere?
1144 4612 1240 4668 Cui
1284 4613 1702 4685 respondebitur
1756 4616 1896 4687 quod
1931 4618 2035 4672 illae
2065 4620 2168 4674 via:
2198 4621 2249 4680 Ι)
2275 4620 2390 4690 ipse
2409 4630 2489 4673 est
2511 4617 2812 4688 eligendus.
2840 4616 3032 4687 Liquet
3059 4617 3221 4684 igitur
3249 4631 3317 4670 ex
3346 4613 3430 4668 ltis
3478 4613 3619 4683 quod
3647 4629 3755 4667 nou
3789 4629 3880 4670 se-

569 4707 668 4762 viri
701 4707 754 4762 in
783 4708 1068 4776 juventute
1100 4722 1206 4763 non
1236 4719 1659 4786 cognoscantur,
1684 4725 1804 4781 qua:
1840 4721 1967 4765 sunt
2015 4726 2172 4766 secus

572 4800 687 4854 vias
713 4802 1057 4872 serpentisin
1084 4812 1254 4872 petra,
1289 4783 1550 4880 et‘s‘pcus
1600 4803 1821 4858 semitas
1865 4806 2016 4858 navis
2067 4803 2169 4859 ﬂu-

567 4893 825 4973 ctuantis,
883 4903 931 4948 et
988 4892 1212 4962 vestigia
1262 4893 1503 4948 volantis.
1543 4895 1758 4963 aquilze,
1815 4909 1938 4964 quae
1965 4911 2171 4965 ungues

565 5003 790 5058 asperos
845 4987 1032 5053 habet,
1063 4986 1091 5025 ι)
1119 4987 1356 5058 praedam
1400 4986 1648 5052 includit,
1684 4994 1742 5041 et
1790 5001 1952 5053 supra
1999 4989 2169 5044 nubes

570 5080 738 5146 volat,
789 5081 840 5134 in
863 5095 990 5135 aere
1029 5090 1194 5145 errat,
1227 5081 1277 5134 in
1304 5080 1436 5134 mari
1467 5080 1668 5150 piscem
1693 5079 1977 5144 interficit;
2009 5089 2061 5132 et
2093 5088 2170 5132 ta-

568 5187 691 5229 men
725 5186 831 5227 non
855 5179 940 5228 est
966 5171 1305 5240 impossibile
1325 5171 1427 5228 hoc
1457 5181 1730 5242 quartum,
1756 5169 1897 5227 sicut
1920 5171 2008 5226 illa
2041 5170 2163 5237 tria;

640 5346 666 5374 ⁸
708 5337 851 5392 Edit.
885 5336 1045 5392 Rom.
1069 5337 1206 5404 sola,
1253 5337 1354 5390 nisi
1381 5337 1534 5407 [idem
1551 5336 1852 5391 servaveris.

640 5450 668 5489 ι)
715 5449 955 5505 Praedam
980 5450 1218 5513 includit,
1252 5450 1305 5505 in
1333 5458 1444 5504 aut.
1479 5447 1611 5504 edit.
1639 5463 1701 5503 ac
1741 5448 2014 5518 plerisque
2041 5461 2171 5502 mss.

578 5521 917 5648 dejidﬁatur
947 5539 962 5590 ;
997 5531 1053 5578 at
1075 5525 1126 5576 in
1156 5522 1477 5592 quibusdam
1506 5520 1770 5591 reperias,
1806 5519 2034 5589 praedam
2073 5535 2177 5572 non

575 5610 657 5648 me
684 5613 711 5646 ιι
757 5611 770 5648 ι
803 5633 816 5648 .

648 5697 672 5724 ο
715 5686 837 5741 Vel.
867 5686 1002 5742 edit.
1033 5701 1156 5742 cum
1179 5701 1314 5742 mss.
1347 5688 1573 5751 aliquot.
1599 5687 1966 5740 custodientem
2007 5692 2178 5737 autem

571 5755 729 5826 viterba
755 5758 954 5828 diuina,
987 5758 1106 5824 quia
1136 5757 1365 5812 custodit
1408 5773 1485 5814 ea.
1520 5756 1735 5828 Moysen
1759 5757 1913 5828 quasi
1935 5756 2180 5828 seniorem

571 5824 738 5900 elegit.
764 5821 959 5898 Voces,
977 5821 1097 5898 quia
1137 5829 1454 5895 custodum,
1503 5821 1632 5883 cuni
1674 5821 1917 5897 sequenti
1978 5821 2174 5896 puncto

2276 4712 2507 4768 uectutis
2548 4709 2860 4780 longaevitas
2909 4709 3159 4779 eligatur,
3193 4707 3287 4763 sed
3314 4705 3556 4762 custodia
3587 4705 3879 4762 verborqu

2275 4806 2391 4861 Dei.
2423 4806 2666 4875 Denique
2687 4806 2800 4874 ipse
2830 4803 3041 4874 Moyses
3062 4803 3247 4858 Jesutu
3277 4800 3422 4856 Nave
3449 4809 3505 4856 et
3527 4797 3692 4855 Caleb
3715 4799 3879 4868 juve-

2275 4911 2373 4952 nes
2428 4912 2538 4967 prre
2585 4895 2802 4951 caneris
2845 4894 3199 4964 approbabat,
3223 4908 3454 4963 quorum
3507 4893 3794 4947 consilium
3828 4895 3880 4948 iu

2275 4998 2435 5044 terrae
2462 4989 2724 5044 electione
2750 4988 2944 5058 magis,
2969 5002 3127 5057 quam
3155 4987 3446 5040 multorum
3499 4987 3799 5051 seniorum,
3826 4997 3882 5042 et

2267 5081 2382 5152 ipse
2404 5090 2620 5135 secutus
2641 5071 2742 5145 est,
2769 5090 2824 5134 et
2855 5082 2993 5134 Deus
3015 5079 3250 5149 przetnlit
3287 5076 3482 5149 (Nunt.
3510 5093 3626 5141 xw,
3657 5077 3689 5132 6
3721 5088 3770 5132 et
3797 5077 3879 5148 7).

2346 5172 2435 5229 19.
2475 5171 2629 5229 Unde
2677 5182 2732 5228 et
2774 5171 2907 5228 illud
2935 5171 3004 5228 de
3054 5169 3222 5227 Jacob
3246 5168 3391 5239 quod
3417 5184 3579 5239 supra
3602 5169 3840 5224 diximus
3867 5187 3879 5221 :

2274 5335 2402 5390 inde
2422 5334 2645 5389 sustulit
2673 5333 2810 5387 edit.
2837 5335 2995 5388 Rom.
3030 5331 3134 5388 Alii
3183 5333 3368 5404 plures
3414 5349 3544 5388 mss.
3585 5335 3884 5388 custodiam

2279 5404 2907 5478 tem(uuus__ctts_todienx)
2931 5415 3216 5478 atttem.....
3251 5404 3456 5476 Moyses
3506 5406 3650 5472 quasi
3704 5408 3884 5478 senior

2278 5475 2506 5547 eligitur.
2561 5475 2714 5547 Unde
2743 5479 2831 5530 vix
2867 5475 3030 5547 ttl_|um
3064 5475 3364 5544 legitimum
3423 5491 3642 5530 sensum
3669 5476 3878 5532 elicias.

2279 5545 2471 5602 Melius
2498 5563 2629 5614 ergo
2662 5546 2794 5616 Reg.
2829 5560 2879 5601 et
2905 5545 3114 5618 Remig.
3146 5555 3203 5600 ut
3233 5551 3284 5601 in
3315 5556 3484 5602 textu.
3510 5547 3664 5614 Quod
3694 5559 3881 5603 autem

2279 5619 2502 5681 dicitur,
2533 5619 2652 5688 quia
2675 5620 2896 5672 custodit
2925 5624 3014 5683 ea;
3051 5619 3189 5673 idem
3248 5626 3333 5672 est
3379 5620 3513 5670 acsi
3546 5619 3884 5673 scriberetur

2283 5705 2390 5745 non
2415 5687 2574 5744 aliain
2604 5691 2951 5760 οῂιιειιιειιιιι,Δ
2975 5688 3070 5746 sed
3108 5698 3331 5758 propter
3359 5687 3461 5745 hoc
3501 5689 3700 5756 solum,
3751 5691 3886 5758 quia

2279 5759 2460 5817 divina
2493 5757 2744 5816 mandata
2766 5757 3020 5816 custodit.
