3988 6360
147 307 257 363 I217

1199 309 1264 366 IN
1305 308 1631 368 PSAIMUM
1669 308 1878 367 CXVIII
1919 308 2300 369 EXPOSITIO.

3251 323 3388 380 1218

145 423 255 477 Deus
285 421 363 484 qui
385 423 545 490 pascit
576 439 659 477 nte
679 437 710 474 a
729 423 991 491 iuventute
1021 440 1132 480 mea
1163 424 1314 497 (Gen.
1349 442 1536 493 xnvut,
1565 427 1686 497 ib):
1717 430 1770 493 A
1798 427 1866 482 ad
1905 429 2198 486 discrimen
2228 430 2464 502 aegroti?
2515 431 2797 490 Constitue
2846 433 3081 507 aliquem
3126 439 3392 507 przeposi-

143 515 402 570 utauilestat
439 514 595 581 nobis
623 515 691 570 de
720 530 786 572 eo
808 516 1142 589 dictum,qui
1169 519 1352 574 tulerit
1359 518 1547 590 jugum
1571 535 1689 573 ver-

141 610 183 664 bi
200 611 242 664 in
255 610 516 678 juventute
533 609 860 676 sua(Thren.
880 627 962 676 tn,
978 609 1049 665 27
1069 621 1116 665 et
1132 611 1249 682 εδ),
1271 621 1326 667 et
1339 613 1603 669 recedens
1621 613 1688 667 ab

142 702 584 757 Iiswetsimilibus
609 702 752 771 ejus,
778 703 916 760 sedit
935 705 1302 775 singulariter,
1324 707 1376 762 in
1398 722 1458 763 se
1477 715 1689 777 tempus

141 807 437 864 exspectans,
482 812 588 867 quo
633 797 806 868 possit
834 814 956 853 cum
986 799 1270 870 disciplina
1299 801 1543 870 proferre
1571 816 1688 857 ser-

140 906 352 957 monem;
385 899 438 944 et
481 900 768 960 propterea
797 890 1023 961 spiritali
1051 892 1383 949 estdouatus
1404 894 1686 960 alimento,

139 987 278 1041 adhuc
291 985 383 1040 αενὶ
399 985 628 1056 integer,
646 984 742 1040 sed
767 993 1060 1042 veteranus
1075 987 1326 1042 consilio.
1341 987 1527 1056 Neque
1540 989 1684 1043 enim

137 1082 314 1151 dignum
360 1086 440 1135 est
479 1090 535 1133 nt
565 1078 851 1134 credamus
880 1081 1023 1150 quod
1053 1090 1234 1136 tantus
1263 1081 1568 1151 patriarcha
1618 1082 1686 1138 de

140 1174 360 1244 Corporali
386 1174 508 1229 cibo
529 1173 730 1228 dixerit
755 1191 769 1226 :
800 1173 942 1228 Deus
961 1175 1050 1245 qui
1069 1175 1230 1246 pascit
1253 1192 1331 1230 me
1352 1194 1384 1230 α
1412 1179 1686 1248 juventute

138 1284 266 1331 mea;
299 1267 415 1336 quia
447 1281 546 1320 nec
573 1267 913 1336 corporalem
939 1283 1128 1336 panem
1151 1268 1524 1335 desiderabat,
1558 1284 1683 1325 eum

137 1360 298 1415 diceret
327 1376 339 1412 :
370 1359 431 1414 Si
455 1358 711 1414 Dominus
731 1357 877 1414 Deus
902 1376 1098 1414 mecum
1127 1373 1220 1425 est,
1249 1370 1302 1415 ut
1330 1363 1533 1417 det.....
1557 1363 1685 1416 mihi

134 1473 279 1524 panem
327 1455 660 1521 manducare,
711 1458 777 1510 et
803 1465 989 1509 vestem
1027 1455 1292 1511 indui.....
1320 1457 1547 1510 omnium
1568 1473 1684 1527 qua:

135 1548 207 1600 dus
245 1547 373 1610 mihi,
425 1546 676 1601 decimam
704 1547 971 1600 decimabo
995 1547 1086 1600 tilti
1112 1545 1268 1617 (Gen.
1297 1564 1483 1615 xxvttt,
1517 1548 1589 1605 20
1611 1580 1683 1589 —

130 1642 222 1709 92).
241 1641 354 1696 Nam
385 1641 428 1696 si
459 1651 642 1712 patres
669 1640 841 1696 nostri
867 1641 1166 1710 spiritalem
1191 1657 1373 1699 escam
1394 1643 1684 1700 manduca-

132 1745 306 1798 rcruut,
331 1743 384 1790 et
408 1734 710 1808 Spiritalem
739 1744 923 1804 potum
956 1733 1242 1798 biberunt;
1271 1744 1474 1805 quanto
1509 1736 1680 1806 magis

129 1836 309 1882 sanctus
326 1827 489 1882 Jacob
525 1826 650 1882 cibo
686 1835 871 1896 pastus
893 1834 976 1881 est
1007 1826 1237 1895 spiritali
1268 1829 1281 1880 ε

186 1925 259 1979 '20.
296 1925 383 1980 Ille
431 1939 647 1994 quoque
680 1922 993 1978 intellectus
1016 1921 1119 1977 hoc
1143 1923 1263 1978 loco
1289 1925 1549 1995 suppetit,
1581 1940 1684 1982 nec

128 2016 303 2071 alienus
320 2032 483 2070 avere
506 2025 622 2080 est;
647 2015 770 2084 quia
787 2015 1038 2081 juvenior
1065 2013 1155 2070 ille
1181 2030 1248 2070 ex
1267 2017 1686 2087 congregatione

127 2110 331 2176 gentium
362 2109 601 2178 pepulus,
623 2111 720 2178 qui
751 2115 1040 2174 antequam
1087 2108 1138 2160 in
1161 2106 1382 2162 Christo
1413 2109 1678 2175 crederet,

127 2209 343 2255 tortuose
369 2200 575 2267 errabat
603 2199 885 2266 anfractu;
919 2199 972 2252 in
1001 2212 1069 2254 eo
1098 2199 1324 2270 corrigit
1360 2199 1498 2254 viam
1529 2215 1681 2256 suam

125 2296 229 2364 quia
255 2295 332 2350 Dei
365 2295 517 2349 verba
542 2293 860 2359 custodivit,
883 2309 1002 2364 qua:
1027 2293 1198 2348 noluit
1218 2293 1492 2350 custodire
1515 2309 1686 2366 pepu-

128 2388 530 2452 IusJudaaorum;
563 2397 622 2443 et
649 2387 770 2442 ideo
800 2387 894 2443 ille
919 2387 1062 2442 viam
1090 2387 1280 2442 salutis
1305 2389 1551 2445 invenire
1574 2405 1683 2444 non

128 2484 289 2551 potuit.
314 2481 729 2538 Consideremus
759 2489 812 2536 et
839 2488 1155 2550 sequentem
1183 2495 1419 2536 versum.

182 2575 257 2628 2t.
289 2575 458 2646 (Vers.
491 2573 606 2645 lO.)
649 2570 716 2626 In
737 2582 840 2626 toto
869 2572 1025 2626 corde
1067 2589 1178 2626 meo
1206 2573 1453 2642 exquisivi
1493 2581 1571 2637 te;
1623 2589 1686 2628 ne

125 2667 309 2738 repellas
356 2683 431 2720 me
455 2684 485 2719 a
511 2665 771 2720 mandatis
802 2665 921 2719 tuis.
969 2664 1026 2720 Si
1059 2665 1204 2720 Deus
1252 2665 1468 2735 repellit
1493 2682 1683 2721 unum-

124 2778 377 2834 quemque,
424 2776 583 2832 quem
638 2758 1008 2830 repellendnm
1065 2769 1249 2828 putat,
1292 2759 1572 2816 videamus
1614 2775 1683 2816 ne

124 2855 487 2909 excusationem
510 2857 559 2908 ei
587 2852 806 2918 tribuat,
855 2853 946 2922 qui
975 2866 1098 2907 cum
1121 2853 1272 2922 sequi
1302 2853 1472 2908 Deum
1497 2853 1679 2915 vellet,

125 2948 342 3015 repulsus
367 2947 456 3000 sit.
486 2945 553 3000 Et
579 2946 811 3016 primum
852 2945 1307 3016 quemadmodum
1339 2946 1515 3000 bonus
1539 2947 1682 3002 Deus

123 3040 656 3111 repellitsequcntem,
693 3038 793 3093 nisi
820 3038 936 3106 ipse
980 3047 1256 3093 mereatur
1286 3039 1510 3106 repelli?
1533 3039 1684 3095 Sicut

123 3131 215 3200 ipse
241 3133 491 3188 Deminus
535 3135 608 3188 ait
650 3151 662 3185 :
707 3130 897 3200 Vulpes
915 3135 1087 3202 foveas
1114 3130 1298 3186 habent
1325 3131 1539 3198 (Matth.
1567 3148 1680 3196 \‘Ill,

1794 527 1902 573 tum
1933 521 2323 577 aediﬁcantibus
2345 564 2361 588 ,
2394 525 2478 579 vel
2504 525 2664 580 etiam
2697 528 3006 583 texentibtts
3026 569 3041 595 ,
3075 529 3167 600 qui
3192 529 3390 586 delicat

1790 624 2056 669 summam
2086 617 2269 682 Operis
2299 617 2609 688 explicare;
2642 629 2824 676 utrum
2854 621 2899 676 is
2932 622 3025 678 tibi
3054 623 3384 693 probabilior

1789 703 2020 770 videtur,
2048 707 2092 761 si
2128 707 2178 760 in
2209 707 2263 762 id
2291 708 2575 780 diligenter
2602 711 2841 779 insiStat,
2868 728 2933 769 ac
2959 714 3004 771 si
3035 729 3196 785 quem
3246 714 3387 772 forte

1789 797 2117 854 incuriosum
2148 799 2446 858 adverterit
2473 802 2541 858 de
2572 804 2642 858 iis
2667 805 2757 875 qui
2804 814 3102 877 operantur
3134 806 3187 861 in
3219 807 3387 865 domo

1788 890 1968 961 aliqua
1997 893 2355 950 construenda
2382 935 2399 960 ,
2449 896 2677 966 repellat
2720 912 2841 952 eum
2866 939 2880 964 ,
2913 898 3109 954 melius
3153 901 3387 957 credens

1788 998 1896 1038 non
1923 983 2194 1040 :cdiﬁcare
2220 1027 2234 1050 ,
2265 1002 2425 1056 quam
2457 986 2734 1044 hiantibus
2764 988 2920 1043 rimis
2972 989 3237 1047 aediﬁcata
3268 991 3384 1049 dis-

1787 1076 1922 1130 solvi
1951 1091 1966 1139 ;
2015 1086 2176 1146 atque
2205 1077 2442 1148 aliquem
2474 1079 2528 1133 in
2559 1079 2678 1148 ejus
2709 1080 3006 1137 substituat
3047 1083 3225 1140 locum
3249 1127 3262 1150 ,
3295 1086 3388 1157 qui

1787 1180 1910 1222 cum
1933 1167 2215 1237 diligentia
2235 1167 2503 1224 aediﬁcet?
2529 1170 2794 1226 Similiter
2823 1172 2987 1227 etiam
3010 1175 3226 1229 textrini
3252 1191 3386 1246 pra:-

1788 1261 2027 1330 positum
2059 1263 2396 1332 repulsorem
2429 1264 2823 1334 negligentiam
2849 1308 2866 1334 ,
2895 1275 2954 1322 ut
2985 1268 3276 1324 substituat
3307 1271 3384 1325 di-

1786 1351 2039 1420 ligentes,
2072 1369 2140 1410 ne
2169 1355 2321 1426 longa
2357 1358 2650 1412 textrinum
2671 1359 3247 1430 eorrumpatincuria;
3279 1378 3388 1419 non

1787 1448 1958 1516 magis
1982 1447 2261 1518 probabis,
2291 1465 2450 1520 quam
2484 1451 2633 1506 illum
2654 1453 2744 1524 qui
2775 1452 2994 1510 desides
3024 1455 3077 1510 in
3099 1469 3194 1510 sua
3217 1457 3388 1528 negli-

1786 1539 1966 1608 gentia
1997 1549 2346 1608 perseverare
2377 1544 2655 1614 patiatur?

1858 1635 1948 1690 ‘25.
1984 1635 2176 1690 Transi
2205 1654 2348 1692 nunc
2376 1639 2441 1693 ad
2465 1654 2560 1695 eos
2583 1640 2675 1711 qui
2707 1640 2958 1696 mandata
2991 1643 3267 1699 aediﬁcant
3291 1683 3307 1710 ,
3331 1653 3387 1700 et

1787 1732 1960 1799 legem
2013 1730 2283 1797 intexunt,
2323 1742 2377 1788 et
2406 1734 2643 1788 animam
2676 1736 3106 1808 uniuscujusque
3157 1753 3383 1808 recepe-

1709 1823 1760 1884 B
1787 1833 1912 1878 runt
1938 1825 2254 1900 sanandam.
2287 1825 2482 1881 Nonne
2531 1827 2577 1882 si
2626 1828 2746 1898 quis
2791 1844 2982 1885 eorum
3010 1831 3244 1887 azdiﬁcet
3287 1832 3386 1888 do-

1789 1931 1935 1970 mttm
1967 1917 2061 1971 Dei
2093 1932 2216 1972 cum
2243 1918 2454 1988 jnstitia
2487 1961 2501 1986 ,
2535 1928 2682 1974 texat
2707 1921 3083 1979 indumentum
3114 1940 3234 1980 cum
3263 1924 3388 1981 dili-

1788 2008 1988 2078 gentia,
2025 2016 2181 2063 sanet
2209 2010 2443 2064 animam
2470 2025 2592 2066 cum
2621 2014 2817 2082 gratia,
2837 2028 2975 2084 opus
3003 2015 3203 2070 bonum
3233 2016 3386 2071 facit?

1788 2100 1832 2155 si
1861 2115 1993 2156 vero
2021 2102 2328 2158 incuriosus
2358 2119 2422 2159 ac
2453 2105 2716 2161 remissus
2741 2106 2966 2178 aliquis,
2997 2107 3166 2175 fabri,
3202 2118 3384 2166 texto-

1788 2191 1883 2254 ris,
1903 2193 2096 2248 medici
2120 2194 2384 2263 spiritalis
2408 2196 2582 2251 locum
2605 2207 2857 2268 occupet,
2878 2208 2935 2254 ut
2960 2199 3218 2255 sacerdos
3241 2215 3388 2256 sum-

1789 2301 1928 2353 mus,
1962 2296 2016 2340 ut
2041 2287 2346 2358 presbyter,
2378 2297 2436 2344 ut
2458 2289 2708 2345 minister
2748 2291 2936 2348 altaris
2966 2293 3145 2360 sacri;
3197 2309 3381 2351 nonne

1787 2380 2126 2436 commodius
2149 2390 2233 2437 est
2263 2398 2368 2437 non
2403 2384 2610 2438 subire
2645 2401 3082 2457 unumquemque
3109 2387 3164 2442 id
3193 2404 3386 2445 mune-

1788 2475 1890 2541 ris,
1917 2477 2062 2547 quod
2092 2477 2319 2546 implere
2345 2493 2452 2532 non
2477 2489 2664 2548 queat.
2710 2496 2871 2551 quam
2900 2481 3222 2538 subeuntem
3249 2523 3264 2548 ,
3289 2498 3384 2539 ne-

1787 2584 1892 2640 que
1920 2569 2096 2640 ipsum
2128 2582 2351 2627 strenue
2372 2583 2630 2643 suscepto
2653 2573 2801 2644 fungi
2837 2591 3085 2640 munere,
3117 2585 3170 2632 et
3199 2578 3384 2644 eripe-

1788 2677 1848 2719 re
1877 2663 2054 2718 Iocum
2079 2664 2261 2732 alteri,
2287 2665 2380 2736 qui
2407 2667 2618 2720 naviter
2638 2682 2762 2721 eum
2796 2668 2968 2736 possit
2998 2669 3136 2722 tueri
3159 2668 3182 2720 ?
3205 2667 3344 2736 Quid
3366 2668 3380 2722 Ι

1787 2755 1932 2824 quod
1958 2757 2122 2811 etiam
2150 2756 2250 2826 ipsi
2278 2758 2603 2824 consulitur,
2633 2759 2724 2829 qui
2743 2759 3023 2814 remissior
3045 2773 3166 2816 cum
3188 2761 3278 2828 sit,
3299 2775 3385 2818 re-

1787 2847 2043 2916 pellitur,
2079 2862 2146 2903 ne
2180 2849 2297 2917 plus
2327 2848 2646 2905 offensionis
2671 2851 2980 2907 contrahat.

1858 2939 1948 2993 24.
1966 2939 2104 3008 Quid
2124 2942 2195 2995 sit
2221 2949 2398 2997 autem
2416 2943 2606 3010 repelli
2633 2942 3064 3011 consideremus;
3088 2946 3286 3002 Icelum
3301 2956 3387 3003 est

1788 3034 1933 3090 enim
1955 3054 1967 3088 :
1990 3035 2404 3091 Sicutvnlnerati
2419 3037 2748 3104 dormientes,
2775 3040 2993 3109 proiecti
3015 3041 3066 3094 in
3084 3057 3386 3096 monumen-

1788 3128 1871 3192 tis,
1892 3145 2109 3199 quorum
2124 3147 2226 3184 non
2240 3130 2517 3184 meministi
2530 3131 2754 3198 amplius
2770 3148 2790 3196 ;
2805 3142 2851 3184 et
2879 3132 3079 3202 quidem
3093 3131 3195 3201 ipsi
3208 3135 3270 3185 de
3282 3149 3385 3187 ma-

121 3221 224 3293 28);
252 3235 302 3279 ct
334 3226 452 3280 ideo
477 3226 627 3295 quasi
673 3225 889 3293 vulpem
942 3223 1180 3293 repellit.
1223 3222 1293 3277 Et
1343 3223 1470 3278 alibi
1503 3240 1518 3278 :
1547 3223 1682 3291 Quia
1712 3240 1758 3303 ρ
1789 3229 1961 3276 nutua
1987 3224 2180 3294 repulsi
2203 3233 2322 3277 sunt
2346 3222 2517 3294 (Psal.
2541 3239 2784 3290 Lxxxvn,
2805 3225 2883 3294 5).
2903 3224 3263 3280 Advertamus
3293 3225 3386 3296 igi-

123 3321 234 3372 otuni
255 3320 449 3374 habenti
477 3319 720 3382 dabitur;
747 3319 794 3371 ei
826 3327 998 3371 autent
1024 3318 1109 3388 qui
1140 3334 1242 3372 non
1278 3320 1444 3378 habet,
1479 3317 1684 3386 etquod

121 3410 286 3464 ridetur
314 3414 513 3479 habere,
542 3415 807 3482 auferetur
837 3411 900 3464 ab
929 3427 986 3465 eo
1019 3410 1235 3481 (Matth.
1281 3425 1407 3475 xxv,
1437 3409 1552 3478 ‘29).
1585 3408 1682 3463 Cui

121 3505 262 3570 addit,
309 3506 410 3562 nisi
440 3507 486 3560 ei
515 3507 606 3576 qui
665 3515 778 3559 toto
808 3504 971 3558 corde
996 3503 1232 3573 exquirit
1260 3519 1420 3568 eum;
1450 3511 1508 3556 ut
1536 3501 1682 3570 quod

118 3595 248 3652 deest
273 3610 498 3662 naturze,
531 3599 583 3652 id
612 3598 705 3652 Dei
737 3597 1051 3666 operatione
1081 3595 1323 3666 acquirat
1363 3604 1419 3649 et
1461 3594 1628 3664 gratia
1660 3596 1682 3648 ?

119 3689 243 3746 Sicut
274 3694 543 3760 Salomon,
601 3695 692 3765 qui
721 3709 785 3748 ex
827 3702 940 3747 toto
964 3691 1128 3747 corde
1163 3691 1455 3760 exquirens
1487 3691 1679 3756 Deum,

116 3789 406 3858 sapientiam
435 3790 602 3862 989
635 3788 929 3858 postulavit
959 3806 970 3841 :
1003 3795 1058 3842 et
1077 3787 1204 3855 quia
1247 3800 1353 3839 non
1403 3800 1536 3855 opes
1577 3783 1681 3839 sibi

117 3883 281 3950 regias,
304 3883 397 3938 sed
420 3883 614 3937 divina:
645 3897 841 3936 munus
856 3880 1042 3952 gratia:
1070 3878 1409 3947 depoposcit,
1434 3877 1683 3946 accipere

113 3976 280 4030 meruit
303 3977 580 4046 sapientiae
633 3974 976 4044 disciplinam
1009 3973 1289 4042 :rcpletus
1341 3979 1425 4026 est
1471 3968 1682 4024 Domini

117 4063 308 4134 Spiritu,
357 4077 414 4122 ut
461 4075 814 4138 cognosceret
842 4064 1089 4119 mandata
1116 4061 1293 4118 omnia
1327 4061 1416 4133 (III
1450 4061 1581 4134 Reg.
1617 4060 1675 4115 ll

113 4170 149 4209 et
174 4160 268 4230 19.).
294 4160 395 4229 Qui
417 4171 597 4216 autem
625 4174 732 4215 non
785 4158 967 4223 habet,
997 4167 1055 4211 ut
1082 4157 1136 4211 in
1163 4156 1329 4212 corde
1372 4171 1469 4210 suo
1497 4153 1682 4223 exqui-

112 4261 178 4304 rat
198 4251 469 4308 Dominum
490 4294 506 4320 ,
539 4262 595 4308 et
625 4251 756 4306 facit
781 4250 1000 4321 quidem
1040 4264 1176 4319 opus
1216 4248 1348 4312 Dei,
1378 4247 1472 4301 sed
1514 4245 1682 4316 negli-

109 4359 273 4410 genter
297 4346 766 4410 facil,maledicto
793 4345 1068 4415 subjectus
1101 4353 1208 4411 est,
1241 4344 1377 4399 sicut
1410 4342 1677 4412 legimus:

112 4436 224 4502 Quia
250 4441 551 4495 maledictus
582 4441 748 4495 omnis
798 4440 885 4510 qui
907 4455 1036 4511 opus
1062 4436 1160 4492 Dei
1199 4436 1328 4506 facit
1368 4435 1682 4509 negligenter

109 4529 292 4600 (larem.
323 4532 650 4602 xuttt,10).
680 4530 873 4587 Merito
899 4545 1030 4602 ergo
1057 4530 1370 4600 repellitur,
1413 4527 1536 4598 quia
1568 4543 1682 4583 ma-

1791 3325 1877 3368 tur
1906 3330 2044 3385 quos
2063 3316 2376 3370 vulneratos
2404 3324 2459 3370 et
2489 3316 2762 3385 projecIOs
2795 3317 2846 3370 in
2879 3317 3246 3373 monumentis
3286 3333 3379 3374 re-

1788 3407 1961 3477 pellit,
1991 3424 2218 3478 quurum
2252 3423 2358 3463 non
2386 3409 2697 3464 meminerit
2726 3411 2982 3481 amplius.
3016 3410 3105 3465 Isti
3139 3421 3264 3465 sunt
3289 3413 3383 3484 qui

1785 3516 1814 3554 a
1857 3489 2125 3558 mandatis
2182 3505 2271 3559 Dei
2331 3505 2688 3574 repelluntur.
2739 3504 3008 3566 Peccatori
3048 3517 3215 3561 autem
3253 3507 3386 3562 dixit

1786 3594 1924 3649 Deus
1950 3614 1963 3650 :
1993 3597 2164 3663 Quare
2219 3607 2275 3650 tu
2323 3614 2536 3652 enarras
2569 3599 2808 3671 justitias
2858 3616 2995 3654 meas
3019 3599 3332 3672 (Psal.xr.tx
3366 3643 3381 3669 ,

1789 3686 1911 3759 l6)?
1942 3687 2010 3742 Et
2037 3689 2160 3760 quia
2213 3704 2241 3743 a
2272 3689 2543 3746 mandatis
2573 3691 2664 3746 Dei
2696 3692 3037 3762 repelluntur
3062 3735 3076 3758 ,
3106 3694 3380 3764 repellun-

1788 3789 1875 3836 tur
1905 3783 2087 3852 utique
2133 3783 2200 3838 de
2229 3799 2390 3838 manu
2423 3783 2539 3838 Dei.
2575 3784 2643 3838 Et
2673 3783 2808 3839 bene
2841 3785 3140 3855 prospexit,
3171 3786 3382 3856 nequis

1785 3871 1853 3927 de
1883 3888 2042 3929 manu
2077 3874 2168 3928 Dei
2191 3874 2436 3930 videatur
2463 3876 2597 3945 eripi
2620 3892 2633 3940 ;
2656 3875 2783 3946 quia
2805 3892 2966 3932 nemo
2992 3885 3169 3942 potest
3188 3893 3383 3947 quent-

1785 3982 1945 4037 quam
1973 3983 2164 4036 rapere
2191 3968 2261 4023 de
2285 3983 2449 4022 manu
2477 3970 2588 4024 Dei.
2615 3969 2720 4038 Qui
2747 3985 2878 4039 ergo
2909 3969 3152 4040 privatur
3195 3986 3383 4027 mune-

1786 4062 1862 4115 ris
1890 4063 2127 4130 suscepti
2159 4061 2341 4116 ofﬁcio
2370 4062 2456 4116 vel
2487 4062 2682 4132 gratia,
2716 4078 2820 4117 non
2853 4062 3078 4133 rapitur,
3113 4064 3208 4120 sed
3255 4063 3384 4134 reji-

1785 4155 1953 4218 citur;
1982 4165 2038 4209 ut
2072 4154 2208 4209 dixit
2240 4155 2500 4211 Dominus
2538 4155 2697 4212 Jesus
2729 4156 2796 4210 ad
2829 4156 3202 4213 Hierusalem:
3239 4156 3383 4224 Quo-

1786 4247 1878 4302 ties
1902 4248 2038 4302 volui
2068 4264 2376 4321 congregare
2401 4249 2541 4315 ﬁlios
2571 4259 2805 4305 tuos.....
2834 4251 3001 4322 990
3023 4260 3071 4307 et
3115 4251 3330 4305 noluisti
3360 4251 3380 4303 ,ν

1787 4341 1921 4397 Ecce
1974 4343 2289 4414 relinquetur
2332 4342 2469 4397 vobis
2489 4344 2672 4398 domus
2713 4354 2882 4398 vestra
2923 4344 3122 4398 deserta
3151 4343 3380 4416 (Matth.

1786 4453 1946 4500 χχιιι,
1978 4438 2045 4493 57
2071 4447 2119 4492 et
2144 4436 2260 4506 58).
2293 4435 2529 4491 Abstulit
2549 4435 2658 4491 illis
2685 4435 3192 4500 sanctiﬁcationem,
3215 4435 3386 4492 altare

1787 4529 2180 4602 thymiamatis,
2206 4538 2260 4584 et
2290 4528 2555 4584 orationis
2587 4528 2885 4583 sacrarium
2904 4569 2918 4592 ,
2951 4525 3382 4597 propitiatorium

107 4619 278 4680 ledicto
294 4625 493 4697 dignus
518 4637 626 4689 est,
651 4624 778 4695 quia
812 4622 1000 4694 polluit
1033 4622 1200 4692 magis
1217 4629 1274 4677 et
1299 4620 1524 4692 impedit
1544 4635 1682 4692 opus
1711 4630 1758 4693 ι)
1784 4623 1955 4678 altare
1973 4621 2390 4685 sacriﬁciorum,
2407 4622 2750 4676 sacerdotum
2774 4630 2829 4676 et
2858 4619 3144 4675 levitarum
3192 4618 3384 4674 minis-

104 4715 225 4783 quod
237 4719 572 4789 negligenter
601 4718 865 4787 putaverit
886 4714 1310 4786 exsequendum.

160 4808 241 4864 Ἠ..
266 4810 690 4867 Consideremus
707 4825 839 4880 ergo
862 4806 1050 4864 'utrum
1075 4807 1290 4864 bonitas
1305 4808 1378 4862 sit
1399 4806 1588 4877 repelli
1615 4807 1682 4863 ab

104 4916 246 4972 opere
288 4906 695 4978 negligentem:
729 4919 797 4958 an
852 4918 984 4959 vero
1011 4903 1259 4958 retineri.
1288 4902 1358 4956 Et
1385 4902 1676 4972 imaginem

101 4996 169 5048 rei
195 4995 348 5066 hujus
394 5013 458 5053 ex
487 4997 610 5052 aliis
639 5011 919 5050 sumamus
967 4994 1198 5049 artibus.
1241 4992 1409 5048 Curat
1434 4993 1677 5048 medicus

100 5097 363 5158 ingratum,
388 5099 413 5128 ⁸
441 5089 536 5146 sed
571 5089 912 5161 negligenter
937 5107 951 5142 :
978 5096 1032 5143 et
1057 5087 1265 5143 desidia
1299 5087 1494 5141 medici
1524 5087 1672 5140 virus

99 5179 192 5235 alta
217 5183 458 5238 vulneris
495 5184 689 5254 serpit.
723 5181 940 5250 Quanto
970 5181 1134 5252 igitur
1180 5181 1378 5236 melius
1405 5179 1676 5234 removeri

97 5267 388 5344 hujusmndi
419 5276 690 5332 medicum
746 5275 836 5345 qui
889 5284 1104 5343 tempus
1126 5274 1287 5337 terit,
1312 5288 1434 5327 cum
1460 5271 1674 5339 profec-

99 5375 198 5424 ιω
223 5370 428 5426 nullum
468 5371 675 5427 sentiat
725 5368 1082 5436 vulneratus;
1113 5379 1167 5424 ut
1189 5367 1415 5424 curandi
1438 5366 1674 5422 ofﬁcium

97 5458 154 5515 Id
179 5474 300 5532 eum
345 5463 614 5520 medicum
643 5459 1003 5516 transferatur
1022 5501 1039 5526 ,
1069 5460 1162 5532 qui
1213 5459 1476 5514 maturius
1507 5457 1678 5527 possit

95 5561 292 5622 νει-σω
319 5567 416 5610 sua
445 5552 734 5626 diligentia
761 5552 1058 5609 subvenire
1087 5553 1101 5606 ι
1130 5550 1319 5606 Nonne
1348 5547 1675 5605 clementior

97 5643 280 5715 estqui
305 5645 523 5718 repellit
548 5645 687 5704 nihil
713 5644 1116 5717 prolicientcm,
1149 5657 1312 5715 quam
1352 5643 1443 5712 qui
1471 5640 1666 5697 retinet

1791 4717 1925 4771 teria
1952 4732 1965 4779 ;
2000 4725 2052 4770 et
2077 4724 2256 4768 tamen
2280 4727 2403 4769 cum
2427 4712 2546 4766 haec
2572 4711 2788 4764 sublata
2818 4719 3002 4766 essent
3028 4709 3233 4775 omnia,
3263 4725 3384 4779 qum

1787 4807 2084 4865 secundum
2113 4806 2274 4876 Legis
2315 4803 2567 4860 mandata
2590 4803 2882 4870 habebant,
2914 4803 2993 4856 ait
3039 4801 3334 4872 Apostolus
3365 4819 3379 4856 :

1790 4899 1843 4953 Ν
1849 4900 2059 4971 nmquid
2086 4899 2273 4970 repulit
2296 4896 2436 4952 Deus
2461 4895 2812 4952 haereditatem
2831 4910 3094 4949 suam.....
3127 4892 3274 4959 Non,
3292 4893 3382 4949 in-

1783 4993 1924 5063 quit,
1957 4993 2246 5065 repulit....
2285 4990 2375 5045 sed
2403 4989 2658 5044 conclusit
2697 4988 2868 5042 omnia
2891 4987 2944 5040 in
2985 4985 3345 5041 incredulitate
3370 5026 3385 5056 ,

1785 5095 1837 5139 ut
1868 5085 2097 5140 omnium
2124 5085 2426 5139 misereatur
2447 5080 2625 5152 (Rom.
2647 5095 2722 5145 xl,
2757 5081 2811 5147 1,
2841 5079 2878 5134 2
2905 5088 2953 5132 et
2983 5077 3098 5149 3‘2).

1853 5175 1945 5231 25.
1989 5176 2128 5231 Sunt
2155 5189 2286 5245 ergo
2314 5171 2407 5243 qui
2451 5170 2518 5227 ad
2562 5180 2776 5242 tempus
2807 5186 2838 5226 a
2860 5168 3133 5226 mandatis
3158 5179 3383 5240 propter

1780 5265 2212 5324 misericordiam
2256 5262 2632 5335 repelluntur;
2664 5262 2805 5317 sicut
2848 5270 2905 5318 et
2931 5261 3042 5318 illis
3075 5259 3382 5316 consulitur

1780 5362 1871 5434 qui
1902 5367 2214 5416 vomuntur.
2241 5356 2372 5410 Nam
2405 5353 2864 5426 quemadmodum
2897 5366 3128 5407 manens
3157 5350 3210 5406 in
3253 5367 3378 5407 cor-

1777 5468 1911 5526 pore
1937 5452 2081 5522 quod
2114 5449 2440 5505 Vomendum
2471 5455 2578 5512 est,
2612 5445 2730 5515 plus
2774 5443 3017 5500 acescit:
3049 5443 3120 5497 ita
3149 5443 3240 5513 qui
3267 5444 3364 5501 de-

1779 5549 1874 5603 bet
1896 5544 2131 5609 excludi,
2160 5544 2207 5600 si
2262 5542 2601 5604 retineatur,
2651 5551 2752 5592 nec
2796 5551 2858 5592 se
2905 5535 3168 5606 corrigat,
3197 5545 3370 5592 totum

1777 5652 1976 5709 corpus
2003 5635 2287 5692 exulcerat
2315 5673 2328 5687 .
2363 5632 2661 5701 Meritoque
2683 5627 2895 5699 Angelo
2933 5627 3217 5685 Laodicea:
3247 5628 3381 5690 dicit

156 5823 180 5853 ⁸
203 5813 322 5875 Non
349 5821 502 5890 pauci
531 5831 696 5886 11185.,
731 5817 820 5875 sed
864 5768 1176 5886 negligentia
1199 5822 1245 5868 et
1267 5811 1464 5867 desidia
1503 5808 1683 5864 medici
1712 5807 1850 5864 virus
1871 5805 2098 5863 uulneris
2123 5804 2320 5880 serpit.
