3988 6322
533 283 674 361 ista

1875 281 2125 342 SANCTI
2161 276 2491 338 AMBROSII

3695 262 3843 322 ιεξθ

532 423 689 479 tostis
715 419 894 475 ﬁdelis
920 423 978 474 et
1005 426 1171 473 verus
1199 430 1214 466 :
1247 410 1373 469 Seio
1400 423 1562 480 opera
1583 416 1690 475 tua,
1716 405 1841 478 quia
1863 418 2027 472 neque
2039 403 2137 474 fri—
2161 398 2217 462 Δ
2241 404 2421 469 potest
2451 406 2620 466 regno
2649 390 2947 449 calorum:
2967 386 3066 444 sed
3094 385 3315 458 eloquia
3344 382 3582 480 Domini,
3615 380 3844 480 eloquia

531 516 685 590 gidus
699 531 777 581 es,
799 527 959 584 neque
984 508 1183 564 calidus
1208 522 1224 572 ;
1248 506 1444 559 utinam
1468 500 1690 574 [rigidus
1711 514 1864 563 esses,
1894 497 1972 552 uel
1999 495 2131 550 cali-

535 610 635 664 dus
653 625 672 663 :
709 606 801 663 sed
819 606 941 676 quia
970 601 1178 674 tepidus
1200 615 1253 655 es
1281 639 1297 664 ,
1326 596 1576 669 incipiam
1601 603 1650 649 te
1681 607 1912 648 euomere
1951 605 2017 646 ea:
2046 604 2136 644 ore

536 717 648 756 meo
672 700 862 769 (Apoc.
890 711 968 763 tn,
1006 696 1073 752 l5
1123 702 1173 749 et
1204 689 1319 764 lii).
1351 693 1553 761 Aperte
1590 684 1976 759 negligentiam
2004 696 2132 755 gra-

2236 501 2422 557 casta,
2459 495 2745 560 argentum
2772 484 2900 556 igne
2949 480 3360 547 examinatum,
3408 476 3605 549 quibus
3657 475 3847 544 ipsum

2238 600 2468 658 regnum
2492 581 2822 654 acquiritur.
2850 578 3007 634 Hunc
3032 591 3164 648 ergo
3209 574 3525 630 thesaurum
3556 567 3850 640 sapientia:

2235 688 2292 736 et
2335 676 2660 750 cognitionis
2699 671 3077 733 absconditum
3105 670 3160 725 in
3186 682 3340 739 agro,
3372 666 3430 722 in
3457 680 3568 737 quo
3592 665 3847 735 plantata

537 753 917 849 viori‘damnat
942 753 1170 860 iudicio,
1196 753 1359 859 quam
1401 753 1850 855 imprudentiam.
1881 753 2134 849 Frigidus
2237 779 2366 829 sunt
2384 770 2553 827 verba
2572 766 2975 838 Scripturorum
3010 760 3352 860 cmlestium;
3400 773 3525 822 cum
3565 753 3853 860 iit-venerit

540 894 625 942 est
643 884 786 940 enim
811 884 902 954 qui
927 880 1086 937 iidem
1108 879 1316 936 nescit:
1359 875 1570 934 calidus
1586 876 1679 947 qui
1701 873 1938 944 Spiritus
1960 866 2137 925 sancti

535 978 759 1036 fervore
781 990 1083 1034 succensus
1132 982 1238 1031 est.
1295 972 1396 1041 Qui
1442 985 1575 1042 ergo
1603 954 1843 1025 calorem
1871 964 1997 1020 ﬁdei
2028 978 2138 1019 non

536 1072 726 1139 habet,
756 1068 1097 1127 tolerabilius
1121 1066 1202 1122 illi
1229 1066 1408 1121 fuerat
1448 1062 1611 1118 ﬁdem
1663 1074 1771 1115 non
1811 1056 2095 1126 accepisse
2121 1095 2139 1122 ,

533 1178 697 1235 quam
723 1161 1053 1234 neglexisse.
1081 1159 1177 1215 Est
1214 1156 1360 1213 enim
1393 1153 1610 1226 tepidus
1629 1161 1655 1190 ⁸
1670 1149 1822 1223 pejor
1837 1146 2051 1219 frigido,
2074 1154 2131 1202 ut

547 1255 772 1312 Judzeus
792 1253 883 1324 qui
907 1252 1012 1308 sibi
1025 1249 1238 1307 videtur
1249 1247 1410 1304 ﬁdem
1432 1246 1633 1302 habere
1653 1256 1933 1315 quamnon
1956 1237 2139 1295 habet.

536 1345 755 1414 Quanto
795 1342 1223 1401 tolerabiliorem
1265 1352 1487 1395 causam
1533 1333 1755 1408 gentilis
1802 1331 2009 1396 habet,
2050 1328 2142 1400 qui

542 1447 727 1510 potest
751 1436 961 1491 dicere:
987 1432 1107 1489 Non
1130 1430 1359 1504 cognovi
1388 1430 1589 1500 Legem
1617 1469 1634 1497 ,
1666 1441 1774 1484 non
1804 1423 1985 1481 audivi
2013 1436 2145 1493 pro-

534 1532 749 1602 phetas,
783 1529 907 1584 ideo
935 1543 1042 1583 non
1065 1525 1271 1582 credidi
1296 1566 1312 1591 ,
1339 1539 1502 1596 quam
1536 1522 1630 1578 ille
1661 1521 1751 1593 qui
1778 1520 1911 1591 legit
1938 1518 2145 1585 omnia,

536 1639 602 1680 ex
631 1623 826 1693 quibus
855 1628 1147 1678 ‘veoturum
1184 1619 1377 1680 Jesttm
1415 1618 1704 1684 crederet,
1737 1624 1926 1673 etnon
1973 1611 2148 1669 credi-

536 1714 652 1770 dit!
685 1713 891 1770 Neuter
910 1712 1129 1784 quidem
1160 1722 1473 1778 excusatur,
1504 1725 1607 1767 nec
1627 1710 1723 1765 ille
1749 1708 1842 1779 qui
1869 1707 2024 1778 legit,
2048 1720 2153 1761 nec

2240 869 2406 925 homo
2433 912 2448 937 ,
2483 863 2773 922 abscondit
2800 861 2953 917 illum
2983 859 3037 914 in
3068 857 3240 916 corde
3265 870 3365 911 suo
3390 896 3404 921 ,
3453 865 3558 908 nec
3599 850 3853 921 divulgat

2244 976 2403 1018 eum:
2435 959 2618 1016 scions
2645 957 2773 1028 quia
2802 956 2849 1010 si
2880 949 3240 1024 divulgaverit
3270 944 3590 1019 Babyloniis
3617 943 3851 999 thesau—

2242 1070 2362 1112 rum
2388 1053 2511 1121 Doi,
2542 1064 2790 1123 magnam
2821 1047 3082 1107 oil'enssm
3110 1042 3438 1107 contrahet;
3471 1051 3532 1095 ut
3557 1039 3773 1094 dicatur
3799 1035 3852 1092 ei

2244 1160 2499 1203 sermone
2512 1143 2834 1217 prophetico
2853 1140 2969 1201 ille
2984 1137 3280 1195 semiustus
3296 1134 3568 1207 accipient,
3588 1142 3636 1188 et
3650 1129 3852 1200 facient

2244 1236 2506 1308 spadones
2548 1236 2604 1291 in
2650 1230 3163 1305 domregis(Essi.
3201 1227 3404 1294 uxu‘,
3463 1224 3542 1297 Ἰ).
3587 1223 3697 1279 Per
3724 1236 3854 1292 qua:

2246 1327 2584 1399 signiﬁcatur
2623 1325 2748 1398 quia
2776 1325 2825 1380 is
2853 1323 2951 1396 qui
2988 1320 3294 1394 prodiderit
3320 1316 3503 1374 divina
3544 1312 3813 1387 mysteria
3836 1355 3853 1381 ,

2247 1419 2623 1491 posteritatem
2649 1417 2849 1473 animm
2873 1430 3010 1482 sum,
3040 1412 3507 1482 seminariumque
3528 1408 3855 1466 meritorum

2248 1512 2453 1570 habere
2474 1526 2583 1568 non
2605 1511 2799 1583 possit.

2323 1627 2415 1682 9.8.
2452 1627 2596 1683 Cave
2624 1640 2757 1697 ergo
2780 1641 2850 1682 ne
2874 1622 3096 1682 divitias
3126 1632 3248 1678 tuas
3277 1619 3497 1693 perfidis
3523 1617 3724 1691 prodas
3751 1635 3768 1673 :
3802 1626 3859 1674 et

2253 1720 2300 1775 si
2356 1718 2654 1775 amicitiam
2695 1716 2975 1784 simulent,
3008 1731 3117 1770 non
3161 1714 3274 1769 illis
3320 1713 3535 1785 aperias
3587 1710 3857 1768 interiora

536 1807 633 1863 ille
662 1806 753 1877 qui
777 1806 960 1876 legere
988 1805 1161 1860 noluit
1185 1821 1199 1860 :
1230 1803 1326 1859 sed
1352 1803 1473 1873 plus
1493 1802 1783 1873 delinquit,
1815 1800 1909 1871 qui
1930 1797 2150 1870 negavit

2264 1811 2445 1868 domus
2466 1819 2609 1877 tum;
2641 1825 2750 1866 non
2772 1824 2991 1867 reseres
3012 1810 3299 1864 thesauros
3325 1805 3528 1877 regios,
3560 1818 3699 1876 quos
3744 1803 3859 1858 Ba-

537 1899 682 1972 quod
712 1900 944 1972 legerat,
970 1914 1135 1970 quam
1161 1898 1254 1969 qui
1280 1911 1444 1967 opera
1479 1910 1586 1951 non
1617 1894 1764 1961 fecit,
1789 1908 1911 1964 quae
1941 1891 2149 1947 facien-

546 1992 617 2049 da
648 1984 766 2049 non
784 1992 1056 2064 cognovit.
1084 1991 1487 2060 Quantaautetn
1512 1988 1708 2044 “deiet
1733 1986 1957 2057 iustitia:
1978 1983 2155 2056 gratia

544 2095 650 2153 est,
682 2095 741 2140 ut
771 2085 827 2140 in
854 2098 953 2140 ore
972 2083 1070 2139 Dei
1092 2083 1185 2152 sit,
1216 2082 1309 2153 qui
1332 2081 1493 2137 tidem
1522 2087 1694 2145 tenet,
1720 2088 1776 2134 et
1797 2092 1963 2149 opera
1991 2091 2149 2132 exer-

544 2189 629 2234 cet
656 2177 879 2249 iustitiae
904 2194 919 2232 :
949 2185 1004 2231 et
1028 2184 1292 2247 quantum
1322 2174 1545 2237 amittit,
1569 2186 1731 2243 quem
1762 2169 2063 2227 evomuerit
2085 2162 2150 2224 ex

544 2289 641 2330 ore
670 2287 770 2328 suo
799 2272 1068 2331 Dominus
1095 2269 1277 2338 Iesus,
1306 2277 1367 2325 et
1385 2285 1453 2324 ex
1482 2268 1596 2323 suis
1626 2264 1930 2322 visceribus
1974 2263 2152 2334 eiece-

542 2366 647 2423 rit!
678 2380 841 2435 quam
868 2366 991 2435 pius
1013 2373 1194 2420 tamen
1213 2405 1228 2431 ,
1258 2363 1432 2434 quiet
1455 2361 1633 2432 iustos
1653 2360 1708 2415 in
1739 2375 1835 2414 ore
1855 2373 1954 2414 suo
1978 2364 2151 2423 tenet,

543 2466 601 2514 et
628 2455 860 2528 iniustos
886 2471 999 2512 non
1022 2463 1150 2511 ante
1169 2454 1397 2523 evomit,
1415 2467 1582 2524 quam
1597 2452 1882 2509 denuntiet
1895 2464 2153 2507 evomen-

543 2549 646 2604 dos
669 2548 683 2602 ε
709 2554 768 2602 ut
793 2549 882 2605 vel
912 2546 1227 2618 huiusmodi
1252 2544 1628 2602 admonitione
1649 2543 1904 2600 conversi
1926 2542 2150 2615 dignum

542 2640 747 2711 aliquid
793 2639 1075 2707 alliciant,
1104 2641 1215 2710 quo
1239 2654 1349 2694 non
1393 2645 1705 2694 vomuntur.
1735 2635 1889 2692 Nunc
1932 2636 2151 2693 tertium

543 2731 878 2787 versiculum
901 2731 1338 2788 consideremus.

619 2822 713 2878 26.
744 2823 930 2895 (Vera.
964 2823 1083 2896 ll.)
1117 2823 1179 2878 in
1201 2825 1356 2880 corde
1381 2841 1516 2891 meo,
1548 2824 1744 2897 inquit,
1771 2821 2019 2879 abscondi
2047 2824 2151 2877 eto-

547 2919 673 2987 quia
694 2925 785 2972 tua
808 2957 825 2984 ,
858 2926 914 2972 ut
944 2933 1045 2972 nou
1067 2933 1269 2989 peccem
1289 2918 1400 2972 tibi.
1437 2919 1732 2989 Propterea
1782 2932 1915 2988 ergo
1945 2925 2151 2989 myste-

546 3011 691 3067 rium
713 3010 857 3078 regis
884 3005 1089 3069 bonqu
1117 3019 1201 3073 est
1229 3010 1604 3077 abscondere;
1638 3009 1990 3081 peccatenim
2014 3009 2150 3074 Deo,

548 3106 641 3176 qui
672 3105 968 3162 commissa
993 3105 1097 3165 sibi
1128 3114 1341 3161 secreta
1372 3106 1632 3178 mysteria
1685 3100 1959 3175 putaverit
2007 3102 2152 3159 iudi-

549 3198 675 3267 guis
702 3211 829 3254 esse
848 3195 1138 3265 vulganda.
1169 3197 1475 3252 Periculum
1505 3198 1687 3267 itaque
1729 3205 1814 3252 est
1844 3210 1951 3255 non
1974 3196 2152 3252 solum
2180 3180 2227 3255 (ἶ

551 3289 692 3347 falsa
715 3289 920 3355 dicere,
954 3289 1053 3345 sed
1070 3289 1237 3344 etiam
1264 3304 1390 3347 vera
1416 3331 1431 3356 ,
1459 3292 1504 3344 si
1534 3291 1658 3361 quis
1686 3304 1749 3346 ea
1773 3289 2013 3347 insinuet
2040 3290 2157 3358 qni-

550 3384 657 3451 ιω
684 3399 790 3439 non
813 3392 1051 3454 oportet.
1084 3384 1241 3452 Quod
1290 3384 1481 3439 vitium
1529 3383 1988 3455 quadripartitum
2029 3392 2115 3439 est
2137 3424 2154 3450 ,

555 3476 647 3534 vel
676 3475 1005 3531 adulationis
1030 3517 1050 3543 ,
1078 3476 1167 3531 vel
1192 3476 1436 3532 avaritiae
1461 3518 1476 3544 ,
1505 3477 1596 3537 vel
1624 3476 1900 3547 jactantire
1919 3519 1935 3544 ,
1964 3476 2051 3532 vel
2080 3476 2161 3533 lo-

555 3568 853 3640 quacitatis
877 3569 1144 3633 incautae;
1177 3570 1305 3638 quia
1330 3569 1461 3625 dum
1505 3570 1714 3625 adulari
1742 3571 1856 3625 vult
1885 3569 2082 3640 aliquis
2108 3570 2160 3624 ei

554 3662 644 3718 cui
675 3663 934 3733 loquitur,
958 3662 1189 3720 eli'undit
1213 3664 1555 3735 mysterium.
1579 3663 1834 3720 Nonnulli
1861 3665 2024 3720 etiam
2047 3673 2163 3720 stu-

555 3754 647 3813 dio
677 3755 813 3811 lucri
842 3754 1147 3815 mercedem
1179 3755 1506 3827 proditionis
1527 3764 1865 3827 sequuntur;
1892 3765 1952 3811 ut
1978 3765 2163 3826 tegen-

555 3850 625 3907 da
649 3850 874 3906 silentio
901 3849 1143 3905 vendant
1182 3849 1479 3922 loquendo.
1510 3847 1617 3904 Alii
1648 3892 1665 3917 ,
1695 3858 1754 3904 ut
1803 3849 1955 3920 plura
1999 3863 2167 3905 nosse

554 3943 864 4009 videantur,
895 3952 949 4000 et
970 3944 1259 4000 scientiam
1278 3958 1437 4003 suam
1459 3943 1997 4015 iaetitent,aperiunt
2019 3942 2163 4013 quod

560 4037 743 4093 colare
764 4034 1053 4093 deberent.
1087 4036 1343 4106 Plerique
1358 4036 1486 4097 dum
1515 4035 1638 4092 sine
1677 4034 1885 4104 judicio
1927 4034 2163 4105 loquun-

559 4138 650 4183 tur
677 4169 692 4193 ,
717 4128 947 4183 verbum
978 4126 1258 4196 emittunt,
1289 4128 1433 4198 quod
1481 4142 1742 4185 revocare
1763 4143 1869 4183 non
1913 4137 2160 4198 possunt.

564 4219 694 4276 Ideo
724 4219 809 4274 vir
835 4217 1091 4283 laudatur
1118 4221 1299 4275 serius
1323 4261 1337 4286 ,
1367 4230 1421 4274 ct
1445 4234 1555 4274 non
1579 4220 1777 4281 otiose.
1822 4219 1955 4274 Erat
2003 4220 2170 4277 homo

567 4312 915 4377 abscondens
946 4328 1229 4369 sermones
1249 4328 1399 4381 suos,
1433 4324 1491 4368 ut
1519 4314 1797 4384 apostolus
1821 4313 2040 4381 Paulus,
2073 4313 2170 4385 qui

568 4408 721 4463 novit
743 4408 879 4479 quid
902 4407 1156 4478 loquatur
1173 4407 1422 4479 singulis,
1447 4416 1503 4463 et
1523 4408 1741 4478 quando
1761 4408 1891 4478 quid
1912 4408 2057 4477 loqui
2074 4407 2168 4462 de-

563 4499 715 4557 beat.
747 4498 905 4556 Unde
933 4508 989 4555 et
1014 4499 1312 4555 Corinthiis
1340 4500 1476 4556 dicit
1504 4517 1516 4553 :
1565 4498 1674 4554 Lac
1698 4501 1835 4554 vobis
1879 4512 2057 4571 potum
2080 4500 2169 4561 de-

2254 1904 2459 1977 bylouii
2481 1906 2625 1959 scire
2652 1919 2759 1958 non
2791 1902 3024 1968 debent;
3048 1917 3119 1957 ne
3145 1900 3373 1956 veniant
3402 1908 3459 1955 et
3479 1898 3697 1969 capiant
3721 1910 3862 1968 pos-

2257 2007 2403 2053 teros
2435 2006 2577 2062 tuos,
2602 2003 2659 2051 et
2701 1995 3053 2051 seminarium
3098 1992 3314 2049 virtutis
3342 1990 3687 2047 abscindunt.
3741 1988 3864 2044 Hoc

2256 2099 2340 2145 eat
2380 2088 2523 2159 quod
2547 2087 2714 2143 etiam
2742 2087 2797 2143 in
2824 2085 3124 2157 Evangelio
3162 2085 3295 2141 dicit
3326 2076 3621 2139 Dominus:
3674 2079 3867 2136 Nolite

2255 2181 2455 2235 mittere
2480 2180 2794 2250 margaritas
2820 2186 3012 2233 vestras
3038 2177 3210 2249 porcis
3237 2175 3460 2246 (Matth.
3487 2189 3579 2238 vn,
3614 2173 3694 2245 θ).
3727 2172 3864 2229 Ideo

2256 2270 2395 2328 bene
2417 2271 2651 2341 l‘acitqui
2673 2268 2959 2326 abscondit
2976 2269 3192 2340 eloquia
3218 2267 3497 2324 Dominiin
3529 2265 3695 2322 corde
3726 2279 3860 2334 suo,

2256 2366 2399 2422 sicut
2424 2364 2790 2421 abscondebat
2818 2364 3079 2435 propheta
3125 2362 3318 2429 David,
3350 2362 3494 2418 sicut
3517 2360 3704 2429 Maria,
3732 2374 3866 2432 quae

2258 2460 2616 2517 conservabat
2661 2459 2841 2515 omnia
2881 2457 3047 2514 verba
3074 2456 3289 2512 Domini
3314 2455 3444 2513 Jesu
3474 2455 3529 2510 in
3555 2452 3724 2510 corde
3756 2468 3868 2509 suo

2258 2551 2414 2621 (Luc.
2429 2568 2490 2618 ιι,
2508 2552 2624 2623 5i).
2655 2552 2870 2608 Etenim
2893 2553 2938 2606 si
2967 2550 3166 2606 bonum
3188 2558 3273 2606 est
3290 2549 3407 2604 viro
3425 2559 3709 2603 sermones
3728 2560 3867 2602 suos

2257 2645 2615 2713 abscondere,
2647 2654 2852 2718 quanto
2872 2645 3043 2716 magis
3074 2658 3383 2700 sermonem
3410 2642 3502 2697 Dei
3523 2640 3707 2697 cordis
3728 2655 3869 2697 nos—

2257 2739 2326 2795 tri
2348 2738 2840 2813 gremio_deltemys
2869 2737 3104 2807 operire,
3133 2734 3395 2792 debemus
3413 2731 3751 2789 abscondere
3779 2734 3795 2787 ε

2348 2753 2770 2813 gremiogenem
2869 2753 3104 2807 operire,
3133 2753 3395 2792 cenemus
3413 2753 3751 2789 anaconuere
3781 2753 3795 2787 :

2326 2814 2730 2925 ﬂuxere”.
2773 2753 2982 2906 iguarto
2997 2843 3160 2885 versu
3177 2827 3306 2883 dicit
3320 2845 3332 2880 :
3346 2824 3652 2881 Benedictus
3665 2822 3870 2892 es,Du-

2256 2917 2427 2978 mine}
2447 2923 2573 2978 doce
2586 2923 3076 2997 mejustiﬁcationes
3095 2919 3351 2976 tuas.Non
3375 2917 3518 2975 enim
3534 2918 3870 2986 quicumque

2258 3016 2485 3084 dixerit,
2505 3015 3129 3085 Domine,Domine,ipse
3144 3013 3365 3068 intrabit
3378 3012 3430 3068 in
3444 3026 3671 3083 regnum
3700 3010 3869 3068 caelo-

2258 3124 2380 3164 rum
2408 3107 2537 3163 :sed
2555 3109 2646 3179 qui
2661 3109 2995 3163 voluntatem
3026 3106 3123 3162 Dei
3153 3104 3624 3162 fecer‘itJdeoiste
3637 3103 3873 3174 quicor-

2260 3200 2467 3257 rexerit
2491 3202 2637 3256 viam
2662 3215 2813 3256 suam
2845 3216 2873 3254 a
2899 3200 3186 3271 juventuto
3208 3212 3332 3267 sua,
3355 3198 3677 3255 custodierit
3699 3199 3871 3254 verba

2262 3292 2358 3349 Dei
2388 3293 2443 3348 in
2470 3301 2586 3349 toto
2613 3292 2797 3361 corde,
2831 3292 3110 3364 quaraierit
3149 3290 3437 3348 Dominum
3470 3292 3640 3348 Deum
3660 3305 3826 3346 suum
3854 3335 3869 3361 ,

2265 3401 2366 3442 nec
2394 3387 2646 3457 repulsus
2674 3386 2747 3442 sit
2789 3400 2819 3440 a
2847 3384 3117 3442 mandatis
3145 3385 3265 3454 Dei,
3299 3395 3355 3442 et
3394 3385 3591 3456 dignus
3639 3382 3871 3439 habitus

2266 3479 2356 3536 cui
2403 3478 2880 3534 committerentur
2916 3491 3111 3534 arcana
3159 3478 3443 3549 sapientiae
3467 3519 3483 3545 ,
3512 3476 3873 3533 absconderit

2264 3587 2328 3628 ea
2358 3573 2412 3627 in
2442 3571 2607 3628 corde
2633 3585 2754 3637 suo,
2786 3586 2854 3626 ne
2884 3581 3131 3642 peccaret
3158 3571 3307 3637 Deo;
3337 3570 3492 3641 quasi
3521 3570 3726 3625 habens
3754 3568 3875 3625 elo-

2265 3666 2391 3736 quia
2416 3665 2531 3730 Dei,
2557 3665 2758 3737 gratias
2785 3664 2915 3735 agit,
2946 3665 3134 3721 dicens
3158 3682 3171 3719 :
3196 3663 3505 3720 Benedictus
3533 3680 3604 3731 es,
3623 3661 3877 3727 Domine;

2267 3767 2324 3814 et
2348 3759 2625 3815 desiderat
2644 3760 2821 3829 ipsum
2842 3757 3123 3814 doctorem
3148 3756 3375 3825 habere,
3393 3756 3620 3828 cupiens
3638 3771 3879 3827 cognosc
3935 3742 3943 3757 ’

2267 3866 2396 3907 cere
2421 3859 2632 3906 secreta
2663 3849 2855 3921 Legit,
2896 3858 2955 3906 et
2982 3848 3443 3921 quemadmodum
3463 3848 3879 3918 interpretatio-

2268 3958 2391 3999 nem
2423 3943 2618 3999 habeat
2645 3960 2657 3996 :
2691 3942 2757 3999 Si
2786 3943 2970 3998 sineris
2998 3958 3210 4013 puerum
3242 3940 3537 4007 Hebrwum,
3561 3950 3609 3995 et
3639 3940 3885 3994 servierit

2240 4037 2363 4115 'tibi
2387 4038 2541 4093 annis
2570 4053 2659 4092 seu
2683 4033 2879 4108 (Exod.
2905 4051 3016 4103 xxi,
3043 4035 3103 4106 Ξ)
3131 4077 3145 4102 ,
3175 4044 3231 4090 ει
3254 4034 3483 4104 reliqua,
3507 4032 3705 4103 quibus
3733 4048 3882 4102 pra:-

2270 4131 2496 4185 missum
2529 4138 2615 4185 est
2645 4129 2742 4184 has
2786 4129 3028 4199 justitias
3055 4130 3270 4185 discere
3300 4170 3314 4194 ,
3366 4140 3500 4199 quas
3526 4127 3785 4198 proponit
3818 4127 3875 4182 in

2270 4232 2569 4293 conspectu
2597 4220 2828 4275 ﬁliorum
2858 4221 3020 4277 Israel
3046 4239 3061 4275 :
3094 4219 3208 4276 haec
3240 4236 3269 4274 a
3298 4219 3529 4279 Domino
3546 4217 3739 4289 quierit
3761 4217 3886 4274 dis-

2267 4328 2413 4380 cere,
2445 4327 2567 4385 qum
2598 4313 2852 4369 homines
2874 4313 3073 4370 docere
3112 4327 3219 4367 non
3251 4320 3539 4379 poterant;
3570 4309 3676 4364 nisi
3726 4308 3887 4365 Deus

2271 4418 2398 4464 ante
2424 4408 2722 4469 docuisset.
2754 4407 2887 4476 Qum
2913 4416 3266 4478 posteaquam
3288 4420 3319 4459 a
3336 4403 3556 4460 Christo
3571 4401 3889 4458 didicerunt

2274 4501 2532 4573 apostoli,
2567 4501 2807 4557 Ecclesia
2838 4500 3007 4556 dicit:
3030 4498 3331 4555 Introduin
3358 4514 3436 4552 me
3463 4496 3648 4552 Besin
3666 4494 3891 4551 cubicu-

564 4594 660 4659 di,
689 4609 1023 4660 nouercam;
1053 4592 1282 4648 nondum
1298 4593 1444 4648 enim
1461 4597 1706 4665 peteretis
1730 4597 1968 4649 :seduec
1997 4592 2169 4647 adhuc
2193 4571 2251 4639 Ῑ)
2277 4571 2382 4651 tum
2414 4611 2565 4651 suum
2616 4594 2788 4665 (Cout.
2816 4609 2871 4661 t,
2912 4593 2971 4665 5)
2995 4610 3010 4660 ;
3042 4592 3144 4647 hoc
3172 4600 3257 4647 est
3280 4633 3295 4658 ,
3324 4591 3377 4645 in
3420 4588 3552 4646 illud
3606 4595 3892 4644 secretum

564 4686 776 4756 quidem
805 4687 1018 4757 potestis
1045 4685 1101 4759 (l
1123 4683 1245 4741 Cor.
1272 4701 1353 4751 nt,
1378 4684 1459 4758 2).
1480 4685 1611 4741 Ideo
1637 4685 1739 4742 bos
1752 4684 1811 4741 in
1840 4684 2068 4741 transitu
2089 4686 2172 4740 vi-

566 4774 692 4832 det:
723 4785 909 4838 manet
935 4785 1119 4833 autem
1146 4775 1291 4848 apud
1322 4775 1631 4845 Ephesios;
1664 4776 1809 4847 quod
1837 4776 2000 4849 091
2034 4777 2169 4831 ostio

568 4883 659 4924 um
688 4868 793 4929 sibi
817 4884 1073 4940 magnum
1096 4878 1348 4939 apertum
1374 4877 1521 4922 esset
1545 4909 1561 4934 ,
1587 4878 1781 4923 notum
1804 4869 1992 4935 facere
2032 4883 2171 4939 gone

564 4964 712 5021 tibus
738 4964 1063 5036 mysterium
1092 4963 1296 5019 Christi
1324 4961 1385 5033 (ι
1412 4959 1537 5018 Cor.
1567 4976 1660 5018 xvi
1678 5001 1696 5027 ,
1726 4962 1762 5018 8
1780 4972 1832 5016 et
1860 4962 1938 5034 9).
1962 4961 2092 5019 ideo
2115 4971 2173 5021 et

567 5055 828 5112 Salomon
859 5065 1075 5126 tempus
1103 5054 1361 5120 tacendi,
1408 5062 1466 5110 ot
1506 5062 1722 5125 tempus
1763 5067 1891 5110 esse
1915 5053 2171 5124 loquendi

565 5148 725 5205 docet
752 5147 977 5222 (ﬂectes.
1007 5164 1087 5218 ut,
1112 5148 1195 5220 7).

639 5240 732 5296 37.
766 5240 889 5296 Prsc
914 5241 1130 5299 creteris
1158 5250 1345 5297 autem
1368 5241 1634 5297 Dominus
1661 5239 1823 5297 Jesus
1842 5241 1899 5295 iu
1922 5241 2175 5312 Evange-

570 5332 647 5389 lio
663 5332 902 5390 declarat
920 5348 1041 5401 suo,
1056 5332 1269 5403 dicens,
1292 5333 1487 5390 Simile
1511 5348 1637 5390 esse
1657 5348 1885 5404 regnum
1908 5332 2174 5389 calorum

567 5423 829 5480 thesauro
850 5425 1176 5482 abscondito
1203 5426 1259 5481 in
1290 5440 1429 5495 agro
1446 5423 1667 5496 (Matth.
1693 5439 1809 5492 nl],
1833 5422 1947 5495 44).
1977 5422 2177 5493 Utique

566 5513 597 5555 δ
626 5532 737 5574 non
757 5532 973 5586 aurum,
997 5533 1107 5577 non
1132 5527 1442 5591 argentum,
1474 5532 1583 5574 non
1606 5516 1838 5589 pecunia
1866 5517 2177 5585 comparari

645 5664 671 5692 λ
688 5655 807 5713 Non
838 5659 997 5728 pauci
1024 5673 1179 5722 mss..
1205 5658 1352 5728 peior
1375 5657 1572 5730 frigido
1590 5697 1606 5723 ,
1630 5658 1763 5714 inter
1783 5666 2057 5725 utrumque
2069 5655 2175 5725 (vel

572 5732 790 5796 utraque
819 5738 1058 5783 naturam
1086 5730 1350 5785 mentitur.

650 5795 677 5835 ι’
708 5795 909 5869 Scripti
933 5799 1057 5855 cod.
1089 5800 1360 5867 nonnulli,
1393 5815 1499 5855 non
1525 5815 1680 5867 auro,
1700 5814 1803 5857 non
1818 5803 2052 5869 argento,
2081 5802 2183 5843 non

2276 4703 2437 4743 suum
2469 4688 2520 4742 in
2553 4701 2661 4758 quo
2699 4696 2828 4743 sunt
2880 4684 3118 4741 thesauri
3160 4683 3410 4741 scientiae
3451 4691 3506 4738 et
3551 4678 3893 4752 cognitionis

2277 4796 2413 4836 sure.
2441 4779 2678 4852 Ideoque
2700 4780 2801 4836 tibi
2828 4780 3069 4835 dicitur:
3115 4777 3244 4835 (iam
3293 4794 3433 4845 om,
3460 4778 3600 4833 intra
3646 4777 3700 4831 in
3729 4775 3891 4831 cubi-

2278 4873 2454 4928 culum
2475 4883 2619 4928 tuum
2640 4871 2822 4944 (Matt.
2846 4889 2920 4940 vt,
2946 4871 3033 4939 6),
3063 4870 3209 4942 quod
3234 4871 3506 4942 signiﬁcat
3530 4867 3732 4927 mentis
3752 4869 3891 4922 ani-

2282 4965 2465 5036 mique
2492 4975 2786 5022 secretum.
2819 4966 2874 5020 In
2902 4965 3005 5019 hoc
3022 4962 3331 5033 cubiculum
3344 4961 3680 5032 justitiarum
3701 4959 3894 5030 Spon—

2277 5072 2337 5113 sa
2368 5074 2430 5113 se
2456 5055 2704 5130 poposcit
2728 5057 2910 5113 induci
2931 5073 2947 5123 ;
2969 5070 3095 5111 cum
3117 5063 3241 5126 post
3262 5053 3489 5115 odorem
3510 5051 3771 5125 unguenti
3788 5066 3892 5109 ex-

2418 5148 2711 5221 srLtLquod
2738 5162 2956 5219 semper
2974 5146 3127 5213 ﬂuit,
3153 5153 3212 5202 et
3236 5159 3534 5215 numquam
3564 5142 3765 5199 deﬁcit.

2353 5226 2968 5323 δαίσῃ)ᾝάεο
2998 5238 3153 5310 quasi
3184 5236 3413 5299 edoctus
3433 5234 3704 5308 Propheta
3723 5234 3900 5304 justi-

2279 5332 2384 5388 tias
2407 5317 2599 5403 «futtile
2625 5317 2939 5388 «metu:
2954 5329 3044 5387 ιιι
3060 5327 3692 5403 comminantem
3707 5328 3899 5383 σηιηί.

2269 5425 2475 5496 judicia
2507 5426 2610 5481 oris
2637 5422 3103 5495 tui.thuomodo
3133 5422 3261 5479 alibi
3290 5420 3458 5477 dicit:
3485 5418 3897 5491 udicium

2283 5526 2375 5572 tuo
2402 5519 2535 5573 sicut
2561 5519 2780 5589 πενίαις
2809 5519 2978 5573 multa
3020 5515 3253 5590 (Protin.
3280 5529 3449 5579 xxxv,
3473 5510 3529 5585 ’1)
3550 5512 3574 5566 i
3592 5511 3898 5581 Quomodo

2279 5152 2536 5209 currerit.
2566 5167 2601 5209 α

2290 5657 2509 5724 pecunia
2561 5657 2853 5729 comparari
2894 5666 3055 5727 potest
3099 5669 3316 5729 regnant
3340 5653 3603 5729 (telorum.
3643 5648 3753 5708 Sed
3796 5650 3898 5706 hic

2288 5722 2604 5799 comparari,
2628 5722 2995 5797 collationem,
3024 5739 3130 5780 non
3156 5722 3573 5794 acquisitionem
3595 5730 3769 5776 sonat.
