3988 6362
108 378 248 445 hiat

1232 376 1299 443 tu
1336 370 1672 445 PSALMUM
1708 376 1920 442 chm
1960 372 2341 443 EXPOSil‘lO.

3284 387 3425 442 {£29.

106 501 409 573 Apostolus
438 502 554 556 ait:
610 503 661 557 0
685 502 907 557 altitudo
934 504 1205 574 sapientiae
1253 515 1298 559 et
1324 504 1549 559 scientia:
1577 503 1673 558 Dei
1698 545 1710 569 ,
1743 507 1791 564 Α
1823 504 2031 574 pitcrna
2066 504 2158 558 Dei
2184 520 2213 559 a
2246 502 2402 558 nobis
2431 516 2527 572 per
2556 517 2616 559 ea
2649 501 2918 558 intellecta
2943 516 3066 557 esse
3087 541 3102 567 ,
3131 516 3252 573 qum
3279 500 3419 555 facta

104 610 261 664 quam
287 595 657 650 inseruiabilia
682 605 801 650 sunt
809 596 1017 665 judicia
1029 598 1164 668 ejus,
1197 607 1245 652 et
1288 596 1722 667 ininoestigabiles

106 688 203 741 sic
229 687 386 759 ejus!
411 685 549 752 Quis
572 688 705 742 enim
729 689 967 759 cognovit
987 704 1191 743 sensum
1205 687 1417 745 Domini
1442 689 1618 760 (Rom.
1643 705 1719 754 XI,

108 779 179 834 33
190 777 389 849 aldi)?
431 780 492 834 Si
512 779 883 835 inscrutabilia
904 780 1272 849 suntjudicia,
1292 780 1568 852 quomodo
1590 795 1723 853 ergo

107 870 635 942 judicia'iquomodo
663 873 837 926 omnia
855 873 1204 940 pronuntiavi,
1224 872 1608 945 aitPropheta,
1620 876 1716 945 ju-

110 962 250 1018 dicia
263 964 377 1017 oris
390 964 465 1017 tui
478 962 503 1017 .’
516 962 624 1019 Sed
646 963 878 1019 fortasse
895 978 1002 1019 non
1025 965 1213 1021 eadem
1235 974 1364 1020 sunt
1379 965 1581 1036 judicia
1603 966 1721 1032 Dei,

111 1072 231 1124 qua:
250 1056 464 1126 judicia
493 1057 606 1112 oris
620 1057 762 1128 ejus.
796 1057 852 1113 Si
869 1056 974 1114 alia
992 1067 1120 1113 sunt
1148 1101 1162 1126 ,
1197 1060 1335 1114 bene
1361 1058 1591 1115 dicitur:
1626 1057 1724 1114 Co-

111 1136 451 1220 gitationibns
482 1151 582 1204 tuis
602 1151 718 1221 quis
755 1150 944 1205 similis
985 1152 1083 1206 erit
1118 1149 1292 1222 (Psal.
1324 1168 1510 1220 xxxix,
1534 1151 1632 1223 6)?
1658 1152 1726 1207 Et

115 1241 239 1297 ideo
268 1242 641 1298 inscrutabilia
654 1243 988 1312 suntjodicia
1001 1243 1135 1315 ejus;
1152 1246 1275 1315 quia
1288 1261 1352 1300 ex
1367 1256 1519 1316 parte
1532 1224 1725 1317 cogno-

112 1337 339 1401 scimus,
360 1347 414 1391 et
436 1353 503 1391 ex
525 1345 680 1408 parte
703 1337 1115 1407 prophetamus.
1138 1337 1194 1395 Si
1218 1348 1400 1395 autem
1416 1338 1598 1395 nullus
1614 1338 1721 1394 nisi

113 1428 368 1484 Christus
400 1430 505 1485 hoc
534 1430 707 1498 dicit,
737 1431 832 1501 qui
867 1438 1046 1501 potest
1080 1429 1264 1487 dicere
1289 1448 1304 1485 :
1339 1430 1455 1503 Ego
1486 1441 1535 1487 et
1566 1430 1725 1486 Pater

114 1538 278 1576 sum
300 1538 484 1577 sumus
508 1522 731 1596 (Joann.
756 1538 816 1589 Χ,
845 1522 960 1596 50).

177 1613 272 1669 31.
318 1614 731 1683 Distinguamus
755 1622 960 1682 tamen,
1007 1631 1110 1672 nec
1137 1630 1427 1672 vereamur
1448 1630 1518 1672 ne
1544 1616 1723 1687 impu-

114 1716 239 1776 gnet
268 1720 331 1761 se
358 1705 512 1760 velut
533 1706 823 1761 contrariis
865 1704 1151 1779 Scriptura
1179 1708 1529 1765 venerabiiis.
1575 1706 1723 1763 Con-

115 1801 425 1857 sideremus
475 1802 624 1857 enim
654 1802 781 1871 quia
829 1801 1158 1858 nonidixit:
1216 1800 1428 1857 Iudicia
1462 1801 1574 1856 oris
1603 1801 1725 1871 ejus

1826 606 1953 649 sunt
1978 594 2156 665 (Rom.
2181 612 2217 661 ι,
2242 595 2360 662 ‘20).
2384 594 2438 648 in
2470 594 2708 657 Canticis
2737 609 2951 665 quoque
2973 594 3231 649 habemus
3254 594 3417 665 993

1826 688 2117 758 seriptum:
2142 687 2305 758 Equa:
2332 703 2464 757 mea:
2489 687 2542 740 in
2566 687 2797 740 curribus
2830 684 3120 751 Pharaonis
3144 684 3423 739 assimilavi

1828 794 1895 850 te,
1912 784 2147 856 proxima
2175 799 2314 837 mea.
2337 779 2392 837 in
2409 798 2515 853 quo
2527 781 2653 847 dum
2677 781 2941 846 velocium
2965 794 3222 851 equorum
3241 779 3424 833 cursui

1827 876 2131 932 similitudo
2152 875 2413 932 Ecclesize
2444 875 2748 943 comparari
2768 874 3001 941 videtur,
3019 873 3317 928 aestimatur
3338 869 3425 925 di-

1829 984 1924 1024 ves
1952 970 2069 1038 ejus
2095 968 2292 1039 gratia.
2317 967 2433 1021 Non
2457 967 2619 1036 igitur
2648 981 2807 1020 uuam
2839 980 3032 1036 equam
3065 962 3251 1019 divitis
3279 963 3424 1044 regis

1827 1063 2060 1133 accipias
2082 1080 2093 1114 :
2115 1061 2210 1117 sed
2236 1061 2483 1117 absolute
2510 1075 2608 1131 pro
2626 1062 2890 1131 equitatu,
2914 1068 2972 1114 ut
2999 1073 3144 1128 saepe
3161 1057 3422 1124 diximus,

1826 1155 2003 1226 qualis
2028 1155 2147 1211 ovis
2171 1154 2320 1209 illius
2350 1162 2434 1209 est
2464 1169 2561 1224 pro
2600 1167 2764 1223 grege
2786 1153 2989 1207 ovium.
3021 1149 3235 1206 Pharao
3263 1149 3425 1220 igitur

1827 1256 1887 1302 ut
1910 1247 2320 1317 potentissimus
2354 1260 2448 1313 res
2472 1286 2485 1311 ,
2511 1254 2565 1299 et
2590 1243 2855 1315 praedives
2886 1241 3117 1297 habebat
3144 1254 3313 1311 equos
3328 1253 3425 1309 po-

1829 1322 2040 1406 tentes,
2073 1347 2133 1393 ut
2159 1337 2440 1408 Scriptura
2495 1335 2627 1391 dicit
2651 1350 2847 1391 currus
2878 1333 3214 1401 Pharaonis;
3271 1330 3424 1402 quasi

1829 1431 2260 1501 potentissimum
2283 1446 2456 1502 genus
2477 1430 2542 1484 ad
2568 1430 2831 1485 bellorum
2864 1443 3041 1493 usum,
3059 1436 3117 1495 et
3126 1427 3423 1483 subsidium

1828 1524 2128 1594 prmliandi.
2176 1524 2422 1596 Denique
2469 1524 2554 1578 his
2597 1524 2847 1591 curribus
2893 1522 3106 1589 Pharao
3150 1521 3419 1592 fugientes

1828 1616 2086 1689 Hebraeos
2120 1615 2283 1671 facile
2304 1614 2741 1686 comprehendit.
2767 1615 2922 1669 Sicut
2944 1628 3074 1683 ergo
3102 1613 3223 1683 equi
3248 1610 3425 1682 juncti

1827 1709 2168 1764 concorditer
2191 1707 2412 1763 trahunt
2439 1722 2682 1773 currum,
2715 1715 2766 1761 ct
2800 1706 3069 1776 patienter
3112 1704 3418 1772 suscipiunt

1823 1801 2034 1873 jugum,
2066 1812 2120 1857 et
2150 1811 2368 1872 portant
2391 1816 2629 1872 congrua
2660 1815 2782 1856 cum
2808 1784 3009 1883 gratia,
3056 1799 3240 1881 etjugi
3276 1798 3420 1853 illius

114 1894 256 1950 sicut
281 1895 516 1965 abyssus
538 1894 741 1949 multa:
770 1893 867 1950 sed
893 1893 1109 1950 Iudicia
1136 1903 1222 1951 tua
1245 1894 1414 1960 dixit;
1448 1911 1549 1950 nec
1572 1896 1719 1965 Apo-
1758 1897 1801 1956 Β
1830 1896 2177 1979 susceptione
2208 1901 2595 1961 mansuescunt
2620 1911 2634 1945 :
2666 1894 2745 1947 sic
2791 1876 2843 1946 et
2873 1876 3222 1963 congregatio
3256 1889 3429 1944 natio-

116 1987 290 2043 stolus
329 1987 551 2057 posuit:
608 1986 982 2043 lnscrutabilia
1030 1987 1230 2058 judicia
1259 1988 1370 2041 oris
1399 1987 1555 2056 ejus;
1588 1986 1719 2041 sed:

118 2076 491 2134 Inscrotabilia
512 2078 722 2151 judicia
744 2081 878 2150 ejus.
910 2079 1208 2135 Possumus
1239 2079 1383 2134 enim
1404 2078 1605 2149 judicia
1629 2078 1722 2134 Dei

115 2172 420 2238 aestimare,
447 2186 567 2242 quae
588 2172 805 2227 occulta
834 2171 992 2227 nobis
1014 2187 1120 2225 non
1146 2169 1467 2242 patefecerit
1487 2187 1502 2236 ;
1519 2169 1724 2241 judicia

116 2273 306 2320 autem
331 2265 441 2318 oris
464 2264 603 2337 eius,
637 2280 760 2332 qua:
795 2265 1201 2319 annuntiaverit
1228 2306 1243 2329 ,
1271 2272 1327 2319 et
1377 2278 1473 2333 per
1501 2280 1563 2319 os
1593 2278 1722 2333 pro-

118 2358 415 2427 pbctarum
443 2359 654 2415 locutus
675 2368 780 2414 εει.
809 2359 884 2414 0s
928 2359 1074 2414 enim
1125 2360 1217 2413 Dei
1252 2359 1517 2429 propheta
1564 2359 1725 2414 intel-

120 2450 331 2520 ligitur,
358 2449 448 2506 cui
476 2451 676 2506 dicitur
701 2468 713 2505 :
746 2448 934 2506 Clama
958 2470 979 2517 ;
1020 2457 1077 2506 et
1099 2450 1189 2505 ille
1216 2450 1291 2505 ait
1322 2469 1334 2503 :
1368 2450 1507 2515 Quid
1533 2451 1726 2505 clama-

119 2543 177 2597 bo
197 2545 224 2598 .’
265 2544 335 2598 Et
359 2544 685 2614 inspiratum
720 2552 805 2598 est
826 2552 884 2598 ut
915 2543 1160 2599 diceret:
1196 2541 1379 2599 Omnis
1400 2560 1519 2598 caro
1549 2547 1726 2614 fenum

120 2636 290 2704 (Esai.
322 2652 410 2701 ιιι..
443 2636 526 2707 6).
550 2636 709 2705 Quod
735 2637 924 2707 utique
955 2636 1171 2691 locutus
1199 2677 1213 2702 ,
1238 2636 1349 2691 oris
1372 2636 1469 2692 Dei
1514 2637 1728 2693 iunctus

122 2727 309 2783 ofﬁcio
333 2737 452 2793 est;
488 2727 619 2798 quia
650 2728 862 2783 locutus
881 2736 968 2783 est
987 2727 1249 2797 judicium
1286 2728 1400 2783 Dei.
1432 2729 1572 2800 Ergo
1605 2743 1729 2799 pro-

125 2818 337 2890 phetica
367 2820 591 2874 oracula
607 2820 721 2889 jam
748 2835 859 2876 non
885 2820 1029 2875 sicut
1049 2820 1302 2892 abyssus,
1332 2820 1429 2877 sed
1453 2820 1614 2876 etiam
1648 2822 1730 2891 ip-

125 2926 182 2967 sa
210 2920 342 2967 sunt
373 2912 648 2983 abyssus;
678 2912 802 2983 quia
834 2926 999 2967 nemo
1022 2912 1195 2981 potuit
1241 2911 1296 2967 in
1319 2912 1463 2969 caelo
1487 2954 1502 2974 ,
1529 2912 1615 2967 vel
1674 2912 1727 2966 in

129 3016 268 3061 terra
296 3047 314 3071 ,
338 3003 557 3075 aperire
576 2990 800 3073 librum,
821 3005 929 3061 nisi
954 3003 1231 3061 Christus.
1258 3003 1558 3059 Veniamus
1585 3017 1732 3059 nunc

128 3098 191 3152 ad
218 3108 710 3165 sexuum.

194 3191 269 3250 32
282 3168 497 3265 ἤγετε.
529 3168 728 3287 Mign
749 3192 1068 3262 uia,inquit,
1098 3191 1504 3246 testimoniorum
1525 3200 1731 3246 tuorum

297 3272 595 3294 Ἢ

1830 2004 1956 2042 num
1970 1987 2537 2059 gentilibusindomita
2560 1986 2802 2042 moribus
2821 2001 2880 2041 se
2900 1995 3025 2040 ante
3048 1985 3314 2055 iactabat;
3339 1983 3430 2039 ubi

1828 2097 1960 2137 vero
1981 2082 2426 2152 suscepitjugum
2458 2081 2725 2136 dicentis:
2757 2079 2924 2135 tollite
2938 2083 3317 2153 jugummeum
3337 2117 3425 2141 ._...

1826 2175 1948 2245 quia
1964 2174 2069 2228 leve
2096 2184 2169 2228 est
2191 2190 2208 2227 :
2232 2184 2278 2227 et
2306 2189 2439 2242 onus
2454 2189 2645 2239 meum,
2684 2174 2803 2242 quia
2817 2189 2969 2227 suave
2986 2180 3061 2226 est
3080 2171 3158 2255 (Μ
3165 2181 3240 2227 at.
3261 2188 3334 2237 tu,
3358 2171 3430 2229 29

1828 2277 1877 2321 et
1897 2264 2010 2338 30);
2042 2276 2095 2337 et
2117 2268 2286 2336 cospit
2313 2266 2524 2336 Sponsa
2551 2263 2754 2321 Christi
2782 2265 3075 2321 concordia
3099 2276 3151 2321 et
3171 2280 3427 2325 mansuc-

1835 2361 2018 2415 tudiue
2052 2360 2371 2429 populorum
2397 2374 2519 2415 esse
2547 2358 2818 2426 sublimis,
2851 2368 2907 2425 et
2955 2368 3069 2415 toto
3094 2359 3434 2425 circmnl‘erri

1831 2453 1985 2518 orbe,
2003 2461 2283 2523 tamquam
2299 2466 2492 2507 currus
2506 2450 2659 2521 equis
2679 2451 2957 2521 velocibus
2985 2466 3148 2523 supra
3170 2451 3430 2507 mundum

1834 2553 2015 2621 rapta,
2045 2532 2289 2600 ascendit
2318 2543 2385 2603 ad
2414 2528 2710 2615 Sponsum.
2740 2569 2745 2575 ο
2889 2577 2895 2583 ν
3062 2528 3069 2533 ’

1904 2637 1997 2692 34.
2039 2637 2281 2707 Denique
2308 2646 2363 2692 et
2389 2637 2441 2691 in
2472 2637 2870 2709 posterioribus
2893 2634 3239 2692 Canticorum
3271 2636 3438 2707 parti-

1832 2730 1948 2787 bus’
1989 2730 2122 2786 dicit
2151 2748 2165 2784 :
2208 2730 2367 2797 Posui
2395 2739 2443 2785 te
2469 2747 2651 2785 currus
2682 2730 2971 2797 Aminadab
2998 2729 3175 2804 (Cant.
3200 2746 3276 2811 vr,
3322 2731 3433 2802 12).

1835 2824 2030 2879 Multos
2060 2839 2255 2881 currus
2289 2825 2453 2879 habet
2479 2826 2533 2889 in
2563 2840 2623 2880 se
2650 2823 2918 2891 Ecclesia,
2949 2840 3086 2901 quos
3114 2840 3304 2880 omnes
3330 2827 3441 2907 spi-

1837 2916 2085 2971 ritalibus
2112 2916 2341 2971 habenis
2373 2916 2635 2971 Dominus
2667 2916 2849 2986 regit:
2875 2925 2930 2972 ct
2960 2933 3061 2972 una
3093 2917 3272 2972 anima
3303 2918 3441 2987 male

1838 3016 1922 3064 tas
1947 3007 2307 3075 cogitationes
2329 3007 2512 3074 habet,
2534 3023 2668 3091 quas
2692 3009 2905 3063 Domini
2928 3009 3139 3065 habena
3165 3010 3446 3085 restringit

1839 3112 1896 3158 et
1925 3113 2176 3169 revocat;
2206 3104 2495 3175 nequando
2522 3105 2573 3159 in
2606 3118 2942 3181 praeruptum
2980 3114 3164 3163 noster
3196 3108 3283 3164 hic
3321 3125 3445 3164 cur-

1840 3211 1933 3249 rus
1958 3194 2183 3251 feratur.
2207 3195 2515 3253 Aminadab
2547 3204 2727 3253 autem
2761 3197 3211 3279 interpretatione
3240 3200 3446 3277 signiti-

130 3283 772 3353 deteetatmsicutin
786 3288 1023 3342 omnibus
1041 3287 1255 3340 divitiis.
1274 3286 1449 3341 Aliiin
1464 3301 1617 3351 auro,
1639 3284 1731 3339 alii
1760 3283 1807 3347 C
1840 3296 1995 3343 catur
2024 3296 2177 3358 pater
2202 3288 2553 3367 beneplaciti,‘
2574 3291 2729 3361 cujus
2757 3292 2901 3359 (ilius
2933 3291 3131 3371 legitur
3162 3293 3215 3348 in
3244 3293 3445 3361 Nume-

135 3381 183 3434 iu
216 3390 462 3451 argento,
486 3381 581 3435 alii
602 3381 658 3435 in
680 3380 951 3445 vestibus;
979 3379 1066 3433 alii
1099 3378 1153 3432 in
1171 3377 1633 3448 possessionibus,
1649 3376 1733 3431 vi-

135 3473 292 3532 netis.
311 3473 476 3539 oleis,
502 3472 818 3544 segetibus;
843 3471 936 3527 alii
961 3471 1014 3526 in
1041 3470 1298 3539 operibus
1322 3470 1573 3541 picturae,
1592 3484 1740 3525 mar—

138 3578 366 3630 morum;
393 3567 447 3618 in
475 3564 709 3620 diversis
734 3564 971 3634 denique
1001 3562 1196 3634 singuli
1227 3561 1623 3618 delectationes
1643 3560 1740 3616 ha-

139 3655 296 3711 bent:
330 3656 594 3727 spiritalis
624 3656 680 3711 in
722 3656 809 3710 via
838 3656 1275 3711 testimoniorum
1302 3656 1613 3712 caelestium
1639 3655 1737 3711 de-

142 3751 390 3818 lectatur,
415 3761 699 3821 tamquam
729 3767 893 3808 omne
910 3751 1199 3823 possidens
1230 3750 1651 3821 patrimonium,
1685 3750 1739 3804 in

141 3847 392 3902 omnibus
436 3847 625 3912 dives;
682 3846 826 3902 sicut
866 3845 1165 3918 Apostolus
1201 3846 1365 3902 dicit:
1398 3844 1610 3900 Gratias
1642 3859 1743 3916 ago

146 3937 385 3993 Deomeo
426 3955 627 4012 sentper
659 3955 755 4010 pro
775 3939 915 3994 vobis
953 3940 1008 3992 in
1048 3939 1218 4011 gratia
1270 3938 1367 3993 Dei
1393 3938 1556 3993 nostri
1582 3979 1596 4004 ,
1628 3953 1745 4007 qua:

144 4034 266 4088 data
290 4043 367 4088 est
395 4033 537 4089 vobis
568 4034 624 4087 in
655 4033 863 4088 Christo
887 4030 1012 4087 Jesu
1033 4020 1067 4086 ε’
1091 4034 1213 4104 quia
1235 4033 1289 4086 in
1310 4033 1545 4087 omnibus
1568 4031 1747 4086 divites

149 4128 272 4196 facti
296 4128 419 4182 estis
447 4128 501 4180 in
526 4128 676 4198 ipso,
719 4126 773 4181 in
802 4126 943 4180 omni
968 4124 1119 4180 verba
1144 4166 1160 4191 ,
1199 4134 1245 4179 et
1269 4126 1324 4179 in
1352 4124 1491 4180 οηιηί
1535 4123 1749 4178 scientia

150 4221 207 4293 (l
227 4220 356 4279 Cor.
388 4237 426 4288 ι,
455 4221 490 4277 ι
518 4230 566 4276 et
586 4218 732 4292 5).lu
755 4229 964 4275 tantum
995 4218 1241 4275 doctrina
1269 4217 1517 4301 Apostoli
1545 4214 1747 4272 Corin-

1842 3381 1920 3436 ris
1943 3379 2159 3443 Naason
2196 3382 2452 3452 princeps
2494 3382 2676 3452 populi
2705 3381 2895 3455 (Nam.
2926 3398 2984 3449 ιι,
3015 3383 3093 3455 5),
3123 3385 3211 3455 qui
3257 3386 3327 3449 sit
3366 3386 3446 3455 in,-

1845 3471 2171 3542 telligendus
2210 3456 2668 3543 interpretatione
2699 3474 3082 3549 serpentinus;
3114 3484 3169 3531 et
3194 3477 3447 3549 agnoscis

1845 3564 1987 3633 istud
2016 3606 2029 3630 ,
2062 3566 2113 3621 si
2160 3576 2397 3636 repetas,
2441 3567 2567 3645 quia
2615 3568 2757 3623 sicut
2802 3582 3031 3643 serpens
3084 3570 3341 3645 pependit
3393 3573 3451 3639 in

1846 3656 1993 3727 ligno
2013 3656 2107 3728 qui
2135 3667 2185 3711 te
2212 3656 2465 3717 redemit.

1918 3751 2013 3807 ‘55.
2058 3749 2198 3819 Ergo
2229 3750 2407 3805 anima
2454 3765 2647 3819 currus
2702 3758 2786 3811 est
2836 3752 2959 3829 Dei,
2986 3762 3045 3808 ut
3098 3753 3181 3812 ira
3229 3752 3377 3824 ejus,
3398 3763 3455 3823 et

1848 3841 2033 3909 libido,
2069 3851 2123 3898 et
2153 3842 2334 3908 timor,
2359 3852 2414 3898 et
2442 3857 2632 3903 omnes
2663 3843 2959 3913 saeculares,
2996 3846 3456 3925 concupiscentia:

1851 3931 2219 3988 refrcnentur.
2273 3932 2515 3988 Ecclesia
2558 3948 2775 4004 quoque
2823 3948 3018 3999 currus
3060 3944 3145 3989 est
3190 3933 3304 4001 Dei,
3338 3950 3459 4004 quae

1852 4027 2087 4098 regenda
2141 4035 2226 4081 est
2274 4026 2661 4098 gubernaculis
2702 4027 2944 4093 Christi;
3002 4044 3070 4093 ne
3118 4028 3465 4097 diversorum,

1853 4121 2177 4192 populorum
2219 4130 2402 4175 motus
2431 4136 2550 4176 eam
2598 4120 3081 4196 dissensionesque
3113 4125 3458 4197 perturbent.

1853 4211 1957 4268 lllo
1984 4228 2203 4291 quoque
2244 4212 2458 4270 Naason
2502 4214 2643 4271 bene
2675 4216 2996 4295 intelligitur
3028 4218 3307 4287 Christus;
3335 4222 3467 4297 quia

152 4314 248 4369 thii
272 4313 668 4385 profecerunt,
696 4322 755 4368 ut
776 4313 869 4383 qui
894 4320 1021 4367 ante
1051 4327 1160 4366 non
1192 4320 1450 4381 poterant
1479 4309 1582 4364 nisi
1612 4309 1755 4364 sicut
1856 4309 2007 4377 virga
2036 4309 2219 4363 Aaron
2252 4323 2516 4364 conversa
2549 4307 2603 4363 iu
2650 4320 2971 4380 serpentem,
3008 4311 3135 4368 illos
3175 4326 3469 4385 serpentes

148 4406 359 4478 parvuli
384 4405 466 4461 lac
491 4406 670 4462 solum
703 4404 891 4461 bibere
914 4444 930 4469 ,
960 4411 1150 4473 postea
1190 4403 1242 4456 in
1265 4401 1518 4457 omnibus
1544 4400 1751 4455 divitiis
1857 4399 2142 4472 Egyptios
2181 4399 2466 4457 devoravit
2492 4400 2693 4474 (Exod.
2726 4418 2822 4468 vu,
2869 4400 2980 4474 η).
3018 4402 3138 4467 llas
3161 4420 3301 4481 ergo
3322 4404 3461 4471 divia

150 4496 490 4554 abundarent
517 4496 850 4568 cognitionis
895 4504 951 4551 et
975 4494 1150 4551 verbi.
1183 4493 1569 4549 Delectabatur
1624 4505 1754 4560 ergo
1858 4496 1963 4551 tias
2014 4495 2331 4561 habeamus,
2378 4494 2464 4549 his
2516 4494 2881 4561 delectemur,
2931 4507 2990 4550 ut
3036 4506 3261 4552 currant
3302 4498 3460 4563 nobis

154 4588 325 4645 David
349 4591 407 4644 in
425 4589 684 4644 omnibus
718 4586 929 4643 divitiis
950 4586 1278 4657 cognitionis
1306 4627 1321 4650 ,
1352 4584 1591 4640 scientiae
1617 4626 1630 4648 ,
1662 4598 1753 4638 sa-
1860 4588 1985 4658 equi
2021 4587 2393 4655 rationabiles,
2424 4598 2478 4647 et
2509 4602 2913 4651 commoremur
2944 4588 2996 4642 in
3045 4589 3336 4661 praeceptis
3366 4606 3464 4661 eo-

152 4683 534 4754 picntiae,etin
554 4682 707 4738 omni
728 4689 855 4738 actu
888 4681 1152 4737 bonorum
1184 4693 1436 4749 operum.
1471 4679 1537 4733 Et
1563 4678 1609 4733 si
1639 4676 1761 4746 quis
1786 4674 1847 4736 D
1867 4694 2011 4734 rum.
2034 4702 2059 4754 ιτ
2090 4705 2417 4754 hymno.“
3242 4660 3253 4671 ⁸

154 4792 303 4835 nunc
326 4778 569 4834 intentus
596 4776 821 4843 divinis,
854 4775 1123 4845 triplicem
1146 4773 1294 4828 illam
1320 4772 1603 4857 sapientiai
1625 4771 1762 4826 hau-

164 4872 269 4928 flat
321 4870 666 4944 disciplinam
691 4913 706 4937 ,
757 4873 1067 4947 θεωρητικήν
1104 4910 1117 4935 ,
1478 4910 1491 4933 ,
1521 4867 1759 4963 lor/tuin;

156 4963 333 5021 bonus
384 4963 564 5019 studio
636 4959 1003 5033 percipienda;
1057 4956 1386 5029 cognitionis
1420 4999 1435 5024 ,
1486 4956 1766 5027 pulchrior

161 5058 267 5135 et!
289 5056 653 5131 exsequendas
683 5052 969 5123 rationalis
994 5052 1326 5121 moralisque
1352 5050 1615 5107 doctrina:
1644 5063 1766 5119 gra-

159 5152 291 5209 tius
585 5150 697 5220 Qui
721 5147 1039 5220 prOphetica
1085 5146 1371 5217 aenigmata
1422 5144 1515 5200 Dei
1570 5141 1766 5212 spiritu

159 5240 447 5300 reﬂante
471 5226 815 5314 cognoverit,
850 5237 1123 5309 Evangelii
1144 5235 1486 5291 altitudinem
1532 5234 1587 5288 in
1638 5247 1768 5302 cpe-

164 5332 335 5423 m
348 5333 837 5423 comprehenderit
857 5339 914 5399 et
932 5329 1189 5423 consiliis.
1208 5370 1227 5403 π
1250 5326 1541 5423 apostolici.
1561 5339 1770 5423 sermo-

164 5416 643 5485 ‘nonlit'atem
665 5422 1001 5486 adverterit;
1034 5422 1389 5492 iam
1433 5420 1497 5487 in
1517 5416 1771 5484 omnibus

100 5564 101 5575 χ
160 5514 353 5595 ἂψ,
382 5514 611 5592 εδει-εει
634 5515 827 5587 sapiet
847 5513 1205 5584 vohtptatem.

234 5602 341 5689 U-
382 5602 459 5703 ἐξ
482 5609 625 5703 suis.
638 5600 831 5703 iverit
855 5603 1287 5703 estsomorslis
1310 5602 1598 5703 voluntas.
1650 5600 1778 5672 ideo.

832 5698 1103 5773 mm
1116 5694 1607 5770 summatibus

170 5789 755 5881 κειρίαις-ωδ
776 5788 1257 5869 «ime
1284 5786 1778 5881 meum

174 5878 339 5937 itur.
366 5876 649 5951 Siquidem
670 5890 727 5938 et
756 5881 1046 5952 Apostoius
1073 5881 1233 5937 docet
1250 5878 1538 5936 invisibilia
1554 5887 1604 5934 et
1630 5892 1775 5934 scm-

2584 4770 2708 4827 ideo
2759 4772 2835 4827 ait
2881 4789 2894 4826 :
2943 4769 3019 4843 In~
3058 4772 3311 4841 mandatis
3362 4764 3467 4841 tuis

1867 4864 2157 4929 exercebar,
2186 4873 2233 4919 et
2257 4863 2594 4919 considerabo
2624 4864 2733 4918 vias
2774 4873 2910 4921 tuas.
2936 4863 3037 4940 Qui
3069 4865 3215 4919 enim
3245 4882 3469 4935 exerce;

1867 4965 1957 5011 tur
1984 4957 2037 5011 in
2064 4956 2243 5012 verbis
2264 4955 2659 5026 apostolorum,
2699 4955 2827 5021 Iesu
2847 4957 3057 5025 Domini
3086 4957 3343 5029 mandata
3376 4975 3468 5029 (go-

1868 5051 2100 5122 gnoscit,
2123 5059 2178 5106 et
2193 5049 2505 5107 considerat
2525 5051 2641 5105 vias
2664 5048 2806 5120 ejus,
2824 5049 3024 5121 quibus
3047 5048 3171 5106 linis
3187 5051 3469 5117 est_Chris-—.

1875 5154 1983 5213 tus,
2010 5146 2100 5216 qui
2131 5146 2205 5200 ait
2235 5162 2248 5199 :
2275 5142 2390 5215 Ego
2414 5160 2528 5198 sum
2551 5143 2633 5205 via
2658 5141 2837 5217 (Joan.
2863 5159 2985 5223 xxv,
3009 5143 3085 5215 6).

1944 5236 2037 5291 57.
2082 5235 2261 5307 (Vers.
2299 5234 2417 5305 16.)
2448 5233 2513 5288 Et
2554 5234 2606 5288 in
2635 5233 2733 5288 tuis
2758 5234 2977 5303 justitiis
3016 5235 3322 5301 meditabor,
3367 5253 3472 5292 non

1876 5327 2149 5397 oblitiscar.
2176 5326 2441 5393 verborum
2469 5333 2701 5393 ικρτωηο.
2729 5324 3003 5395 Admouet
3043 5326 3132 5387 hic
3177 5328 3335 5395 locus
3356 5343 3471 5390 ιηει

1879 5433 2063 5483 mares
2077 5416 2485 5489 Scripturaan
2508 5432 2611 5472 nos
2631 5415 3077 5483 θεεβνάεὺοτθιοι
3093 5416 3341 5486 iustitiae
3353 5418 3479 5490 eius

1880 5526 1986 5567 non
2015 5511 2193 5568 solum
2211 5524 2487 5577 sermone,
2515 5509 2623 5566 sed
2640 5509 2803 5577 etiam
2831 5508 3341 5578 operis-imitation
3362 5497 3476 5568 me-

1878 5609 2061 5681 ditati-
2083 5608 2202 5673 Non
2227 5607 2371 5675 enim
2399 5606 2492 5680 qui
2513 5603 3122 5687 ἀίβριιιξιιιιῐμβεεηιμςι
3138 5621 3255 5675 uno.
3271 5606 3477 5673 iaciunt

1879 5721 2011 5778 qua.
2028 5705 2203 5778 Leuis.
2217 5710 2385 5770 sunt;-
2406 5700 2623 5774 θεὰςυὶ
2648 5700 2897 5769 iam
2911 5698 3253 5775 mauult
3274 5703 3481 5772 iustitia

1878 5806 2087 5855 οοιιιυιι.
3085 5828 3090 5833 -
