3988 6380
511 345 652 406 1225

1008 453 1239 514 SERMO
1276 451 1598 511 TERTIUS.

1159 597 1204 645 ,Ξ
1247 590 1438 646 Gintel.

581 731 633 787 l.
676 729 856 787 Tertia
910 728 1095 784 littera
1139 728 1442 788 secundum
1483 729 1740 787 Hebraeos
1795 737 1880 786 est
1919 729 2106 793 Gimet,

507 839 630 896 qua:
662 825 852 879 Latine
881 822 1168 878 retributio
1193 822 1415 879 dicitur.
1442 823 1686 894 Denique
1711 822 1767 878 in
1799 822 1978 893 primo
1999 832 2109 876 sta-

507 917 606 972 tim
633 931 791 971 versu
826 915 1282 985 lmmndjiyr.
1343 970 1345 972 .

577 1009 743 1082 994¹
780 981 1070 1088 2.Πνει·ε.
1094 981 1521 1088 Retribue,
1579 1008 1772 1080 inquit,
1806 1024 1950 1062 servo
1998 1017 2104 1061 tuo.

504 1101 791 1169 Quomodo
818 1085 980 1173 supra
1007 1085 1151 1172 ipse
1189 1102 1358 1157 David
1387 1120 1400 1156 :
1441 1101 1563 1156 Non
1593 1105 1872 1156 secundum
1901 1109 2111 1171 peccata

505 1205 682 1250 nostra
709 1194 896 1249 reddas
940 1194 1084 1248 nobis
1111 1210 1130 1249 :
1163 1211 1324 1266 neque
1352 1195 1634 1250 secundum
1675 1196 1966 1263 iniquitates
1992 1210 2111 1248 nos-

504 1294 610 1340 tras
639 1285 891 1340 retribuns
919 1286 1066 1340 nobis
1093 1285 1267 1357 (Psal.
1300 1270 1543 1358 (111,10);
1568 1296 1623 1342 et
1645 1286 1733 1342 hic
1756 1287 1931 1356 poscit
1952 1285 2110 1342 retri-

506 1377 830 1434 butionem?
859 1379 951 1434 Illa
975 1378 1188 1434 videtur
1210 1394 1308 1434 vox
1341 1380 1644 1450 peccatoris
1661 1394 1804 1445 esse,
1832 1379 1946 1433 lucc
1973 1379 2109 1432 bene

507 1473 614 1529 sibi
638 1457 864 1536 conscii,
897 1474 986 1544 qui
1018 1473 1240 1542 pra-mia
1274 1473 1399 1528 boni
1433 1472 1615 1544 operis
1646 1482 1925 1544 exposcat.
1961 1471 2110 1529 Unde

507 1577 796 1638 possumus
812 1567 976 1623 etiam
999 1565 1103 1622 hoc
1132 1566 1455 1638 intelligere,
1480 1567 1624 1638 quod
1647 1567 1715 1623 de
1733 1551 1852 1636 ejus
1875 1580 2106 1636 persona

503 1660 748 1731 psalmus
797 1658 902 1716 iste
949 1659 1234 1725 formetur,
1287 1659 1379 1730 qui
1436 1668 1594 1714 natus
1636 1676 1700 1715 ex
1747 1658 1964 1730 Virgine
2012 1673 2107 1729 pro

505 1752 671 1808 totius
700 1750 890 1823 mundi
937 1749 1315 1819 redemptione
1365 1749 1432 1804 ad
1472 1749 1751 1804 dexteram
1798 1749 1973 1803 Patris
2024 1763 2108 1802 se-

505 1843 637 1900 dere
680 1851 1006 1914 praesumat,
1041 1842 1181 1896 sicut
1214 1842 1328 1910 ipse
1364 1840 1440 1894 ait
1470 1858 1482 1892 :
1513 1840 1712 1894 Amodo
1741 1839 1974 1893 videbitis
2015 1835 2110 1891 Fi-

499 1934 628 1988 lium
666 1933 888 1987 hominis
933 1932 1195 1988 sedentem
1234 1920 1612 1986 ad'dexteram
1648 1931 1851 1986 virtutis
1887 1929 2104 2002 (Matth.

506 2043 656 2094 xxvi,
683 2028 794 2096 64).

578 2121 633 2175 5.
675 2119 793 2174 Non
825 2128 910 2174 est
937 2128 1116 2174 tamen
1140 2118 1401 2185 alienum,
1432 2132 1535 2172 nec
1560 2131 1845 2188 arrogans,
1876 2116 1920 2171 si
1945 2117 2106 2172 etiam

511 2211 683 2270 David
714 2213 1208 2269 remunerationem
1237 2227 1268 2266 a
1305 2211 1538 2266 Domino
1570 2211 1681 2266 Deo
1710 2226 1810 2266 suo
1835 2224 1932 2280 pro
1963 2225 2110 2280 egre-

505 2309 609 2380 giis
648 2307 925 2363 laboribus
969 2307 1224 2378 postulet.
1257 2305 1620 2374 Prtemgativa
1655 2313 1741 2360 est
1782 2304 1908 2360 fidei
1947 2312 2110 2375 atque

501 2397 834 2470 justitize,de
864 2396 1273 2452 Dominifavore
1295 2396 1600 2451 mercedem
1630 2410 1914 2465 usurpare.
1946 2395 2110 2451 Deni-

505 2506 613 2563 que
635 2489 1052 2559 reprehenditnr
1074 2488 1267 2544 Petrus
1291 2486 1508 2560 (Matth.
1529 2503 1637 2554 xw,
1663 2487 1782 2556 51),
1800 2487 1922 2558 quia
1946 2501 2110 2556 super

506 2582 702 2638 ﬂuctus
746 2582 1054 2647 ambulans,
1087 2580 1322 2636 humano
1350 2580 1521 2650 magis
1573 2579 1838 2634 dubitavit
1889 2578 2104 2645 affectu,

504 2689 666 2746 quam
695 2672 991 2741 apostolica
1024 2673 1350 2727 auctoritate
1383 2670 1743 2740 praesumpsit.
1779 2669 1836 2724 ln
1864 2671 2108 2742 Evange-

501 2766 575 2822 lio
604 2779 820 2837 quoque
860 2764 1123 2820 docemur
1149 2763 1352 2818 habere
1395 2761 1554 2817 fidem
1584 2761 1736 2833 (Luc.
1771 2777 1905 2826 xvtt,
1937 2765 2014 2830 6),
2050 2771 2107 2816 et

498 2873 610 2914 non
642 2858 896 2913 haesitare
915 2857 982 2912 de
1005 2858 1072 2914 iis
1091 2873 1210 2926 quae
1237 2872 1397 2927 supra
1423 2855 1703 2911 hominem
1734 2863 1882 2918 sunt.
1908 2871 2106 2926 geren-

502 2950 608 3006 dis.
637 2950 830 3006 Metito
859 2965 991 3020 ergo
1017 2949 1185 3004 David
1225 2949 1278 3003 in
1308 2949 1704 3018 Superioribus,
1731 2949 1887 3018 quasi
1929 2948 2107 3003 adhuc

501 3040 880 3112 imperfectus,
935 3040 1236 3096 secundum
1284 3049 1506 3110 peccata
1548 3041 1651 3095 sibi
1684 3039 1836 3095 reddi
1881 3039 2101 3110 refugit,

502 3146 668 3206 atque
684 3135 923 3191 declinat
941 3152 953 3188 :
971 3135 1022 3189 in
1042 3136 1145 3189 hoc
1171 3143 1351 3188 autem
1380 3133 1590 3204 psalmo
1614 3135 1703 3206 qui
1727 3144 1806 3188 est
1829 3134 2105 3204 posterior

503 3228 676 3301 (Psal.
711 3241 805 3292 cn,
835 3225 947 3299 i0),
975 3226 1130 3298 quasi
1177 3226 1432 3281 fundatus
1461 3227 1681 3282 virtutis
1710 3241 1992 3298 processu,
2020 3242 2106 3282 re-

504 3319 669 3375 tribui
698 3320 802 3375 sibi
833 3319 1132 3375 secundum
1167 3317 1291 3374 fidei
1346 3320 1638 3390 operisque
1667 3320 1962 3376 certamina
2005 3319 2103 3374 de-

499 3425 772 3484 precatur.
803 3412 1083 3480 Siquidem
1125 3411 1290 3467 etiam
1327 3411 1545 3478 Paulus,
1578 3411 1671 3482 qui
1698 3413 2058 3466 antediXerat
2090 3429 2103 3477 ξ

504 3504 629 3562 Νοη
657 3523 770 3560 sum
794 3505 986 3577 dignus
1013 3506 1186 3560 vocari
1201 3505 1468 3571 apostolus
1492 3505 1536 3576 (Ι
1553 3505 1671 3562 Cor.
1692 3521 1784 3566 xv,
1806 3504 1886 3576 9),
1913 3515 2104 3576 postea

502 3599 578 3654 ait
609 3617 620 3652 :
653 3599 906 3667 Reposito
957 3608 1030 3654 est
1060 3599 1189 3652 mihi
1229 3616 1422 3653 corona
1456 3600 1698 3668 justitite,
1742 3614 1896 3668 quam
1931 3597 2106 3651 reddet

500 3693 628 3748 milti
670 3693 926 3748 Dominus
967 3693 1022 3747 in
1069 3693 1163 3746 illa
1215 3693 1318 3756 die,
1345 3691 1708 3762 justnsjudea:
1741 3709 1753 3744 :
1791 3709 1894 3745 non
1936 3691 2104 3746 solum

505 3797 680 3842 autem
731 3787 879 3853 milii,
935 3786 1023 3842 sed
1069 3795 1116 3840 et
1143 3787 1217 3840 eis
1261 3786 1350 3854 qui
1393 3784 1616 3857 diligunt
1668 3785 1944 3839 adventum
1993 3785 2106 3851 ejus

503 3877 573 3951 (ll
602 3878 737 3934 Tim.
765 3894 836 3943 tv,
863 3878 940 3948 8).
961 3878 1029 3932 Et
1054 3876 1348 3946 Apostolus
1371 3875 1443 3930 ibi
1469 3875 1779 3945 pollicetur,
1814 3875 1901 3929 hic
1925 3881 2106 3928 autem

500 3971 868 4028 verecundius
897 3969 1077 4026 adhuc
1105 3981 1357 4038 precatttr
1393 3986 1405 4022 :
1436 3966 1578 4038 quod
1607 3967 1796 4036 utique
1827 3981 1934 4021 nou
1963 3966 2110 4020 inso-

501 4064 665 4121 lentis
710 4065 1059 4134 arrogantiae,
1085 4061 1182 4118 sed
1213 4061 1520 4117 innocentis
1549 4059 2006 4116 estconscientia:
2035 4059 2105 4113 ab

502 4158 625 4229 ipso
651 4158 736 4212 cui
781 4155 1068 4220 servicris,
1107 4163 1296 4224 petere
1336 4153 1676 4219 mercedem;
1717 4154 1971 4224 quoniam
2011 4153 2108 4208 dc-

505 4266 731 4323 sperare
757 4249 1010 4317 segnitiei
1034 4257 1118 4304 est
1141 4248 1368 4302 materia
1396 4262 1657 4317 :sperare
1685 4256 1890 4312 autem,
1919 4235 2113 4301 iucen-l

503 4344 672 4398 tivum
701 4342 904 4397 laboris
932 4349 1036 4396 est.

576 4435 632 4491 4.
674 4435 805 4492 Pete
833 4435 998 4504 igitur
1022 4432 1384 4498 conﬁdenter,
1411 4432 1456 4487 si
1494 4432 1684 4488 merita
1717 4431 2102 4504 suli‘raganlur;

504 4539 563 4586 ut
593 4529 722 4585 talia
764 4529 998 4600 petendo
1035 4526 1334 4584 Studiosius
1361 4527 1630 4595 clabores,
1661 4527 1806 4599 quod
1857 4543 1922 4583 ea
1969 4527 2105 4597 peti-

1862 333 2112 393 SANCTI
2151 333 2473 393 AMBROSII

2131 452 2183 511 Δ
2214 450 2353 507 bene
2393 448 2602 505 addidit
2633 465 2648 503 :
2684 449 2845 505 Servo
2876 453 2963 503 tuo
3011 448 3056 520 (l
3094 446 3217 505 Cor.
3259 444 3356 514 vti,
3385 446 3503 522 92);
3531 449 3584 504 in
3611 463 3718 520 quo
3758 457 3809 504 et

3671 331 3806 392 ηει

2213 544 2538 600 humilitatis
2591 551 2675 599 est
2725 543 2922 612 gratia,
2953 552 3008 598 et
3046 541 3329 613 praemium
3383 542 3678 598 servitutis.
3710 541 3809 609 Qui

2210 636 2354 691 enim
2387 644 2612 692 vocatus
2635 644 2718 691 est
2748 635 2800 690 in
2829 634 3062 690 Domino
3089 648 3303 702 servus,
3335 633 3567 688 libertus
3587 641 3673 690 est
3704 632 3807 688 Do-

2211 727 2369 793 mini,
2403 737 2510 783 tam
2559 728 2800 799 pretioso
2847 735 3064 796 emptus
3111 726 3398 798 sanguine.
3431 724 3682 797 Magnum
3715 724 3806 782 tibi

2211 830 2295 876 est
2325 820 2508 875 vocari
2534 835 2761 892 puerum
2803 834 3006 885 meum,
3038 819 3193 890 quasi
3233 817 3300 873 ad
3330 833 3550 873 servum
3584 816 3804 873 dicitur.

2212 914 2269 970 Si
2297 916 2418 985 quis
2445 923 2689 986 ergoest
2732 928 2942 978 servus,
2985 922 3040 968 et
3071 913 3209 969 bene
3257 913 3430 968 servit
3477 911 3725 977 Domino,
3758 919 3811 966 et

2213 1005 2350 1060 nihil
2381 1006 2508 1061 iacit
2537 1006 2689 1076 quasi
2722 1020 2912 1060 servus
2938 1004 3146 1075 peccati
3169 1003 3292 1059 :sed
3316 1004 3405 1074 qui
3433 1003 3808 1060 dicit:Servus

2209 1097 2416 1152 inutilis
2445 1111 2564 1152 sum
2595 1113 2610 1161 ;
2635 1096 2781 1166 quod
2809 1095 2974 1153 debui
2999 1095 3200 1164 facere,
3235 1094 3334 1150 feci
3360 1111 3374 1161 ;
3398 1095 3539 1151 bene
3569 1095 3613 1151 is
3631 1095 3759 1151 dicit
3790 1112 3803 1149 :

2214 1193 2453 1250 Retribue
2477 1210 2620 1248 servo
2647 1202 2755 1247 tuo.

2282 1284 2334 1339 6.
2377 1283 2632 1341 Gloriosa
2679 1284 2935 1348 servitus,
2994 1299 3099 1355 qua
3143 1299 3243 1354 pro
3288 1283 3445 1340 nobis
3487 1281 3715 1338 servivit
3756 1290 3809 1337 et

2211 1377 2484 1434 Christus.
2513 1388 2538 1415 ει
2566 1378 2732 1433 Beata
2760 1377 3020 1443 servitus,
3045 1392 3146 1447 qua
3178 1387 3234 1432 et
3256 1385 3312 1431 tu
3345 1377 3518 1432 servis
3545 1393 3558 1429 :
3590 1374 3683 1430 sed
3715 1377 3806 1440 ita,

2209 1470 2254 1527 si
2278 1470 2411 1525 niltil
2437 1469 2615 1540 possit
2653 1470 3002 1526 adversarius
3027 1469 3096 1525 de
3139 1479 3229 1526 tuo
3255 1469 3358 1525 sibi
3389 1468 3608 1525 servitio
3637 1467 3810 1522 vindi-

2209 1577 2355 1618 care.
2389 1563 2552 1618 Amat
2594 1577 2723 1633 ergo
2749 1563 3001 1619 Christus
3049 1561 3180 1616 boui
3231 1563 3538 1618 libertatem
3585 1561 3805 1617 servuli.

2208 1655 2452 1726 Denique
2482 1657 2534 1710 in
2563 1654 2806 1711 Canticis
2838 1655 2970 1709 dicit
3002 1673 3014 1708 :
3054 1657 3226 1722 Quam
3244 1657 3490 1725 speciosa:
3515 1659 3667 1728 factm
3694 1663 3812 1709 sunt

2209 1763 2354 1819 gena:
2382 1758 2483 1804 tute
2530 1748 2658 1802 sicut
2713 1748 2950 1813 turturis,
3009 1749 3179 1802 cervis;
3208 1757 3300 1802 tua
3330 1747 3463 1802 sicut
3509 1746 3811 1801 redimicula

2139 1846 2185 1907 Β
2215 1842 2389 1914 (Cant.
2416 1858 2456 1909 ι,
2487 1842 2562 1912 9)!
2607 1841 2798 1896 Vultus
2828 1841 3050 1896 liberior
3099 1850 3205 1903 est,
3247 1841 3337 1896 ubi
3369 1849 3452 1896 est
3479 1839 3507 1878 ι’
3548 1838 3813 1894 castitatis

2211 1933 2547 1988 conscientia
2576 1950 2588 1985 :
2621 1941 2676 1987 et
2722 1942 2943 2002 portare
2973 1931 3176 1988 Christi
3197 1933 3386 2004 jngum
3431 1947 3598 1988 suave
3627 1941 3736 1996 est,
3767 1931 3814 1985 si

2211 2034 2529 2080 ornamenta
2581 2034 2739 2095 putes
2789 2025 3024 2081 cervicis
3057 2037 3159 2080 tua":
3187 2040 3329 2086 esse.
3363 2040 3470 2080 non
3492 2039 3682 2080 onera.
3714 2027 3813 2078 At’

2211 2118 2342 2174 tolle
2367 2133 2498 2188 ergo
2524 2118 2712 2172 oculos
2760 2132 2977 2188 semper
3005 2117 3072 2172 ad
3125 2118 3408 2172 Dominum
3431 2117 3594 2190 995
3646 2117 3815 2171 Deum

2215 2218 2388 2278 tuum,
2421 2221 2476 2266 et
2505 2226 2687 2282 quaere
2739 2211 2906 2266 Deum
2935 2220 2994 2265 ut
3022 2211 3287 2266 invenias.
3316 2211 3475 2280 Erige
3499 2211 3773 2264 cervicem
3801 2224 3814 2272 ;

2211 2303 2556 2368 redimicula,
2596 2319 2704 2358 non
2735 2303 2946 2357 vincula
2977 2304 3142 2374 geris.
3171 2304 3334 2358 Multa
3363 2317 3578 2374 quoque
3607 2303 3818 2357 animae

2211 2395 2283 2450 lia
2335 2395 2668 2452 redimiculis
2716 2396 2975 2466 gaudent,
3009 2406 3064 2452 et
3111 2396 3384 2467 phalerari
3416 2397 3518 2452 sibi
3564 2396 3759 2467 magis,
3794 2406 3815 2433 ο

2211 2504 2372 2559 quam
2400 2488 2668 2544 vinculari
2692 2489 2963 2544 videntur.
2997 2488 3166 2545 Cenae
3191 2491 3336 2544 sicut
3363 2489 3591 2544 turturis
3625 2485 3823 2558 praeie-

2209 2591 2334 2637 rant
2361 2584 2588 2654 insignia
2622 2583 3010 2639 verecundiae:
3046 2583 3360 2640 redimicula
3390 2582 3619 2640 cervicis
3647 2581 3821 2637 liber-

2210 2675 2334 2730 tatis
2365 2677 2620 2731 attollant
2641 2677 2914 2732 fiduciam.
2934 2676 3077 2732 Leve
3107 2685 3192 2733 est
3221 2677 3568 2748 enimjngnm
3588 2673 3818 2740 Christi;

2209 2776 2264 2822 et
2288 2766 2412 2823 ideo
2433 2768 2616 2824 cervix
2648 2784 2716 2824 eo
2747 2783 2852 2823 non
2887 2770 3170 2838 premitur.
3197 2770 3289 2824 sed
3325 2770 3558 2824 levatur.

2284 2861 2336 2914 7.
2380 2860 2786 2926 Similitudines,
2813 2862 3007 2932 inquit,
3053 2863 3173 2916 auri
3201 2863 3456 2933 faciemus
3485 2863 3573 2916 tibi
3621 2880 3687 2919 ea:
3725 2865 3813 2917 di-

2211 2953 2572 3008 stinctionibus
2595 2955 2840 3025 argenti;
2866 2953 3195 3022 quoadusque
3225 2953 3338 3008 Rea:
3375 2964 3451 3008 est
3493 2955 3547 3008 in
3589 2956 3820 3011 declina-

2207 3045 2347 3098 tione
2393 3061 2488 3098 saa
2539 3045 2727 3117 (lbid.,
2764 3043 2875 3115 10).
2912 3045 2986 3099 Ex
3019 3045 3084 3098 iis
3107 3047 3253 3099 enim
3287 3044 3377 3111 qui
3409 3059 3474 3099 ex
3508 3044 3654 3115 Lege
3693 3056 3823 3101 sunt

2210 3145 2264 3192 et
2297 3136 2598 3207 prophetis,
2632 3137 2982 3191 mediocriter
3035 3146 3162 3192 ante
3206 3136 3555 3192 crediderant
3582 3139 3816 3207 gloriam

2134 3233 2177 3295 C
2212 3229 2422 3284 Domini
2447 3228 2606 3284 Jesu:
2633 3228 2726 3282 sed
2761 3227 3048 3283 ltmretlitas
3070 3229 3188 3296 ejus
3210 3227 3400 3283 diﬂ‘usa
3436 3245 3530 3299 per
3561 3231 3820 3299 populos,

2210 3341 2319 3396 quo
2350 3325 2686 3396 frequentius
2709 3323 3045 3388 examinata,
3067 3323 3169 3378 hoc
3200 3322 3436 3394 amplius
3458 3335 3543 3379 est
3566 3325 3820 3393 probata.

2209 3417 2426 3472 Crebra:
2457 3418 2602 3472 enim
2635 3416 3044 3488 persecutiones
3088 3417 3347 3471 Ecclesia:
3392 3417 3663 3487 justorum
3715 3434 3823 3473 no-

2208 3511 2294 3568 bis
2320 3509 2346 3548 ‘1
2382 3512 2590 3578 titulos,
2624 3521 2678 3566 et
2704 3510 2948 3581 martyrii
2985 3510 3239 3565 victorias
3287 3510 3597 3565 ediderunt.
3626 3511 3826 3582 Itaque

2210 3605 2345 3659 sicut
2379 3620 2570 3659 aurum
2603 3606 2830 3668 bonum,
2868 3605 2936 3658 ita
2971 3603 3213 3658 Ecclesia
3245 3619 3367 3659 cum
3417 3605 3609 3670 uritur,
3644 3605 3824 3661 detri-

2211 3708 2391 3753 menta
2442 3714 2550 3752 non
2594 3698 2781 3764 sentit,
2816 3696 2910 3751 sed
2965 3698 3137 3766 magis
3170 3696 3351 3767 fulgor
3399 3696 3517 3765 ejus
3552 3708 3817 3767 augetur;

2209 3789 2383 3845 donec
2407 3789 2658 3844 Christus
2701 3788 2883 3844 veniat
2915 3787 2968 3842 in
3009 3803 3233 3857 regnum
3286 3804 3467 3853 suum,
3495 3796 3553 3843 et
3581 3789 3826 3844 reclinet

2210 3891 2372 3952 caput
2417 3897 2572 3936 suum
2606 3882 2660 3936 in
2717 3880 2976 3936 Ecclesia:
3026 3882 3152 3935 fide.
3182 3881 3426 3949 Quicum
3458 3881 3698 3936 venisset
3751 3883 3823 3939 ad

2209 3990 2342 4030 oves
2366 3975 2610 4046 perditas
2652 3973 2848 4028 domus
2897 3972 3084 4038 Israel,
3121 3989 3226 4028 non
3265 3973 3500 4027 habebat
3525 3973 3614 4026 ulti
3645 3983 3826 4042 eaput
3909 3982 3917 3994 '

2209 4082 2364 4122 suum
2421 4067 2709 4123 reclinaret
2751 4085 2762 4120 :
2817 4080 2960 4120 nunc
3002 4075 3182 4120 autent
3230 4066 3340 4134 jam
3386 4064 3599 4121 redolet
3643 4066 3823 4134 tides;

2208 4159 2440 4228 ideoque
2485 4159 2616 4214 dicit
2665 4158 2907 4214 Ecclesia
2934 4177 2953 4212 :
2985 4157 3201 4212 Nardus
3249 4174 3360 4211 mea
3407 4157 3540 4212 didit
3597 4159 3824 4214 adorent

2205 4250 2558 4321 suum(1bid.,
2585 4251 2694 4321 Η).
2732 4251 2798 4305 Ει
2831 4250 2964 4306 dicit
2983 4265 3104 4307 eum
3139 4251 3564 4321 praesumptione
3584 4265 3824 4322 exspec-

2210 4353 2333 4400 laus
2364 4343 2796 4398 retributionem.

2281 4435 2336 4492 8.
2381 4436 2607 4508 Fragrat
2631 4445 2962 4506 unguentum
2993 4436 3206 4506 gratiae,
3232 4452 3296 4492 ex
3317 4453 3425 4508 quo
3448 4437 3615 4509 Virgo
3645 4454 3826 4505 gene-

2207 4529 2366 4593 ravit,
2397 4537 2452 4582 et
2485 4527 2744 4582 Dominus
2775 4527 2935 4584 Jesus
2964 4538 3364 4584 sacramentum
3416 4528 3826 4588 lucarnationis

503 4623 648 4680 tione
669 4623 747 4678 sis
775 4623 1012 4692 dignior.
1048 4622 1182 4691 Quis
1201 4621 1401 4678 athleta
1430 4621 1477 4677 si
1516 4620 1769 4692 desperet
1814 4635 2095 4684 coronam.
2125 4624 2182 4684 1)
2206 4618 2836 4690 assutnpsit.Colligatio,
2877 4623 3070 4692 inquit,
3092 4631 3253 4693 guttae
3274 4621 3612 4676 consobrinus
3636 4640 3822 4688 meus,

499 4715 797 4771 descendat
837 4715 893 4770 in
947 4714 1178 4769 stadium
1212 4732 1224 4768 :
1253 4723 1345 4768 aut
1403 4715 1447 4769 si
1488 4730 1608 4770 eam
1635 4701 1874 4786 postulet
1900 4715 2094 4780 victor,

501 4805 775 4863 olfettdat?
807 4806 1069 4862 Probatio
1117 4820 1268 4876 spem
1318 4806 1466 4873 facit,
1515 4822 1642 4877 spes
1688 4806 2096 4862 conﬁdentiam.

501 4897 640 4956 Justi
670 4915 802 4971 ergo
841 4900 965 4957 talis
1005 4899 1183 4955 oratio
1225 4908 1311 4955 est
1342 4916 1356 4953 :
1387 4899 1688 4953 delectatur
1721 4901 1979 4954 Dominus
2010 4897 2098 4952 tali

501 4992 856 5065 precatione;
890 4999 948 5047 ut
976 5007 1074 5062 pro
1122 4991 1358 5060 puritate
1400 4991 1752 5046 conscientiae
1780 4990 1951 5045 utaris
1977 5004 2104 5045 auc-

505 5086 747 5141 toritate.

575 5179 630 5234 5.
681 5178 886 5234 Tamen
938 5176 1230 5249 quominus
1277 5174 1524 5233 videatur
1570 5176 1766 5248 petitio
1815 5189 2099 5247 arrogans,

577 5354 603 5383 ⁸
645 5346 853 5402 Desunt
875 5343 928 5397 in
958 5357 1118 5406 mss,
1149 5340 1311 5395 Beato
1349 5341 1586 5406 servitus,
1609 5355 1708 5407 qua
1734 5345 1780 5393 et
1824 5348 1879 5392 tu
1917 5336 2097 5407 seruis.

504 5416 611 5476 Sed
640 5433 747 5471 non
780 5414 1029 5470 videntur
1066 5413 1132 5468 ad
1165 5428 1385 5468 sensum
1429 5406 1811 5476 complendum
1859 5406 2090 5462 inutilia.

575 5487 604 5527 ι’
645 5487 774 5542 Mss.
807 5489 1030 5554 aliquot.
1063 5483 1332 5538 churitntis
1360 5482 1670 5538 conscientia
1695 5495 1714 5534 :
1735 5493 1895 5544 unus,
1937 5478 2096 5530 casti-

505 5559 623 5615 tatis
653 5571 700 5612 et
729 5557 994 5612 charitatis
1013 5554 1350 5610 conscientia.

581 5641 602 5669 ο
644 5629 847 5686 Omnes
866 5628 997 5682 edit.
1024 5634 1078 5682 et
1101 5625 1506 5696 quatuor-decim
1533 5639 1700 5696 mss._,_
1713 5637 1883 5696 quam_
1891 5618 2098 5696 nudari.

505 5699 640 5778 Reg.
695 5700 845 5778 θος-η
897 5690 1307 5778 quam-onerari,
1365 5695 1529 5778 paulo
1579 5690 2099 5778 melius_.AO-muiutu

505 5758 750 5839 optitne._
771 5758 922 5835 ναξ
943 5784 1098 5838 quant
1126 5758 1379 5820 vinculari
1409 5783 1422 5820 :
1455 5766 1524 5821 de
1541 5781 1649 5835 quo
1675 5764 1843 5820 verbo
1877 5758 2102 5815 consule

504 5837 693 5912 Cangii
723 5837 1079 5896 Glossarium.
1160 5862 1170 5872 σ

2213 4727 2236 4755 ο
2263 4717 2442 4788 botryo
2465 4716 2624 4788 Cypri
2652 4720 2812 4778 frater
2830 4730 2973 4767 meus
2991 4713 3140 4778 mihi,
3165 4715 3300 4767 inter
3319 4713 3487 4767 media
3507 4713 3664 4767 ubera
3696 4733 3826 4770 mea

2209 4811 2479 4880 requiescit
2512 4807 2560 4880 (1
2571 4808 2703 4872 bid.,
2740 4807 2851 4877 12).
2874 4804 3085 4874 Corpus
3131 4806 3277 4860 enim
3301 4805 3603 4875 suscipiens
3633 4805 3827 4865 domi-

2209 4916 2310 4955 nus
2339 4900 2497 4956 Jesus
2529 4899 2814 4954 cbaritatis
2842 4913 2900 4952 se
2934 4895 3170 4952 vinculis
3211 4896 3470 4965 illigavit:
3501 4903 3558 4950 et
3589 4911 3702 4951 non
3736 4915 3829 4958 so.

2207 4992 2318 5046 lum
2344 5005 2401 5045 se
2425 4991 2684 5045 membris
2729 4989 2930 5044 nostris
2957 4995 3013 5041 et
3049 4985 3394 5054 passionibus
3440 4987 3825 5058 naturalibus,

2206 5081 2302 5137 sed
2331 5085 2496 5137 etiam
2537 5082 2684 5137 cruci
2734 5080 2937 5142 vinxit;
2969 5075 3199 5146 ideoque
3229 5077 3371 5131 sicut
3398 5075 3592 5147 botryo
3615 5079 3667 5133 in
3711 5083 3824 5140 Ec-

2206 5175 2386 5231 clesite
2409 5175 2531 5242 fide,
2550 5183 2604 5230 et
2622 5171 2812 5227 morali
2836 5167 3132 5240 requiescit
3154 5167 3350 5238 gratia.
3376 5167 3596 5225 Nardus
3622 5168 3823 5243 Cypri,

2280 5333 2305 5370 (ί
2347 5334 2475 5389 Mss.
2511 5347 2618 5386 non
2648 5331 2822 5405 pauci,
2855 5329 3030 5384 titulos
3050 5329 3288 5398 martyrii
3322 5328 3561 5403 (quidam
3605 5341 3824 5405 marty-

2204 5420 2343 5473 rum)
2374 5405 2602 5458 victoriis
2630 5402 2922 5457 ediderunt.
3334 5402 3338 5403 '
3760 5402 3774 5405 '

2281 5488 2303 5513 ε’
2343 5474 2503 5529 Rom.
2537 5474 2670 5528 edit.
2718 5479 2984 5534 eraserat,
3029 5471 3206 5543 botryo
3262 5471 3422 5542 Cypri
3473 5471 3633 5538 frater
3661 5488 3825 5530 meus

2207 5547 2334 5600 mihi
2365 5562 2383 5599 :
2411 5560 2530 5614 qua:
2554 5543 2714 5598 verba
2743 5553 2851 5614 tuo:
2878 5543 3092 5614 ittntss.
3125 5558 3189 5596 ac
3219 5550 3326 5614 vet.
3356 5543 3485 5595 edit.
3520 5543 3826 5610 reperiun-

2207 5627 2314 5679 tur,
2347 5611 2458 5669 tutit
2488 5617 2648 5670 etiam
2691 5613 2831 5682 apud
2867 5611 3010 5668 LXX
3040 5616 3237 5680 interp.
3267 5611 3419 5682 Quod
3450 5620 3628 5666 autem
3664 5616 3822 5673 infra

2208 5687 2398 5742 eadem
2422 5687 2552 5740 edit.
2585 5684 2766 5747 habet,
2797 5682 2985 5738 Botrus
3014 5682 3170 5753 Cypri
3196 5681 3558 5753 consobrinus,
3585 5693 3726 5748 etc.,
3760 5688 3822 5745 in

2204 5756 2308 5812 hoc
2329 5755 2549 5826 quidem
2578 5755 2643 5809 ad
2671 5753 2969 5826 Scriptura:
2992 5752 3195 5826 te_xtu_m
3218 5752 3447 5826 accedit,
3467 5752 3566 5809 sed
3587 5755 3656 5808 ab
3686 5770 3826 5815 om-

2207 5818 2367 5885 nibus
2394 5840 2524 5881 mss.
2557 5839 2621 5880 ac
2647 5825 2780 5880 edit.
2799 5818 3186 5878 'Ambrosianis
3215 5823 3438 5877 recedit.
