3988 6404
181 359 294 434 iis};

1272 355 1340 414 IN
1378 357 1704 418 pssum»
1744 343 1953 419 cx'vm
1992 349 2376 419 Exposmo.

3338 364 3475 425 1226

182 475 502 535 consobrinus
530 492 679 532 meus
701 476 756 530 in
785 476 944 532 vineis
971 475 1215 547 Engaddi
1239 475 1413 546 (Cant.
1443 476 1622 547 ι,15).
1657 475 1764 530 Ειι-
1792 481 1841 539 Α
1873 477 2013 532 sicut
2053 479 2105 531 in
2149 476 2465 546 prophetico
2513 475 2655 532 libro
2706 477 3026 534 testificatur
3070 479 3187 552 ipse
3240 481 3428 537 dicens
3460 504 3473 539 :

180 572 339 645 gatltli,
365 573 409 627 si
467 571 654 625 locum
706 571 1023 640 quaerimus,
1055 569 1298 640 regionis
1335 568 1618 638 enjusdam
1647 583 1769 638 qum

185 669 230 723 in
255 666 426 720 Judzea
457 674 569 730 est,
597 665 751 720 locus
781 663 858 718 sic
885 663 1111 729 dicitur,
1136 665 1186 717 in
1219 680 1326 733 quo
1351 663 1765 732 opobalsamum

186 764 392 832 gignitur
419 779 432 816 :
459 763 506 815 si
535 761 1071 830 interpretationem,
1106 760 1350 830 Engaddi
1393 762 1623 814 tentatio
1650 762 1772 814 lati-

188 869 246 912 ne
270 851 622 922 signiﬁcatur.
651 852 706 906 In
753 853 859 908 illis
885 867 1014 922 ergo
1045 852 1214 907 vineis
1257 853 1454 922 lignum
1480 861 1581 916 est,
1625 851 1772 922 quod

185 947 358 1016 siquis
387 954 741 1014 eompungat,
796 953 1133 1015 unguentum
1182 945 1416 998 emittit:
1448 944 1533 998 bic
1567 945 1772 998 fructus

183 1051 256 1095 est
289 1039 434 1110 ligni.
470 1039 526 1093 Si
557 1056 664 1096 non
695 1040 966 1094 incidatur
994 1039 1222 1108 lignum,
1255 1056 1360 1093 non
1388 1042 1457 1093 ita
1490 1040 1690 1110 fragrat
1721 1047 1775 1094 et

188 1133 415 1197 redolet;
480 1150 605 1194 cum
657 1146 839 1188 autem
893 1145 1278 1202 compunctum
1330 1132 1493 1187 fuerit
1550 1131 1774 1206 artiﬁcis

188 1245 354 1294 manu,
391 1237 521 1284 tunc
548 1229 844 1298 lact‘ymam
875 1227 1102 1280 distillat
1133 1245 1145 1278 :
1175 1228 1313 1280 sicut
1344 1237 1396 1280 et
1421 1225 1672 1281 Christus
1720 1225 1772 1278 in

185 1321 268 1376 illo
295 1320 614 1378 tentatinnis
655 1321 799 1389 ligno
841 1321 1135 1374 crucilixus
1182 1320 1555 1390 illacrymabat
1606 1334 1777 1389 popu-

184 1417 311 1481 lum,
341 1424 395 1470 ut
428 1425 652 1482 peccata
682 1425 862 1474 nostra
895 1414 1148 1477 dilueret,
1177 1424 1232 1466 et
1254 1414 1322 1467 de
1348 1414 1649 1467 visceribus
1675 1413 1776 1466 mi-

182 1507 489 1566 sericordia:
662 1505 916 1562 fundebat
945 1521 1304 1578 unguentum,
1329 1507 1518 1562 dicens
1544 1526 1556 1560 :
1595 1507 1770 1573 Pater,

184 1602 364 1655 dimitte
389 1601 529 1664 illis;
551 1599 672 1670 quia
687 1601 914 1653 nesciunt
934 1600 1060 1668 quid
1075 1601 1272 1670 faciunt
1294 1600 1469 1672 (Luc.,
1489 1616 1645 1666 xxut,
1659 1599 1771 1670 54).

185 1693 320 1749 Tunc
345 1707 481 1761 ergo
529 1693 581 1748 in
637 1692 785 1760 ligno
809 1701 1170 1761 compunctus
1218 1703 1301 1746 est
1335 1692 1547 1757 lancea,
1580 1704 1634 1746 et
1663 1692 1778 1746 exi-

184 1785 340 1843 vitde
379 1801 448 1840 eo
477 1786 702 1854 sanguis
754 1794 808 1840 et
848 1801 986 1854 aqua
1019 1787 1166 1839 muni
1215 1796 1494 1854 unguento
1535 1787 1776 1849 suavior,

1873 570 1987 640 Ego
2015 587 2147 636 sum,
2179 587 2270 641 ego
2292 587 2425 636 sum,
2445 571 2532 640 qui
2564 571 2706 624 deleo
2731 573 3026 641 iniquitates
3049 583 3184 640 luas,
3208 585 3253 628 et
3284 592 3478 630 memor

1873 683 1975 718 non
2021 682 2106 719 ero
2130 682 2148 718 :
2182 677 2235 718 tu
2277 676 2446 719 autent
2480 683 2672 720 memor
2700 679 2823 729 esto,
2861 678 2906 720 et
2920 670 3240 740 judicemur.
3274 669 3370 724 Dic
3423 681 3480 723 tu

1875 761 2019 822 prius
2039 760 2335 828 iniquitates
2366 769 2500 823 tuas,
2535 761 2912 830 uljustiﬁeeris
2943 760 3112 832 (Esai.
3148 778 3302 828 xuii,
3333 763 3404 818 9.5
3429 774 3480 817 et

1872 850 1988 918 “26).
2017 850 2351 920 Quicumque
2381 867 2512 920 ergo
2554 851 2688 906 dicit
2723 852 3037 921 iniquitates
3067 869 3192 909 suas
3225 855 3356 918 Deo,
3385 855 3476 922 ju-

1874 942 2137 995 stilicatur
2167 959 2178 994 :
2211 951 2264 996 et
2309 945 2636 1013 quicumque
2681 944 3030 1014 justilicntur,
3067 947 3478 1002 retributionem

1877 1050 1982 1087 non
2018 1034 2191 1100 timet,
2208 1035 2303 1088 sed
2329 1035 2607 1105 exposcit:
2629 1038 2720 1107 qui
2742 1038 3151 1094 retributionem
3173 1057 3279 1094 non
3300 1042 3477 1112 timet,

1876 1127 2038 1180 vivet.
2409 1117 2412 1120 λ

1951 1221 2037 1275 ll.
2083 1221 2186 1277 Sed
2210 1239 2378 1291 quare
2408 1224 2541 1277 dixit
2577 1242 2588 1276 :
2629 1223 2825 1291 Vivam,
2859 1234 2914 1279 ιιι
2943 1242 3047 1280 non
3078 1228 3214 1282 dixit
3249 1248 3260 1282 :
3297 1228 3474 1283 Vivo?

1877 1315 2008 1383 Quia
2041 1315 2156 1370 haec
2187 1318 2288 1369 vita
2323 1334 2425 1371 non
2452 1330 2534 1372 est
2563 1319 2680 1372 loco
2704 1320 2933 1388 prmmii,
2960 1337 3079 1387 qum
3102 1321 3154 1375 in
3187 1323 3306 1377 loco
3330 1339 3480 1375 mor—

1875 1408 1948 1460 tis
1969 1417 2070 1461 est.
2107 1409 2264 1462 Dolet
2292 1411 2558 1478 Propheta
2599 1413 2651 1464 iu
2702 1414 2974 1481 pulverem
3030 1415 3220 1468 mortis
3261 1430 3319 1470 se
3359 1431 3484 1469 esse

1878 1499 2166 1554 deductum
2203 1501 2374 1572 (I’sal.
2407 1521 2514 1562 xu.
2551 1505 2638 1574 16)
2667 1522 2679 1556 :
2712 1506 3007 1574 Apostolus
3049 1509 3201 1573 cupit
3241 1523 3307 1562 ex
3382 1509 3483 1562 boc

1881 1595 2073 1648 mortis
2105 1611 2334 1664 corpore
2387 1598 2605 1652 liberari
2638 1598 2844 1669 (Item,
2876 1615 2970 1661 vn.
3005 1599 3119 1669 ‘24);
3153 1611 3205 1654 et
3230 1610 3483 1670 putamus

1880 1686 2023 1755 quod
2071 1689 2137 1740 de
2185 1687 2288 1742 hac
2310 1689 2416 1742 vita
2451 1689 2553 1742 sibi
2607 1691 2912 1745 blandiatur
2945 1693 3258 1760 PrOpbeta?
3288 1691 3484 1746 Omnia

1882 1779 1972 1835 hic
2002 1781 2158 1849 plena
2180 1783 2370 1836 mortis
2399 1795 2543 1838 sunt.
2571 1785 2737 1838 latrat
2761 1801 2906 1839 mors
2936 1802 3033 1855 per
3062 1788 3379 1852 fenestram,
3405 1791 3486 1840 iu-

181 1891 391 1945 aecepta
444 1879 558 1938 Deo
617 1878 817 1942 hostia,
871 1894 964 1947 per
1009 1887 1180 1933 totum
1239 1880 1498 1934 mundum
1549 1881 1773 1934 odorem
1809 1876 1853 1936 Β
1884 1884 1990 1928 trat
2023 1889 2117 1942 per
2143 1876 2377 1937 ostium;
2414 1877 2511 1929 nisi
2538 1875 2798 1930 Dominus
2830 1879 2971 1931 ostio
2996 1888 3086 1930 tuo
3113 1890 3274 1948 ponat
3303 1894 3487 1933 custo-

181 1971 622 2030 sauctilicationis
672 1971 998 2046 cmtndens:
1047 1983 1101 2027 et
1157 1975 1310 2043 quasi
1364 1974 1661 2027 balsamum
1713 1990 1778 2029 ex

182 2064 368 2118 arbore
389 2105 403 2126 ,
427 2066 508 2117 sic
542 2065 714 2117 virtus
745 2062 929 2118 exibat
950 2080 978 2117 e
1001 2081 1248 2134 corpore.
1282 2065 1433 2120 Unde
1466 2067 1574 2120 ait:
1603 2065 1781 2121 Sentio

180 2159 407 2210 virtutem
437 2157 600 2214 exisse
629 2158 692 2212 de
722 2173 802 2210 me
833 2156 1010 2226 (Luc.,
1046 2175 1157 2221 vin,
1195 2159 1309 2229 46).
1343 2159 1471 2213 Inde
1498 2166 1525 2194 ⁸
1561 2159 1784 2227 opobal-

178 2264 389 2303 samum
449 2249 726 2317 expressio
768 2250 1000 2314 dicitur;
1056 2266 1122 2305 co
1166 2252 1308 2320 quod
1362 2251 1783 2322 cou'tpunmione

179 2343 308 2410 ligni
363 2342 662 2402 balsamum
715 2359 811 2410 per
845 2359 1130 2397 cavernam
1179 2345 1486 2412 punetionis
1523 2345 1782 2411 erumpit.

182 2435 550 2503 Compunctus
586 2436 747 2504 igitur
775 2435 934 2490 Jesus
963 2436 1185 2490 oderem
1219 2439 1558 2491 remissionis
1595 2453 1786 2505 pecca-

181 2539 376 2586 turum.
407 2527 574 2598 993
600 2537 652 2582 et
676 2527 1068 2594 redemptionis
1087 2528 1274 2582 effudit
1298 2528 1475 2598 (Lua,
1500 2546 1650 2596 xxnt,
1670 2532 1690 2583 1
1709 2532 1784 2599 1).

179 2619 308 2675 Nam
360 2631 416 2676 et
461 2621 796 2675 constrictus
842 2631 957 2674 erat
992 2621 1247 2683 Verbum,
1281 2637 1404 2676 euut
1435 2631 1581 2677 esset
1625 2627 1786 2675 homo

179 2712 394 2767 factus:
425 2723 481 2766 et
509 2728 714 2781 pauper
745 2714 916 2766 lactus
939 2723 1044 2776 est,
1069 2729 1190 2768 cum
1219 2714 1368 2769 dives
1393 2725 1571 2778 esset;
1608 2723 1661 2767 ut
1689 2729 1787 2769 uos

181 2807 322 2862 illius
378 2808 559 2874 inopia
612 2805 936 2862 ditarentur.
974 2806 1174 2860 Potens
1205 2817 1342 2868 erat.
1377 2816 1431 2860 et
1484 2807 1792 2875 despicien-

178 2901 304 2954 dum
339 2915 399 2954 se
433 2899 692 2967 praebuit;
747 2900 818 2954 ita
847 2912 904 2953 ut
936 2901 1180 2954 Herodes
1219 2913 1504 2970 sperneret
1557 2916 1678 2953 eum
1735 2907 1791 2953 et

181 2992 441 3050 illuderet
467 2992 536 3048 ei.
572 2992 793 3046 Terram
842 2993 1116 3057 movebat,
1143 3001 1198 3047 et
1245 2994 1478 3047 bmrcb-tt
1513 2994 1563 3045 in
1599 2994 1742 3061 ligno
1775 3011 1788 3046 :

181 3087 375 3140 cmlusn
413 3083 715 3138 abducebat
751 3086 1013 3149 tenebris,
1043 3086 1306 3138 mundum
1338 3087 1715 3153 crucitlgebat:
1739 3095 1794 3140 ct

179 3176 480 3232 cruciﬁxus
510 3183 631 3234 erat
662 3195 672 3227 :
701 3175 998 3230 inclinabat
1024 3187 1206 3246 caput,
1235 3188 1289 3231 et
1313 3178 1494 3232 exibat
1517 3178 1740 3230 verbum
1776 3195 1788 3229 :

180 3269 495 3325 exinanitus
523 3277 662 3332 erat,
690 3279 745 3323 et
776 3269 1024 3336 replebat
1053 3270 1233 3323 omnia
1265 3287 1276 3323 :
1307 3269 1590 3323 descendit
1624 3270 1788 3335 Deus,
1818 3259 1863 3321 C

183 3362 434 3428 ascendit
481 3360 688 3416 homo:
732 3362 973 3421 Verbum
1012 3378 1140 3415 caro
1184 3363 1384 3416 factum
1425 3370 1545 3426 est,
1578 3371 1635 3415 ut
1664 3376 1792 3416 caro

183 3457 284 3512 sibi
311 3454 479 3508 Verbi
516 3454 716 3510 solium
749 3456 799 3506 in
831 3454 923 3508 Dei
956 3454 1182 3510 destera
1213 3454 1516 3508 vindicaret
1549 3471 1562 3507 :
1593 3452 1794 3506 vulnus

183 3547 449 3604 inﬂictutu
479 3556 615 3610 erat,
644 3557 700 3602 et
729 3548 926 3602 ﬂuebat
960 3559 1292 3616 unguentum
1321 3549 1664 3603 :scarabmus
1697 3563 1796 3601 au—

183 3641 462 3706 diebatur,
488 3650 543 3695 et
568 3641 707 3696 Deus
733 3640 1147 3710 agnosubatur.

258 3734 311 3788 9.
358 3732 665 3797 ReSpondit
714 3745 767 3790 et
810 3732 1079 3790 Christus.
1134 3732 1272 3788 Ecce
1315 3749 1366 3786 es
1389 3732 1520 3786 bona
1566 3735 1800 3801 proxima

189 3843 324 3891 utea,
347 3842 468 3886 ecce
495 3842 548 3888 es.
579 3825 711 3880 bona
743 3824 923 3892 (Cant.
951 3842 988 3890 I,
1023 3825 1133 3895 M).
1163 3825 1426 3892 Quoniam
1467 3837 1800 3896 cognoverat

184 3921 436 3980 Ecclesia
459 3919 805 3991 mysterium,
822 3930 873 3974 et
908 3935 1005 3987 pro
1031 3920 1195 3972 totius
1220 3918 1404 3972 tuttttdi
1422 3920 1801 3989 redemptione

185 4013 512 4080 crucifixum
562 4011 849 4066 Dominum
899 4011 1084 4066 Jesunt
1136 4011 1504 4080 put-dicabat,
1565 4023 1803 4066 meretur

181 4107 383 4170 audire
415 4125 431 4160 :
463 4104 600 4160 Ecce
627 4123 677 4166 es
701 4110 869 4172 bona;
897 4122 1016 4169 qtlil‘.
1050 4123 1136 4160 me
1167 4107 1369 4161 bonum
1411 4105 1569 4168 dicis,
1605 4116 1654 4159 et
1689 4107 1806 4174 ipsa

188 4201 327 4254 bona
361 4216 416 4252 es
442 4239 456 4263 ,
491 4214 615 4268 qua:
667 4198 848 4260 vidisti
882 4198 1070 4268 gloria:
1119 4213 1252 4253 mete
1301 4199 1575 4260 deetirem,
1601 4207 1648 4251 et
1696 4198 1807 4266 ipsa

187 4295 328 4354 bona
371 4311 428 4352 εδ
460 4305 510 4348 et
536 4292 743 4360 decora.
777 4293 913 4358 Quid
940 4303 1021 4347 est
1049 4301 1228 4348 autem
1259 4289 1357 4344 Cbt
1377 4292 1534 4344 ismm
1575 4289 1759 4344 dicere
1789 4307 1802 4343 ε

187 4389 344 4458 ﬂaua
405 4406 483 4453 es,
524 4389 610 4444 vel
662 4387 848 4441 decora
902 4403 989 4451 es;
1045 4385 1147 4440 nisi
1181 4385 1311 4439 illttd
1368 4385 1803 4453 Evangelicum:

187 4483 456 4552 Constat“
513 4490 650 4545 esto,
696 4481 840 4548 ﬁlia,
894 4479 1110 4534 remissa
1159 4487 1274 4530 sunt
1321 4476 1412 4531 tibi
1454 4488 1659 4547 peccata
1721 4487 1808 4530 tua

190 4573 776 4670 (NatingJ’

433 4647 452 4654 -σ

1884 1962 2048 2018 diam.
2106 1963 2346 2034 Denique
2388 1980 2456 2018 ex
2514 1966 2856 2037 tnultiloqnio
2885 1978 3164 2036 peccatum
3219 1971 3480 2023 nascitur.

1882 2057 2024 2127 Lege
2069 2059 2324 2111 mandata
2372 2058 2554 2129 chis,
2605 2071 2658 2114 et
2709 2061 2955 2116 invenies
3008 2065 3314 2129 scriptum:
3351 2063 3487 2129 Qui“

1883 2154 2052 2204 vivens
2103 2153 2148 2204 si
2189 2163 2446 2206 mortuum
2475 2154 2766 2224 contigerit,
2795 2155 3097 2224 inquinatur
3131 2154 3319 2226 (Num.
3377 2171 3490 2219 xIx,

1889 2243 1999 2313 Η).
2029 2244 2274 2311 Quantos
2310 2245 2576 2315 tangimus
2608 2249 2887 2300 multum?
2921 2250 3064 2302 Inter
3088 2260 3323 2317 quantos
3347 2264 3495 2300 tuor—

1886 2347 2009 2390 tuos
2055 2341 2369 2392 versamur?
2411 2340 2536 2393 Ideo
2568 2341 2664 2394 tibi
2699 2341 2905 2394 Auctor
2948 2343 3068 2396 vita:
3100 2343 3231 2396 dicit
3268 2361 3279 2395 :
3310 2343 3492 2397 Ile/in-

1885 2449 1984 2499 que
2031 2444 2261 2486 mortuos
2307 2436 2523 2506 sepelire
2553 2445 2784 2488 mortuos
2821 2453 2942 2490 suos
2977 2436 3193 2507 (Matth.
3225 2453 3337 2494 vtn.
3372 2435 3487 2496 ‘22).

1887 2525 2014 2579 Ideo
2049 2525 2142 2578 tibi
2172 2526 2295 2579 alibi
2329 2527 2525 2580 dicitur
2553 2546 2565 2580 :
2598 2527 2770 2598 Surge
2796 2528 2880 2597 qui
2926 2530 3141 2588 dormis.
3176 2539 3222 2582 et
3280 2546 3496 2600 exsurge

1889 2636 1919 2670 a
1949 2621 2162 2672 mortuis
2205 2619 2426 2692 (lfpltcs.
2464 2637 2514 2682 v,
2552 2621 2666 2686 M).
2701 2622 2983 2688 Quomodo
3035 2624 3129 2675 tibi
3163 2623 3442 2678 diceretur
3478 2641 3491 2677 :

1888 2713 2061 2782 Surge
2102 2729 2128 2766 ξι
2165 2715 2396 2768 mortuis
2417 2755 2431 2779 ,
2469 2715 2568 2767 nisi
2598 2716 2737 2768 inter
2768 2725 3012 2768 mortuos
3036 2716 3287 2770 viveres?
3321 2717 3497 2772 Pona-

1892 2821 2011 2858 mus
2043 2815 2093 2858 te
2145 2805 2402 2859 l'lttlttdttm
2435 2821 2557 2859 esse
2588 2806 2655 2858 ab
2681 2808 2938 2876 operibus
2985 2810 3234 2874 mortuis,
3265 2821 3319 2865 et
3369 2826 3496 2879 pec-

1892 2896 1998 2950 cati
2023 2897 2364 2962 eolluvione;
2401 2899 2673 2967 quomodo
2702 2900 2936 2954 mundus
2963 2917 3043 2964 es,
3070 2903 3159 2971 qui
3187 2902 3238 2955 in
3268 2919 3502 2972 corpore

1895 2990 2084 3044 mortis
2142 3007 2239 3055 es,
2294 2993 2383 3060 qui
2434 2992 2574 3046 inter
2626 2995 2872 3060 sepulcra
2927 2995 3062 3049 vivis
3116 2996 3498 3049 mortuorum?

1896 3084 1922 3121 ι)
1954 3084 2250 3152 Oportebat
2290 3085 2507 3140 Petrum
2539 3087 2700 3158 997
2734 3088 2880 3158 loqui
2913 3089 3172 3155 mortuis;
3212 3102 3266 3144 ut.
3303 3105 3498 3160 proce-

1896 3176 2092 3231 derent
2119 3177 2186 3232 de
2215 3178 2480 3244 sepulcris
2511 3166 2643 3233 suis.

1970 3269 2060 3324 i2.
2121 3269 2426 3337 ludigemus
2473 3285 2603 3340 ergo
2649 3271 3001 3341 purgatione,
3053 3274 3178 3344 quia
3225 3275 3496 3345 tetigimus

1895 3372 2136 3416 mortuos
2185 3363 2375 3431 (Nam.
2423 3363 2650 3434 x1x,i).
2697 3363 2806 3418 Lex
2862 3380 2960 3420 nos
3007 3359 3252 3420 Inundari
3300 3367 3495 3436 jubet:

1897 3455 2017 3524 quis
2067 3463 2274 3520 tantus,
2319 3465 2376 3510 ut
2412 3471 2570 3526 supra
2605 3455 2800 3519 Legem
2830 3457 2936 3510 sit?
2966 3457 3144 3526 Ipsum
3187 3459 3500 3513 Nazarzrnm

1898 3558 2142 3603 sanctum
2188 3548 2318 3610 Dei.
2369 3549 2414 3604 si
2451 3549 2494 3601 is
2527 3550 2763 3619 tetigerit
2811 3558 3115 3617 mortuum,
3166 3552 3501 3604 immundum

1902 3643 2207 3712 pronuntiat
2246 3640 2433 3712 (Num.
2467 3657 2539 3704 vn,
2570 3641 2649 3712 9).
2683 3640 2918 3711 Ideoque
2945 3642 3086 3715 radit
3130 3654 3290 3714 caput
3319 3660 3496 3710 suum,

1901 3746 1952 3788 et
1981 3733 2202 3802 deponit
2229 3733 2480 3802 capillqu
2533 3733 2684 3802 quasi
2733 3750 2835 3786 non
2883 3743 3162 3800 sanctum;
3205 3746 3258 3791 et
3306 3737 3504 3791 itetunt

1902 3836 2020 3882 orat
2044 3837 2100 3880 ut
2125 3827 2465 3888 exaudiatur,
2497 3826 2740 3894 quiante
2769 3835 2987 3895 propter
3016 3829 3212 3881 mortui
3246 3839 3508 3883 attactum

1903 3934 2129 3974 exorare
2179 3934 2282 3972 non
2317 3919 2488 3987 potuit
2519 3936 2530 3971 :
2565 3919 2965 3972 irrationabiles
3005 3919 3159 3972 duxit
3189 3919 3338 3984 dies;
3381 3923 3507 3982 quia

1904 4010 2259 4065 irrationabili
2284 4010 2826 4080 appropinquaverat.
2850 4010 3072 4079 Deponit
3098 4011 3258 4081 igitur
3290 4025 3502 4069 mortua

1906 4114 1959 4158 et
1997 4104 2266 4171 superﬂua
2290 4104 2481 4172 capitis
2498 4103 2601 4167 sui,
2618 4113 2674 4156 ttt
2702 4102 2917 4158 Cbrism
2939 4106 3340 4162 reconcilietur.
3365 4108 3506 4181 Ergo

1907 4196 1950 4250 si
1983 4195 2272 4251 Nazara-us
2306 4197 2639 4267 puriﬁcatnr,
2674 4207 2729 4252 et
2761 4213 2857 4251 nos
2895 4199 3164 4266 puriﬁrari
3196 4211 3430 4270 oportet.

1982 4290 2070 4343 l3.
2102 4288 2305 4344 Omnes
2349 4290 2675 4359 contigimus
2715 4300 3009 4344 mortuum.
3052 4292 3183 4356 Quis
3222 4294 3366 4347 enim
3395 4295 3512 4364 glo—

1911 4383 2137 4437 riabitur
2165 4394 2371 4438 castum
2413 4399 2472 4438 se
2519 4383 2720 4438 habere
2755 4400 2870 4444 cor,
2903 4397 2992 4438 aut
3033 4387 3152 4454 quis
3180 4387 3397 4441 audebit
3427 4389 3511 4444 di—

1911 4491 2040 4532 cere
2070 4477 2329 4531 mundum
2367 4491 2425 4531 se
2455 4493 2483 4529 a
2515 4478 2787 4546 peccatis?
2822 4477 2903 4531 Sit
2929 4478 3123 4543 aliquis
3160 4477 3390 4533 furta~se
3417 4482 3513 4549 qui

1917 4571 1969 4623 in
2003 4584 2254 4624 sermone
2299 4585 2402 4622 non
2436 4569 2722 4640 deliquerit
2745 4611 2757 4634 ,
2793 4570 2915 4623 licet
2944 4585 3098 4624 rarus
3128 4572 3259 4636 iste,
3296 4574 3362 4625 de
3406 4589 3515 4643 quo

271 4629 910 4743 iajﬁggijiiﬁrgo
937 4666 1023 4726 cui
1043 4664 1294 4722 Christus
1325 4674 1542 4734 peccata
1563 4664 1804 4726 donavit,
1836 4654 1889 4713 D
1917 4665 2059 4719 Deus
2089 4665 2251 4726 dicat,
2287 4664 2425 4719 sicut
2448 4664 2516 4718 de
2545 4677 2731 4719 sant-to
2758 4665 2857 4718 Job
2883 4686 2895 4716 :
2931 4663 3031 4716 Ille
3052 4681 3151 4718 non
3181 4668 3402 4732 peccavit
3426 4629 3515 4720 lla-

481 4745 484 4748 _
491 4731 667 4748 ηῆ--ρνρνη

274 4719 361 4734 -ιν-
407 4719 468 4743 ιι
489 4719 806 4748 1:;_‘_.:——;...:.1.«r’
841 4719 894 4736 οη
946 4719 1022 4726 *τί
1056 4719 1072 4722 ν
1328 4719 1338 4734 ι
1377 4719 1380 4720 ν
1796 4719 1803 4726 '

187 4772 347 4828 recte
370 4719 538 4816 dicit:
565 4760 814 4815 Retribue
836 4776 979 4814 servo
1011 4771 1118 4823 tuo,
1149 4769 1204 4813 ut
1234 4761 1416 4818 rivom.
1443 4771 1488 4812 et
1519 4760 1806 4812 custodiam

187 4856 348 4922 πτίλα
379 4864 489 4919 tua.
518 4851 640 4912 Non
669 4850 835 4910 habet
882 4852 932 4905 in
964 4851 1322 4906 retributione
1345 4849 1486 4918 quod
1515 4850 1802 4918 desperet;

187 4947 326 5017 quia
358 4947 629 5002 Dominus
658 4943 818 5000 Iesus
841 4944 987 4998 venit
1017 4945 1278 5000 mundum
1294 4943 1528 5012 salvare,
1551 4958 1653 4994 non
1687 4958 1808 5011 pero

188 5040 352 5106 dere.
387 5039 632 5107 Ideoque
664 5037 949 5093 immemor
969 5046 1053 5093 est
1085 5037 1318 5104 injurim,
1353 5051 1559 5089 memor
1587 5036 1804 5104 gratim;

273 5172 300 5199 ιι
343 5161 603 5230 Plerique
660 5175 793 5213 mss.
826 5170 986 5229 atque
1018 5175 1207 5214 omnes
1230 5160 1395 5230 cdit.._
1423 5159 1808 5225 opobalsamum

185 5228 528 5306 φθαρείη(
556 5233 827 5306 (ηωιιιυίιὶ
878 5228 1406 5306 niss‘.,_ea:pressmn)
1459 5231 1668 5306 dicitur.
1704 5231 1810 5284 Alii

235 5302 395 5373 [iures
450 5319 515 5370 ac
567 5302 848 5366 meliores,
876 5302 1264 5373 opobalsamum
1307 5303 1568 5367 expressio
1599 5303 1808 5354 dicitur.

237 5323 395 5372 tores
450 5323 515 5370 ac
569 5323 848 5366 ntettores,
876 5323 1264 5373 opooatsamum
1307 5323 1568 5367 «ιρι-εδδιο
1599 5323 1808 5354 atCttut‘.

189 5323 336 5444 δάιε
367 5375 658 5442 expressio
688 5376 964 5444 quomodo
1021 5369 1131 5431 fiat,
1158 5386 1559 5444 consequenter
1607 5373 1813 5425 descri-

191 5443 374 5503 bitur.
411 5446 617 5499 Eadem
651 5460 740 5498 res
782 5443 956 5499 adhuc
987 5444 1273 5498 dilucidius
1297 5443 1597 5511 explicatur
1641 5445 1708 5493 ab
1747 5457 1812 5495 eo

191 5523 501 5586 scriptore.
537 5517 624 5569 cui
669 5518 1035 5570 communiter
1066 5515 1361 5586 [Ege-sippo
1393 5532 1586 5566 nrut'mu
1641 5515 1810 5586 impos

187 5584 371 5645 naut.
403 5587 478 5642 Ita
502 5589 648 5640 enim
673 5587 764 5640 ille
790 5606 802 5639 :
833 5587 948 5640 Illic
981 5584 1365 5654 opobalsamum
1393 5587 1654 5655 gignitur:
1677 5584 1813 5650 quod

187 5661 325 5716 ideo
353 5676 478 5730 cunt
503 5659 798 5730 adiectione
823 5659 1248 5730 significavimus,
1279 5657 1400 5730 quia
1424 5657 1666 5730 agricola:
1691 5657 1812 5730 cor-'-

185 5734 308 5786 l‘ite
334 5727 490 5802 territa
515 5729 760 5802 virgulas
777 5725 1008 5802 incidunt
1040 5725 1149 5802 ens,
1195 5725 1247 5780 in
1270 5726 1708 5802 quibus__ba_lsenta
1731 5726 1816 5802 gi—

187 5793 486 5876 παιδιαῖς
515 5789 696 5876 utjser
723 5800 844 5853 illas
878 5789 1122 5876 caveretis
1140 5789 1406 5876 paulatim
1434 5796 1697 5876 distillqns
1723 5789 1822 5876 (In?

191 5867 326 5929 ῖῡιὸτ
381 5887 440 5926 se
481 5869 704 5942 'colii'gat
733 5885 750 5923 :
780 5871 1016 5926 caverna
1043 5867 1214 5924 autem
1245 5867 1452 5922 'Grmro
1493 5867 1696 5920 nomine
1722 5869 1822 5924 ὀπὴ

635 5964 909 6022 Pyram“
957 5962 1098 6022 XV.

1915 4756 2126 4809 biissuis
2149 4753 2440 4826 (lob.xxn,
2465 4756 2591 4824 ltl);
2625 4767 2799 4809 tamen
2827 4771 2928 4808 non
2954 4771 3168 4824 semper
3190 4756 3387 4812 babcie
3413 4774 3510 4828 po-

1918 4851 2017 4904 tuit
2044 4848 2271 4902 tuumlas
2301 4848 2481 4901 cordis
2513 4849 2592 4900 sui
2625 4848 2978 4916 Cogitationes
2999 4889 3013 4912 ,
3049 4847 3218 4916 injicit
3243 4864 3301 4904 se
3327 4849 3514 4904 diabo-

1917 4943 2000 4996 lus
2042 4942 2093 4995 iu
2127 4957 2222 4996 cor
2250 4941 2500 4994 bozninis.
2535 4941 2680 4995 Pone
2714 4951 2897 5010 parata
2941 4956 3155 5012 semper
3183 4953 3235 4995 et
3267 4941 3516 5012 pervigili

1917 5036 2161 5091 custodia
2188 5037 2468 5107 quisquam
2501 5051 2595 5104 ror
2626 5051 2778 5090 suum
2811 5035 3037 5104 Sepserit
3060 5077 3073 5098 ,
3108 5046 3283 5090 tamen
3317 5038 3366 5090 in
3399 5053 3514 5092 me-

1916 5161 2128 5213 diritur.
2156 5159 2261 5214 Alii
2294 5168 2474 5213 tamen
2510 5170 2682 5220 ortum
2717 5159 2816 5212 hoc
2842 5173 3038 5214 nomen
3063 5157 3270 5220 malunt
3293 5161 3392 5216 ἀπὸ
3424 5167 3516 5216 τοῦ

1918 5232 2070 5286 ὀποῦ.
2095 5233 2236 5298 quod
2269 5245 2488 5285 succum
2522 5246 2583 5282 ae
2616 5233 2877 5294 litium-em
2921 5244 3097 5282 sonat.
3127 5231 3286 5283 Multa
3316 5239 3380 5281 de
3416 5232 3516 5286 bac

1920 5319 1976 5355 re
2029 5302 2077 5355 J.
2122 5302 2317 5357 Gerar.
2351 5302 2576 5356 Vossius-
2631 5302 2682 5355 in
2737 5301 3131 5372 EthymolOgico
3175 5302 3238 5354 ad
3302 5317 3511 5370 vocem,

1918 5373 2220 5426 balsamum.

1990 5443 2016 5479 ι)
2059 5443 2217 5496 Rom.
2250 5443 2381 5498 edit.
2419 5442 2554 5508 sola,
2595 5442 2874 5509 Oportebat
2923 5444 3144 5507 primum
3192 5443 3331 5512 loqui
3381 5459 3520 5497 mor-

1919 5514 2036 5566 tuis.
2067 5515 2240 5568 Minus
2270 5517 2443 5578 bene;
2473 5530 2595 5566 cum
2626 5514 2911 5566 tnanil'este
2942 5515 3216 5566 allutlatnr
3238 5519 3302 5568 ad
3347 5514 3520 5568 il.udl

1922 5585 2037 5639 Pet.
2066 5602 2133 5639 tv.
2168 5586 2200 5640 6
2232 5603 2244 5639 ;
2284 5584 2501 5656 Propter
2531 5586 2627 5638 hoc
2657 5594 2703 5656 et
2729 5585 2943 5656 mortuis
2972 5587 3372 5656 etumgelizutnm
3403 5595 3516 5650 est;

1921 5655 2398 5725 quematlnmtlnni'
2427 5656 2580 5710 initio
2627 5655 2866 5725 ejusdem
2921 5655 3114 5722 Capitis
3159 5667 3213 5709 et
3268 5656 3368 5710 boe
3408 5666 3521 5712 toto

1923 5729 2196 5784 Ambrosii
2233 5728 2351 5784 loco
2387 5728 2531 5783 inter
2572 5743 2630 5782 se
2661 5725 3013 5796 comparatis,
3047 5725 3204 5783 facile
3235 5729 3411 5798 quivis
3443 5728 3526 5782 in-

1925 5799 2147 5870 telligct.

2919 5950 2960 6009 2
