3988 6358
509 324 650 385 ΙΞΞῚ

511 528 806 600 puriﬁcari.
844 525 994 583 Unde
1023 524 1231 587 Esaias,
1271 535 1392 575 cum
1420 519 1649 574 dixisset
1679 537 1692 574 :
1727 517 1771 572 0
1802 519 1954 572 miser
1979 519 2110 589 ego!

510 623 751 691 quoniam
779 617 1043 672 immunda
1067 614 1204 669 labia
1232 613 1413 680 habeo,
1441 622 1488 667 et
1514 614 1569 666 in
1603 610 1767 665 medio
1797 610 1975 682 populi
2001 626 2110 664 ver-

1852 310 2099 371 SANCTI
2137 308 2466 370 AMBROSII

510 436 601 490 dio
642 438 988 504 peccatorum
1027 437 1294 492 versatur,
1341 437 1568 482 necesse
1594 423 1759 480 habet
1799 423 1963 479 etiam
1995 423 2112 494 ipse
2137 430 2188 492 Α

3673 307 3806 368 ηεε

2289 421 2374 478 16.
2415 419 2609 478 Veniat
2633 433 2764 492 ergo
2792 419 2934 492 ignis
2958 433 3312 487 consumens,
3345 427 3541 479 exurat
3567 421 3619 476 in
3652 423 3808 478 nobis

2217 513 2493 582 plumbum
2525 511 2857 584 iniquitatis,
2891 513 3095 570 ferrum
3128 515 3370 586 peccati,
3415 515 3685 585 faciatque
3717 531 3810 571 nos

2213 620 2406 660 aurum
2435 605 2730 660 SlﬂCCl'lllll.
2761 604 2894 662 Urat
2923 622 3084 662 renes
3109 622 3279 670 meos,
3313 615 3368 662 Cl.
3390 621 3488 662 C(ll‘
3515 622 3725 673 meum;
3757 617 3813 663 υι

509 730 596 769 sor
624 711 883 766 immunda
903 709 1042 763 labia
1073 706 1303 761 habentis
1331 704 1534 779 (Esai.,
1562 721 1646 768 γι,
1676 704 1708 760 5
1734 714 1777 757 et
1807 702 1897 776 7);
1929 703 2109 758 statim
2215 699 2359 755 bona
2384 700 2616 770 cogitem
2635 741 2650 766 ,
2683 715 2745 754 ea
2774 716 2894 770 qua:
2920 702 3190 756 castitatis
3218 708 3372 766 sunt,
3405 702 3805 772 concupiscam.

511 804 794 861 descendit
821 817 984 856 unum
1014 801 1082 856 de
1117 799 1402 869 Seraphim
1423 841 1438 865 ,
1468 808 1524 854 et
1560 797 1785 868 contigit
1822 797 1962 852 labia
1994 798 2112 865 ejus

512 896 770 958 carbone,
801 903 862 950 ut
884 892 1157 948 Immunda
1187 891 1304 962 ejus
1331 891 1470 945 labia
1501 890 1809 945 mundaret.

587 988 674 1044 14.
717 987 836 1044 Non
869 1002 1032 1041 unum
1079 999 1165 1041 εει
1191 985 1458 1054 baptisma
1489 1001 1503 1036 :
1537 999 1702 1038 unum
1731 991 1815 1038 est
1847 981 1992 1053 quod
2028 981 2116 1037 hic

513 1081 675 1136 tradit
699 1079 967 1143 Ecclesia,
997 1093 1095 1150 per
1115 1093 1314 1148 aquam
1346 1087 1402 1132 et
1426 1075 1689 1146 Spiritum
1712 1085 1980 1139 sanctmn,
2008 1089 2115 1146 quo

510 1186 738 1228 necesse
783 1179 866 1226 est
914 1169 1175 1240 baptizari
1223 1167 1669 1225 catechumenos.
1725 1167 1818 1223 Est
1867 1176 1923 1222 et
1969 1165 2116 1220 aliud

513 1265 816 1334 baptisma,
863 1263 932 1319 de
977 1279 1084 1333 qtto
1128 1263 1260 1316 dicit
1293 1261 1552 1317 Dominus
1598 1260 1804 1316 Jesus:
1849 1259 2117 1330 Baptisma

517 1357 676 1412 habeo
697 1357 982 1421 baptizari,
1015 1354 1152 1426 quod
1185 1371 1269 1409 vos
1309 1353 1514 1408 nescitis
1545 1352 1722 1424 (Luc.,
1765 1368 1872 1416 xu,
1908 1350 2018 1423 10).
2053 1351 2136 1406 Et-

515 1455 702 1523 utique
736 1452 846 1522 jam
883 1450 1184 1519 baptizatus
1211 1449 1265 1503 in
1293 1447 1533 1504 Jordane
1563 1448 1760 1512 fuerat,
1791 1447 1930 1501 sicut
1959 1459 2120 1515 snpe-

518 1547 661 1601 riora
687 1545 965 1601 declarant
997 1543 1243 1614 (rllattlt.,
1276 1558 1353 1608 ιιι,
1393 1543 1482 1613 15)
1512 1559 1525 1595 :
1559 1541 1654 1596 sed
1686 1541 1756 1595 sit
1785 1539 1890 1595 hoc
1918 1539 2120 1609 baptis-

517 1653 669 1692 mum
698 1636 999 1706 passionis,
1046 1651 1154 1706 quo
1192 1636 1353 1690 etiam
1396 1635 1656 1705 sanguine
1686 1648 1787 1688 suo
1831 1631 2121 1703 unusquis-

514 1746 622 1800 que
659 1729 965 1783 mundatur.
1003 1727 1101 1781 Est
1145 1728 1307 1783 etiam
1345 1736 1369 1763 κ
1410 1726 1737 1796 baptismum
1779 1726 1833 1779 in
1883 1723 2121 1793 paradisi

2218 792 2325 848 Sed
2357 794 2482 862 quia
2530 792 2618 848 hic
2666 803 2959 864 purgatus,
2994 795 3189 850 iterum
3232 809 3460 849 necesse
3497 793 3665 850 habet
3705 793 3829 850 illic‘

2219 886 2526 955 purificari;
2561 887 2671 942 illic
2699 903 2915 958 quoque
2946 903 3049 943 nos
3069 888 3338 958 purificet,
3369 887 3512 960 quod
3537 887 3683 944 dicet
3712 888 3810 942 Do-

2219 977 2437 1034 minus:
2471 978 2674 1033 lntrate
2723 979 2778 1034 in
2810 978 3055 1050 reqnicm
3090 996 3301 1046 meam;
3349 989 3408 1035 ut
3447 979 3814 1051 unusquisque

2221 1083 2467 1126 nosmnn
2502 1081 2654 1127 ustus
2687 1073 2964 1143 romphaea
2995 1074 3087 1128 illa
3113 1073 3359 1129 ﬂammea
3386 1115 3401 1142 ,
3435 1090 3542 1129 non
3570 1083 3812 1140 exustus,

2222 1163 2597 1236 introgressus
2640 1165 2692 1220 in
2726 1165 2872 1220 illam
2907 1167 3142 1236 paradisi
3185 1168 3589 1236 amoenitatem,
3619 1169 3817 1239 gratias

2219 1270 2344 1329 agat
2372 1259 2604 1315 Domino
2631 1275 2766 1326 suo,
2799 1259 2989 1316 dicens
3023 1279 3036 1315 :
3083 1260 3350 1317 Induxisti
3394 1278 3487 1316 nos
3517 1263 3571 1316 in
3611 1263 3821 1334 refrige-

2221 1351 2361 1404 rium
2385 1348 2561 1423 (Psal.
2595 1366 2720 1417 va,
2755 1350 2866 1421 ιε).
2897 1351 2998 1420 Qui
3029 1367 3160 1424 ergo
3188 1368 3287 1423 per
3318 1353 3497 1423 ignem
3527 1352 3818 1421 transierit,

2223 1446 2393 1502 intrat
2420 1446 2473 1501 in
2503 1448 2767 1518 requiem.
2801 1447 3019 1502 Transit
3037 1463 3068 1502 a
3092 1447 3464 1503 malerialibus
3485 1457 3648 1518 atque
3671 1461 3822 1501 mun-

2225 1542 2383 1597 danis
2413 1542 2478 1597 ad
2513 1541 2600 1598 illa
2633 1541 3061 1613 incorruptibilia
3093 1554 3256 1614 atque
3288 1549 3568 1613 perpetua.

2301 1633 2390 1690 17.
2435 1633 2586 1688 Alius
2611 1633 2715 1689 iste
2742 1642 2828 1689 est
2855 1633 2995 1705 ignis
3015 1648 3124 1704 quo
3149 1645 3451 1688 exuruntur
3477 1642 3697 1704 peccata
3720 1649 3822 1690 non

2227 1727 2530 1783 voluntaria
2551 1767 2567 1794 ,
2605 1727 2703 1784 sed
2735 1726 2956 1783 fortuita
2978 1768 2994 1793 ,
3026 1743 3187 1798 quem
3217 1727 3427 1798 paravit
3451 1727 3692 1783 servulis
3720 1726 3827 1782 suis

518 1824 807 1889 vestibulo,
853 1823 994 1893 quod
1039 1833 1196 1877 antea
1242 1837 1350 1876 non
1396 1831 1515 1876 erat
1550 1839 1564 1875 :
1616 1821 1711 1876 sed
1764 1831 2120 1890 posteaquam
2153 1827 2202 1888 Β
2230 1821 2496 1875 Dominus
2539 1819 2729 1884 .lesns,
2760 1830 2819 1876 ut
2847 1835 2943 1877 eos
2977 1821 3048 1875 ab
3077 1821 3176 1876 ista
3221 1820 3679 1888 commoratione,
3713 1836 3828 1894 qua:

517 1926 774 1988 peccator
801 1916 1056 1971 exclusus
1085 1923 1197 1978 est,
1229 1915 1396 1984 coepit
1443 1929 1564 1968 esse
1609 1912 1888 1984 romphaea
1929 1912 2084 1982 ignea
2106 1953 2120 1978 ,

521 2025 680 2080 quam
715 2006 1047 2078 posuitDeus
1073 2006 1252 2080 (Gen.,
1283 2022 1362 2070 ιιι,
1386 2003 1502 2077 24),
1527 2020 1647 2076 quae
1670 2014 1825 2060 antea
1853 2021 1962 2059 non
1984 2013 2124 2070 erat,

519 2102 738 2173 quando
768 2113 1049 2171 peccatmn
1080 2115 1186 2154 non
1218 2110 1354 2155 erat.
1383 2100 1556 2169 Culpa
1585 2100 1751 2169 cmpit
1771 2141 1784 2165 ,
1828 2107 1884 2153 et
1923 2099 2125 2169 baptis-

521 2209 671 2248 mum
703 2193 865 2263 cmpit
897 2211 910 2247 :
942 2207 1048 2264 quo
1078 2191 1450 2262 puriftcentur,
1483 2193 1575 2261 qui
1613 2192 1668 2247 in
1700 2191 2006 2263 paradisum
2038 2206 2126 2246 re-

521 2287 641 2344 dire
679 2287 999 2356 cupiebant,
1050 2296 1108 2340 ut
1152 2285 1386 2357 regressi
1432 2284 1678 2342 dicerent
1725 2304 1738 2340 :
1775 2284 2128 2339 Transivimus

524 2396 616 2450 per
640 2381 808 2450 ignem
830 2388 875 2432 et
905 2395 1093 2449 aquam
1130 2377 1308 2448 (Psal.
1344 2394 1467 2442 va,
1505 2377 1618 2450 12).
1651 2377 1745 2432 llic
1778 2394 1872 2448 per
1896 2393 2125 2448 aquam,

525 2471 636 2527 illic
667 2485 764 2542 per
795 2471 1000 2542 ignem.
1034 2470 1138 2524 Per
1165 2484 1360 2538 aquam
1382 2511 1396 2531 ,
1441 2479 1499 2524 ut
1539 2468 1830 2524 abluantur
1859 2478 2080 2540 peceata
2114 2485 2126 2521 :

523 2579 623 2633 per
651 2566 869 2634 ignem,
904 2571 962 2617 ut
991 2572 1308 2618 exurantnr.
1341 2560 1450 2618 Sed
1481 2561 1623 2632 quod
1672 2571 1755 2616 est
1784 2563 2000 2632 gravius
2020 2602 2034 2626 ,
2077 2568 2133 2616 et

523 2657 616 2714 hic
645 2659 978 2713 sustinemus
1007 2657 1210 2729 ignem,
1242 2667 1297 2713 et
1329 2658 1460 2713 illic.

600 2753 689 2808 15.
731 2751 866 2820 Quis
895 2752 1096 2823 estqui
1136 2751 1187 2806 in
1223 2750 1327 2808 huc
1372 2751 1491 2821 igne
1519 2750 1786 2822 baptizat!
1824 2749 1940 2804 Non
1980 2763 2133 2818 prcs-

527 2844 707 2916 byter,
756 2861 861 2899 non
901 2845 1217 2914 episcOpus,
1267 2860 1373 2898 non
1422 2843 1692 2909 Joannes,
1741 2841 1938 2912 qniait
1970 2859 1983 2896 :
2019 2839 2134 2913 Ego

528 2950 619 2989 vos
643 2933 846 3005 baptizo
874 2936 930 2989 in
967 2935 1312 3003 paenitentiam
1353 2935 1569 3008 (Matth.
1599 2951 1689 3000 ιιι,
1727 2935 1850 3004 ll);
1885 2949 1992 2988 non
2025 2935 2135 2988 An-

532 3029 706 3100 gelus,
736 3043 841 3080 non
877 3027 1265 3096 Archangelns,
1298 3043 1405 3081 non
1440 3026 1866 3090 Domiuatioues,
1901 3041 2006 3079 non
2030 3025 2136 3080 Po-

532 3120 799 3176 testates:
842 3119 934 3174 sed
979 3120 1103 3185 ille,
1153 3120 1223 3175 de
1263 3134 1370 3189 quo
1411 3117 1648 3174 Joannes
1693 3117 1812 3172 ait:
1862 3117 1962 3184 Qui
2001 3118 2135 3171 venit

2229 1915 2497 1984 permixta
2537 1923 2623 1969 est
2667 1917 2929 1980 mortuis,
2979 1912 3240 1969 emundet
3278 1930 3290 1966 :
3344 1913 3483 1967 alius
3525 1913 3613 1967 ille
3655 1911 3826 1983 ignis,

2228 2022 2392 2076 quem
2422 2007 2705 2077 deputavit
2727 2005 2947 2084 diabolo
2967 2015 3022 2062 et
3042 2006 3249 2076 angelis
3275 2004 3414 2075 ejus,
3443 2005 3510 2061 de
3531 2021 3638 2074 quo
3661 2005 3828 2062 dicit:

2227 2100 2432 2154 Intrate
2477 2101 2530 2153 in
2571 2101 2740 2172 ignem
2768 2101 2821 2154 in
2862 2111 3108 2157 aeternum
3137 2097 3375 2170 (Mallia,
3405 2114 3534 2165 xxv,
3565 2097 3694 2166 41);
3729 2113 3830 2169 quo

2229 2190 2324 2247 ille
2353 2191 2506 2247 dives
2535 2193 2794 2258 ardebat,
2826 2192 2916 2263 qui
2962 2193 3153 2248 stillari
3201 2191 3303 2246 sibi
3335 2190 3404 2246 de
3443 2192 3634 2246 Lazari
3665 2191 3832 2261 digito

2233 2284 2492 2357 poscebat
2519 2286 2824 2340 humorem.
2857 2289 2924 2340 At
2949 2302 3082 2341 vero
3109 2285 3345 2340 Lazarus
3371 2285 3424 2340 in
3455 2283 3688 2340 Abrahae
3715 2285 3832 2340 sinu

2231 2384 2556 2434 recumbens
2585 2377 2764 2450 (Lua,
2795 2394 2904 2444 xvi,
2923 2377 3044 2450 24),
3074 2379 3236 2431 vitam
3263 2376 3520 2443 carpebat
3549 2384 3832 2443 mtcrnam,

2233 2487 2395 2543 quam
2435 2471 2534 2525 sibi
2578 2472 2848 2541 promittit
2888 2469 3163 2540 Propheta
3195 2469 3428 2525 dicens:
3467 2467 3644 2523 Vivam
3670 2477 3719 2523 et
3747 2485 3834 2523 cu-

2232 2562 2456 2638 stodiam
2484 2561 2640 2616 verba
2668 2572 2779 2616 tua.
2811 2561 3010 2623 Vivam,
3042 2561 3139 2628 ait,
3164 2559 3320 2632 quasi
3349 2559 3587 2615 nondum
3617 2560 3830 2627 vivens;

2234 2655 2324 2711 hic
2351 2656 2498 2710 enim
2530 2655 2583 2710 in
2614 2657 2801 2710 unthra
2830 2655 3083 2710 vivimus.

2309 2747 2398 2803 18.
2443 2747 2585 2818 Ergo
2617 2749 2716 2802 ista
2749 2749 2854 2801 vita
2888 2747 2941 2802 in
2973 2763 3239 2818 corpore,
3274 2747 3462 2803 umbra
3492 2757 3576 2803 est
3601 2748 3729 2803 vita:
3754 2755 3837 2802 at-

2236 2853 2344 2909 que
2373 2839 2572 2909 imago,
2620 2854 2728 2894 non
2761 2839 2981 2894 veritas.
3020 2838 3271 2911 Denique
3303 2840 3355 2894 in
3389 2839 3626 2910 imagine
3652 2841 3840 2895 ambu-

2236 2932 2311 2986 lat
2343 2933 2526 2995 homo,
2560 2944 2615 2988 et
2644 2933 2696 2987 in
2726 2934 2948 3004 regione
2980 2933 3187 2989 umbrae
3229 2934 3417 2989 mortis
3465 2932 3837 2989 consistimus.

2240 3027 2347 3083 Sed
2386 3027 2432 3082 si
2469 3027 2590 3097 quis
2622 3043 2727 3081 non
2759 3026 2826 3082 ad
2861 3039 3079 3084 terrena
3109 3030 3299 3085 oculos
3337 3030 3535 3084 mentis
3565 3028 3840 3095 intendat,

2240 3118 2337 3173 scd
2369 3118 2437 3173 ad
2478 3119 2740 3188 spiritalia
2778 3120 2980 3189 erigat;
3031 3131 3087 3175 ut
3133 3123 3305 3192 possit
3352 3121 3576 3178 dicere:
3611 3122 3841 3191 Spiritus

538 3224 652 3282 post
683 3231 788 3281 me,
818 3214 1002 3285 fortior
1023 3230 1102 3266 me
1127 3221 1200 3267 est
1221 3253 1236 3277 ,
1268 3214 1418 3277 cuius
1445 3228 1545 3265 non
1567 3227 1680 3265 sum
1710 3210 1896 3280 dignus
1926 3211 2130 3264 calcea-
2157 3215 2204 3276 Ο
2237 3220 2354 3265 ante
2395 3210 2578 3280 faciem
2618 3221 2846 3264 nostram
2877 3210 3118 3267 Christus
3162 3211 3458 3280 Dominus;
3502 3214 3701 3284 dignus
3743 3215 3846 3269 erit

541 3319 710 3362 menta
747 3316 949 3375 portare
972 3322 991 3360 :
1045 3307 1155 3376 ipse
1187 3320 1274 3359 vos
1306 3304 1583 3373 boptizabit
1625 3303 1679 3356 in
1721 3302 1924 3374 Spiritu
1963 3310 2140 3355 sancto

536 3406 583 3452 et
611 3401 746 3469 igne.
778 3397 943 3450 [labet
967 3396 1309 3450 ventilabrum
1336 3396 1389 3449 in
1415 3413 1567 3449 manu
1595 3413 1709 3460 sua,
1743 3405 1791 3449 et
1820 3394 2136 3463 permunda-

537 3488 610 3542 bit
649 3505 821 3543 aream
861 3504 1049 3555 suam;
1088 3497 1137 3541 et
1178 3487 1506 3558 congregabit
1549 3488 1773 3541 triticum
1817 3489 1872 3541 in
1899 3487 2141 3542 horreum

538 3596 719 3647 suum;
779 3580 955 3650 paleas
1023 3589 1196 3633 autem
1264 3585 1523 3634 comburet
1581 3581 1692 3652 igni
1732 3580 2140 3652 inexslinguibili

539 3671 732 3742 (lbid.,
763 3688 800 3728 ιι
825 3683 871 3726 et
897 3671 1009 3743 19.).
1040 3671 1158 3726 Non
1179 3671 1248 3727 de
1269 3675 1372 3728 hoc
1403 3673 1754 3743 baptismate,
1777 3673 1920 3746 quod
1942 3675 2002 3729 fit
2047 3691 2144 3745 per

541 3764 854 3820 sacerdotes
893 3764 1186 3829 Ecclesiae,
1235 3765 1436 3820 dictum
1477 3765 1594 3836 ipse
1643 3767 1904 3823 Dominus
1952 3769 2141 3824 testiﬁ-

547 3869 704 3915 catur
746 3858 993 3933 (Matth.,
1023 3875 1146 3922 xm,
1185 3859 1253 3914 49
1285 3869 1334 3914 et
1368 3858 1482 3932 50).
1529 3862 1804 3932 Siquidem
1855 3873 1980 3934 post
2006 3878 2140 3918 con-

549 3954 963 4012 summationem
1011 3953 1193 4009 stecnli
1241 3954 1420 4010 missis
1470 3956 1676 4026 angelis
1719 3957 1806 4027 qui
1856 3939 2146 4030 segregent

553 4049 726 4104 bonos
751 4057 805 4102 et
833 4047 1025 4110 malos,
1057 4047 1160 4101 hoc
1190 4046 1427 4102 futurum
1459 4057 1542 4104 est
1567 4049 1830 4120 baptisma
1874 4067 1887 4103 :
1928 4051 2144 4122 quando

544 4157 644 4209 per
669 4142 938 4194 caminum
964 4140 1132 4210 998
1166 4141 1306 4208 ignis
1348 4141 1605 4211 iniquitas
1653 4153 1945 4211 exoretur;
1991 4154 2048 4201 ut
2090 4147 2144 4202 in

547 4247 718 4301 regno
743 4230 836 4286 Dei
861 4230 1101 4299 fulgeant
1120 4230 1254 4299 justi
1281 4230 1422 4285 sicut
1451 4233 1533 4288 sol
1558 4233 1752 4301 ipsein
1777 4249 1946 4301 regno
1976 4239 2145 4305 patris

547 4324 657 4380 sui.
693 4323 761 4377 Et
792 4322 838 4377 si
861 4322 1057 4392 aliquis
1084 4332 1304 4377 sanctus
1331 4333 1392 4377 ut
1419 4323 1615 4378 Petrus
1644 4325 1751 4390 sit,
1795 4336 1851 4380 ut
1879 4325 2143 4394 Joannes,

551 4415 857 4485 baptizatur
895 4414 1000 4470 hoc
1041 4414 1176 4484 igni.
1215 4415 1412 4472 Veniet
1458 4432 1588 4490 ergo
1629 4418 1870 4489 Baptista
1922 4436 2146 4492 magnus

545 4509 651 4577 (sic
680 4509 825 4563 enim
855 4523 978 4564 emn
1012 4507 1266 4572 nomino,
1298 4508 1571 4578 quomodo
1603 4510 1902 4567 nominavit
1931 4511 2147 4570 Gabriel

547 4706 675 4752 ante
698 4695 930 4766 paradisi
953 4703 1162 4750 stantes
1180 4693 1525 4758 vestibulum,
1553 4697 1791 4752 movebit
1811 4698 2144 4766 rompharam

549 4787 890 4851 versatilem,
923 4786 1066 4842 dicet
1097 4787 1164 4842 iis
1193 4788 1282 4857 qui
1315 4802 1344 4841 a
1373 4785 1579 4844 dextris
1609 4799 1766 4857 sunt,
1797 4805 1904 4846 non
1938 4791 2144 4849 haben-

546 4881 697 4937 tibus
743 4880 925 4951 gravia
972 4886 1191 4950 peccata
1224 4896 1237 4932 :
1271 4878 1474 4934 Intrate
1504 4882 1597 4950 qui
1645 4885 2003 4952 prmsumitis,
2051 4888 2143 4957 qui

545 4978 727 5046 ignem
759 4989 866 5028 non
912 4971 1137 5027 timetis.
1184 4971 1551 5028 Pratdixeram
1579 4975 1723 5029 enim
1770 4977 1924 5032 vobis
1959 4995 1971 5031 :
2003 4979 2143 5036 Ecce

533 5056 709 5122 venio
734 5066 875 5119 sicut
900 5063 1039 5134 ignis
1064 5063 1232 5131 (Esai.
1266 5081 1408 5132 vat,
1445 5064 1568 5135 15);
1600 5076 1654 5120 et
1683 5082 1779 5137 per
1801 5068 2140 5127 Ezechiclcm

540 5159 784 5216 dixeram
813 5175 827 5212 :
862 5156 996 5210 Ecce
1011 5157 1314 5225 proﬁciscar
1338 5159 1391 5211 in
1419 5157 1767 5229 Hierusalem,
1794 5173 1840 5218 et
1861 5164 2141 5236 insui/laba

540 5253 595 5304 in
624 5266 739 5310 vos,
785 5249 838 5302 in
882 5249 998 5318 igne
1023 5247 1118 5301 ira:
1162 5263 1322 5314 mete;
1370 5260 1426 5303 ut
1470 5253 1737 5309 tabescatis
1781 5271 1814 5309 a
1855 5258 2062 5327 plumbo
2091 5270 2142 5316 et

543 5343 682 5412 ferro
709 5340 925 5416 (Ezeclt.
960 5355 1066 5395 XXII
1085 5382 1100 5407 ,
1125 5339 1239 5411 '20).

616 5492 642 5518 ει
681 5479 1359 5555 Jamantehannotavimns
1384 5481 1694 5550 opinionem
1728 5486 1864 5542 hanc
1891 5488 2138 5555 dejnstis

536 5553 772 5626 extremi
803 5551 986 5626 jnclicii
1017 5553 1106 5606 die
1146 5567 1246 5622 per
1292 5552 1468 5624 ignem
1505 5558 1868 5626 exjmrgantlis
1896 5551 2133 5618 Ambro-

536 5628 678 5677 sium
721 5623 789 5675 ab
818 5621 1054 5693 Origene
1098 5621 1400 5677 tnutnatum
1441 5641 1561 5681 esse
1579 5621 1603 5682 ’τ
1637 5621 1742 5684 hac
1786 5631 1905 5684 loco
1937 5633 1986 5683 id
2020 5643 2134 5688 tan-

539 5703 652 5747 tum
676 5694 944 5767 addimus,
977 5695 1117 5767 inter
1146 5693 1290 5750 hunc
1319 5694 1495 5767 ignem
1519 5706 1575 5751 et
1596 5714 1718 5754 eum
1748 5715 1854 5767 quo
1877 5701 2133 5760 Diabolus

537 5776 600 5818 ac
630 5763 844 5834 reprobi
865 5763 1108 5818 exarsuri
1131 5773 1277 5831 sunt,
1303 5766 1646 5824 manileswm
1675 5763 1969 5828 discrimen
1994 5773 2130 5830 infra

2244 3303 2334 3373 qui
2377 3303 2562 3358 dicat:
2605 3301 2671 3357 In
2714 3305 2893 3358 umbra
2931 3308 3045 3378 ejus
3085 3305 3312 3360 vivemus
3345 3305 3584 3378 (Tltren.,
3619 3321 3696 3370 tv,
3728 3305 3843 3375 ΞΟ).

2242 3394 2494 3452 Christus
2521 3399 2668 3453 enim
2703 3400 2808 3454 vita
2836 3409 2952 3465 cst;
2985 3408 3041 3454 et
3068 3401 3193 3456 ideo
3222 3401 3314 3472 qui
3343 3400 3397 3456 in
3425 3401 3616 3458 umbra
3642 3401 3845 3456 Christi

2243 3489 2397 3554 vivit,
2435 3492 2486 3546 in
2515 3491 2705 3545 umbra
2741 3493 2866 3548 vitm
2897 3504 3002 3548 est.
3031 3492 3333 3565 Meritoque
3377 3494 3504 3550 alibi
3550 3494 3682 3550 dicit
3712 3496 3848 3553 San-

2243 3593 2362 3639 ctus
2394 3583 2609 3639 Domini
2644 3601 2656 3638 :
2699 3584 2766 3638 In
2811 3587 2995 3640 umbra
3031 3588 3236 3640 alarum
3277 3599 3482 3642 tuarum
3523 3597 3734 3660 protege
3773 3605 3849 3644 me

2245 3679 2419 3752 (Psal.
2451 3697 2573 3744 xvr,
2603 3680 2683 3750 8).
2711 3681 2914 3737 Omnes
2952 3697 3084 3754 ergo
3126 3682 3290 3738 etiam
3336 3685 3506 3738 sancti
3555 3684 3607 3738 iu
3652 3685 3846 3741 umbra

2245 3785 2409 3840 sunt,
2449 3775 2706 3846 quamdiu
2752 3785 2879 3831 sunt
2928 3777 2977 3832 in
3025 3792 3295 3847 corpore:
3327 3794 3434 3833 non
3465 3777 3708 3849 perfecte
3768 3780 3849 3834 vi-
3948 3757 3949 3772 χ

2244 3865 2413 3922 dent:
2449 3884 2554 3922 non
2585 3867 2853 3938 perfecte,
2903 3868 3000 3925 sed
3031 3885 3103 3925 ex
3136 3878 3288 3941 parte
3331 3880 3694 3941 cognoscunt.
3731 3872 3850 3942 lpse

2245 3960 2442 4015 Paulus
2463 3961 2563 4015 ait:
2590 3960 2670 4016 Ex
2693 3971 2839 4032 parte
2858 3964 2992 4018 enim
3013 3965 3370 4037 cognoscimus
3391 3963 3437 4036 (ι
3459 3963 3606 4027 σον..
3626 3980 3751 4030 χιιι,
3767 3964 3847 4038 9).

2245 4052 2365 4124 Ipse
2392 4053 2497 4109 Vas
2523 4054 2810 4112 electionis
2831 4098 2846 4120 ,
2877 4056 2962 4112 cui
2993 4056 3242 4112 Christus
3272 4056 3461 4113 oculos
3494 4056 3767 4123 reddidit,
3796 4067 3850 4115 et

2252 4162 2348 4204 sua
2382 4149 2711 4204 illuminavit
2738 4152 2942 4222 gratia;
2976 4167 3081 4205 non
3114 4151 3250 4207 facie
3279 4151 3345 4206 ad
3379 4149 3594 4216 faciem,
3627 4151 3727 4207 sed
3759 4167 3853 4222 per
3948 4195 3949 4206 η

2245 4241 2526 4309 Speculum
2557 4242 2793 4297 videbat.
2827 4241 2896 4297 Et
2925 4243 3092 4298 David
3123 4244 3353 4299 revelari
3383 4243 3571 4299 oculos
3592 4256 3727 4299 snos
3757 4259 3852 4312 pe-
3948 4291 3949 4302 χ

2248 4333 2310 4389 tit
2335 4333 2472 4407 (Ini.
2507 4351 2634 4390 vers.
2668 4335 2790 4405 18);
2826 4345 2881 4392 ut
2907 4347 3292 4394 removeretur
3319 4337 3530 4403 mnbra,
3557 4353 3682 4405 qua:
3714 4339 3853 4395 inte-

2246 4443 2402 4499 grum
2426 4428 2709 4482 oculorum
2756 4429 3084 4498 impediebat
3111 4430 3380 4484 obtutum.
3412 4429 3714 4500 Regionem
3748 4447 3850 4486 au-

2249 4529 2358 4577 tem
2389 4521 2528 4577 hanc
2571 4530 2908 4577 mortuorum
2955 4538 3080 4580 esse
3109 4525 3228 4595 quis
3274 4521 3517 4588 dubitet;
3546 4536 3671 4578 cum
3715 4525 3856 4580 Sau-
3948 4541 3949 4588 1

547 4603 737 4659 dicens
765 4601 920 4674 (Luc.
955 4618 994 4667 ι,
1024 4601 1144 4667 15):
1176 4599 1278 4656 llic
1299 4601 1397 4656 erit
1419 4604 1680 4675 magnus),
1715 4604 1922 4660 videbit
1949 4608 2147 4662 multos
2173 4599 2224 4660 D
2249 4624 2371 4670 ctus
2398 4615 2513 4685 ipse
2544 4614 2690 4670 dicat
2720 4632 2733 4668 :
2773 4614 2994 4670 Placebo
3023 4613 3251 4671 Domino
3292 4617 3347 4670 in
3387 4615 3596 4687 regione
3619 4617 3855 4672 vivorum

2251 4706 2426 4776 (Psal.
2457 4724 2600 4767 cstv.
2632 4708 2727 4779 9)?
2755 4708 2892 4777 Quia
2924 4710 3166 4780 perfecte
3201 4710 3286 4766 hic
3315 4709 3531 4780 placere
3569 4724 3736 4765 nemo
3760 4725 3856 4781 po-

2251 4807 2394 4864 tcst,
2441 4801 2534 4856 ubi
2580 4800 2742 4856 etiam
2773 4803 2818 4857 si
2870 4801 2984 4858 lieri
3019 4803 3226 4872 possit,
3273 4811 3331 4856 nt
3359 4817 3454 4857 sua
3487 4811 3708 4872 peccata
3743 4819 3856 4860 non
3948 4800 3949 4862 ἶ

2253 4893 2477 4960 habeat;
2506 4893 2560 4948 in
2591 4895 2758 4966 999
2789 4895 2900 4964 ipsa
2931 4902 3109 4950 tamen
3153 4907 3487 4950 mortuorum
3517 4895 3747 4965 regione
3776 4899 3858 4952 vi-
3948 4889 3949 4932 ἦ

2251 4986 2460 5054 vendo,
2497 4988 2872 5056 purificatione
2913 4988 3149 5060 indiget,
3198 5005 3319 5059 quae
3363 5003 3390 5044 a
3433 4990 3687 5060 contagio
3727 5007 3853 5047 eum

2250 5081 2488 5148 regionis
2522 5079 2682 5150 hujus
2714 5081 2978 5137 abSnlvat.

2326 5171 2413 5226 l9.
2459 5172 2514 5226 ln
2546 5173 2732 5228 umbra
2764 5172 2924 5240 igitur
2953 5173 3042 5229 hic
3061 5173 3315 5242 vivimus,
3343 5182 3401 5229 et
3426 5175 3550 5232 ideo
3577 5177 3632 5231 in
3661 5178 3856 5234 umbra

2248 5265 2585 5321 custodimus
2612 5267 2777 5323 verba
2809 5266 2926 5322 Dei.
2952 5265 3021 5321 Et
3049 5274 3107 5320 ut
3127 5267 3378 5336 exemplo
3405 5281 3624 5324 utamur
3648 5285 3662 5321 :
3691 5269 3722 5308 ιι
3751 5270 3858 5325 ιιιί-

2248 5373 2354 5428 que
2391 5370 2520 5416 ante
2550 5370 2704 5415 erant
2735 5360 2836 5415 sub
2883 5359 3074 5415 umbra
3105 5359 3292 5433 Legis,
3325 5364 3540 5432 quando
3566 5365 3852 5422 custodie—
3948 5371 3949 5438 ξ

2247 5511 2397 5576 unm.
2446 5497 2532 5566 17,
2578 5497 2864 5564 constitui;
2910 5498 3053 5569 quod
3093 5499 3290 5558 fecisse
3338 5516 3562 5573 prorsus
3615 5513 3854 5576 negatur
3948 5529 3949 5536 ξ

2244 5566 2530 5636 Origenes.

2314 5636 2527 5714 bAEdit.
2570 5639 2728 5714 Rom.
2759 5641 2874 5696 sola
2897 5683 2910 5704 ,
2939 5643 3116 5714 utique
3143 5655 3262 5700 ante
3290 5661 3492 5700 eramus
3532 5646 3627 5701 sub
3665 5647 3856 5702 umbra
3948 5655 3949 5668 ‘

2243 5705 2423 5782 largis,
2471 5712 2679 5782 quando
2725 5705 3136 5770 custodiebnmns
3180 5717 3470 5772 neontenias
3515 5727 3563 5769 et
3607 5719 3852 5775 sabbata.

2247 5777 2365 5833 νει.
2395 5792 2447 5837 et
2483 5777 2622 5839 'mss.
2666 5782 2874 5854 aliquot
2903 5800 2916 5836 :
2947 5787 3242 5854 utique..."
3290 5787 3706 5846 cnstadiebamus
3757 5789 3855 5844 ho-
