3988 6370
222 338 357 396 ηέθ

1329 341 1395 398 ΙΝ
1434 340 1763 402 PSALMUM
1801 342 2013 404 CXVIII
2052 343 2439 405 EXPOSITIO.

3392 359 3533 419 1230

221 455 346 512 bant
370 454 629 509 homines
660 454 921 521 sabbata,
953 470 1075 526 quae
1115 465 1242 511 sunt
1270 456 1456 511 umbra
1487 458 1819 526 futurorum;
1851 465 1903 526 Α
1925 460 2051 531 40);
2084 461 2137 516 in
2178 462 2287 517 alio
2314 463 2542 519 verbum
2569 462 2793 521 cteleste
2814 507 2828 531 ,
2862 471 2919 521 et
2960 466 3184 523 verbum
3213 470 3532 541 angelorum

222 547 362 605 sicut
386 545 665 619 hodieque
701 547 907 612 Iudici,
938 548 1029 609 uni
1057 563 1246 604 verum
1272 551 1560 605 sabbatum
1606 569 1711 606 non
1748 555 1829 609 vi-

225 639 386 706 dent,
406 639 498 711 qui
528 641 835 711 exemplari
864 653 917 698 et
947 641 1152 697 umbrae
1183 644 1446 699 serviunt.
1472 644 1581 699 Nos
1608 661 1829 716 qunque

227 733 522 792 secundum
555 735 908 804 Evangelium
955 752 1099 791 nunc
1128 737 1401 804 viventes,
1446 739 1692 794 umbram
1741 755 1829 797 se-

223 830 442 903 quimur
466 829 762 886 verborum
791 830 906 886 Dei.
938 830 1238 888 Natliattael
1271 833 1374 889 sub
1399 834 1596 890 arbore
1627 833 1715 889 ﬁci
1742 834 1825 888 vi-

225 923 386 980 detur
410 920 589 993 (loco.
619 939 669 989 l,
700 921 817 995 48).
846 923 1019 978 David
1062 924 1114 980 in
1147 924 1337 981 umbra
1376 926 1585 981 alarum
1613 926 1827 981 Domini

224 1017 356 1075 lcsu
381 1031 606 1086 sperare
649 1033 712 1074 se
748 1016 882 1074 dicit
931 1017 1108 1090 (Psal.
1140 1035 1263 1087 xvt,
1295 1019 1388 1091 8);
1433 1020 1729 1076 Zacchteus
1774 1022 1827 1078 in

226 1112 480 1166 arborem
530 1110 802 1181 sycomori
849 1108 1130 1178 ascendit,
1184 1120 1243 1167 ut
1292 1110 1567 1167 Christum
1620 1112 1830 1170 videret

230 1202 404 1275 (Lua,
437 1218 563 1270 xu,
593 1200 674 1273 4).
708 1200 878 1258 Nobis
893 1218 1111 1273 quoque
1154 1204 1416 1274 expandit
1462 1219 1656 1261 manus
1702 1222 1829 1262 suas

226 1296 422 1364 Iesus,
474 1306 534 1351 ut
582 1305 752 1352 totum
803 1295 1068 1352 mundum
1120 1297 1495 1354 obutubraret.
1546 1299 1829 1367 Quomodo

227 1405 336 1445 non
363 1403 556 1444 sumus
585 1389 637 1443 in
666 1387 879 1457 umbra,
913 1388 1004 1459 qui
1030 1390 1210 1445 crucis
1239 1388 1358 1460 ejus
1388 1390 1724 1461 protegimur
1748 1406 1830 1447 ve-

226 1482 513 1538 lamento?
539 1481 824 1551 Quomodo
849 1496 956 1537 non
988 1497 1177 1537 sumus
1214 1482 1269 1537 itt
1293 1481 1510 1550 umbra,
1541 1498 1677 1552 quos
1703 1498 1830 1538 cru—

229 1577 420 1633 cilixus
468 1592 499 1630 a
531 1576 869 1647 malignitate
896 1574 1083 1631 saeculi
1134 1584 1192 1632 et
1236 1576 1489 1647 corporis
1514 1576 1712 1632 ardore
1737 1576 1831 1632 de-

226 1669 436 1727 fendit?
476 1670 563 1725 An
608 1670 883 1726 nescimus
922 1669 1178 1740 quoniam
1210 1668 1451 1726 Verbum
1485 1669 1583 1725 Dei
1610 1669 1835 1727 veniens

230 1765 282 1821 in
314 1764 458 1819 hunc
489 1763 750 1819 mundum
772 1805 788 1830 ,
819 1779 926 1819 non
967 1764 1108 1819 sicut
1140 1763 1377 1819 Verbum
1404 1763 1645 1827 advenit.
1675 1762 1834 1835 quale

1930 554 1985 610 in
2030 553 2305 626 plerisque
2348 563 2450 610 est.
2499 557 2712 629 1000
2748 559 2885 613 Sunt
2929 560 3018 631 qui
3060 561 3263 617 habent
3300 564 3530 620 verbum

1932 646 2376 705 Dominatiouum
2403 660 2459 706 et
2484 649 2843 714 Potestatum,
2871 652 3095 708 verbum
3119 654 3342 724 justitite
3360 698 3375 723 ,
3404 673 3529 713 ver—

1933 737 2061 794 bum
2091 741 2380 809 castitatis,
2416 741 2638 797 verbum
2665 742 3001 812 prudentize,
3037 746 3260 801 verbum
3294 749 3535 818 pietatis,

1928 833 2155 890 verbum
2180 835 2342 891 etiam
2367 836 2604 893 virtutis.
2639 838 2729 895 Sic
2752 855 2916 895 unum
2944 840 3169 897 verbum
3194 842 3358 898 multa
3385 853 3533 913 sunt,

1931 936 1988 985 et
2030 930 2197 985 multa
2241 930 2409 987 verba
2436 946 2604 988 unum
2651 942 2799 988 sunt.
2850 932 2961 990 Nec
3007 949 3144 991 vero
3184 936 3413 992 arduum
3458 946 3545 994 est

1930 1022 2074 1077 istud
2121 1023 2415 1086 :estimari;
2464 1040 2587 1081 cum
2620 1025 2915 1097 legerimus
2958 1028 3083 1098 quia
3130 1030 3312 1085 omnia
3359 1039 3542 1101 potest

1932 1113 2169 1184 Spiritus
2194 1115 2494 1186 sapientiai.

2006 1208 2097 1264 21.
2143 1208 2331 1280 Itaque
2363 1209 2505 1265 sicut
2527 1210 2617 1265 alii
2645 1210 2807 1267 datur
2835 1227 2932 1281 per
2958 1211 3216 1282 Spiritum
3248 1228 3430 1270 sermo
3456 1230 3546 1271 sa-

1942 1300 2201 1371 pientiae,
2232 1312 2288 1358 et
2322 1302 2414 1357 alii
2443 1317 2625 1358 sermo
2655 1303 2900 1359 scientia:
2945 1305 3244 1361 secundum
3288 1308 3539 1364 eumdem

1933 1393 2186 1463 spiritum
2212 1434 2227 1459 ,
2258 1393 2350 1448 alii
2388 1394 2523 1450 ﬁdes
2553 1395 2604 1449 in
2635 1395 2828 1451 eodem
2865 1397 3058 1466 spiritu
3078 1438 3092 1463 ,
3124 1397 3215 1452 alii
3245 1400 3419 1468 gratia
3451 1415 3546 1455 cu-

1938 1486 2210 1541 rationum
2238 1487 2290 1541 in
2330 1502 2438 1540 uuo
2468 1487 2690 1557 spiritu,
2722 1487 2812 1543 alii
2840 1490 3083 1558 operatio
3115 1490 3412 1557 virtutum,
3447 1492 3536 1548 alii

1937 1579 2168 1649 spiritus
2202 1578 2560 1650 cognitionis,
2602 1580 2691 1634 alii
2733 1580 2957 1651 spiritus
2986 1582 3200 1637 consilii
3251 1584 3540 1655 plenioris,

1936 1671 2029 1725 alii
2058 1671 2286 1741 spiritus
2312 1671 2669 1739 fortitudinis,
2703 1672 2794 1726 alii
2825 1673 3042 1744 pietatis
3068 1675 3329 1742 spiritus;
3361 1686 3541 1735 tamen

1939 1762 1993 1816 itt
2025 1762 2279 1816 omnibus
2311 1777 2455 1817 unus
2493 1772 2657 1833 atque
2702 1763 2844 1818 idem
2875 1765 3099 1835 spiritus
3144 1777 3262 1833 est,
3294 1767 3543 1825 dividens

228 1858 280 1913 in
308 1855 580 1928 principio
604 1864 745 1921 erat,
774 1855 931 1927 quale
954 1866 1073 1911 erat
1100 1855 1242 1926 apud
1268 1856 1435 1911 Deum
1467 1873 1481 1909 :
1515 1854 1610 1911 sed
1637 1862 1838 1910 semet—
1864 1858 1913 1919 B
1940 1853 2166 1924 singulis
2188 1862 2349 1923 prout
2375 1854 2509 1909 vult.
2541 1854 2637 1909 Est
2664 1855 2892 1924 spiritus
2917 1854 3328 1926 prophetarum,
3357 1869 3415 1916 et
3434 1860 3545 1931 spi-

232 1951 408 2022 ipsum
445 1949 752 2007 exiuanivit
772 1991 788 2017 ,
829 1948 1058 2005 formam
1087 1950 1230 2005 servi
1258 1950 1570 2020 accipiens?
1593 1948 1756 2004 Venit
1783 1949 1836 2003 itt

229 2044 375 2100 nube
398 2044 502 2101 levi
530 2062 546 2098 :
580 2052 636 2098 et
664 2057 786 2098 cum
826 2050 972 2098 esset
1001 2042 1174 2098 virtus
1201 2042 1500 2109 Altissimi,
1543 2041 1835 2096 obumbra-

230 2138 310 2192 vit
344 2135 560 2201 Mariae;
600 2142 665 2190 ut
707 2134 1113 2205 transﬁguraret
1157 2150 1359 2206 corpus
1390 2133 1711 2189 humilitatis
1740 2150 1838 2188 no-

229 2240 362 2285 strzc
393 2229 671 2282 confornte
717 2226 832 2282 ﬁeri
874 2227 1091 2297 corpori
1136 2226 1324 2298 gloria:
1368 2242 1504 2282 suae.
1551 2227 1705 2284 Sicut
1747 2226 1837 2283 ille

230 2337 368 2394 ergo
391 2323 621 2377 mutavit
646 2320 878 2375 formam
899 2362 911 2386 ,
945 2335 1068 2376 cum
1111 2335 1177 2376 ex
1214 2319 1433 2391 Virgine
1474 2328 1790 2375 nasceretur
1819 2335 1834 2373 :

231 2418 305 2472 ita
354 2427 410 2473 et
454 2414 616 2472 nobis
656 2429 940 2471 sermones
990 2413 1088 2471 Dei
1141 2414 1503 2483 transﬁgurati
1550 2413 1834 2478 videntur;

227 2527 353 2569 cum
399 2512 656 2581 leguntur
698 2509 751 2565 in
786 2508 1107 2578 Evangelia,
1136 2522 1258 2562 cum
1291 2507 1503 2575 species
1531 2522 1723 2563 eorum
1757 2506 1840 2561 vi-

233 2602 399 2659 detur
442 2604 495 2658 in
547 2602 851 2672 Scripturis
889 2600 1043 2673 quasi
1075 2616 1174 2673 per
1200 2599 1479 2669 Speculum
1502 2641 1517 2668 ,
1554 2599 1684 2671 quia
1729 2608 1837 2655 tota

226 2697 433 2754 veritas
463 2696 552 2751 hic
584 2711 691 2751 non
721 2705 901 2766 potest
930 2693 1344 2765 comprehendi.
1376 2692 1511 2749 Cum
1534 2702 1717 2750 autent
1748 2709 1840 2748 vc-

226 2792 375 2848 nerit
398 2789 548 2862 quod
597 2788 904 2861 perfectum
946 2798 1061 2855 est,
1095 2803 1200 2843 non
1239 2788 1350 2858 jam
1397 2803 1493 2857 per
1521 2786 1838 2842 descensio-

230 2901 363 2941 nem
386 2926 403 2952 ,
435 2899 542 2939 non
570 2898 670 2955 per
695 2883 937 2952 speciem
967 2889 1025 2937 ut
1067 2881 1431 2953 transﬁgurati
1460 2899 1473 2935 :
1505 2879 1601 2937 sed
1627 2880 1835 2952 integra

225 2991 398 3053 atque
419 2993 680 3048 eXpressa
704 2978 935 3033 veritate
961 2976 1336 3049 reSplendent.

295 3072 397 3127 20.
434 3071 627 3141 Neque
668 3081 719 3126 te
764 3079 1016 3135 moveat,
1059 3070 1203 3140 quod
1248 3068 1371 3124 ait:
1407 3079 1433 3106 α
1476 3067 1640 3124 Multa
1671 3068 1837 3125 verba

224 3163 583 3230 custodiam;
627 3164 718 3234 qui
772 3178 942 3218 unum
991 3162 1218 3218 verbum
1264 3162 1618 3232 cognoverit,
1668 3162 1837 3216 multa

1941 1946 2076 2000 ritus
2104 1945 2474 2016 apostolorum
2507 1964 2519 1999 :
2548 1955 2633 2002 est
2658 1946 2822 2002 etiam
2849 1947 3123 2003 artificum
3156 1951 3400 2021 spiritus,
3433 1953 3543 2008 sic-

1939 2047 1998 2095 ut
2030 2048 2087 2095 et
2130 2039 2369 2095 Beseleel
2400 2048 2455 2093 et
2485 2038 2660 2104 Oliab,
2696 2054 2834 2108 quos
2867 2040 3111 2110 implevit
3135 2043 3394 2099 Dominus
3421 2044 3545 2115 Spi—

1938 2131 2046 2186 ritu
2074 2130 2262 2186 diviuo
2284 2132 2565 2199 sapientiai
2592 2140 2647 2185 et
2675 2132 2919 2186 scientia:
2937 2174 2951 2198 ,
2980 2144 3035 2188 et
3078 2135 3260 2189 omnis
3286 2138 3455 2202 artis;
3487 2146 3546 2192 ttt

1939 2221 2184 2279 facerent
2210 2224 2464 2278 amictum
2492 2232 2547 2277 et
2573 2222 3032 2288 Tabernaculum,
3064 2236 3226 2295 atque
3256 2227 3428 2283 altare
3457 2243 3544 2285 se-

1938 2314 2174 2371 cundum
2200 2330 2421 2371 sensum
2462 2330 2624 2386 quem
2653 2315 2800 2370 dedit
2831 2315 2914 2371 his
2940 2316 3084 2372 Deus
3122 2317 3346 2390 (Exod.,
3374 2337 3537 2388 xxxv,

1938 2407 2009 2463 50
2032 2418 2079 2462 et
2109 2408 2276 2480 seq.);
2306 2408 2401 2463 sed
2424 2409 2590 2463 etiam
2612 2410 2827 2463 ca'teris
2848 2410 3186 2479 sapientibus
3240 2412 3546 2484 intelligere

1939 2510 1994 2556 et
2030 2500 2209 2556 facere
2253 2500 2437 2555 omnia
2470 2515 2635 2568 opera
2668 2500 2968 2555 secundum
3000 2504 3182 2558 omnia
3211 2520 3329 2569 utne
3357 2504 3543 2561 Donti~

1941 2607 2043 2647 nus
2074 2592 2400 2662 imperabat.
2431 2592 2618 2662 Itaque
2649 2592 2898 2647 fecerunt
2926 2609 3045 2663 qua:
3076 2611 3182 2648 non
3213 2594 3538 2664 didicerant,

1941 2699 2040 2739 nec
2060 2684 2330 2746 viderant.
2361 2683 2659 2739 secundum
2694 2700 2756 2737 ea
2780 2699 2901 2752 qua:
2935 2683 3021 2737 bis
3049 2683 3288 2752 Spiritus
3316 2686 3542 2744 demon-

1941 2778 2171 2833 strabat.
2206 2777 2271 2831 Et
2304 2777 2576 2847 plerisque
2606 2774 2822 2829 videtur
2851 2776 2989 2829 alius
3029 2778 3400 2845 apostolorum
3432 2780 3542 2850 spi-

1939 2870 2107 2934 ritus,
2149 2869 2292 2923 alius
2324 2867 2748 2937 prophetarum,
2779 2876 2834 2921 et
2873 2866 3124 2923 diversus
3165 2870 3216 2923 in
3263 2871 3492 2942 singulis
3524 2892 3540 2928 :

1939 2960 2035 3016 sed
2068 2975 2174 3015 non
2207 2969 2292 3015 est
2316 2959 2588 3024 diversus,
2610 2958 2706 3013 sed
2737 2974 2875 3013 unus
2906 2973 2990 3015 eSt
3019 2961 3267 3027 spiritus,
3292 2962 3541 3022 dividens

1940 3068 2136 3124 genera
2177 3052 2393 3107 diversa
2440 3053 2718 3105 virtutum.
2756 3050 2908 3107 Unde
2954 3067 3060 3108 non
3106 3055 3329 3111 dubium
3370 3058 3540 3115 videri

1941 3146 2135 3212 debet,
2170 3146 2214 3201 si
2247 3146 2369 3201 aliis
2398 3145 2628 3201 verbum
2673 3139 3029 3216 apostolicum
3055 3189 3070 3213 ,
3101 3148 3224 3203 aliis
3264 3152 3542 3220 propheti-

223 3261 395 3317 verba
414 3258 717 3332 cognoscit.
739 3257 798 3313 In
825 3273 936 3313 uno
960 3258 1106 3314 enim
1130 3258 1297 3313 multa
1324 3265 1467 3323 sunt,
1496 3267 1549 3313 et
1574 3259 1626 3313 in
1656 3256 1832 3312 multis

1941 3255 2088 3305 cum,
2119 3251 2140 3277 ε
2173 3239 2296 3294 aliis
2321 3237 2692 3308 evangelicum
2712 3280 2728 3304 ,
2759 3237 2882 3294 aliis
2913 3239 3140 3293 verbum
3169 3245 3543 3309 operatoriunt

231 3369 401 3411 unum
426 3362 534 3410 est.
569 3351 918 3408 Probandont
942 3361 1024 3408 est
1049 3351 1214 3423 igitur
1231 3350 1505 3422 quomodo
1531 3366 1695 3405 unum
1718 3366 1840 3406 ver-

225 3446 359 3501 bum
390 3445 563 3500 multa
609 3444 752 3511 sint,
786 3454 843 3500 et
886 3445 1050 3497 inulta
1090 3442 1254 3499 verba
1289 3459 1454 3497 unutn
1487 3442 1711 3497 verbum
1742 3443 1831 3498 sit.

229 3539 343 3594 Nec
367 3548 449 3593 est
476 3536 701 3592 difﬁcile
727 3535 948 3601 doceri,
978 3550 1102 3591 cum
1132 3535 1329 3590 dixerit
1355 3533 1676 3604 Aposmlus,
1710 3534 1835 3600 quia

226 3631 342 3703 ipse
370 3639 447 3686 est
467 3631 640 3701 imago
665 3626 767 3683 Dei
792 3627 1084 3693 invisibilis,
1109 3626 1481 3700 primogenitae
1506 3626 1673 3680 omnis
1693 3642 1837 3679 crea-

227 3733 385 3791 turae,
417 3724 473 3777 in
498 3739 598 3793 qua
623 3732 796 3776 creata
816 3732 931 3775 sunt
954 3720 1126 3775 omnia
1152 3720 1203 3773 in
1221 3719 1508 3775 coelestibus
1528 3730 1576 3774 et
1598 3720 1650 3773 iu
1673 3729 1831 3786 terra,

224 3816 333 3872 sive
357 3815 605 3882 visibilia,
625 3814 733 3868 sive
760 3812 1058 3877 invisibilia,
1093 3812 1198 3867 sire
1240 3811 1429 3877 Sedes,
1461 3811 1565 3866 sive
1588 3810 1836 3866 Domina-

227 3911 423 3975 liones,
466 3910 574 3964 sive
611 3906 983 3977 Principatus,
1015 3906 1120 3961 sive
1162 3905 1485 3971 Potestates,
1528 3905 1702 3959 omnia
1729 3920 1835 3976 'per

148 4010 181 4027 ‘“‘
225 4006 405 4075 ipsum
427 4004 549 4058 etin
577 4003 691 4073 ipso
709 4012 883 4057 creata
902 4011 1019 4056 sum
1045 3999 1265 4076 (Colon.
1290 4017 1331 4067 ι,
1358 4000 1421 4055 l5
1441 4009 1491 4055 et
1515 3997 1626 4069 16).
1656 3999 1831 4055 Unum

216 4107 312 4175 est
339 4097 504 4167 igitur
530 4093 792 4160 Verbum,
818 4094 962 4165 quod
988 4103 1247 4163 operatur
1268 4093 1320 4146 iu
1341 4091 1570 4162 singulis
1597 4109 1611 4146 :
1638 4100 1692 4145 et
1710 4106 1832 4147 cum

70 4204 161 4242 κ
196 4190 280 4246 λῇ
328 4188 562 4260 singulis
604 4196 884 4252 operatur,
926 4194 1183 4254 Operalur
1222 4183 1402 4239 omnia
1454 4183 1507 4238 in
1557 4183 1830 4239 omnibus.

223 4283 345 4339 lloc
375 4281 613 4338 Verbum
641 4280 859 4336 unicum
888 4277 1027 4348 apud
1059 4278 1274 4333 Patrem
1303 4291 1364 4333 se
1392 4274 1605 4332 diﬁ‘udit
1633 4277 1686 4331 in
1715 4275 1834 4346 plu-

223 4376 403 4438 rima;
433 4374 559 4445 quia
608 4371 677 4428 de
726 4370 1061 4443 plenitudine
1106 4368 1226 4438 ejus
1266 4382 1457 4424 omnes
1496 4367 1827 4438 accepimus.

224 4469 416 4541 itaque
443 4470 490 4525 si
536 4467 722 4525 videas
765 4466 977 4536 singula
1022 4463 1262 4520 omnium
1311 4479 1431 4533 quae
1478 4472 1659 4518 creata
1707 4469 1833 4517 sunt

222 4562 281 4618 in
312 4562 459 4634 ipso,
490 4560 700 4617 videbis
741 4558 796 4614 in
840 4557 1072 4630 singulis
1112 4572 1277 4612 unum
1305 4555 1530 4610 verbum
1561 4569 1685 4611 esse
1715 4570 1832 4608 om-

1939 3333 2126 3389 datum
2154 3341 2271 3397 est;
2318 3341 2376 3389 et
2416 3342 2598 3388 tamen
2637 3349 2801 3387 untnn
2830 3342 2914 3387 est
2938 3335 3163 3389 verbum
3210 3335 3457 3395 dividens
3484 3355 3544 3397 se

1939 3427 2170 3499 singulis
2206 3443 2303 3496 pro
2336 3433 2518 3482 nostra
2563 3427 2946 3496 possibilitate,
2978 3427 3066 3483 vel
3110 3443 3207 3498 pro
3232 3446 3328 3485 sua
3353 3432 3543 3488 volun-

1939 3519 2073 3574 taria
2121 3518 2386 3589 largitate.
2420 3517 2531 3571 Hoc
2563 3516 2795 3572 Verbum
2838 3517 3020 3586 igitur,
3068 3520 3209 3588 quod
3252 3531 3335 3577 est
3377 3534 3541 3594 caput

1937 3613 2202 3678 omnium,
2237 3610 2325 3665 hic
2370 3626 2465 3680 per
2494 3609 2776 3679 speculum
2802 3609 2988 3675 video;
3021 3621 3075 3666 et
3103 3611 3227 3666 ideo
3256 3614 3419 3669 verba
3451 3616 3540 3673 hic

1936 3706 2211 3762 custodire
2235 3719 2342 3760 non
2377 3718 2593 3774 possunt
2631 3721 2646 3761 :
2675 3703 2769 3758 sed
2803 3720 2923 3758 cum
2948 3703 3136 3760 videro
3161 3706 3388 3776 gloriam
3419 3708 3538 3779 ejus

1935 3798 2171 3855 revelata
2197 3798 2352 3862 facie,
2384 3807 2514 3852 tunc
2539 3796 2736 3862 vivam,
2765 3805 2819 3852 et
2842 3797 2947 3851 vita
2974 3796 3159 3854 vivens
3182 3800 3345 3872 etiam
3371 3802 3535 3859 verba

1935 3892 2373 3991 όὶνίιιτιρρὲίιᾴίί

2003 3909 2336 3991 vomit-Lusum
2365 3911 2373 3921 ’

2003 3986 2094 4040 2'2.
2130 3909 2633 4073 (deeo
2678 3997 2809 4053 ergo
2853 3982 3096 4038 secundo
3144 4000 3305 4040 versu
3352 3987 3531 4045 dicit:

1933 4062 2370 4148 Adapcri’ocalos
2396 4092 2566 4140 meos,
2600 4083 2648 4128 et
2685 4074 3017 4130 considerabo
3046 4076 3303 4133 mirtbilia
3327 4081 3391 4134 de
3419 4082 3531 4157 lege

1933 4180 2043 4225 tua.
2073 4169 2175 4238 Qui
2202 4167 2468 4237 adaperiri
2500 4166 2602 4222 sibi
2635 4164 2824 4222 oculos
2850 4168 3003 4236 petit.
3029 4170 3213 4240 utique
3239 4178 3295 4226 et
3314 4175 3529 4243 gravari

1932 4261 2207 4332 intelligit.
2253 4259 2439 4331 Neque
2466 4258 2613 4315 enim
2646 4259 2912 4317 medicum
2952 4270 3141 4330 rogat,
3176 4263 3277 4318 nisi
3308 4268 3398 4336 qui
3442 4283 3529 4324 rc-

1932 4354 2172 4409 medium
2220 4350 2521 4423 aegritudini
2569 4355 2682 4404 sttac
2728 4349 2920 4419 poscit.
2974 4349 3114 4406 Dicit
3156 4368 3286 4424 ergo
3331 4356 3433 4411 iSIe
3459 4357 3528 4412 ad

1931 4447 2202 4502 medicum
2233 4445 2540 4499 venientem
2573 4442 2640 4497 de
2668 4442 2811 4497 caelo
2839 4459 2853 4497 :
2884 4441 3112 4513 Adaperi
3157 4447 3333 4501 oculos
3368 4466 3528 4506 tneor.

1930 4542 1987 4595 Si
2018 4542 2262 4595 turbatus
2302 4548 2385 4595 est
2433 4538 2655 4605 oculus,
2705 4535 2863 4593 facile
2908 4538 3063 4592 dolor
3092 4542 3269 4596 omnis
3307 4546 3530 4601 sedatur

221 4655 410 4719 nium,
441 4652 596 4723 cujus
644 4667 744 4722 pro
782 4661 943 4721 captu
974 4661 1165 4706 nostro
1207 4648 1500 4721 participes
1525 4663 1735 4703 sumus.
1766 4646 1825 4702 lu

1939 4634 1960 4674 ἀ
1989 4637 2219 4709 collyrio
2251 4654 2263 4689 :
2298 4636 2380 4690 sin
2428 4648 2559 4689 vero
2602 4632 2748 4688 acies
2789 4633 2909 4703 ejus
2941 4633 3184 4688 humoris
3230 4636 3529 4695 sull‘osioue

223 4765 316 4806 me
338 4748 568 4805 verbum
597 4756 681 4803 est
704 4745 1023 4812 humanum,
1050 4744 1079 4785 δ
1107 4746 1203 4801 sed
1228 4744 1523 4815 Apostolus
1548 4753 1830 4799 succurrat

218 4851 283 4900 et
306 4842 455 4899 dicat
478 4858 493 4895 :
525 4840 662 4895 Puto
687 4850 736 4896 et
760 4857 854 4913 ego
897 4841 1136 4912 spiritum
1173 4838 1269 4895 Dei
1296 4838 1457 4895 habeo
1485 4838 1527 4912 (l
1548 4836 1694 4906 ϐοτη
1718 4855 1822 4907 vn,

223 5004 393 5060 mines
436 5000 666 5057 sabbata.
714 5000 927 5066 Melius,
976 5010 1165 5056 nostro
1203 4999 1420 5070 quidem
1467 4997 1691 5069 judicio,
1737 4999 1830 5056 alii

221 5074 389 5138 longe
420 5074 663 5144 plurimi,
692 5083 752 5126 ιιι
779 5088 942 5140 supra
974 5073 1312 5144 incorpore.

300 5156 327 5183 ⁸
366 5141 462 5202 Sic
491 5145 622 5197 edit.
646 5153 762 5199 aut.
794 5157 916 5197 eum
944 5143 1066 5198 ctid.
1102 5158 1264 5196 tttantt
1286 5141 1547 5198 exaratis.
1576 5142 1644 5195 At
1666 5141 1827 5196 Rom.

220 5216 362 5275 αἰίι.
387 5217 809 5273 emendaverat.
838 5212 907 5267 Et
935 5215 1224 5269 custodiam
1250 5217 1438 5276 verba;
1469 5213 1617 5284 quasi
1646 5216 1828 5284 multa,

221 5301 274 5344 et
303 5304 412 5342 non
436 5302 595 5340 unum
624 5286 850 5340 uerbum.
888 5284 1025 5339 Nunt
1058 5288 1146 5356 qui
1176 5302 1369 5348 unum,
1404 5283 1509 5338 etc.
1540 5284 1655 5337 Non
1689 5283 1830 5339 infe-

222 5359 315 5415 lici
337 5369 577 5421 conatu;
609 5358 654 5411 si
676 5358 763 5411 vel
788 5372 926 5409 unus
961 5372 1062 5412 ινδ.
1094 5359 1496 5426 astipttlaretttr.

298 5428 329 5469 δ
373 5427 553 5483 Verba
593 5427 685 5483 illa
704 5470 717 5485 .
750 5426 840 5481 sed
863 5425 1258 5495 Apostolus.....
1292 5426 1390 5479 Dei
1412 5426 1605 5479 'Itabeo.
1632 5440 1751 5494 qttze
1777 5425 1831 5479 in

222 5500 363 5557 edit.
395 5497 876 5561 desiderabantur,
912 5501 1157 5553 restituta
1206 5506 1333 5553 sunt
1371 5498 1693 5551 auctoritate
1736 5512 1832 5548 no-

221 5585 351 5628 vettt
391 5586 532 5626 mss.
574 5571 629 5624 in
673 5571 873 5640 quibus
913 5570 1045 5641 Reg.
1081 5583 1248 5638 unus,
1287 5569 1396 5624 duo
1434 5568 1618 5633 Sorb.,
1649 5566 1832 5633 Viud.,

220 5643 407 5709 Fisc.,
433 5650 543 5696 etc.

307 5723 333 5751 ε
379 5708 510 5767 uss.
556 5725 659 5768 nec
702 5712 900 5784 pauci,
944 5727 1046 5769 nec
1084 5710 1283 5768 inﬁma:
1313 5721 1486 5777 noue,
1532 5708 1651 5764 alii:
1676 5724 1836 5782 auge-

222 5784 421 5842 licam.

301 5849 332 5893 ⁸
372 5849 665 5928 Collyrium
712 5855 1017 5926 praesertim
1060 5855 1339 5912 oculorum
1383 5852 1838 5914 medicamentum

1938 4732 2272 4800 prietexitur,
2328 4728 2536 4798 majora
2584 4727 2821 4781 remedia
2872 4736 3206 4796 quaeruntur.
3260 4730 3355 4784 Est
3402 4748 3532 4804 ergo

1934 4825 2078 4882 sicut
2117 4824 2169 4877 in
2199 4821 2375 4878 oculis
2415 4818 2687 4890 corporis,
2733 4818 2803 4872 ita
2828 4818 2991 4874 etiam
3033 4820 3088 4874 in
3130 4821 3304 4878 oculis
3332 4826 3527 4883 animae

1933 5001 2229 5068 signiﬁcat;
2277 4999 2421 5056 ttude
2469 4998 2809 5068 proverbium
2863 4996 2993 5051 illtnl
3051 5000 3188 5069 apud
3242 5003 3521 5060 Erasmnm

1936 5074 2065 5127 cltil.
2099 5073 2154 5136 4,
2190 5084 2334 5127 cent.
2366 5071 2418 5127 8.
2447 5072 2603 5137 adag.
2626 5070 2717 5131 21,
2750 5086 2851 5122 uno
2872 5070 3087 5140 Collyrio
3107 5074 3341 5129 omnibus
3363 5079 3526 5131 oculis

1937 5145 2127 5199 mederi
2152 5161 2169 5198 :
2199 5154 2434 5198 attamen
2467 5152 2628 5196 etiam
2653 5143 2772 5194 aliis
2800 5142 2986 5194 usibus
3012 5142 3329 5210 adhibetur;
3361 5147 3525 5202 immo

1937 5231 1985 5271 et
2029 5232 2198 5285 genus
2244 5212 2512 5282 qttuddatn
2561 5213 2713 5285 panis
2757 5211 3310 5285 dico-baturantiquis
3357 5220 3525 5285 (1th-

1938 5278 2100 5342 rittﬁt.
2127 5278 2350 5340 Εἱιιιιῖιηι
2382 5278 2889 5351 ειιιιριιίΙιιιῇιι-ιηυιιί
2926 5278 3312 5339 tlte-licamettta
3349 5289 3426 5342 \el
3457 5278 3525 5344 ex

1938 5357 2129 5434 aridis,
2163 5367 2212 5411 et
2240 5355 2674 5434 Enpogollobpta“;
2710 5354 2791 5407 vel
2819 5369 2882 5407 ex
2917 5355 3179 5419 Ιιιιιιιιιιίει,
3209 5369 3259 5409 et
3289 5359 3531 5434 ὐγροκολ-

1940 5430 2125 5504 ᾎούριᾳ
2152 5424 2589 5504 ttotntiiabauttti-.
2622 5424 2811 5504 Figura
2844 5434 2983 5502 teres
3010 5436 3121 5504 erat
3144 5466 3157 5485 .
3188 5442 3238 5481 et
3267 5424 3529 5504 ait'jstnih

1945 5495 2226 5555 ltllitlitlelll
2254 5503 2515 5549 truncatas
2545 5496 2731 5549 eautla-
2759 5496 2927 5546 inuris
2957 5495 3239 5558 ιη’(τθιΙ-νιιςς
3263 5501 3531 5557 ttntlecul—

1946 5572 2078 5642 lyritt
2109 5569 2253 5622 dicta
2281 5568 2467 5642 vttlttttt
2494 5568 2596 5622 ἀπὸ
2632 5565 2844 5642 agitagit;
2879 5568 3052 5638 οὐρᾶς.
3092 5566 3240 5642 Alias
3284 5573 3528 5639 t‘jus‘tltem

1945 5637 2095 5694 vin-is
2135 5637 2490 5722 t-tytuologias
2532 5652 2597 5692 ac
2640 5639 3058 5757 signiﬁcationes
3104 5638 3283 5702 legere
3316 5637 3534 5709 poti-ris

1948 5712 2087 5757 munl
2118 5710 2448 5757 BI'hStlllllllll
2483 5709 2555 5757 lib
2604 5722 2657 5757 nt
2737 5723 2763 5757 ε
2793 5704 2942 5757 Vrrb.
2970 5705 3117 5757 Juris
3142 5711 3302 5757 siam-
3329 5723 3382 5757 et
3404 5710 3534 5757 vna-

1948 5712 2088 5777 apud
2118 5704 2448 5782 B_I'i~8tlllilllll
2483 5709 2555 5782 lib
2604 5722 2657 5762 ιιι
2688 5704 2763 5782 _l)e
2793 5704 2942 5782 γαρ-ι».
2970 5705 3117 5782 luris
3142 5711 3302 5782 sigit..
3329 5704 3383 5767 et
3404 5710 3542 5772 Vos.

1950 5786 2090 5841 sum,
2122 5780 2291 5854 Elym.
2328 5778 2444 5835 Lat.
2478 5779 2667 5854 lingua:
2688 5777 2740 5834 in
2764 5777 2955 5833 eodem
2986 5778 3172 5836 verbo.

2826 38 3673 63 Μ
