3988 6354
441 321 582 388 1w
1193 327 1198 329 ν
1588 292 1656 358 ιδ

1777 289 2388 370 sancrt’auouosn

3601 313 3752 369 £952

434 441 745 513 lmjnamodi
777 438 1022 511 qnmdam
1055 420 1263 508 passid‘,
1297 449 1414 501 qum
1445 433 1781 501 ingravescat
1809 443 2034 483 necesse
2062 430 2111 489 Α
2141 445 2223 494 tr,
2252 431 2286 484 5
2311 438 2356 484 et
2384 428 2450 501 4)
2479 445 2493 493 ;
2531 436 2585 482 et
2621 429 2797 482 adhuc
2827 443 2936 483 non
2982 427 3345 499 cognoscebat
3372 428 3697 500 mysterium
3730 472 3744 491 ,

432 547 548 600 est;
585 533 684 588 ui-i
715 534 887 586 bonus
917 531 1157 583 medicus
1191 531 1434 595 velamen
1467 524 1602 578 illud
1635 521 1944 590 abstuletit,
1981 529 2034 575 et

435 630 688 684 nebulam
720 625 1004 695 quamdam
1028 621 1268 677 concreti
1301 619 1569 679 hutnoris,
1597 605 2029 685 thetinipedire,

436 721 522 775 γει
555 719 733 790 potius
777 715 1027 788 op-~rire,
1071 731 1136 768 ne
1166 713 1351 767 videat
1391 729 1510 782 qua:
1543 709 1789 775 videbat,
1836 707 2034 762 mentis

436 816 732 874 :estimatur
799 811 1064 866 obtutum.
1116 807 1342 876 lrrepsit
1385 804 1653 872 :egrittido
1698 802 1870 857 veteri
1926 800 2033 855 fer-

433 918 652 969 mento;
681 920 746 958 eo
777 901 918 968 quod
950 917 1054 956 non
1087 900 1334 954 exuimus
1370 897 1453 955 vcl
1493 896 1751 966 gentilem
1775 935 1788 958 ,
1821 893 1905 950 vel
1935 891 2028 948 Ju-

432 1001 639 1062 daicam
671 996 1048 1059 Suffusionctn,
1080 1009 1200 1048 cum
1232 991 1464 1059 primum
1493 989 1805 1044 veniremus
1833 986 1898 1041 ad
1929 984 2033 1040 Ec-

430 1093 650 1148 clesium
685 1109 694 1142 :
735 1105 839 1143 non
881 1087 1186 1138 τιιιιΙινίιιιιις,
1213 1096 1264 1139 et
1294 1093 1319 1119 τι
1343 1084 1631 1137 docentem
1679 1081 1805 1136 horti
1836 1077 2050 1135 medici.

427 1186 764 1254 disciplinam
797 1201 809 1236 :
845 1181 1052 1253 1001
1098 1177 1461 1236 Exsooliantes
1509 1187 1720 1229 veterem
1777 1173 2031 1226 hominem

428 1281 542 1332 olim
573 1277 771 1332 actibus
800 1277 926 1338 suis,
953 1273 1152 1327 induite
1173 1287 1380 1336 norum,
1405 1269 1490 1334 qni
1518 1279 1789 1322 renouatur
1809 1266 1862 1319 in
1886 1263 2034 1333 agni-

428 1372 590 1433 tione,
625 1367 904 1423 secundum
944 1365 1218 1434 imaginem
1257 1365 1368 1436 ejus
1412 1361 1497 1429 qui
1534 1360 1720 1414 crearit
1770 1373 1882 1411 eum
1914 1354 2033 1425 (Coo

427 1462 552 1517 loss.
583 1478 663 1522 ut,
697 1462 726 1515 9
756 1471 801 1513 et
839 1460 943 1525 l0).
979 1456 1374 1524 Supervestivit
1404 1469 1532 1520 ergo
1564 1467 1623 1505 se
1661 1451 1856 1519 aliquis
1877 1489 1891 1513 ,
1924 1464 2030 1502 non

430 1554 753 1622 exspatiavit
785 1568 796 1604 :
830 1550 995 1615 serpit
1041 1547 1255 1617 gravior
1297 1545 1593 1615 :rgrittnlo.
1625 1552 1810 1612 gravat
1844 1540 2032 1592 oculos

427 1645 740 1702 diuturnum
789 1642 1073 1703 velamen;
1108 1655 1213 1692 non
1249 1645 1426 1706 pou-st
1455 1638 1737 1706 qni-quam
1769 1631 1898 1690 illud
1931 1646 2030 1687 att-

427 1738 593 1807 fet‘re,
625 1753 733 1792 non
763 1735 1024 1804 Angelus,
1050 1747 1156 1785 nun
1181 1730 1440 1793 Virtutes,
1468 1745 1573 1781 non
1599 1726 2028 1788 Dotuinatiuncs,
2067 1795 2074 1798 ξ

2138 539 2246 594 quo
2286 523 2662 578 declarabatur
2705 521 3094 576 descensurum
3147 524 3196 575 iu
3239 531 3412 578 terras
3451 521 3745 576 Dominum

2138 614 2448 683 JeSnm.qui
2481 627 2603 667 cum
2633 627 2690 667 se
2723 614 3082 680 exinanisset,
3104 614 3301 683 deponi
3335 615 3388 666 in
3411 629 3655 678 crucem,
3684 625 3746 668 et

2139 707 2327 778 projici
2361 715 2640 776 pateretur
2660 710 2712 761 in
2746 707 3034 772 tumulum,
3063 708 3255 777 vqnasi
3286 722 3510 777 serpens
3537 707 3604 762 de
3631 707 3748 762 vir-

2136 818 2198 871 ga
2233 800 2442 864 factus;
2473 802 2592 870 qttia
2621 803 2674 856 in
2700 801 2964 856 tumulum
2993 801 3289 870 projectns,
3324 800 3392 855 de
3414 815 3520 871 quo
3546 815 3746 856 secun-

2137 897 2264 954 dum
2294 897 2510 953 Oracula
2537 897 2696 969 Legis
2723 912 3016 968 resurgens
3039 897 3093 951 in
3124 897 3356 967 gloriam
3394 896 3485 950 Dei
3513 895 3745 952 divinar-

2139 1008 2244 1061 que
2272 991 2419 1046 sedis
2458 992 2638 1062 regale
2668 989 3004 1046 consortium
3037 989 3104 1045 de
3151 998 3403 1059 serpente
3445 999 3739 1043 remearet.

2139 1083 2628 1154 Apprebendamus
2655 1098 2784 1152 ergo
2814 1092 2869 1137 et
2903 1097 3002 1138 nos
3031 1083 3256 1137 caudam
3294 1083 3568 1152 serpentis
3597 1080 3756 1135 illius

2139 1177 2415 1242 cruciﬁxi;
2447 1186 2505 1232 ιη
2533 1185 2854 1246 potestatem
2878 1177 2995 1247 ejus
3020 1176 3224 1245 regiam
3262 1177 3532 1246 possimus
3573 1189 3745 1243 agno-

2139 1284 2314 1324 scere.
2348 1269 2416 1323 Et
2455 1269 2544 1323 illa
2567 1284 2686 1337 qua:
2736 1268 2789 1320 in
2838 1269 3006 1338 pedes
3045 1269 3163 1338 ejus
3193 1269 3339 1322 misit
3370 1276 3703 1338 unguentum
3725 1311 3738 1332 ,

2141 1361 2315 1416 tenuit
2334 1376 2478 1417 eum.
2500 1361 2735 1420 Caudam
2756 1377 2883 1431 ergo
2907 1361 3178 1431 serpentis
3201 1359 3558 1430 apprehendit
3588 1360 3743 1432 Moy-

2141 1469 2228 1509 ses
2258 1472 2270 1508 :
2305 1463 2357 1509 et
2379 1463 2626 1524 apertum
2666 1463 2753 1509 est
2792 1470 2855 1510 os
2882 1455 3019 1524 ejus.
3050 1453 3166 1508 Non
3192 1467 3325 1523 ergo
3355 1453 3566 1512 loeutus
3590 1460 3739 1508 esset

2139 1545 2208 1600 de
2236 1561 2302 1600 eo
2328 1562 2340 1598 :
2373 1547 2474 1600 nisi
2505 1546 2620 1616 ipse
2650 1546 2910 1601 Dominus
2935 1561 2998 1599 os
3018 1545 3138 1615 ejus
3167 1545 3494 1614 aperuisset.

2211 1638 2302 1692 25.
2350 1637 2513 1692 David
2554 1637 2824 1704 adaperiri
2877 1638 2980 1692 sibi
3019 1638 3208 1692 oculos
3253 1636 3340 1691 hic
3369 1637 3540 1706 petit,
3583 1645 3640 1691 et
3687 1636 3741 1690 iu

2143 1733 2515 1800 superioribus
2541 1732 2668 1786 dixit
2696 1752 2708 1787 :
2738 1732 2867 1798 Quis
2895 1731 3116 1786 ostendit
3139 1730 3283 1786 nobis
3310 1731 3443 1784 bona
3469 1730 3742 1800 (Psal.tv,

424 1847 528 1890 non
565 1831 889 1884 l’otestates.
928 1825 1105 1890 Manet
1134 1827 1379 1878 veinlnell
1412 1821 1541 1875 illud
1563 1861 1576 1882 ν
1609 1821 1898 1874 Ινοιὶυηθιιι
1928 1818 2026 1874 im-
2063 1831 2112 1892 Β
2141 1828 2244 1896 6)?
2268 1826 2395 1880 Erat
2423 1824 2524 1880 sub
2549 1824 2692 1895 Lege
2711 1824 3193 1890 nutritus,sciebat
3217 1823 3338 1890 quia
3364 1824 3472 1879 Lex
3495 1823 3742 1878 umbram

423 1924 598 1991 prdit,
629 1924 896 1974 visionem
926 1920 1175 1982 obducit;
1208 1917 1351 1985 quod
1398 1932 1501 1968 non
1535 1915 1826 1977 revelatur,
1861 1913 2033 1980 inquit

420 2015 716 2084 Aposmlns
739 2012 806 2087 (ll
837 2012 956 2066 Cor.
978 2028 1058 2068 ttt.
1089 2009 1194 2080 14),
1229 2010 1333 2064 hoc
1353 2020 1455 2068 est,
1484 2024 1510 2060 a
1535 2021 1877 2076 quocumque
1899 2004 2024 2070 alio,

423 2111 524 2164 nisi
560 2112 611 2162 in
637 2108 850 2162 Christo
874 2107 1037 2161 fuetit
1063 2113 1403 2158 evacuatum.
1427 2100 1561 2154 Cum
1591 2114 1718 2154 rero
1740 2112 2034 2152 coaversus

428 2204 736 2273 huiusmodi
767 2202 931 2258 fuerit
964 2201 1027 2255 ad
1071 2200 1388 2261 Dominum,
1425 2199 1696 2249 auferetur
1728 2194 1994 2247 velamen.

493 2301 584 2354 9.3.
621 2299 799 2352 llabes
829 2297 988 2366 igitur
1015 2293 1290 2364 quomodo
1322 2290 1539 2344 auferas
1573 2289 1818 2342 velamen
1839 2327 1854 2348 ,
1886 2283 2036 2354 quod

422 2403 605 2449 manet
633 2409 792 2464 supra
823 2391 1011 2445 oculos
1043 2388 1225 2442 eordis
1253 2388 1349 2440 ttti.
1388 2385 1726 2440 Convertere
1757 2379 1822 2434 ad
1857 2379 2037 2431 Domi-

423 2505 589 2551 ntttu,
627 2499 676 2541 et
715 2486 955 2541 velamen
1003 2483 1183 2536 cadet.
1233 2481 1549 2534 Conversus
1587 2484 1672 2530 est
1722 2473 1920 2529 Paulus
1967 2471 2033 2523 ad

421 2580 861 2638 benedictionem
896 2576 1139 2630 Ananiae.
1173 2574 1314 2626 Vt'lttl
1350 2586 1591 2640 squamae
1619 2567 1934 2621 ceciderunt
1962 2562 2030 2616 ab

421 2674 596 2730 oculis
627 2673 744 2742 t-jtts
771 2689 786 2737 ;
830 2682 885 2724 et
917 2670 1047 2723 vidit.
1073 2667 1166 2738 qui
1199 2683 1292 2734 per
1319 2665 1555 2718 triduum
1589 2670 1714 2716 ante
1746 2677 1851 2713 non
1883 2657 2037 2711 tide-

423 2778 506 2822 rat
536 2768 703 2837 (.~tct.,
733 2781 785 2818 nt
807 2805 820 2822 .
857 2759 949 2831 18)
985 2781 996 2814 ;
1039 2760 1198 2812 simul
1224 2757 1412 2812 oculus
1443 2756 1691 2819 corpOris
1734 2752 2037 2814 animmque

425 2871 675 2914 sanatur;
700 2856 826 2925 quia
861 2852 1315 2904 medicamentum
1341 2849 1388 2902 ei
1425 2845 1665 2901 medietts
1694 2845 2037 2898 demonstra-

422 2963 574 3004 verat
618 2950 706 3002 ilte
735 2948 804 3000 de
828 2946 1003 3006 C(Plt),
1037 2943 1107 2996 de
1133 2957 1240 3008 quo
1268 2941 1528 3005 scriptum
1566 2948 1649 2992 est
1680 2955 1691 2990 :
1731 2936 1872 2989 Misit
1910 2933 2039 2986 Ver-

423 3042 542 3096 bum
577 3055 749 3095 suum.
785 3047 833 3090 et
859 3035 1062 3089 sanavit
1089 3049 1196 3095 eos,
1229 3042 1274 3085 et
1304 3048 1367 3086 ex
1393 3031 1626 3084 omnibus
1648 3028 2039 3096 inﬁrmitatibus

429 3134 536 3188 suis
568 3132 799 3186 liberavit
822 3146 907 3183 eos
929 3127 1100 3197 (μετα.
1127 3124 1374 3197 01.20).
1413 3122 1527 3176 Non
1557 3133 1639 3174 est
1675 3121 1915 3175 medicus
1937 3119 2039 3173 iste

2141 1923 2303 1976 habet
2341 1920 2558 1992 1002
2597 1919 2898 1974 futurorum
2937 1919 3203 1973 bonorum
3237 1937 3250 1971 :
3295 1918 3406 1988 ipsa
3449 1918 3585 1972 bona
3629 1917 3744 1986 jam

2140 2031 2244 2069 non
2280 2028 2376 2082 per
2403 2014 2650 2067 umbram
2672 2054 2686 2078 ,
2716 2011 2810 2067 sed
2838 2014 3042 2081 apertis
3067 2010 3246 2065 oculis
3273 2011 3457 2064 videre
3489 2010 3748 2080 cupiebat

2139 2108 2353 2181 (llebr.,
2379 2123 2408 2161 χ
2429 2149 2444 2173 ,
2475 2106 2552 2176 1).
2583 2106 2818 2162 Noverat
2844 2105 2967 2174 quia
2991 2104 3287 2175 exemplari
3319 2115 3374 2160 et
3406 2105 3610 2159 umbra:
3633 2120 3746 2159 co!-

2141 2204 2352 2257 lestium
2376 2201 2754 2271 mysteriorum
2778 2201 3112 2260 serviebant,
3135 2199 3224 2269 qui
3245 2198 3542 2254 secundum
3569 2199 3747 2267 legem

2139 2296 2306 2367 Moysi
2361 2293 2764 2349 deserviebant.
2824 2291 3052 2347 Volebat
3100 2291 3276 2360 ipsam
3335 2290 3516 2346 cultus
3577 2289 3750 2344 divini

2139 2387 2607 2456 comprehendere
2637 2388 2918 2442 veritatem
2946 2403 2960 2451 ;
2992 2393 3049 2440 et
3088 2383 3212 2440 ideo
3235 2392 3294 2438 ut
3329 2385 3400 2438 ab
3435 2383 3605 2439 oculis
3632 2383 3749 2438 suis

2139 2481 2734 2540 velameudiscuteret.
2768 2493 3066 2535 conversus
3109 2478 3176 2532 ad
3221 2479 3504 2532 Dominum
3548 2490 3749 2546 preca-

2143 2575 2303 2628 batur
2347 2573 2577 2632 diccns:
2627 2571 2852 2643 Adaperi
2895 2571 3068 2626 oculos
3112 2587 3283 2637 meos,
3325 2580 3373 2624 et
3407 2568 3752 2624 considerabo

2140 2666 2397 2720 mirabilia
2427 2666 2489 2719 de
2518 2665 2626 2734 lege
2655 2675 2761 2718 tua.
2803 2663 3143 2734 lntelligebat
3177 2679 3302 2717 vere
3335 2663 3585 2718 militiam
3613 2676 3741 2717 esse

2139 2759 2438 2830 cmlestem,
2463 2774 2624 2826 quam
2650 2767 2831 2826 posset
2854 2759 3225 2826 unusquisque
3267 2771 3335 2812 ex
3377 2757 3519 2826 Lege
3545 2770 3757 2825 cogno—

2140 2866 2315 2914 scere.
2342 2853 2428 2906 cui
2463 2862 2639 2905 tamen
2681 2851 2942 2908 Dominus
2979 2849 3191 2905 revelas
3211 2859 3313 2904 set.
3344 2848 3479 2914 Quis
3508 2849 3652 2902 enim
3681 2848 3755 2903 de

2143 2944 2374 2998 terrenis
2415 2943 2481 2996 ad
2522 2941 2802 3010 caelestia,
2850 2941 2918 2997 de
2956 2941 3150 2996 umbra
3193 2940 3260 2995 ad
3293 2941 3600 2998 claritatem
3626 2981 3641 3004 ,
3679 2941 3759 2997 de

2142 3035 2439 3104 exetnplari
2466 3033 2531 3088 ad
2563 3033 2860 3103 penetralia
2887 3034 3132 3088 veritatis
3157 3033 3396 3088 humano
3422 3034 3596 3104 gradu
3629 3034 3754 3090 sine

2143 3128 2327 3183 divino
2358 3127 2519 3186 ductu
2547 3126 2720 3197 possit
2745 3125 3085 3182 ascendere?

427 3228 492 3281 de
522 3230 706 3290 terris,
735 3226 825 3294 qui
857 3237 1050 3277 omnes
1078 3230 1234 3274 CIII‘al
1264 3221 1639 3275 infirmitates.
1670 3227 1724 3270 el
1749 3214 1777 3256 δ
1805 3215 2028 3282 1³01³111οδ
2060 3223 2107 3286 G
2210 3220 2302 3276 36.
2335 3221 2466 3288 Quis
2501 3228 2679 3289 potest
2713 3219 3073 3274 considerare
3111 3219 3287 3275 altare
3327 3219 3460 3275 illud
3489 3219 3754 3286 cceleste,

429 3321 672 3389 integros
710 3326 886 3371 sanat.
933 3315 1084 3370 Mitte
1111 3328 1274 3384 ergo,
1311 3312 1500 3378 Pater,
1537 3309 1803 3364 medicum
1834 3307 2034 3360 istum:

433 3412 617 3465 veniat
651 3407 887 3462 Verbum
918 3417 1093 3466 tuum,
1122 3405 1333 3473 aperiat
1363 3402 1552 3456 oculos
1578 3415 1750 3454 meos.
1801 3399 1863 3451 Et
1893 3396 2038 3466 Apo-

430 3504 696 3558 stolornm
724 3498 868 3552 oculi
888 3497 1056 3552 clausi
1085 3507 1264 3560 erant,
1287 3495 1388 3548 nisi
1411 3510 1510 3549 eos
1528 3493 1689 3547 Jesns
1711 3492 2031 3558 aperuisset.

439 3596 680 3664 Denique
710 3590 925 3646 duobus
954 3605 1020 3644 ex
1049 3589 1132 3643 his
1156 3589 1411 3644 euntibus
1444 3587 1496 3639 in
1519 3585 1803 3640 castellum
1826 3583 1914 3638 cui
1943 3598 2038 3637 nov

435 3705 558 3742 tuen
605 3686 896 3750 Emmans,
949 3698 1072 3737 cum
1108 3684 1559 3750 interpretaretur
1593 3679 1904 3747 Scripturas
1928 3720 1944 3744 ,
1986 3686 2041 3732 et

439 3779 784 3834 benediceret
817 3792 910 3829 eos
935 3818 950 3839 ,
984 3775 1160 3842 Aperti
1193 3783 1330 3836 sunt,
1368 3772 1561 3839 inquit,
1589 3769 1727 3823 oculi
1757 3785 1960 3832 eorum,
1993 3778 2038 3821 et

433 3876 780 3944 cognoverunt
799 3885 915 3921 eum
938 3865 1116 3938 (Lua,
1133 3880 1279 3930 xxtv,
1305 3862 1420 3934 51).
1442 3863 1584 3932 Ergo
1605 3862 1706 3916 nisi
1731 3861 1891 3916 Jesus
1912 3876 2037 3930 ape-

435 3962 640 4018 ruissd
667 3961 823 4015 nobis
846 3963 1056 4023 oculos,
1084 3974 1243 4014 nemo
1270 3957 1524 4010 vidisset:
1554 3955 1652 4009 nisi
1677 3955 1834 4010 Jesns
1861 3961 2040 4010 sustu-

440 4055 590 4108 lisset
621 4052 1068 4118 velamen,.nnlii
1103 4050 1377 4120 Evangelii
1409 4051 1579 4120 gratia
1614 4049 1939 4104 refulsiSset.
1975 4047 2043 4101 Et

441 4146 632 4200 Petrus
659 4145 878 4206 clausos
909 4143 1142 4196 habebat
1165 4144 1354 4195 oculos
1377 4183 1388 4202 .
1442 4151 1495 4195 ct
1523 4141 1798 4195 Johannes
1826 4143 2042 4195 claustts

439 4235 716 4295 habebat,
762 4245 816 4287 et
851 4233 1086 4288 Jacobus
1126 4231 1343 4286 clausos
1389 4233 1644 4285 habebat.
1699 4232 1938 4300 Denique
1990 4232 2044 4284 in

445 4338 630 4384 monte
665 4328 871 4397 gratvati
911 4336 1066 4381 erant
1109 4342 1333 4390 somno,
1374 4325 1467 4379 sed
1501 4325 1716 4378 excitati
1752 4324 2049 4394 tnajestatis

454 4423 666 4491 fulgore
687 4421 893 4476 divinae
914 4421 1101 4474 oculos
1129 4419 1309 4474 cordis
1337 4419 1416 4471 sui
1441 4428 1788 4488 aperuerunt.
1822 4418 1889 4472 Et
1921 4420 2044 4487 quia

452 4518 539 4574 siti
571 4519 623 4570 in
651 4530 904 4584 corpore,
935 4515 1097 4584 plene
1121 4515 1302 4568 videre
1326 4531 1428 4567 non
1459 4522 1730 4582 poterant,
1754 4514 2047 4568 obumbra-

2148 3329 2451 3383 verumque
2481 3312 2741 3382 templum
2764 3354 2778 3375 ,
2811 3312 3126 3372 sacerdotes
3153 3322 3208 3368 et
3235 3313 3450 3378 levitas,
3485 3329 3591 3368 non
3617 3313 3760 3369 istos

2144 3405 2440 3461 secundum
2467 3406 2645 3459 carnis
2668 3403 2848 3459 ofﬁcia
2867 3446 2880 3466 ,
2909 3402 3003 3458 sed
3035 3403 3156 3458 illos
3186 3404 3488 3460 secundum
3518 3403 3752 3472 spiritus

2143 3502 2371 3570 gratiam
2396 3499 2419 3553 ?
2452 3499 2694 3568 Denique
2734 3499 2876 3553 hanc
2905 3497 3076 3558 solam
3105 3496 3212 3552 sibi
3239 3499 3470 3568 gratiam
3507 3514 3603 3566 pro
3632 3513 3759 3552 ma-

2143 3594 2308 3648 ximis
2334 3592 2558 3662 optabat
2587 3591 2752 3647 David
2794 3592 2981 3647 dicens
3010 3609 3022 3644 :
3057 3590 3229 3646 Unum
3268 3592 3394 3660 petii
3423 3608 3453 3644 a
3483 3591 3710 3645 Dantino
3733 3631 3750 3656 ,

2148 3687 2280 3740 hunc
2309 3687 2605 3757 requiram;
2649 3693 2704 3738 ut
2748 3683 3027 3738 inhabilem
3052 3684 3106 3737 in
3143 3685 3295 3738 domo
3328 3682 3538 3740 Domini
3568 3699 3759 3738 omnes

2149 3782 2257 3836 dies
2287 3781 2402 3834 vitae
2426 3795 2588 3834 mete:
2617 3788 2668 3834 et
2693 3787 2747 3833 ut
2773 3779 2974 3832 videam
3000 3778 3389 3833 delectationem
3421 3777 3633 3830 Domini
3659 3820 3672 3839 ,
3707 3785 3764 3830 et

2151 3874 2465 3927 considerem
2499 3872 2743 3943 templum
2772 3876 2888 3945 ejus
2917 3869 3096 3942 (Psal.
3129 3887 3257 3926 χχιιι
3279 3911 3295 3937 ,
3325 3872 3404 3941 4).
3436 3869 3566 3938 Quis
3595 3879 3761 3938 pote-

2152 3975 2236 4021 rat
2261 3980 2615 4036 coguosrerc,
2649 3965 2792 4034 quod
2822 3963 3051 4022 offerret
3077 3962 3228 4017 dives
3248 3979 3501 4030 maguum
3533 3976 3762 4026 munus,

2153 4061 2453 4115 secundum
2481 4058 2626 4127 quod
2658 4068 2838 4127 potest
2863 4072 3058 4124 manus
3081 4057 3199 4126 ejus
3224 4099 3238 4121 ,
3269 4064 3328 4110 ut
3353 4056 3600 4108 solvatur
3636 4054 3765 4123 ejus

2155 4152 2477 4221 peccatum?
2509 4151 2638 4218 Quis
2676 4159 2888 4219 poterat
2915 4150 3247 4218 intelligere,
3273 4149 3316 4203 si
3351 4162 3456 4202 non
3491 4146 3765 4210 haberet!

2151 4245 2286 4310 Quis
2313 4243 2530 4306 olferre,
2560 4243 2710 4298 verbi
2741 4244 2915 4312 gratia
2937 4285 2949 4306 ,
2983 4243 3216 4299 arietem
3247 4285 3262 4310 ,
3292 4243 3414 4312 quia
3444 4256 3550 4296 non
3576 4242 3766 4297 solreh

2156 4335 2313 4389 batur
2342 4336 2462 4402 ejus
2493 4336 2816 4404 peccatum?
2856 4336 2987 4401 Quis
3033 4345 3243 4406 poterat
3285 4336 3598 4395 advertere,
3633 4350 3764 4404 qua:

2155 4438 2338 4483 essent
2370 4428 2474 4481 illa:
2505 4427 2862 4481 itnmnnditite
2883 4469 2898 4492 ,
2932 4442 3069 4495 quas
3106 4427 3268 4482 solvit
3308 4442 3414 4481 non
3455 4426 3567 4481 Lex
3593 4437 3764 4495 quam

2159 4530 2344 4590 putant
2371 4523 2540 4577 Judaei
2566 4564 2580 4586 ,
2610 4524 2704 4577 sed
2739 4522 2820 4576 lex
2849 4521 3133 4591 spiritalis,
3165 4536 3324 4591 quam
3360 4520 3558 4574 Paulus
3590 4535 3768 4588 agno-

451 4612 529 4664 vit
558 4625 653 4666 eos
679 4610 850 4664 llttllOS
883 4607 1124 4677 (Matt/L,
1154 4624 1297 4662 xxvn
1317 4650 1329 4671 ,
1363 4606 1427 4677 ὃ)
1451 4650 1466 4675 ,
1500 4623 1569 4662 ne
1596 4608 1844 4677 corporis
1866 4607 2052 4662 oculos
2076 4609 2132 4668 Β
2161 4617 2233 4670 vit
2253 4616 2275 4668 ?
2297 4615 2430 4682 Quis
2458 4623 2672 4684 poterat
2697 4614 2884 4669 videre
2913 4614 3265 4669 remissiones
3295 4621 3639 4683 peccatorum
3665 4628 3766 4668 vc-

451 4705 641 4772 gloriae
669 4703 910 4759 rmlestis
942 4702 1115 4771 fulgor
1143 4701 1443 4754 hebetaret.

527 4797 618 4851 ‘24.
655 4797 792 4864 Quis
824 4797 986 4866 igitur
1015 4805 1192 4848 tantus
1219 4803 1277 4847 ut
1304 4792 1512 4862 aperiat
1541 4794 1760 4857 oculos,
1798 4801 1855 4847 et
1891 4792 2050 4862 chis

457 4889 637 4944 videat
666 4898 1036 4951 sacramenta;
1073 4885 1173 4941 nisi
1202 4887 1249 4938 ei
1277 4887 1522 4940 Christus
1543 4885 1909 4939 demonstret?
1933 4886 2048 4938 Non

453 4981 666 5052 Moyses
705 4989 907 5034 tantus.
955 4980 1194 5054 Denique
1218 5019 1231 5040 ,
1268 4977 1492 5046 jttbeute
1540 4977 1768 5030 Domino
1795 5019 1809 5041 ,
1843 4980 2048 5046 virgam

459 5073 704 5142 projecit,
736 5082 790 5125 et
823 5072 958 5125 facta
991 5079 1073 5123 est
1102 5083 1344 5137 serpens,
1378 5078 1431 5123 et
1462 5067 1596 5138 fugit
1623 5068 1689 5122 ab
1719 5084 1820 5122 eo:
1858 5085 2054 5136 appre-

459 5164 648 5244 hendit
675 5163 902 5218 caudam
937 5163 1232 5230 setpeotis,
1265 5170 1318 5222 et
1345 5160 1490 5216 facta
1528 5170 1612 5216 est
1639 5161 1786 5242 virga
1815 5158 2050 5233 (Emam,

530 5377 556 5403 ³
595 5366 736 5420 Edit.
775 5365 928 5436 [lett].
959 5381 1078 5420 cum
1106 5378 1212 5418 uno
1235 5362 1354 5418 cod.
1381 5362 1502 5418 Vat.
1532 5365 1776 5426 dicentem
1801 5366 1921 5436 boni
1947 5383 2053 5436 me:

455 5438 557 5492 dici
583 5431 912 5512 tliscipttlttttt.
1881 5431 1904 5436 ··
1956 5437 1981 5448 -κ
2039 5431 2045 5438 -

526 5529 552 5566 ι)
585 5531 779 5583 Eadem
804 5529 933 5587 edit.
960 5527 1092 5596 sola.
1121 5527 1341 5596 populos
1371 5527 1564 5596 integre
1591 5537 1760 5581 sanat.
1795 5527 1956 5583 Forte
1979 5545 2050 5590 ne

457 5600 728 5654 videretur
746 5593 1062 5654 Ambrosius
1079 5593 1327 5652 docuisse
1351 5593 1577 5667 populos
1599 5614 1763 5652 sanos
1783 5615 1812 5653 a
1828 5597 1974 5652 Chi-is
1989 5610 2049 5659 ιο

455 5686 576 5724 esse
604 5681 841 5727 s.tnat05.
876 5669 1007 5734 Nam
1038 5677 1247 5734 integer
1275 5673 1598 5737 quandoque
1632 5669 1783 5735 illud,
1810 5675 2048 5729 maxime

454 5739 498 5792 si
531 5740 597 5793 de
619 5741 810 5792 anima:
837 5746 1070 5794 sanitate
1098 5754 1307 5809 agatur,
1337 5741 1636 5809 signiﬁcat.
1663 5743 1773 5798 Sed
1805 5743 1892 5794 hic
1913 5743 2049 5797 inte-

451 5825 569 5878 gros
598 5809 834 5879 intelltge
866 5818 1005 5863 totos
1045 5811 1161 5862 sive
1196 5808 1477 5864 uuiverSos
1504 5826 1518 5872 ;
1551 5820 1607 5864 ut
1645 5826 1750 5866 non
1775 5809 2048 5866 referatur

2161 4727 2272 4777 ras,
2300 4726 2523 4781 quarum
2553 4711 2830 4778 exemplar
2859 4709 2910 4762 in
2941 4708 3108 4778 Lege,
3143 4709 3344 4762 veritas
3375 4708 3427 4761 in
3458 4705 3767 4776 Evangelia

2159 4813 2274 4869 est,
2307 4803 2522 4858 dicente
2556 4802 2782 4857 Domino
2810 4800 2977 4856 Jesu:
3018 4799 3243 4854 Dimisso
3281 4810 3401 4855 sunt
3428 4799 3516 4854 tibi
3550 4807 3770 4864 peccata

2163 4894 2559 4970 (Luc,,vu,-tS)
2585 4911 2599 4958 ;
2633 4910 2736 4947 nou
2768 4908 2862 4963 per
2886 4892 3160 4946 hircorum
3189 4887 3636 4960 sanguinem,sed
3661 4905 3768 4959 per

2166 4991 2394 5044 hostiam
2426 4988 2507 5042 sui
2537 4987 2825 5054 corporis?
2864 4984 2958 5040 Ille
2987 4985 3166 5052 itaque
3188 4982 3342 5036 dives
3367 4984 3418 5036 in
3453 4982 3628 5052 Lege,
3664 4981 3769 5048 qui

2162 5084 2413 5152 perfectae
2455 5079 2754 5152 majestatis
2803 5079 2854 5132 in
2898 5075 3112 5130 Christo
3157 5074 3546 5146 plenitnt'linem
3589 5072 3767 5134 conli-

2162 5174 2352 5239 tendo,
2385 5183 2438 5228 et
2462 5172 2614 5244 quasi
2642 5186 2761 5230 eam
2789 5169 3113 5241 quibusdam
3150 5169 3217 5222 ad
3257 5169 3387 5226 illud
3429 5167 3602 5224 altare
3646 5181 3771 5228 cce-

2161 5375 2225 5433 ad
2256 5391 2433 5437 voces.
2465 5374 2525 5426 ab
2569 5373 2802 5426 omnibus
2845 5369 3246 5440 inﬁrmitatibus,
3275 5369 3368 5424 sed
3399 5368 3467 5423 ad
3501 5368 3642 5430 illas,
3673 5386 3770 5424 sa-

2160 5443 2743 5502 naviteos....liberat-it
2773 5458 2861 5495 eos
2884 5459 2902 5496 :
2940 5459 3059 5513 qtnc
3101 5451 3227 5497 sunt
3261 5442 3381 5495 lata:
3417 5450 3471 5496 et
3512 5441 3774 5497 indeter—

2159 5520 2374 5582 minata:
2402 5513 2830 5585 significationis.

2235 5622 2254 5648 π
2292 5609 2451 5677 Quasi
2481 5624 2685 5677 serpens
2724 5609 2788 5661 tle
2820 5607 2959 5676 virga
3000 5611 3213 5673 factus;
3251 5606 3373 5673 quia
3416 5606 3468 5659 in
3499 5607 3774 5662 tumulum

2159 5683 2411 5755 prajectus
2435 5682 2602 5755 :_h;ec
2646 5681 2870 5755 inunss.
2901 5677 3044 5755 Gall.
3077 5677 3493 5755 desiderantur;
3541 5678 3638 5755 sed
3673 5687 3768 5732 ta-

2157 5746 2279 5807 iuen
2313 5749 2559 5805 nonnihil
2585 5748 2890 5804 conducere
2913 5749 3161 5802 videntur
3187 5746 3251 5800 ad
3277 5747 3770 5826 perspicuitatem.
