3988 6386
501 350 643 410 {2'55

1855 348 2101 407 SANCTI
2141 349 2466 408 AMBROSII

3661 351 3795 412 1256

496 465 931 525 necessitudines
964 465 1077 521 Deo
1104 463 1393 533 prret‘erat:
1421 461 1515 535 qui
1542 470 1719 517 autem
1754 460 2090 533 prmtulerit,
2124 473 2175 533 Α
2204 462 2406 533 templo
2421 471 2641 519 orantes
2658 461 3002 537 (Luc.,xvut,
3023 460 3335 536 lOetseq.);
3356 462 3799 521 etdocuitetiam-

502 559 562 613 lit
607 558 874 614 obnoxius
912 556 1134 627 judiciis
1164 555 1291 621 Dei;
1338 554 1464 609 ideo
1513 554 1664 626 prius
1702 552 1985 625 poposcit,
2031 568 2100 609 ne

499 652 802 710 abscondat
832 652 903 707 ab
925 666 992 707 eo
1019 649 1161 706 Deus
1193 648 1448 705 tnandata
1477 663 1594 704 sua.
1641 648 1742 718 Qui
1774 648 1918 705 enim
1950 663 2102 703 man-

501 747 624 803 data
657 745 754 801 Dei
786 746 1121 816 cognoverit,
1155 752 1211 798 et
1235 742 1594 808 custodierit,
1643 758 1751 797 non
1796 740 1988 812 refugit
2013 740 2103 811 ju-

502 839 641 895 dicia
675 838 882 902 divina,
914 837 1009 891 sed
1041 836 1352 901 desiderat;
1382 836 1685 906 meritoque
1713 846 1982 906 tamquam
2011 849 2099 889 re-

498 932 691 989 velatis
718 932 824 988 sibi
849 930 1117 986 mandatis
1141 930 1252 985 ait:
1277 927 1562 1003 Concupivi
1583 929 1879 985 desiderare
1895 927 2101 1001 judicia

500 1036 589 1080 tua
617 1026 670 1080 in
698 1024 838 1078 omni
874 1034 1125 1092 (corpore.

572 1121 661 1175 53.
707 1118 827 1174 Non
858 1118 1035 1173 dixit:
1070 1116 1363 1188 Concupivi
1391 1115 1619 1187 judicia,
1649 1115 1744 1172 Sed
1773 1133 1786 1170 :
1820 1114 2102 1187 Concupivi

500 1213 819 1269 desiderare.
872 1212 1026 1268 Sicut
1069 1213 1216 1267 enim
1260 1219 1371 1266 Vita
1413 1213 1595 1265 vivere
1641 1209 1762 1279 plus
1806 1219 1890 1264 cst
1939 1225 2099 1280 quam

500 1307 687 1363 vivere
718 1306 925 1378 (vivere
953 1322 1187 1376 namque
1212 1318 1504 1360 commune
1526 1304 1689 1359 etiam
1720 1302 1883 1371 hujus
1910 1312 1997 1358 est
2021 1304 2103 1358 vi-

501 1412 592 1467 tae,
618 1404 725 1455 vita
748 1411 929 1455 autem
956 1400 1147 1455 vivere
1161 1399 1439 1454 beatorum
1462 1395 1595 1467 eSI),
1614 1397 1693 1452 sic
1714 1396 2102 1466 concupiscere

502 1505 562 1552 ut
600 1495 975 1551 desideremus
1018 1494 1221 1563 judicia
1270 1492 1395 1557 Dei,
1430 1493 1548 1563 plus
1575 1501 1657 1546 est
1696 1494 1857 1563 quam
1890 1491 2103 1547 deside-

501 1603 627 1645 rare
649 1587 875 1657 judicia.
909 1585 1359 1657 Concupiscimus
1387 1586 1529 1641 enim
1562 1585 1879 1641 desiderare
1899 1627 1914 1650 ,
1946 1585 2101 1655 quasi

502 1698 610 1738 non
638 1682 707 1737 sit
735 1683 1019 1750 p0testatis
1049 1690 1249 1736 nostrae
1270 1680 1624 1743 desiderium,
1653 1678 1747 1734 sed
1769 1679 1957 1750 gratiae
1979 1678 2099 1733 Dei.

503 1774 638 1831 Cum
667 1773 812 1829 enim
844 1772 1108 1828 Dominus
1132 1773 1395 1828 oblectari
1428 1786 1527 1827 nos
1568 1770 1767 1826 viderit
1808 1771 2104 1839 cupiditate

2205 553 2252 610 si
2274 555 2415 611 bona
2433 564 2631 610 caetera
2657 555 2874 621 habeat,
2897 557 3042 627 quod
3062 559 3233 627 magis
3259 556 3528 626 superbus
3542 554 3795 625 oﬂeudat,

2204 660 2364 718 quam
2395 648 2634 715 lnnnilis,
2665 649 2755 719 qui
2788 649 2933 704 nulla
2968 650 3223 706 virtutum
3248 650 3378 707 dote
3404 650 3670 707 subnixus
3695 652 3796 719 sit;

2204 742 2387 800 studet
2414 743 2557 799 enim
2586 744 2942 814 supplantare
2971 744 3221 800 diabolus
3247 743 3409 800 bonis
3438 744 3696 816 operibus
3726 746 3800 801 in-

2207 845 2408 892 tentos.
2436 837 2709 906 Quantum
2734 837 3009 893 laboravit
3035 836 3337 909 phariszcus
3361 838 3474 903 ille,
3501 854 3571 894 ne
3592 849 3801 910 raperet

2203 929 2403 992 aliena.
2437 945 2505 986 ne
2549 930 2782 1001 injustas
2811 939 2990 997 esset,
3026 947 3093 986 ne
3123 930 3489 988 adulteraret!
3533 933 3797 1001 Quantum

2205 1022 2515 1089 laboravit,
2561 1039 2629 1079 ne
2662 1033 2947 1094 peccaret,
2989 1025 3129 1080 sicut
3160 1026 3405 1096 peccavit
3453 1027 3796 1097 publicanus!

2205 1115 2475 1183 Quantum
2534 1116 2829 1184 laboravit,
2879 1124 2940 1171 ut
2987 1115 3070 1172 bis
3118 1116 3171 1172 in
3221 1118 3447 1175 sabbato
3490 1120 3796 1189 jejunaretl

2204 1208 2477 1278 Quantum
2510 1209 2796 1276 laboravit,
2834 1218 2895 1265 ut
2924 1208 3191 1266 decimam
3226 1210 3382 1266 daret
3410 1213 3654 1267 omnium
3685 1228 3801 1284 qua:

2206 1303 2551 1371 acquireretl
2585 1300 2716 1370 Quis
2746 1312 2992 1357 nostrum
3025 1303 3141 1359 haec
3170 1302 3342 1359 facit?
3371 1303 3570 1373 Quanti
3607 1304 3802 1360 habent

2209 1392 2606 1463 possessiones.
2637 1405 2688 1448 et
2716 1394 2817 1448 soli
2846 1394 3108 1450 incubant
3137 1394 3426 1461 fructibus,
3453 1405 3511 1451 et
3544 1395 3675 1453 solis
3702 1397 3800 1452 sibi

2207 1501 2412 1542 messes
2442 1487 2780 1542 recondunt!
2811 1486 3061 1543 Advertit
3089 1488 3192 1543 hoc
3234 1488 3508 1556 diabolus,
3539 1500 3595 1546 et
3626 1490 3803 1562 perfu-

2206 1577 2285 1633 dit
2315 1594 2439 1634 eum
2482 1580 2666 1636 ulcere
2690 1580 2842 1651 gravi
2868 1598 2884 1647 ;
2920 1591 2976 1636 ut
3005 1597 3113 1637 non
3145 1590 3357 1637 teneret
3386 1592 3571 1653 caput,
3623 1595 3803 1641 mente

2207 1676 2388 1726 carnis
2419 1670 2635 1728 inﬂatus
2663 1690 2677 1739 ;
2707 1682 2763 1729 et
2794 1674 2846 1728 in
2885 1689 2951 1729 eo
2982 1674 3036 1729 in
3068 1689 3178 1745 quo
3214 1675 3510 1731 laudabilis
3540 1674 3660 1731 fore
3686 1691 3806 1732 cre-

2206 1765 2470 1834 deretur,
2522 1766 2594 1821 ibi
2644 1766 3135 1839 reprehensibilior
3185 1769 3547 1840 judicaretur.
3599 1771 3806 1838 Agebat

504 1865 761 1921 desiderii
800 1864 1131 1935 judiciorum
1183 1878 1443 1929 suorum,
1488 1863 1729 1917 sobrium
1773 1870 1935 1933 auget
1971 1861 2103 1917 alfe-
2130 1871 2180 1931 Β
2206 1859 2349 1915 enim
2377 1860 2582 1930 gratias
2610 1859 2725 1915 Deo
2753 1861 2896 1931 quod
2929 1875 3034 1916 non
3053 1870 3197 1916 esset
3227 1861 3693 1931 raptor,adulter,
3726 1862 3805 1916 in-

504 1966 671 2014 ctum.
693 1956 825 2013 Cum
855 1966 1038 2012 autem
1064 1969 1503 2026 peccamus,noa
1534 1955 1974 2024 concupisitimus
2005 1955 2103 2012 de-

503 2051 749 2108 siderare
790 2051 993 2122 judicia
1040 2050 1160 2106 Dei.
1210 2049 1398 2120 Neque
1442 2049 1588 2105 enim
1633 2059 1871 2121 aegrotus
1900 2050 1981 2105 uri
2008 2050 2104 2106 de—

507 2143 747 2209 siderat,
796 2144 885 2199 vel
930 2143 1131 2205 incidi;
1175 2153 1234 2197 ut
1282 2142 1455 2212 possit
1501 2142 1748 2215 recipere
1787 2141 2099 2199 sanitatem.

508 2237 725 2309 Refugit
754 2237 845 2308 qui
874 2238 1094 2308 gravius
1124 2244 1386 2307 aegrotat;
1438 2251 1505 2291 ne
1534 2244 1723 2290 uratur
1742 2277 1758 2301 ,
1792 2251 1862 2292 ne
1902 2234 2105 2291 incida—

508 2340 616 2398 tur,
652 2347 720 2385 ne
747 2330 1020 2400 alligetur,
1056 2344 1123 2384 ne
1154 2329 1425 2384 abstineat
1446 2344 1475 2383 a
1498 2330 1643 2384 cibo.
1671 2329 1775 2395 Qui
1806 2338 1986 2384 autem
2020 2344 2105 2384 sa-

508 2425 741 2479 lutarem
766 2424 931 2480 habet
953 2424 1337 2490 valetudinem,
1364 2422 1581 2480 medico
1602 2438 1829 2480 securus
1850 2424 2105 2479 occurrit.

509 2518 667 2577 Unde
695 2521 855 2575 etiam
886 2520 1146 2575 Dominus
1176 2534 1282 2573 non
1308 2519 1485 2573 otiose
1510 2520 1621 2573 ait:
1667 2516 1942 2573 Desiderio
1969 2518 2109 2573 desi-

512 2612 690 2667 deravi
728 2613 826 2667 hoc
870 2612 1062 2677 pascha
1101 2612 1413 2666 manducare
1438 2611 1701 2666 vobiscum
1747 2610 1928 2684 (Lua,
1960 2627 2104 2680 χιιι,

512 2706 636 2774 15);
669 2720 777 2760 non
808 2704 985 2761 solum
1015 2702 1366 2769 desiderans,
1397 2703 1492 2759 sed
1520 2704 1682 2759 etiam
1712 2705 1987 2774 geminato
2015 2702 2111 2758 de-

510 2799 715 2856 siderio
743 2797 1139 2867 concupiscens
1169 2798 1548 2853 remissionem
1583 2798 1892 2853 retribuere
1917 2811 2110 2868 pecca-

512 2900 715 2945 torum.
743 2886 1203 2959 Concnpiscamus
1230 2904 1360 2960 ergo
1378 2897 1433 2944 et
1452 2903 1552 2944 nos
1568 2889 1884 2945 desiderare
1905 2888 2108 2961 judicia

510 2981 630 3036 Dei.
664 2980 811 3035 Bona
842 2979 1177 3034 conscientia
1206 2996 1327 3048 qua:
1354 2997 1475 3037 cum
1505 2981 1873 3045 examinatur.
1910 2982 2108 3050 proba-

461 3141 464 3144 ,
516 3085 623 3131 tur.
658 3075 727 3131 Et
753 3075 1202 3144 concupiscamus
1231 3075 1545 3131 desiderare
1569 3077 1625 3129 in
1672 3078 1813 3130 omni
1852 3086 2110 3149 tempore;

513 3179 575 3228 ut
603 3170 811 3227 nullum
842 3178 1178 3226 momentum
1215 3169 1374 3226 bona:
1406 3178 1694 3241 praetereat
1744 3184 1972 3225 vacuum
2013 3184 2103 3227 cu-

513 3262 780 3335 piditatis.

588 3340 678 3412 34L
698 3356 890 3424 (Vers.
922 3355 1043 3426 2|.)
1073 3355 1367 3428 Increpasti
1396 3356 1642 3429 superbos
1673 3372 1691 3412 :
1731 3357 1995 3412 maledicti
2024 3357 2115 3427 qui

519 3438 781 3506 declinant
817 3440 850 3504 ξι
889 3442 1145 3506 mandatis
1184 3452 1308 3505 tuis.
1354 3450 1486 3505 Cum
1525 3449 1786 3505 Dominus
1825 3450 1986 3506 Iesus
2018 3466 2114 3520 per

517 3542 887 3600 obedientiam
930 3559 1105 3614 genus
1151 3543 1448 3598 bumanmn
1480 3543 1806 3607 redemerit,
1845 3543 2112 3614 justitiam

517 3638 931 3696 reformaverit:
964 3654 1189 3711 serpens
1205 3650 1387 3696 autem
1419 3637 1954 3708 perinobedientiam
1989 3653 2115 3710 pec-

517 3743 699 3787 catum
718 3730 1117 3798 introduxerit;
1146 3730 1274 3800 quid
1301 3729 1417 3784 vitii
1449 3729 1645 3785 habeat
1674 3730 1953 3800 superbia,
1988 3729 2113 3784 hinc

518 3823 791 3878 mstimare
821 3837 1128 3893 possumus,
1158 3822 1312 3893 cujus
1337 3829 1527 3877 auctor
1548 3820 1795 3877 diabolus
1821 3833 1925 3888 est,
1951 3838 2109 3894 quem

519 3915 724 3973 inducit
754 3916 1027 3988 Propheta
1067 3915 1338 3972 dicentem
1368 3932 1380 3969 ε
1438 3913 1641 3970 Ponam
1673 3916 1917 3970 thronum
1944 3931 2114 3970 meum

513 4026 669 4083 super
711 4009 893 4078 nubes,
922 4019 969 4064 et
990 4026 1076 4064 ero
1103 4010 1288 4065 similis
1315 4009 1578 4064 ΑΙιὶςεὶωο
1610 4008 1786 4080 (Esai.
1846 4026 1961 4077 xtv,
1996 4009 2107 4080 14).

518 4101 707 4170 Itaque
732 4119 855 4156 cum
878 4103 948 4157 sit
977 4102 1361 4172 nequissimus,
1388 4110 1446 4157 ut
1472 4101 1731 4158 honorem
1762 4117 1867 4157 non
1898 4101 2113 4159 dederit

527 4193 739 4266 1005
770 4193 998 4247 Domino
1029 4194 1141 4248 Deo
1171 4201 1398 4259 nostro;
1430 4194 1642 4262 pejores
1669 4204 1848 4251 tamen
1876 4195 2113 4265 discipu-

518 4286 603 4341 los
652 4284 906 4340 erudivit.
963 4284 1056 4340 Ille
1109 4284 1253 4339 enim
1304 4298 1363 4338 se
1410 4284 1489 4337 sic
1525 4286 1816 4350 exaltavit,
1865 4295 1923 4341 ut
1952 4287 2113 4343 vellet

518 4377 719 4448 aequari
749 4384 804 4431 et
832 4376 1027 4431 similis
1058 4391 1180 4431 esse
1218 4373 1542 4431 Altissimo:
1583 4375 1882 4448 discipulus
1925 4387 2109 4435 autem

514 4470 635 4542 ejus
662 4468 1000 4542 signiﬁcatur
1026 4471 1096 4525 ah
1120 4469 1384 4542 Apostolo
1420 4469 1800 4543 indignaturus
1847 4472 2109 4544 aequalem

503 4565 855 4635 'sitniletuque
903 4580 963 4619 se
1009 4564 1269 4619 :esumari
1316 4565 1445 4620 Deo.
1491 4565 1766 4636 Scriptum
1796 4576 1882 4622 est
1921 4569 2107 4622 enim:

2201 1955 2398 2026 justus.
2435 1956 2606 2022 Quam
2635 1956 2796 2010 noxie
2826 1955 2877 2010 ei
2918 1955 3153 2011 Iuctatus
3184 1965 3269 2010 est
3311 1970 3570 2025 serpens,
3600 1966 3653 2011 et
3684 1970 3807 2026 gra-

2206 2048 2363 2103 vibus
2391 2063 2513 2103 eum
2545 2046 2706 2117 Spiris
2738 2047 2955 2117 ligavit!
2981 2048 3330 2118 Superiorem
3362 2046 3511 2113 fecit,
3547 2056 3604 2102 ut
3631 2046 3702 2103 de
3733 2048 3808 2101 al-

2209 2143 2346 2198 tiore
2371 2142 2670 2212 dejicetet:
2703 2141 3020 2198 inferiorem
3051 2157 3112 2198 se
3142 2141 3404 2214 praebuit,
3441 2152 3499 2196 ut
3527 2138 3808 2196 sublimio-

2209 2252 2323 2292 rem
2355 2251 2486 2292 casu
2516 2237 2766 2307 graviore
2799 2244 3197 2307 prosterneret.
3226 2235 3363 2290 Mala
3405 2234 3562 2290 ruina
3604 2244 3694 2290 est
3719 2249 3807 2289 ar-

2209 2331 2490 2403 rOgantire,
2518 2344 2641 2401 qua:
2669 2329 3014 2401 superiorem
3043 2330 3336 2401 subripuit.
3361 2328 3496 2385 Mala
3528 2329 3641 2384 lucc
3667 2328 3809 2384 lucta

2210 2426 2501 2497 serpentis,
2533 2441 2637 2494 qua
2667 2439 2727 2480 se
2759 2424 2811 2480 in
2844 2424 3109 2496 plurimos
3138 2434 3355 2495 torquet
3383 2423 3681 2478 anfractus.

2280 2517 2371 2574 56.
2414 2518 2610 2574 lallare
2644 2517 2877 2587 volebat
2919 2529 2975 2574 et
3016 2517 3266 2573 Paulum.
3319 2516 3490 2586 Quem
3529 2515 3815 2570 Paulum?

2211 2611 2370 2668 Illum
2392 2613 2576 2683 utique
2600 2611 2906 2681 apostolum
2932 2627 3039 2666 non
3063 2611 3130 2666 ab
3155 2610 3488 2677 hominibus,
3518 2623 3696 2679 neque
3718 2622 3815 2678 per

2215 2704 2527 2773 hominem,
2567 2704 2663 2760 sed
2693 2720 2789 2774 per
2816 2702 3002 2760 Iesum
3047 2701 3324 2759 Christum
3354 2701 3441 2773 (ll
3469 2700 3616 2767 Con,
3650 2714 3753 2764 stt,
3781 2698 3813 2753 7

2212 2809 2260 2854 et
2281 2800 2317 2855 8
2335 2800 2376 2871 ).
2404 2798 2469 2853 Et
2495 2813 2631 2871 pene
2653 2798 2969 2869 deceperat,
2995 2796 3069 2852 ita
3091 2804 3148 2850 ttt
3170 2795 3449 2851 stimulum
3473 2792 3813 2859 carnissuze,

2214 2891 2305 2958 qui
2337 2906 2397 2946 se
2426 2889 2772 2955 butniliabat,
2801 2896 3022 2960 rogaret
3043 2887 3264 2944 auferri.
3296 2886 3401 2943 Sed
3427 2885 3600 2940 bonus
3632 2883 3818 2939 Domi-

2216 3000 2339 3055 nus,
2380 2984 2472 3057 qui
2504 2985 2728 3041 Paulum
2763 2983 3171 3039 inﬁrmitatibus
3218 2982 3383 3038 vellet
3412 2980 3592 3035 facere
3620 2976 3819 3033 ἴοι·ιίοο

2214 3096 2356 3145 rem,
2387 3080 2635 3135 adhibuit
2662 3079 2711 3134 ei
2740 3077 2991 3148 angelum
3037 3086 3281 3142 satana;
3323 3088 3381 3130 ut
3411 3075 3521 3131 suis
3563 3072 3819 3128 diabolus

2217 3176 2425 3230 artibus
2478 3175 2807 3230 vinceretur.
2868 3171 2989 3228 Non
3045 3170 3413 3227 mentiebatur
3467 3167 3814 3240 pharisaeus.

2140 3272 2185 3336 Ο
2218 3268 2385 3323 immo
2407 3267 2569 3322 etiam
2598 3281 2730 3321 vera
2759 3264 2973 3322 dicebat
2999 3286 3013 3320 :
3055 3263 3149 3319 sed
3176 3261 3356 3318 omnis
3381 3262 3471 3333 qui
3502 3276 3562 3317 se
3587 3260 3819 3325 esaltat,

2217 3362 2426 3418 etiamsi
2456 3376 2586 3416 vera
2628 3360 2796 3427 dicat,
2829 3357 3059 3415 offendit
3085 3357 3266 3431 (Luc.,
3301 3372 3427 3412 svnt
3449 3398 3463 3421 ,
3496 3354 3610 3428 ts).
3641 3353 3820 3410 Deni-

2216 3469 2321 3527 que
2357 3452 2693 3525 probabilior
2736 3451 3034 3523 pharisaeus
3078 3452 3357 3522 ingressus
3398 3458 3482 3505 est
3523 3449 3818 3518 templum,

2216 3564 2375 3620 quato
2429 3548 2782 3618 publicanus;
2832 3554 2889 3601 et
2940 3554 3119 3600 tamen
3175 3542 3568 3599 condemnatus
3616 3540 3815 3595 exivit.

2217 3640 2490 3709 Quantum
2531 3640 2741 3696 crimen
2789 3637 3084 3710 superbiae,
3138 3646 3197 3692 ut
3245 3635 3297 3692 ei
3338 3635 3501 3692 etiam
3545 3632 3821 3690 adulteria

2219 3734 2577 3806 praeferantur
2609 3734 2624 3787 ε

2287 3827 2379 3882 ⁸57.
2423 3826 2665 3895 Denique
2709 3823 2994 3887 Dominus,
3037 3822 3129 3892 qui
3174 3821 3296 3877 aliis
3333 3820 3523 3888 donat,
3558 3818 3823 3890 superbis

2217 3918 2446 3985 resiSIit,
2478 3925 2534 3971 et
2562 3927 2834 3985 tamquam
2862 3914 3209 3985 congreditur
3240 3913 3306 3969 iis
3334 3914 3425 3985 qui
3458 3928 3517 3968 se
3544 3912 3819 3977 exaltant,

2216 4010 2431 4082 sibique
2469 4008 2573 4064 hoc
2600 4017 2877 4065 certamen
2905 4006 3143 4061 vindicat
3166 4023 3179 4059 :
3204 4013 3259 4060 et
3285 4005 3375 4075 qui
3401 4003 3526 4058 aliis
3545 4003 3827 4073 compati-

2219 4111 2339 4167 tur,
2370 4110 2688 4172 arrogantes
2718 4101 2991 4169 increpat;
3022 4097 3147 4168 quia
3186 4095 3318 4152 nihil
3360 4095 3576 4166 gravius
3597 4136 3613 4159 ,
3646 4109 3821 4165 quam

2217 4206 2277 4253 ut
2307 4196 2505 4251 fratres
2543 4207 2762 4250 nostros
2802 4206 3072 4263 pauperes
3114 4190 3349 4262 superbo
3398 4188 3611 4263 1000
3651 4189 3828 4244 oculo

2216 4290 2606 4357 deSpieiamus,
2644 4286 2963 4342 conformes
3005 4285 3161 4341 nobis
3201 4282 3528 4340 intolerabili
3579 4283 3827 4352 repella-

2217 4400 2340 4441 mus
2364 4383 2605 4449 fastidio,
2635 4391 2821 4437 nostra
2855 4381 3108 4451 indignos
3131 4381 3300 4451 gratia
3323 4377 3655 4449 iudicantes,
3691 4379 3828 4448 quia

2215 4483 2344 4532 sunt
2366 4475 2593 4544 inopes:
2627 4488 2750 4529 eum
2777 4484 3067 4544 paupertas
3094 4472 3121 4511 ι’
3154 4470 3363 4526 lucilius
3385 4469 3456 4524 sit
3485 4471 3617 4537 Deo,
3647 4486 3827 4542 quam

2219 4571 2506 4625 thesaurus
2535 4568 2837 4638 acceptior.

513 4656 643 4713 Cant
677 4656 932 4713 revelatus
955 4657 1115 4727 fuerit
1141 4657 1294 4712 hante
1324 4658 1643 4729 iniquitatis,
1677 4668 1725 4713 et
1753 4659 1897 4729 [ilius
1922 4659 2109 4713 interi-
2140 4671 2189 4731 ι)
2286 4665 2375 4718 58.
2422 4628 2709 4729 Maledicti,
2759 4663 2972 4734 inquit,
3023 4663 3113 4732 qui
3161 4628 3429 4717 declinant
3475 4679 3507 4716 a
3548 4665 3829 4719 mandatis

512 4764 615 4816 tus,
641 4754 727 4821 qui
750 4751 1052 4806 adversatur
1082 4761 1129 4806 et
1155 4751 1421 4807 extollitur
1447 4768 1609 4822 supra
1638 4768 1786 4807 onme
1815 4752 1952 4822 quod
1978 4753 2109 4807 dici-

511 4857 597 4901 tur
622 4843 766 4900 Deus
804 4846 885 4917 (ll
918 4845 1102 4901 Thess.
1137 4863 1197 4913 tt,
1251 4848 1286 4902 5
1313 4856 1361 4901 et
1389 4846 1481 4918 4).
1518 4846 1770 4917 Magister
1796 4848 1961 4918 igitur
1988 4856 2013 4884 α
2035 4848 2109 4903 si-

510 4937 698 4992 milem
726 4954 786 4992 se
816 4938 1116 5005 pra-sumit,
1150 4937 1237 4992 hic
1258 4938 1596 5006 superiorem
1615 4976 1629 4992 .
1658 4938 1891 5006 ideoque
1919 4948 1974 4994 et
1998 4939 2108 4994 Do-

510 5028 690 5083 minus
725 5027 792 5082 ad
820 5028 1116 5096 discipulos
1142 5043 1269 5083 suos
1294 5028 1472 5083 dixit:
1528 5026 1740 5102 Majora
1785 5030 1863 5083 his
1905 5031 2109 5101 facietis

511 5120 720 5194 (Jo,an.,
751 5135 872 5186 xtv,
905 5119 1032 5191 19),;
1073 5129 1132 5175 ut
1159 5121 1354 5190 quibus
1382 5135 1611 5191 serpens
1639 5120 1761 5192 plus
1786 5121 2101 5190 ademerat,

506 5196 810 5289 quauﬁpse
835 5199 1114 5280 amiserat,
1140 5213 1346 5283 majora
1369 5214 1622 5271 Christus
1648 5214 1830 5272 facere
1850 5217 2099 5285 donaret,

508 5322 671 5377 quam
694 5300 1081 5383 ipseinterris
1111 5305 1334 5383 lgc‘erat.
1363 5307 1422 5362 In
1447 5323 1508 5364 se
1533 5309 1679 5364 enim
1703 5312 1875 5367 voluit
1903 5312 2105 5383 princi-

510 5414 631 5470 pem
661 5401 847 5454 mundi
879 5371 1483 5470 fallere,it:tqiscipnlis
1507 5402 1863 5473 triumphare.

580 5493 679 5569 35ἒ
711 5493 896 5564 Itaque
930 5508 961 5548 a
1001 5501 1151 5548 tanto
1190 5493 1382 5548 volens
1423 5494 1653 5550 crimine
1693 5496 1973 5553 vindicare
2004 5497 2106 5553 btt-

503 5566 720 5653 manuin
740 5602 930 5657 genus,
949 5586 1251 5642 introduxit
1269 5586 1593 5657 pharisaeum
1613 5596 1670 5645 et
1688 5589 2026 5659 publicanum
2051 5592 2104 5646 in

573 5731 599 5757 ι
624 5722 764 5803 Edit.
788 5722 1273 5805 similem‘ltonorem
1296 5726 1585 5796 prwsumit.
1606 5724 1734 5805 Mss.
1762 5736 1821 5782 ut
1848 5726 1901 5805 in
1921 5735 2098 5805 textu,

498 5796 689 5873 paucis
715 5796 962 5861 exceptis
1014 5796 1065 5847 in
1123 5796 1337 5865 quibus,
1389 5813 1465 5864 se,
1521 5800 1845 5866 scriptorum
1890 5800 2098 5856 incuria

498 5876 754 5916 otntssum
784 5874 887 5916 est.

494 5876 754 5921 011118511111
784 5876 887 5918 851.

2213 4758 2335 4811 tuis.
2358 4755 2531 4826 Supra
2555 4755 2770 4813 dixerat
2793 4771 2807 4809 :
2842 4753 2925 4808 Ne
2946 4754 3232 4809 abscondas
3260 4772 3292 4809 a
3313 4771 3393 4809 me
3412 4754 3663 4809 mandata
3687 4767 3788 4811 tua
3809 4776 3829 4825 ;

2212 4860 2266 4905 et
2290 4849 2413 4905 ideo
2434 4850 2587 4920 quasi
2617 4849 2852 4905 revelata
2880 4847 2986 4904 sibi
3016 4849 3267 4904 mandata
3291 4863 3653 4920 cognoscens,
3686 4866 3831 4908 con-

2209 4940 2435 4996 demnat
2457 4955 2554 4997 eos
2573 4941 2662 5009 qui
2683 4940 3085 4996 declinaverint
3112 4956 3142 4995 a
3173 4940 3443 4996 mandatis
3466 4941 3827 5002 coelestibus.

2213 5034 2280 5091 Et
2308 5035 2447 5092 bene
2463 5035 2601 5090 dixit
2627 5052 2639 5089 :
2668 5033 2771 5101 Qui
2792 5034 3052 5088 declinant
3075 5051 3093 5100 ;
3117 5033 3386 5090 directum
3408 5036 3555 5090 enim
3586 5037 3832 5095 manda-

2215 5135 2327 5181 tum
2350 5137 2455 5192 est,
2483 5126 2606 5181 ideo
2635 5128 2704 5181 ab
2731 5140 2801 5182 eo
2829 5140 2991 5181 nemo
3013 5125 3288 5182 deﬂectat.

2283 5220 2372 5278 59.
2415 5222 2595 5278 Movet
2616 5231 2799 5276 autem
2825 5237 2928 5292 qua
2957 5222 3169 5277 ratione
3197 5220 3284 5276 hic
3310 5220 3543 5277 dixerit:
3574 5222 3664 5278 Ne
3694 5227 3832 5282 abs-

2212 5314 2405 5369 condas
2432 5332 2462 5367 a
2490 5331 2570 5369 me
2599 5314 2845 5369 mandata
2875 5324 2985 5368 tua.
3032 5314 3187 5381 Quod
3218 5314 3364 5370 enim
3408 5315 3787 5391 absconditur
3817 5365 3832 5387 ,

2212 5408 2501 5464 obscurum
2529 5407 2583 5461 fit
2617 5417 2672 5461 et
2697 5408 3003 5475 occultum;
3041 5424 3163 5464 cum
3192 5424 3354 5480 supra
3386 5407 3625 5463 dixerit:
3659 5410 3837 5469 Man-

2215 5500 2392 5554 datum
2414 5497 2627 5553 Domiui
2648 5499 2901 5565 lucidum,
2925 5501 3230 5556 illuminans
3251 5503 3430 5556 oculos
3451 5500 3629 5574 (Psal.
3656 5520 3831 5576 xvut,

2215 5594 2312 5665 9).
2343 5595 2399 5650 Si
2448 5594 2684 5650 lucidum
2718 5599 3063 5663 mandatum,
3093 5597 3370 5668 quomodo
3412 5596 3833 5671 absconditur;

2204 5758 2212 5771 .
2267 5730 2300 5816 ξι
2346 5730 2601 5816 Facilius,
2648 5732 2699 5785 id
2754 5740 2839 5816 est
2875 5732 3063 5799 magis,
3089 5740 3144 5788 et
3172 5732 3238 5816 ad
3275 5747 3489 5816 vocem,
3517 5743 3835 5816 acceptior,

2200 5800 2468 5867 refertur;
2514 5813 2719 5874 estque
2743 5802 3111 5872 pleonasmus,
3142 5806 3232 5874 qui
3252 5812 3358 5860 non
3391 5820 3516 5862 raro
3542 5800 3597 5865 in
3629 5800 3839 5871 latini;

2201 5874 2511 5929 auctoribus
2535 5872 2977 5942 deprehenditur.
