3988 6364
194 320 325 377 ὶὲὅΊ

1299 333 1365 389 IN
1405 335 1731 395 PSALMUM
1769 338 1984 396 CXVIII
2022 339 2409 401 EXPOSITIO.

3354 355 3507 429 usas

204 454 318 496 cum
363 443 655 500 lucernam
710 462 873 502 nemo
911 458 1073 517 ponat
1120 451 1221 506 sub
1248 453 1474 508 modio?
1512 454 1626 510 Nisi
1674 454 1813 513 forte
1842 463 1893 521 Α
1917 460 1995 516 ris
2010 471 2113 526 est,
2142 464 2232 532 qui
2261 462 2556 533 perductus
2574 467 2917 536 adjudicium
2940 481 3507 541 persecutorum,cum

206 535 439 591 lucidttm
469 546 555 592 est
580 554 754 593 unum
784 540 1119 608 mandatum,
1152 545 1320 599 multa
1347 556 1526 603 autem
1561 548 1810 605 mandata

209 630 529 686 abscondita
556 642 713 686 sunt.
743 633 875 688 Nam
898 636 1102 708 judicia
1128 648 1238 702 tua,
1264 639 1440 709 inquit
1462 682 1475 700 .
1504 640 1636 696 sicut
1660 643 1812 713 abys-

210 741 298 779 sus
344 726 505 780 multa
570 726 766 799 (Psal.
822 745 1002 794 xxxv,
1050 732 1148 801 7).
1204 731 1321 787 Non
1360 732 1621 803 judicium
1673 737 1814 791 sicut

211 819 471 890 abyssus,
504 820 598 874 sed
625 820 829 889 judicia
862 823 1135 879 dicuntur.

280 910 377 967 40.
424 911 559 967 Vide
598 924 781 969 autem
809 915 1079 971 ordinem.
1120 917 1293 987 Supra
1326 920 1401 973 ait
1431 936 1445 974 :
1481 919 1566 975 Ne
1595 923 1814 992 repellas

211 1021 291 1060 nte
322 1023 354 1059 a
383 1006 648 1061 mandatis
677 1008 821 1073 tuis;
855 1008 910 1062 itt
943 1011 1300 1078 sequentibus
1347 1011 1450 1066 ait:
1486 1012 1570 1068 Ne
1600 1014 1814 1068 abscon-

217 1101 314 1154 das
342 1117 375 1153 a
401 1116 481 1153 me
507 1102 756 1155 mandata
783 1111 911 1167 tua;
955 1102 1042 1157 hic
1086 1101 1161 1157 ait
1186 1120 1198 1156 :
1231 1102 1501 1158 Maledicti
1535 1107 1623 1171 qui
1655 1106 1815 1161 decli-

219 1204 343 1248 nant
373 1210 404 1247 a
439 1194 697 1249 mandatis
730 1196 852 1249 tuis.
886 1194 1027 1249 Vere
1054 1195 1333 1252 maledicti
1362 1198 1452 1266 qui
1482 1197 1755 1254 declinant
1785 1215 1814 1254 a

217 1286 493 1344 mandatis
525 1290 664 1355 tuis,
699 1290 788 1359 qui
818 1288 1025 1345 referre
1056 1291 1283 1360 gratiam
1314 1291 1622 1348 debuerunt
1648 1312 1661 1348 :
1706 1295 1818 1364 pri-

216 1395 331 1445 mo,
375 1382 501 1452 quia
529 1398 635 1437 non
667 1391 795 1437 sunt
826 1383 1065 1452 repulsi;
1098 1385 1360 1453 set-unda,
1403 1388 1527 1457 quia
1557 1402 1663 1442 non
1692 1389 1819 1443 abs-

215 1474 380 1527 condi
407 1488 437 1527 a
466 1489 527 1529 se
558 1474 738 1529 divina
769 1475 1023 1531 mandata
1048 1488 1388 1533 meruerunt.
1418 1478 1665 1535 Declinat
1686 1496 1819 1552 ergo

214 1565 849 1649 aliquisrquo'dbptavit.

285 1661 379 1716 41.
408 1644 777 1741 ξέῇῃτερκὲἓέ)
809 1664 1099 1735 Sequitur:
1129 1668 1296 1738 Aufer
1316 1686 1349 1722 ιι
1376 1685 1457 1723 me
1482 1671 1819 1741 opprobrium

217 1764 263 1807 et
300 1764 694 1826 contemptum;
730 1757 974 1828 quoniam
1003 1760 1294 1813 testimonia
1335 1769 1422 1814 tua
1465 1764 1733 1833 exquisivi.
1763 1764 1818 1819 Si

219 1860 569 1920 contemptus
614 1851 891 1921 opprobrii
922 1854 1040 1907 loco
1072 1853 1310 1919 ducitur,
1359 1858 1635 1922 quomodo
1682 1860 1818 1914 scri-

222 1952 377 2011 ptum
422 1953 507 1998 est
538 1963 551 1998 :
584 1941 1001 2015 Contemptibilia
1043 1946 1197 2019 hujus
1253 1950 1432 2002 mundi
1479 1951 1630 2021 elegit
1682 1951 1822 2007 Deus

216 2040 234 2101 (
259 2034 279 2089 I
307 2033 457 2101 Cor.,
483 2051 531 2099 ι,
560 2035 628 2091 28
656 2036 716 2107 )?
758 2036 864 2093 Sed
893 2040 1177 2093 considera
1207 2040 1331 2110 quia
1362 2042 1548 2096 mundi
1579 2053 1824 2099 contem-

220 2126 435 2196 ptibilia
457 2126 612 2192 dixit,
642 2143 751 2183 non
776 2130 891 2183 Dei.
916 2129 1068 2197 Quod
1092 2131 1236 2186 enim
1265 2131 1320 2186 in
1346 2132 1447 2188 hoc
1474 2136 1676 2189 mundo
1691 2152 1825 2191 con-

218 2218 548 2289 temptibile,
594 2219 697 2274 hoc
728 2222 1028 2289 pretiosum
1056 2230 1143 2276 est
1168 2223 1309 2292 apud
1353 2224 1541 2279 Deum.
1580 2226 1825 2295 Denique

220 2308 503 2363 humilitas
532 2308 585 2363 in
615 2309 719 2364 hoc
748 2310 953 2366 mundo
984 2314 1380 2383 contemnitur,
1411 2316 1506 2370 sed
1556 2317 1651 2373 Dei
1678 2318 1824 2388 judi-

221 2399 309 2455 cio
338 2400 747 2471 comprobatur.
789 2403 853 2457 Et
882 2403 928 2458 si
978 2404 1297 2474 publicanus
1327 2421 1386 2463 se
1430 2409 1820 2479 humiliaverit,

221 2496 515 2550 exaltatur.
546 2505 570 2532 ⁸
604 2496 740 2552 Audi
764 2512 924 2566 quem
953 2497 1163 2569 diligat,
1191 2510 1243 2555 et
1270 2515 1375 2556 non
1408 2518 1505 2572 pro
1528 2503 1700 2559 nihilo
1724 2504 1823 2558 ha-

222 2592 351 2645 beat
380 2591 541 2646 Deus.
571 2592 908 2663 Quicumque
938 2603 1163 2649 sanctus
1194 2607 1298 2662 est,
1332 2598 1420 2667 qui
1464 2599 1584 2655 sine
1614 2602 1825 2655 macula

220 2684 381 2749 vivit,
432 2672 720 2740 veritatem
750 2687 1020 2754 custodit,
1073 2704 1179 2742 non
1220 2691 1480 2758 appetivit
1521 2693 1824 2760 proximum

220 2794 382 2834 suum
405 2821 421 2845 ,
453 2779 521 2834 ad
572 2778 802 2834 nihilum
850 2780 1119 2837 deductus
1155 2792 1240 2837 est
1274 2783 1326 2837 in
1375 2795 1670 2853 consttectu
1708 2787 1827 2853 ejus

220 2874 539 2943 malignus;
589 2870 615 2909 ⁵
662 2872 843 2928 omnia
875 2890 996 2944 qua:
1040 2874 1263 2930 malitia:
1312 2886 1462 2943 sunt,
1512 2878 1829 2947 reprobavit

223 2962 432 3035 (Psal.
471 2979 585 3030 διν,
640 2965 735 3019 2-4
768 2965 825 3036 );
857 2967 977 3021 talis
1018 2966 1179 3021 etiam
1228 2970 1272 3023 si
1317 2969 1387 3023 sit
1431 2971 1682 3039 gentilis,
1727 2972 1826 3027 de-

220 3055 447 3110 ratione
475 3054 795 3112 humilitatis
818 3074 847 3110 a
880 3057 991 3113 Deo
1020 3060 1427 3129 comprobatur.
1474 3062 1703 3131 Superbi
1733 3079 1830 3118 au—

224 3155 335 3202 tem
356 3188 374 3212 ,
403 3148 552 3201 velut
580 3150 880 3218 pharisaeus
900 3193 915 3218 ,
952 3152 1259 3222 arrogantia
1288 3169 1383 3207 sua
1432 3168 1529 3223 pro
1559 3154 1729 3210 nihilo
1756 3158 1826 3213 ab

223 3240 321 3295 illo
347 3242 714 3298 :estimantur.
747 3245 989 3315 Denique
1016 3247 1297 3316 gentilitas
1323 3263 1430 3301 non
1458 3257 1543 3303 est
1570 3266 1583 3299 :
1614 3249 1830 3304 devotio

226 3344 416 3390 autem
467 3347 652 3391 manet
695 3337 747 3390 in
793 3346 1077 3393 aeternum.
1131 3339 1274 3394 Cave
1317 3355 1450 3410 ergo
1492 3356 1560 3395 ne
1607 3342 1828 3396 Christo

226 3428 529 3497 opprobrio
556 3429 653 3484 sis.
688 3428 826 3484 Nolo
870 3431 999 3485 mihi
1030 3431 1359 3501 quicumque
1400 3432 1689 3488 maledicat
1714 3476 1729 3499 ,
1776 3444 1832 3489 et

227 3519 387 3589 quasi
417 3530 762 3589 peccatoretu
794 3522 1097 3592 deSpiciat:
1166 3538 1325 3592 quam
1362 3538 1555 3593 grave,
1586 3525 1631 3578 si
1672 3523 1833 3580 Chri-

229 3624 349 3666 Slus
372 3611 594 3683 dignum
614 3613 909 3683 opprobrio
938 3614 1099 3669 ducat
1128 3617 1140 3669 !
1184 3613 1269 3667 Va:
1299 3614 1411 3681 tibi,
1447 3615 1636 3684 inquit,
1670 3614 1834 3670 Coro-

231 3706 370 3757 zaim
389 3714 435 3757 et
457 3703 742 3759 Bethsaida
766 3702 946 3777 (Luc.,
979 3724 1007 3760 χ
1027 3749 1040 3773 ,
1069 3708 1181 3774 15).
1206 3706 1683 3773 Condemnantur;
1711 3709 1834 3779 quia

229 3812 343 3852 non
384 3810 617 3869 egerunt
663 3801 1038 3870 paenitentiam
1085 3800 1410 3855 delictorum
1450 3817 1694 3857 suorum.
1730 3803 1842 3860 Nos

231 3908 367 3962 ergo
419 3909 666 3963 agamus,
724 3903 787 3948 ut
834 3909 862 3947 a
920 3893 1078 3949 nobis
1133 3894 1412 3948 auferatur
1461 3894 1839 3963 opprobrium.

230 3986 370 4053 Quis
402 3995 582 4040 autem
614 3995 718 4049 est,
749 3984 841 4056 qui
869 4002 976 4040 non
1014 3995 1099 4041 est
1135 3986 1426 4056 opprobrio
1462 3988 1696 4057 dignus?
1740 3989 1842 4054 Qui

232 4080 537 4151 esquisivit
565 4079 778 4134 Domini
812 4079 1143 4134 teSIimonia.
1180 4079 1325 4133 Multi
1352 4079 1568 4149 quidem
1602 4080 1845 4150 suntqui

237 4174 435 4228 volunt
464 4172 673 4228 inferre
704 4173 1053 4244 Opprobriutn
1086 4173 1257 4228 servis
1289 4175 1415 4241 tuis,
1449 4173 1544 4229 sed
1580 4174 1680 4242 ipsi
1721 4184 1847 4229 sunt

241 4267 416 4336 magis
457 4266 749 4336 probrosi;
784 4267 905 4335 quia
952 4281 1050 4335 pro
1099 4265 1321 4321 nomine
1353 4275 1444 4320 tuo
1494 4266 1603 4336 pati
1645 4280 1850 4337 oppro«

240 4360 420 4413 brium
438 4359 752 4439 gloriosum
786 4368 891 4439 est.

214 4488 229 4499 .
315 4452 407 4507 se.
428 4423 811 4531 ﬁssas);
826 4450 895 4505 Et
914 4448 1038 4506 ideo
1075 4450 1151 4505 ait
1178 4448 1413 4505 :Etenim
1444 4449 1682 4504 sederunt
1712 4451 1857 4521 ρνίη-

239 4548 406 4617 cipes,
430 4524 777 4597 deﬁniri.
802 4559 882 4595 me
900 4542 1108 4614 1007
1139 4540 1633 4598 detrectabant.Vox
1653 4551 1860 4613 marty-

1915 564 2207 616 cogeretur
2238 554 2402 610 idolis
2432 556 2738 621 immolare.
2770 570 2823 613 et
2853 570 3169 617 constanter
3198 563 3511 618 resisteret:

1910 644 2126 714 iudices
2155 657 2332 702 autem
2364 648 2619 705 sedentes
2648 650 2699 706 in
2732 653 3095 708 tribunalibus
3121 655 3306 725 stipati
3341 666 3363 695 ο
3392 656 3511 710 olli-

1916 734 2035 797 ciis.
2069 737 2414 807 indignantes
2441 742 2585 808 quod
2630 744 2744 797 suis
2775 760 2879 798 non
2912 746 3382 803 ohsecundaretur
3414 751 3511 803 int-

1920 828 2109 899 periis,
2142 830 2458 886 cooferrent
2487 850 2593 902 quo
2633 834 2856 905 dignum
2886 838 3156 907 ευιιιιιὶςίο
3185 849 3511 905 censerent;

1917 921 2093 975 Stabat
2126 922 2431 993 intrepidus
2470 925 2699 983 dicens:
2757 927 3015 986 Sederunt
3042 932 3299 1000 principes
3340 942 3386 985 et
3413 932 3515 984 ad-

1917 1028 2116 1066 versum
2142 1030 2220 1067 me
2249 1015 2623 1070 detrectabant.
2668 1017 2767 1073 Est
2797 1020 2960 1073 etiam
2994 1021 3208 1075 Dotnini
3243 1038 3345 1077 Vox
3389 1022 3513 1087 ista,

1918 1120 2039 1161 cum
2093 1108 2438 1163 convenisset
2462 1106 2490 1145 (ί
2522 1110 2918 1180 presbyterium
2953 1113 3125 1178 plebis
3152 1155 3166 1178 ,
3201 1125 3255 1168 et
3307 1114 3513 1183 princi-

1921 1214 2015 1269 pes
2036 1200 2379 1254 sacerdotum
2404 1211 2458 1255 ct
2483 1202 2699 1267 scribat,
2725 1215 2779 1258 et
2798 1204 2863 1258 ad
2887 1205 3173 1261 concilium
3200 1206 3513 1263 Judazorum

1919 1291 2183 1346 deducms
2225 1304 2372 1348 esset
2402 1293 2698 1349 dicentium
2724 1316 2737 1351 :
2790 1298 2929 1363 Quid
2957 1298 3126 1351 adhuc
3158 1299 3514 1354 desideramus

1922 1384 2108 1438 testes?
2124 1386 2418 1440 audivimus
2442 1387 2577 1441 enim
2597 1388 2661 1442 de
2678 1405 2767 1443 ore
2790 1390 2949 1459 ipsius
2974 1390 3191 1462 (Matth.
3215 1408 3279 1446 xa
3292 1408 3369 1457 v1,
3395 1394 3519 1465 65);

1920 1485 1975 1531 et
2002 1488 2171 1532 staret
2199 1490 2326 1533 ante
2365 1480 2677 1549 praesident,
2725 1493 2778 1535 et
2809 1483 3106 1538 duceretur
3150 1485 3216 1538 ad
3261 1501 3476 1540 crucem
3501 1528 3514 1553 ,

1920 1570 2048 1638 quid
2079 1571 2357 1640 pulchrius
2387 1572 2611 1639 diceret,
2645 1588 2837 1643 quam:
2870 1574 3129 1629 Sedet-unt
3160 1578 3440 1649 principes,
3470 1592 3519 1632 et

1922 1664 2196 1718 adversum
2238 1681 2315 1718 me
2346 1665 2718 1732 detrectabant,
2752 1672 2850 1722 hoc
2880 1678 2984 1734 est,
3018 1686 3102 1723 me
3134 1680 3333 1737 stante,
3366 1671 3521 1727 sede-

1922 1767 2052 1812 runt
2085 1757 2398 1827 principes?
2428 1758 2493 1813 Et
2515 1760 2639 1828 quia
2673 1759 3027 1815 trilnmalium
3061 1761 3233 1818 fulcro
3259 1765 3521 1819 sublimes

1925 1861 2101 1915 erant,
2135 1850 2417 1904 Dominum
2448 1868 2552 1905 non
2586 1852 2862 1907 videbant.
2896 1854 3340 1926 Sedeliantergo,
3368 1868 3526 1911 erant

1928 1943 1981 1998 in
2010 1943 2220 2011 fastigio
2253 1944 2607 2013 principatus,
2639 1959 2739 1999 nec
2771 1945 3074 2015 Principem
3099 1948 3399 2016 principum
3427 1963 3523 2003 σοι

1926 2034 2190 2103 gitabant.
2225 2034 2329 2091 Sed
2364 2051 2551 2104 parum
2606 2037 2727 2091 hoc.
2760 2037 3019 2092 Adversus
3065 2055 3167 2104 me,
3205 2041 3401 2110 inquit,
3436 2041 3524 2094 de-

1927 2128 2237 2183 trectabant.
2268 2128 2384 2198 Ego
2415 2144 2603 2183 eorum
2648 2129 2959 2201 redemptor
3008 2131 3373 2197 adveneram,
3424 2148 3527 2203 ego

1927 2238 2182 2277 veneram
2217 2234 2273 2276 ut
2300 2224 2543 2277 omnium
2577 2232 2795 2293 peccata
2826 2226 3145 2281 mandarem
3165 2269 3179 2293 ,
3213 2236 3270 2280 ut
3299 2242 3528 2298 recupe-

1928 2331 2104 2370 rarem
2153 2315 2406 2380 amissos,
2452 2319 2799 2372 restituerem
2851 2320 3104 2388 paradiso
3150 2322 3323 2376 saneti
3362 2319 3530 2375 Jacob

1931 2408 2345 2474 litereditatctn;
2393 2419 2448 2464 et
2498 2410 2573 2465 illi
2617 2412 2863 2465 adversus
2912 2429 2990 2466 me
3036 2414 3408 2468 detrectabant.
3456 2414 3527 2471 Et

1928 2501 2050 2558 ideo
2090 2501 2391 2556 imitatores
2422 2503 2550 2568 mei,
2592 2502 2848 2573 discipuli
2889 2504 3019 2568 mci,
3060 2506 3227 2559 nolite
3274 2505 3524 2575 iniuriam

1929 2594 2254 2650 erubescere
2298 2595 2342 2649 si
2376 2595 2637 2650 steleritis
2668 2606 2794 2650 ante
2846 2595 3120 2665 principes
3164 2613 3263 2664 pro
3307 2600 3529 2654 nomine

1933 2699 2055 2740 tneo
2084 2701 2097 2750 ;
2129 2700 2253 2739 cum
2286 2700 2385 2754 ego
2414 2686 2658 2740 steterim
2689 2701 2783 2755 pro
2813 2695 2990 2740 vestra
3019 2688 3213 2742 salute.

2002 2777 2094 2831 45.
2138 2778 2383 2848 Denique
2436 2779 2666 2832 traditus
2716 2780 2765 2833 in
2811 2779 3113 2835 custodiam
3165 2781 3357 2836 Petrus
3405 2797 3526 2838 cum

1933 2870 2147 2924 cmteris
2176 2869 2460 2938 apostolis,
2493 2877 2548 2922 rt
2584 2881 2796 2937 postera
2821 2870 2907 2925 die
2939 2881 3173 2926 statutus
3196 2885 3323 2928 ante
3344 2875 3532 2929 conci-

1934 2961 2062 3014 lium
2093 2968 2410 3016 constanter
2438 2960 2652 3015 diccliat
2674 2978 2686 3014 :
2707 2960 2981 3032 Principes
3005 2964 3204 3031 pepuli,
3237 2975 3287 3018 et
3306 2967 3529 3021 seniores

1937 3050 2127 3112 Israel.
2152 3053 2233 3105 ε’δὶ
2264 3068 2356 3107 nos
2386 3051 2539 3107 hodie
2566 3053 2942 3118 diiudicantur,
2962 3056 3102 3125 quod
3126 3058 3444 3129 benefactum
3466 3061 3531 3114 sit

1935 3146 2131 3199 homini
2162 3146 2392 3215 inﬁrmo,
2413 3148 2465 3200 in
2494 3163 2596 3215 quo
2627 3148 2725 3201 iste
2753 3149 2927 3202 salvus
2954 3152 3123 3219 factus
3150 3151 3240 3215 sit;
3263 3161 3439 3206 uotum
3465 3154 3533 3207 sit

1938 3242 2173 3294 omnibus
2205 3240 2366 3303 vobis,
2398 3251 2445 3295 et
2473 3241 2612 3294 omni
2640 3241 2775 3309 plebi
2807 3241 2993 3307 Israel,
3036 3244 3179 3309 quod
3227 3246 3278 3297 in
3332 3248 3537 3300 nomine

1892 3330 1905 3355 '
1940 3330 2065 3386 Jesu
2085 3330 2279 3387 Christi
2301 3331 2563 3387 Nazareni
2588 3349 2736 3402 quem
2759 3351 2845 3387 vos
2864 3336 3214 3403 crucifixistis,
3230 3353 3379 3407 quem
3397 3337 3535 3393 Deus

1941 3425 2204 3478 suscitavit
2224 3441 2254 3476 a
2274 3425 2513 3486 mortuis,
2544 3425 2598 3476 in
2628 3425 2721 3478 hoc
2749 3425 2842 3478 iste
2884 3436 3021 3478 astat
3065 3442 3241 3479 coram
3273 3428 3410 3481 vobis
3454 3446 3538 3482 sa-

1943 3532 2040 3569 nus
2068 3514 2206 3585 (Act.
2227 3516 2369 3580 iv,8,
2388 3512 2621 3587 10),hoc
2649 3524 2767 3570 est:
2796 3515 2905 3570 Vos
2932 3518 3063 3571 estis
3091 3518 3180 3587 qui
3200 3520 3469 3574 Statuistis
3489 3530 3544 3575 et

1942 3609 2253 3673 Christum;
2284 3608 2471 3678 gloria:
2503 3608 2622 3664 loco
2644 3608 2895 3663 ducimus
2919 3610 3074 3663 istam
3101 3608 3386 3678 injuriam;
3413 3612 3539 3681 quia

1945 3700 2220 3772 arguimur
2254 3714 2350 3770 pro
2377 3701 2565 3769 mgroti
2592 3700 2829 3754 hominis
2865 3700 3135 3754 sanitate:
3184 3700 3322 3755 hanc
3362 3701 3539 3758 haere-

1944 3794 2168 3849 ditatem
2196 3794 2431 3848 servulis
2466 3793 2714 3849 Salvator
2745 3795 2986 3848 omnium
3017 3794 3327 3863 dereliquit.
3365 3797 3434 3850 At
3464 3796 3542 3850 illi

1946 3886 2299 3943 conferebant
2349 3887 2490 3941 inter
2529 3903 2587 3941 se
2628 3887 2909 3941 dicentes:
2961 3886 3097 3952 Quid
3144 3890 3395 3957 faciemus
3435 3889 3548 3941 istis

1948 3980 2283 4043 hominibus(
2316 3977 2453 4032 Ibid.
2492 3977 2642 4048 I6)?
2680 3978 2745 4031 Et
2772 3976 3098 4031 dimiserunt
3117 3993 3231 4031 eos.
3266 3976 3549 4032 Cloriaba-

1950 4083 2038 4128 tor
2064 4089 2193 4142 ergo
2224 4072 2441 4132 Petrus.
2474 4080 2529 4125 et
2578 4071 2950 4141 unusquisque
2980 4070 3377 4139 apostolorum,
3422 4072 3549 4139 quia

1950 4164 2096 4235 digni
2145 4165 2308 4218 habiti
2354 4172 2500 4229 sunt,
2537 4164 2627 4234 qui
2672 4162 2923 4233 injtttiatn
2959 4177 3057 4233 pro
3094 4161 3301 4218 Christi
3331 4165 3553 4219 nomint:

1953 4258 2307 4315 sustinerent.
2334 4257 2497 4312 Recte
2519 4272 2648 4327 ergo
2670 4265 2798 4311 tunc
2815 4255 3061 4311 dicerent
3087 4256 3281 4327 singuli
3306 4274 3318 4309 :
3343 4254 3551 4311 Etenim

1958 4354 2197 4406 sederunt
2230 4351 2511 4421 principes,
2539 4361 2591 4404 et
2626 4350 2895 4404 adversum
2928 4366 3007 4403 me
3035 4348 3405 4405 detrectabant.

2031 4447 2120 4502 44.
2170 4445 2443 4503 Sederuut
2484 4443 2759 4515 principes
2787 4442 3049 4498 adversus
3079 4442 3291 4498 Esaiam
3312 4484 3324 4507 ,
3358 4448 3415 4496 et
3445 4442 3559 4497 dis-

1964 4547 2291 4610 putaverunt
2327 4547 2387 4593 ttt
2429 4548 2736 4593 secaretur:
2781 4535 2877 4592 sed
2915 4551 3022 4590 non
3072 4536 3297 4590 timebat
3331 4549 3426 4589 eos
3464 4537 3561 4605 qui

317 4742 341 4767 δ
386 4729 556 4793 Edit.,
587 4729 726 4783 Audi
742 4744 891 4791 quem
911 4744 1003 4799 pro
1024 4728 1188 4799 nihilo
1207 4742 1308 4780 non
1326 4724 1507 4799 habent
1526 4722 1686 4799 Deus.
1720 4723 1848 4779 Mss.
1876 4724 1931 4785 D
1954 4724 2065 4794 jam
2090 4723 2155 4776 ad
2182 4722 2340 4777 tidem
2364 4736 2627 4799 converso
2650 4763 2663 4784 ,
2687 4736 2805 4777 eam
2833 4721 2903 4776 ob
2931 4738 3045 4777 rem
3074 4721 3162 4776 illa
3191 4722 3313 4778 loco
3342 4736 3564 4780 movere

238 4804 452 4865 aliquot
498 4802 783 4865 omittunt,
816 4795 921 4853 non
941 4816 959 4853 :
990 4798 1204 4853 vitiose.
1240 4798 1343 4852 Alii
1378 4795 1570 4866 majori
1596 4810 1849 4861 numero,

242 4884 303 4929 ut
328 4874 383 4928 in
418 4882 587 4926 textu.

318 4943 346 4982 δ
391 4945 523 4999 Mss.
567 4943 657 4997 hic
682 4940 907 5011 praeﬁxo
935 4951 1134 5003 puncto
1162 4939 1239 4994 sic
1267 4938 1469 4992 habent
1490 4956 1524 5011 :_
1539 4936 1725 4992 Omnia
1742 4953 1859 5005 qua:

246 5017 455 5071 malitia
499 5024 638 5075 sunt.
681 5008 775 5085 pro
822 5013 982 5066 nihilo
1039 5013 1393 5085 restituantur;
1439 5008 1529 5064 ubi
1558 5025 1661 5085 non
1690 5023 1856 5077 pauca

247 5104 373 5161 quae
404 5088 456 5161 in
484 5094 634 5161 textu
660 5079 993 5161 legere‘estn
1018 5082 1535 5161 praetermittuntur.
1587 5079 1667 5161 Et,
1711 5089 1861 5161 certe

249 5150 415 5214 nobis
442 5157 582 5211 haud
608 5150 954 5211 mediocriter
982 5150 1039 5209 id
1064 5164 1232 5208 totum
1258 5161 1565 5221 suSpectum
1592 5159 1694 5215 est;
1713 5150 1861 5204 vide-

253 5242 342 5285 tur
399 5232 547 5282 enim
586 5245 615 5281 a
665 5228 920 5297 quopiam
954 5225 1359 5295 interpolatum,
1395 5224 1485 5289 qui
1511 5238 1617 5278 non
1652 5221 1861 5297 videret

248 5320 361 5370 quo
395 5316 503 5354 vox
528 5292 795 5382 gentilitas
833 5292 1116 5382 referenda
1143 5304 1308 5379 esset,
1342 5307 1663 5382 put-aretque
1688 5292 1864 5382 genti-

251 5364 323 5428 lis
351 5364 993 5444 pra-tttittentlamfuisse
1027 5364 1378 5444 mentionem.
1410 5366 1633 5444 Ferunt,
1664 5364 1867 5435 gentili-

254 5435 365 5501 tas:
404 5442 511 5496 hoc
557 5442 678 5496 loco
706 5440 857 5499 nihil.
894 5448 952 5493 ut
995 5440 1344 5502 arbitramur,
1376 5435 1518 5490 aliud
1547 5446 1653 5499 est,
1701 5449 1864 5503 quam

255 5514 545 5574 nobilitas,
575 5528 639 5567 ac
662 5512 944 5580 prosapia;
1003 5510 1276 5587 quomodo
1313 5507 1580 5587 ggfntilitia
1612 5506 1865 5587 insignia,

256 5598 313 5643 et
341 5592 636 5656 stemmata
665 5586 968 5656 vocitantur
1003 5601 1018 5637 :
1051 5580 1523 5656 itnmo__hodieqne
1569 5580 1871 5656 etiatnmno:

260 5657 407 5728 biles
433 5654 578 5727 apud
605 5670 705 5708 nos
726 5651 1344 5728 appellanturgentilcs.
1370 5651 1552 5715 Itaque
1595 5647 1871 5728 humilitati

254 5727 335 5784 de
364 5721 482 5799 qua
500 5728 661 5799 paulo
682 5721 936 5799 superius
986 5723 1205 5799 dicitur.
1254 5721 1341 5799 hic
1388 5731 1535 5799 recte
1582 5721 1873 5799 opponitur

261 5788 556 5871 gentilitas.
609 5796 717 5853 Sed
747 5788 868 5849 cum
914 5794 1173 5871 pragdicta
1198 5795 1359 5871 verba
1390 5791 1717 5871 inmunibus
1738 5788 1869 5871 edit.

268 5858 600 5932 habeantur,
662 5877 716 5922 et
760 5882 867 5921 non
918 5858 1059 5919 inalc
1100 5863 1356 5932 explicari
1377 5858 1668 5934 possiutdc
1689 5860 1874 5925 gentili

1968 4810 2074 4851 non
2107 4809 2295 4849 sumus
2317 4794 2455 4848 ausi.

2039 4888 2062 4917 °
2108 4885 2334 4956 Ofﬁciis,
2367 4885 2467 4939 hoc
2496 4894 2598 4951 est,
2632 4882 2988 4956 ollicialihus;
3024 4894 3082 4937 ut
3110 4899 3304 4954 operas
3327 4901 3425 4954 pro
3442 4902 3568 4955 ope.

1969 4959 2127 5012 rariis
2152 4954 2402 5012 dicimus.
2427 4958 2806 5010 Ol‘liciaautem
2840 4959 2890 5009 in
2913 4954 3041 5009 Iure
3072 4958 3269 5026 Sa‘pitls
3288 4954 3567 5014 ministros

1966 5041 2015 5083 et
2042 5029 2377 5099 apparitores
2411 5029 2699 5096 prmsidum
2728 5035 3220 5099 etproctn-atorum
3251 5029 3362 5083 lisci
3394 5030 3566 5097 signi-

1966 5098 2123 5155 cant.
2168 5099 2303 5155 Vide
2364 5099 2700 5155 Brissoniutn
2763 5098 2831 5153 de
2902 5098 3062 5153 Verb.
3130 5100 3311 5170 signil.
3362 5102 3415 5155 in
3440 5116 3572 5157 voce

1968 5172 2218 5241 ofﬁcium.

2046 5263 2070 5301 ἀ
2110 5264 2185 5318 Ita
2213 5263 2349 5318 edit.
2379 5279 2498 5318 cum
2529 5278 2662 5318 mss.
2698 5261 2896 5318 Navar.
2930 5280 3058 5326 uno,
3087 5273 3138 5320 et
3171 5264 3310 5319 And.
3362 5264 3579 5329 Reliqui

1976 5344 2153 5390 autem
2184 5351 2316 5390 mss.
2339 5334 2752 5405 presbyterorum
2782 5336 2940 5404 plebs,
2965 5335 3117 5403 Quod
3147 5336 3579 5404 minimedispli-

1971 5418 2085 5473 cet;
2121 5419 2228 5461 tum
2252 5408 2371 5476 quia
2403 5410 2479 5459 sic
2510 5414 2860 5474 apponuntur
2882 5406 3199 5475 principibus
3223 5410 3578 5473 sacerdotum,

1975 5489 2092 5551 tum,
2119 5480 2265 5551 quia,
2301 5479 2442 5546 plebs
2466 5476 2605 5532 idem
2637 5491 2783 5547 saepe
2809 5490 2964 5531 sonat
2992 5492 3054 5532 ac
3078 5477 3389 5545 multitudo,
3415 5495 3570 5551 grex,

1974 5560 2029 5603 ct
2051 5549 2270 5604 similia.
3385 5558 3405 5569 ⁹

2053 5652 2075 5677 ο
2119 5639 2179 5695 Si
2228 5656 2321 5693 nos
2371 5639 2544 5703 hodie,
2588 5649 2643 5694 et
2671 5655 2791 5708 qum.
2815 5655 2877 5694 es
2906 5638 3098 5693 eodem
3131 5640 3432 5710 Scriptura:
3454 5639 3579 5703 loco

1972 5722 2293 5778 sequuntur.
2325 5713 2647 5764 omittuntur
2671 5711 2722 5765 in
2750 5712 3023 5781 plerisque
3041 5714 3293 5766 omnibus
3321 5729 3451 5767 nos»
3475 5711 3584 5767 Sed

1976 5785 2078 5851 hoc
2134 5782 2561 5851 antiquariorum
2615 5781 2941 5853 compendio
2991 5784 3323 5839 stttdcntiutn
3365 5782 3580 5839 festin‘a-

1980 5855 2109 5910 tioui
2144 5853 2487 5908 tribuendum
2514 5865 2617 5909 est.

3232 6044 3309 6069 έηι
