3988 6350
432 311 573 367 1239

1791 311 2036 367 δᾹΝΟΤΙ
2074 311 2400 367 Αιιιιιιοειι

3589 314 3737 371 i240

419 425 635 480 dicebat
661 443 674 482 :
696 426 954 480 Audite...
980 429 1240 495 principes
1265 427 1613 481 Sodomorum
1642 425 1816 494 (Esoi,
1843 428 2014 496 1,10).
2048 440 2096 500 At
2126 430 2326 484 rioru'n
2380 431 2605 499 repellat
2633 433 2880 501 impetus.
2914 433 3055 486 Alibi
3095 434 3167 486 ait
3197 451 3207 484 :
3244 431 3623 487 Circumierunt
3654 447 3737 485 me

426 517 699 573 Sederunt
716 519 975 572 adversus
1002 520 1323 571 liieremimn
1346 529 1401 573 ut
1423 518 1730 573 mitteretur
1749 521 1800 572 in
1822 522 2018 574 lacum.

428 611 700 667 Sedcrunt
730 612 991 665 adversus
1021 611 1364 677 Zz'ichariatn,
1397 612 1484 680 qui
1517 614 1732 666 occisus
1773 620 1856 665 est
1883 611 2024 666 inter

425 707 686 773 templum
719 715 772 758 et
799 705 990 758 altare.
1025 705 1295 759 Sederunt
1319 705 1580 759 adversus
1608 705 1938 771 διιςςιηιιτιιιι,
1969 715 2025 761 et

428 808 617 852 contra
648 798 912 851 eastitatis
948 797 1204 852 feminam
1230 797 1579 866 judicabant:
1614 797 1705 850 sed
1750 808 1806 850 lli.
1835 808 1989 852 osten
2011 825 2022 836 -

427 891 646 945 detetur
671 891 975 960 principum
1009 893 1206 944 b0num
1250 909 1354 944 non
1388 906 1509 945 esse
1539 892 1847 956 consilium,
1882 892 2027 946 exci-

426 984 558 1036 tavit
605 983 753 1051 pueri
806 984 1056 1052 spiritum
1107 983 1404 1048 Dominus;
1454 991 1508 1039 et
1554 1000 1712 1053 quam
1757 984 2028 1053 principes

425 1089 575 1128 rcain
606 1075 798 1127 mortis
830 1075 1336 1146 pronuiitiaverant,
1369 1076 1612 1131 eamdem
1645 1078 1905 1147 propheta
1949 1087 2029 1132 t0-

429 1166 534 1222 tius
565 1167 840 1221 innoxiam
867 1169 1261 1222 criminatitmis
1293 1169 1546 1222 absolvit.

500 1262 592 1315 45.
633 1263 771 1316 Sunt
815 1271 868 1314 et
906 1262 995 1314 alii
1043 1262 1335 1329 principes,
1378 1263 1470 1332 qui
1505 1263 1765 1316 adversus
1797 1277 1897 1317 nos
1933 1261 2031 1318 de-

425 1362 676 1419 tractant,
716 1355 928 1426 1008
955 1355 1019 1407 de
1044 1356 1238 1424 quibus
1268 1355 1459 1410 dicitur
1485 1375 1495 1407 ε
1540 1356 1798 1422 Quoniam
1833 1373 1933 1409 non
1961 1365 2032 1409 est

425 1448 571 1500 nobis
587 1447 888 1501 colluctatio
915 1449 1158 1503 adversus
1180 1465 1385 1502 curarent
1415 1459 1460 1502 et
1492 1450 1814 1520 sanguinem,
1835 1450 1924 1503 sed
1941 1451 2035 1502 att-

425 1555 602 1593 versus
643 1540 956 1608 principatus
979 1551 1026 1594 et
1061 1552 1353 1610 potestates.
1385 1545 1630 1596 adversus
1666 1544 1845 1596 mundi
1878 1545 2035 1616 hujus

432 1641 677 1694 rectores,
713 1632 1039 1686 tenebrarum
1063 1632 1271 1697 Iturttm,
1305 1635 1556 1688 adversus.
1574 1637 1832 1706 spiritalia
1861 1638 2038 1706 nequi-

425 1726 541 1790 tia),
573 1741 686 1794 qua:
726 1737 843 1780 sunt
878 1729 932 1780 in
975 1728 1260 1782 coelestibus
1291 1727 1536 1800 (Ep/tes,
1569 1744 1641 1793 vt,
1677 1729 1736 1782 i=2
1838 1729 1928 1784 ISti
1959 1745 2040 1784 se-

2126 532 2172 575 et
2202 533 2619 591 expugnaverunt
2659 540 2739 578 me
2765 525 2926 594 gratis
2952 540 3084 595 :pro
3130 541 3188 578 eo
3221 534 3273 577 ut
3323 543 3401 578 me
3429 527 3729 596 diligerent,

2127 611 2458 666 detrahebant
2524 612 2649 666 mihi
2677 630 2696 666 :
2726 629 2815 682 ego
2862 624 3032 667 autent
3078 616 3286 668 orabam
3315 617 3333 687 (
3359 615 3502 670 Psal.
3557 619 3682 670 cvitt
3717 659 3732 682 ,
3783 601 3788 606 ’

2128 705 2162 758 5
2190 714 2233 756 et
2260 706 2293 757 4
2316 707 2368 774 );
2419 705 2504 759 hic
2533 707 2606 759 ait
2632 707 2772 776 quod
2809 707 3045 770 studium
3075 710 3122 762 ei
3155 725 3260 762 non
3293 709 3614 763 exercenda:
3661 709 3734 762 ad

2130 796 2255 850 belli
2297 809 2444 852 artes
2486 798 2644 852 fuerit
2686 799 3007 866 juventutis,
3047 817 3151 854 non
3194 801 3496 869 decipiendi
3539 801 3740 855 adver—

2133 890 2303 943 santis
2348 890 2546 943 astutia
2592 892 2696 945 ulla
2738 892 2958 956 cordis;
2991 904 3047 946 ut
3081 893 3232 946 illum
3286 895 3528 949 vinceret
3570 909 3734 963 quem

2131 985 2348 1038 videbat
2373 1002 2384 1038 :
2414 984 2506 1036 St‘t'i
2539 986 2820 1040 adversum
2849 1001 2942 1040 eos
2972 987 3333 1055 prmliabatur,
3362 1003 3497 1056 quos
3525 1002 3631 1041 non
3658 988 3741 1042 vi—

2135 1075 2332 1128 debat:
2371 1077 2651 1147 majorque
2680 1079 2731 1130 in
2762 1094 2826 1132 eo
2858 1080 3049 1147 pietas,
3093 1093 3252 1148 quam
3287 1080 3456 1133 virtus
3487 1081 3736 1148 corporis

2137 1168 2426 1221 militabat.
2454 1168 2635 1238 Itaque
2661 1171 2713 1224 in
2737 1170 2831 1224 Dei
2852 1169 3732 1240 exercebaturjitsliiicationibus;

2140 1273 2196 1315 ut
2239 1265 2511 1317 contrario
2556 1263 2662 1317 ictu
2690 1263 2965 1316 diabolum
3006 1265 3335 1320 viilueraret.
3381 1265 3475 1319 llle
3503 1279 3626 1318 cum
3667 1265 3736 1319 ab

2141 1356 2440 1408 intentione
2475 1355 2722 1423 jllSiitltD,
2753 1365 2805 1408 et
2844 1356 3024 1409 studio
3055 1355 3384 1421 devotionis,
3415 1356 3734 1425 occupatio-

2140 1447 2297 1500 nibus
2331 1447 2534 1501 bellicis
2563 1447 2856 1502 conabatur
2885 1449 3192 1501 abducere:
3226 1448 3310 1501 hic
3353 1448 3522 1517 magis
3561 1453 3622 1502 se
3655 1447 3738 1501 di-

2139 1538 2250 1593 vini
2294 1538 2474 1606 apetis
2515 1549 2569 1594 et
2596 1540 2773 1594 Cultus
2803 1540 3247 1595 meditatiot'tibus
3276 1541 3594 1610 occupabat.
3631 1541 3737 1593 ita—

2141 1649 2246 1703 que
2281 1634 2536 1687 Dominus
2586 1636 2817 1702 protexit
2845 1650 2989 1698 eum,
3027 1635 3078 1688 iu
3109 1651 3268 1704 quem
3316 1635 3577 1702 speravit.
3608 1648 3733 1688 cum

2142 1743 2248 1797 quo
2292 1728 2631 1796 improbatur,
2661 1729 2746 1782 cui
2787 1735 2902 1782 toto
2930 1728 3245 1782 adhmrebat
3285 1728 3500 1782 affectu.
3548 1727 3736 1781 Justus

428 1819 561 1872 dent
589 1830 642 1874 «ιι
670 1821 991 1890 explorant,
1027 1839 1114 1889 qui
1144 1823 1323 1891 justus
1354 1828 1424 1876 sit
1455 1823 1507 1876 in
1550 1824 1653 1878 hoc
1693 1827 1914 1892 sarculo,
1945 1827 2036 1894 qui
2069 1834 2116 1893 B
2144 1821 2284 1873 enim
2313 1829 2406 1872 aut
2435 1837 2556 1874 cum
2593 1822 2699 1874 Deo
2737 1821 2975 1890 loquitur
3004 1821 3232 1885 orando,
3263 1831 3357 1875 aut
3405 1821 3616 1892 1009
3658 1821 3742 1874 di—

428 1910 769 1966 Christiauns
793 1915 1002 1968 intente
1034 1916 1140 1968 Deo
1168 1915 1393 1978 serviat,
1427 1917 1701 1969 studiosus
1745 1917 1867 1970 boni
1903 1932 2030 1986 ope-

424 2007 502 2057 ris
540 2013 594 2058 et.
637 2006 778 2058 facti.
814 2005 1127 2060 Detrectant
1161 2006 1229 2061 de
1276 2023 1341 2061 eo
1385 2007 1664 2062 dicentes:
1709 2006 2031 2063 lnsidientur

431 2098 530 2161 illi,
560 2099 917 2168 impediamns
940 2116 1086 2167 enin,
1113 2102 1493 2171 prohibeamus
1517 2118 1640 2156 eum
1671 2102 1885 2158 efficere
1913 2118 2032 2171 quze

428 2190 746 2255 desiderat,
806 2203 1157 2247 conteramus
1209 2195 1329 2262 ejus
1382 2203 1661 2257 mentem,
1721 2193 2033 2263 frangamus

427 2285 668 2337 animum
712 2286 830 2352 eius
875 2286 1120 2341 adversis
1171 2287 1542 2354 frequentibus
1593 2301 1656 2341 ac
1700 2286 2029 2355 repentinis;

432 2386 487 2431 et
517 2380 560 2430 si
613 2379 721 2430 Deo
754 2377 1011 2446 probatus
1060 2388 1143 2433 est
1192 2389 1410 2448 propter
1445 2379 1730 2446 justitiam,
1782 2390 2034 2447 rogemus

433 2468 551 2522 dari
603 2470 760 2524 nobis
802 2473 1128 2525 tentationes
1170 2471 1307 2540 ers.
1347 2469 1531 2536 Neque
1562 2471 1705 2523 enim
1741 2462 1792 2522 in
1827 2479 2032 2522 tantum

428 2563 785 2631 prophetam,
833 2563 1190 2617 tentationum
1224 2563 1341 2632 ejus
1369 2575 1503 2631 quas
1535 2562 1792 2630 plurimas
1825 2559 1990 2614 subiit
2017 2601 2032 2626 ,

426 2666 749 2724 potestatem
785 2658 984 2712 habere
1034 2657 1336 2720 potuissent
1369 2698 1382 2718 ,
1417 2656 1516 2709 nisi
1569 2654 1828 2709 Dominus
1859 2663 1884 2691 ³
1917 2669 2038 2721 pro-

427 2751 592 2806 hindi
645 2752 725 2804 sui
756 2752 944 2804 militis
996 2767 1155 2806 causa
1213 2750 1487 2813 dedisset,
1540 2758 1598 2803 ut
1653 2749 1859 2814 majore
1912 2763 2034 2802 eum

429 2842 599 2911 gloria
649 2852 954 2897 eorouaret.
1001 2842 1030 2880 δ
1078 2844 1210 2910 Quis
1266 2846 1426 2912 igitur
1477 2858 1658 2912 regem
1714 2842 1840 2896 Saul
1889 2841 2038 2896 exci-

432 2936 568 2989 tavit
622 2937 672 2988 in
729 2951 896 2996 eum,
954 2936 1055 2988 nisi
1112 2937 1335 3003 spiritus
1388 2937 1584 3003 malus,
1618 2936 1752 2990 sicut
1787 2937 2036 3005 legimus,

431 3031 523 3099 qui
583 3046 642 3084 se
695 3031 910 3085 dolebat
966 3032 1181 3085 excludi
1229 3033 1678 3101 quotiescumque
1734 3033 1898 3085 David
1954 3033 2039 3086 vel

431 3125 654 3177 cithara:
698 3121 878 3186 seno,
932 3124 1018 3178 vel
1071 3125 1332 3178 DOIIDrlllll
1389 3125 1734 3177 consiliorum
1787 3139 2042 3192 operum-

2137 1914 2259 1967 vina
2310 1913 2545 1984 loquitur
2589 1929 2753 1983 Opera
2795 1914 3101 1968 laudando:
3149 1921 3207 1968 et
3247 1919 3463 1983 semper
3501 1915 3741 1982 loquitur

2136 2023 2297 2076 opera
2342 2007 2477 2073 Dei;
2526 2022 2592 2062 ne
2639 2009 2890 2077 loquatur
2925 2023 2987 2062 os
3027 2023 3182 2062 suum
3224 2015 3390 2077 opera
3435 2005 3737 2062 hominum.

2136 2101 2797 2175 Nihiltei‘jLepuin,_jt_tstus
2843 2103 3099 2172 loquitur,
3146 2101 3274 2155 nihil
3325 2101 3556 2155 mortale
3601 2101 3738 2170 agit.

2720 2195 2956 2264 ideoque
3003 2197 3133 2251 dicit
3165 2195 3407 2249 :Etem'm
3451 2195 3744 2249 testimOnia

2139 2289 2528 2352 tua,meditatio
2559 2305 2670 2343 mea
2697 2299 2770 2344 est
2792 2305 2810 2344 :
2831 2290 3107 2344 etcoustlia
3139 2306 3270 2352 mea,
3292 2289 3608 2362 justiﬁcatio
3629 2300 3740 2342 tua.

2139 2379 2389 2434 Advertis
2412 2381 2537 2446 quid
2571 2381 2783 2445 doceat,
2817 2381 2958 2450 quod
2993 2381 3106 2435 haec
3137 2381 3372 2435 debeant
3407 2395 3528 2435 esse
3557 2381 3744 2434 consi-

2141 2470 2208 2525 lia
2235 2473 2399 2540 justi,
2430 2481 2487 2526 ut
2528 2474 2817 2528 meditetur
2863 2472 3114 2526 mandata
3164 2473 3299 2535 Dei,
3331 2482 3384 2527 et
3425 2479 3748 2527 exerceatur

2141 2565 2192 2619 in
2227 2566 2322 2619 Dei
2356 2567 2602 2619 laudibus
2646 2577 2700 2620 et
2751 2567 3015 2626 oraculis;
3051 2573 3109 2619 ut
3151 2566 3407 2636 justillcct
3458 2566 3745 2619 Dontinttm

2140 2672 2373 2725 semper.
2407 2659 2504 2724 Qui
2539 2659 2664 2712 facit
2693 2676 2811 2727 qua:
2843 2659 2982 2711 Deus
3011 2659 3255 2723 mandat,
3285 2675 3405 2728 qua:
3434 2659 3601 2713 credit
3637 2659 3750 2712 Deo

2144 2751 2389 2820 placere,
2422 2752 2585 2804 Deum
2608 2751 2886 2818 justilicat.
2916 2751 3068 2816 Quod
3098 2767 3168 2804 ex
3205 2753 3438 2806 lectione
3465 2751 3752 2820 Evangelii

2144 2858 2428 2911 possumus
2458 2844 2762 2912 intelligere
2789 2842 2963 2909 :Luc.,
2997 2859 3091 2906 vn,
3126 2844 3240 2913 30).
3272 2844 3486 2898 dicente
3507 2845 3753 2913 Evange-

2146 2936 2285 2992 iista.
2317 2937 2440 3006 quia
2473 2936 2721 3004 pltariszei
2773 2945 3101 3004 spreveruztt
3149 2937 3438 2990 consilium
3468 2937 3562 2991 Dei
3590 2978 3604 2999 ,
3640 2938 3753 2991 uoti

2145 3029 2397 3098 anliztni
2449 3031 2716 3098 baptismo
2749 3041 2770 3069 ο
2801 3029 3048 3084 Joannis.
3085 3029 3196 3083 Hoc
3236 3031 3286 3083 in
3336 3039 3442 3084 tino
3494 3025 3668 3092 libro,
3698 3032 3754 3083 in

2146 3123 2251 3174 alio
2305 3130 2481 3175 autem
2525 3122 2692 3175 habes
2727 3139 2740 3173 :
2773 3137 2878 3174 non
2907 3120 3336 3190 justilicavcrunt
3389 3121 3593 3188 Deum,
3624 3121 3754 3190 quiti

433 3235 536 3288 que
568 3219 762 3272 fidibus
794 3231 857 3272 ac
891 3219 1074 3273 nervis
1103 3221 1341 3273 mculetn
1373 3219 1518 3286 regis
1565 3217 1916 3286 animumque
1946 3219 2040 3271 dc-
2069 3235 2113 3298 ρ
2145 3212 2410 3278 ὒειιιιιῑιιιί
2459 3213 2766 3267 noluerunt.
2801 3213 2925 3267 ideo
2960 3214 3220 3265 Doininus
3264 3214 3328 3266 ad
3367 3213 3630 3267 Joannem
3666 3213 3755 3265 di-

436 3313 711 3366 molet-bit
741 3312 757 3379 (
791 3312 808 3365 1
839 3312 967 3382 Reg.
1024 3329 1132 3377 xvi,
1177 3312 1336 3382 ‘25)?
1375 3313 1506 3377 Quis
1551 3311 1806 3366 excitavit
1852 3307 2050 3365 Doeclt-
2083 3327 2087 3332 '

440 3405 559 3474 Syri
593 3405 910 3472 nequitiam,
947 3415 999 3458 ut
1025 3418 1268 3458 sanctum
1301 3406 1475 3458 virum
1532 3406 1819 3475 proderet,
1851 3413 1904 3458 et
1947 3406 2040 3458 ha-

435 3498 683 3559 εμιιηιειιι
719 3495 1104 3549 humanitatem
1139 3497 1433 3551 deduceret
1461 3497 1511 3549 in
1539 3497 1834 3564 periculum
1858 3495 2043 3551 Sacer-

437 3587 577 3641 dotis
611 3586 696 3659 (ll
734 3587 857 3659 Reg.
910 3600 1038 3649 xxii.
1062 3591 1117 3654 9,
1152 3600 1198 3641 et
1229 3590 1292 3643 10
1318 3591 1377 3657 )?
1409 3593 1540 3654 Quis
1574 3589 1925 3643 inflammavit
1957 3605 2042 3644 ar-

439 3681 627 3736 dOrem
674 3687 926 3747 Ammon,
962 3681 1015 3736 ui
1063 3683 1281 3736 domum
1314 3683 1607 3738 incedat-cl.
1635 3684 2036 3753 prophetlt'am,

441 3780 496 3827 et
544 3775 896 3827 contristat-et
938 3775 1174 3828 animum
1209 3779 1394 3841 patris,
1426 3777 1650 3830 alterius
1679 3777 1884 3831 incesta
1917 3776 2042 3830 libi-

438 3865 587 3928 dine,
619 3865 844 3920 alterius
878 3867 1071 3931 iujili'ia
1103 3866 1170 3938 (ll
1198 3866 1352 3933 Rm,
1387 3884 1500 3932 xm,
1537 3869 1642 3938 1-1)
1671 3887 1684 3922 :
1713 3879 1764 3922 et
1792 3868 1880 3938 qui
1922 3870 2044 3922 aliis

439 3957 822 4027 prephetabat,
853 3960 1046 4014 domus
1078 3977 1191 4014 sua“
1223 3962 1360 4015 mala
1394 3961 1692 4030 pt'tbviiiere
1717 3976 1819 4016 non
1856 3972 2046 4031 potue-

439 4050 554 4104 rit?
610 4051 742 4116 Quis
797 4053 1029 4105 armavit
1071 4051 1310 4107 furorem
1362 4054 1682 4118 Abessalon,
1732 4064 1789 4108 ιιι
1832 4064 2042 4124 patrem

441 4149 604 4201 douto
649 4144 984 4209 excluderet,-
1030 4156 1082 4198 et
1114 4145 1418 4212 parricidali
1453 4157 1877 4218 perscquerelttr
1908 4161 2046 4217 prae-

443 4239 520 4293 lio
551 4234 632 4309 (ll
663 4234 794 4305 Reg.
826 4251 920 4300 xv,
952 4236 1016 4290 M
1042 4237 1098 4304 )‘t
1139 4237 1246 4291 Sed
1283 4253 1404 4290 cum
1449 4253 1619 4307 prope
1659 4240 1864 4293 viribus
1896 4241 2044 4309 regni

437 4333 553 4401 jam
578 4327 725 4383 esset
748 4339 964 4382 sanctus
989 4329 1234 4394 inferior,
1259 4331 1360 4385 huc
1385 4343 1491 4385 uno
1516 4331 1732 4387 incenssi
1761 4333 2046 4388 adversam

447 4438 510 4478 se
541 4422 739 4478 diaboli
781 4421 1028 4476 restinxit
1074 4424 1300 4491 spicula,
1347 4425 1488 4495 quod
1517 4439 1637 4479 eum
1680 4425 1820 4479 illius
1861 4429 2050 4481 necem

449 4524 663 4584 peteret
695 4515 880 4581 patris,
918 4514 1009 4568 ille
1041 4524 1219 4570 tamen
1252 4517 1483 4572 salmeni
1515 4518 1609 4572 lilii
1644 4519 1859 4587 pietatis
1901 4531 2054 4573 man-

449 4609 614 4664 dabat
642 4609 856 4663 affectu.

522 4701 614 4755 46.
660 4701 799 4771 Eugo
827 4701 1102 4771 principes
1135 4703 1339 4772 populi,
1371 4712 1428 4759 ut
1455 4705 1830 4776 Arehitopltel,
1863 4717 1916 4761 et
1946 4722 2051 4761 caa-

452 4793 552 4846 teri
588 4794 900 4848 bellantium
940 4795 1108 4849 iiut-es
1148 4796 1452 4868 sederunt(
1486 4797 1528 4852 11
1564 4794 1691 4869 Reg.
1727 4797 1853 4853 xviii
1877 4841 1890 4862 ,
1942 4799 1974 4853 5

449 4884 776 4940 Tractabaht
824 4885 1094 4956 principes
1138 4889 1319 4959 populi
1349 4893 1469 4944 cum
1510 4885 1808 4946 Abessalon
1855 4885 2044 4947 advero

447 4997 540 5035 sus
589 4965 912 5052 prophetarit
966 4967 1056 5056 (11
1093 4985 1216 5055 Reg.
1249 5002 1353 5050 xv,
1386 4987 1446 5040 51
1575 4988 1640 5040 Et
1690 4988 1810 5041 ideo
1858 4987 1989 5042 dicit
2030 5006 2042 5044 :

451 5073 661 5128 Etenim
701 5077 942 5130 sederunt
981 5079 1258 5144 principes,
1305 5089 1352 5132 et
1378 5080 1645 5134 adversum
1683 5096 1762 5132 me
1797 5082 2050 5134 detrecta-

449 5169 568 5222 bant
585 5183 604 5222 :
626 5185 797 5222 servus
819 5178 987 5222 autent
1013 5180 1128 5223 tuus
1155 5173 1486 5226 exercebatur
1512 5176 1565 5227 in
1591 5169 2048 5244 ittstiﬁeaiiotiibus

450 5261 572 5315 tui‘s.
604 5250 954 5317 AdvertimuS
985 5266 1132 5316 artua
1159 5263 1314 5332 justi,
1347 5263 1545 5336 quibus
1576 5263 1764 5323 diuites
1792 5265 2046 5325 adrersa.

526 5473 550 5499 ἰ
596 5465 749 5542 ltum.
775 5465 904 5520 edit.
939 5466 992 5519 in
1025 5479 1273 5542 corpore,
1301 5481 1367 5542 ac
1393 5475 1500 5525 vet.
1527 5470 1578 5523 in
1610 5485 1802 5542 marg.,
1829 5471 2044 5537 proban-

451 5537 502 5587 di
528 5537 607 5589 stti
631 5535 806 5610 militis
837 5554 1013 5589 ansam
1037 5535 1276 5591 dedisset.
1301 5539 1419 5594 Vet.
1448 5545 1497 5594 in
1517 5535 1884 5610 corporecittn
1911 5560 2041 5599 mss.

455 5606 875 5669 nttttuuliis.,....
921 5624 1130 5661 citttsam
1167 5611 1410 5665 (let/isset.
1463 5613 1571 5666 Alii
1621 5606 1752 5667 illis.
1806 5617 2048 5670 Itlt'iiOt‘iS

457 5684 878 5753 ttotae...,Acnusa
904 5679 1143 5730 dedisset.
1173 5682 1388 5753 Dptime
1409 5700 1422 5743 ;
1447 5685 1709 5753 siquidem
1732 5685 1819 5740 hic
1863 5689 2050 5740 subin-

457 5746 804 5826 teliigendum
857 5757 964 5827 est,
1006 5746 1340 5827 tettttttioitunt
1373 5754 1482 5824 (jus
1513 5746 1850 5824 'potestatem,
1907 5758 2050 5827 quod

454 5817 725 5894 superiori
754 5815 996 5879 membro
1024 5819 1362 5890 exPrituitur.

2146 3317 2356 3360 centeni
2392 3321 2404 3359 :
2437 3304 2548 3375 Ego
2579 3323 2608 3359 a
2638 3317 2686 3360 te
2712 3307 2865 3359 debeo
2894 3308 3161 3376 baptizari,
3191 3318 3240 3359 et
3285 3316 3339 3358 tu
3383 3309 3521 3361 venis
3552 3309 3618 3359 att
3649 3323 3757 3370 me;

2145 3399 2423 3467 respondit
2459 3417 2470 3450 :
2507 3397 2632 3452 Sine
2682 3400 2871 3464 modo;
2901 3401 2974 3452 sic
3021 3399 3153 3452 enim
3179 3409 3377 3469 oportet
3405 3415 3496 3452 nos
3537 3400 3762 3469 implere

2147 3503 2342 3545 onmem
2363 3493 2620 3564 justitiam
2647 3491 2890 3562 (Mttttlt.,
2923 3507 2999 3557 Ill,
3037 3493 3102 3546 14
3134 3503 3176 3546 et
3205 3491 3313 3564 iii).
3345 3495 3446 3559 Qui
3469 3509 3596 3560 ergo
3627 3494 3762 3547 facit

2148 3588 2400 3639 mandata
2432 3587 2561 3652 Dei,
2593 3588 2853 3654 justilicat
2887 3588 3084 3646 Deum:
3119 3588 3244 3656 quia
3286 3589 3408 3642 facit
3441 3589 3560 3657 ejus
3595 3588 3762 3656 justi-

2149 3679 2273 3732 tiam
2309 3697 2321 3733 :
2355 3689 2408 3732 et
2437 3679 2639 3732 bonum
2666 3690 2746 3732 est
2775 3689 2833 3732 ut
2857 3679 3140 3733 censilium
3175 3677 3266 3734 Dei
3313 3689 3610 3750 sequantur
3657 3679 3762 3732 ho-

2149 3773 2352 3825 minum
2382 3771 2604 3824 Consilia
2629 3787 2642 3832 ;
2674 3771 2795 3837 quia
2824 3770 2921 3823 Dei
2950 3771 3234 3824 consilium
3261 3783 3468 3826 certum
3493 3784 3713 3839 semper
3742 3789 3758 3824 :

2149 3873 2334 3918 nostra
2367 3871 2545 3918 autem
2576 3864 2896 3934 plerumque
2929 3865 3134 3918 incerta
3183 3867 3410 3919 consilia
3453 3879 3516 3920 ex
3568 3880 3758 3920 rerum

2149 3959 2446 4026 probantur
2473 3968 2691 4012 eventu.

2638 4089 2873 4146 SER-MO
2911 4088 3260 4157 QUARTUS.

2799 4209 2849 4257 .‘t
2889 4203 3100 4257 Daletlt.

2227 4323 2276 4376 1.
2320 4322 2520 4390 Quarta
2555 4321 2733 4377 littera
2778 4325 3078 4379 secundum
3128 4325 3388 4379 Heln'aros
3427 4322 3654 4386 Daleth.
3686 4325 3769 4380 si-

2153 4417 2373 4486 gnificat
2404 4418 2590 4471 Latine
2624 4419 2896 4483 timorem,
2929 4421 3013 4473 vel
3042 4418 3271 4490 (utalibi
3299 4418 3625 4489 invenimus)
3660 4436 3766 4472 ua-

2157 4509 2442 4566 tivitatem.
2471 4510 2576 4566 Sed
2610 4515 2898 4582 utrumque
2927 4521 3104 4582 potest
3133 4527 3436 4581 congruere
3468 4522 3518 4567 et
3550 4527 3762 4567 conve-

2077 4635 2131 4694 Β
2160 4603 2275 4655 nire
2297 4617 2481 4655 sensu.
2504 4602 2773 4657 Nativitas
2794 4605 2937 4657 enim
2970 4620 3155 4657 eorum
3180 4617 3262 4657 est
3287 4621 3405 4673 qum
3427 4615 3767 4664 generantur

2159 4695 2210 4748 in
2242 4697 2345 4748 hoc
2373 4698 2572 4751 sil-culo
2595 4739 2607 4760 ,
2641 4703 2737 4766 per
2767 4700 2926 4767 quam
2958 4698 3308 4766 intelligimus
3361 4697 3662 4766 etirpuralia
3706 4707 3768 4752 et

2157 4788 2450 4842 materialia
2472 4829 2486 4851 ,
2525 4790 2646 4858 qua:
2693 4797 2816 4843 sunt
2857 4789 3055 4842 caduca
3077 4829 3092 4852 ,
3128 4800 3180 4841 et
3210 4789 3332 4843 ideo
3362 4805 3388 4841 a
3417 4790 3608 4842 timore
3651 4805 3765 4844 non

2153 4879 2352 4944 distat;
2383 4893 2450 4934 ex
2478 4880 2852 4949 corporalibus
2884 4880 3028 4935 enim
3059 4889 3114 4932 el.
3156 4882 3528 4934 materialibus
3577 4873 3764 4935 nasci-

2149 4980 2237 5026 tur
2260 4972 2440 5052 ιίμιριίτ
2464 4975 2600 5043 Quid
2627 4979 2767 5050 enim
2792 4987 2871 5028 est
2895 4987 3106 5029 terrena
3131 4975 3398 5038 nativitas,
3432 4976 3532 5030 nisi
3565 4978 3766 5030 timor?

2685 5067 2923 5136 Denique
2967 5067 3092 5121 inde
3126 5068 3288 5136 cceplt
3313 5075 3499 5122 ‘versus
3526 5085 3538 5121 :
3569 5069 3769 5121 Adita:—

2156 5157 2221 5212 sit
2250 5153 2538 5228 pavimento
2566 5159 2736 5214 anima
2759 5177 2868 5212 mea
2889 5175 2906 5213 :
2929 5157 3125 5229 viviﬁcn
3149 5177 3227 5213 me
3249 5163 3529 5214 secundum
3552 5163 3766 5214 verbum

2156 5267 2318 5309 tuum.
2355 5255 2458 5311 Per
2490 5256 2855 5325 pavimentum
2881 5264 3076 5311 terram
3112 5255 3496 5325 intelligimus,
3533 5272 3627 5326 per
3655 5266 3765 5311 ter-

2222 5474 2250 5513 ὶ)
2287 5476 2420 5531 Cod.
2455 5477 2641 5544 Viud.,
2677 5476 2802 5544 Quis
2828 5477 2986 5548 igitur
3014 5479 3067 5531 iu
3096 5494 3212 5547 rege
3237 5476 3369 5530 Saul
3399 5476 3633 5532 excitavit
3659 5478 3767 5532 vim

2150 5548 2363 5614 Spiritus
2390 5549 2550 5602 ntali?

2229 5630 2248 5654 ε
2283 5619 2354 5671 Ita
2407 5622 2584 5672 cttneti
2640 5627 2768 5674 mss.
2813 5636 2876 5675 ac
2925 5629 3028 5673 vet.
3079 5618 3211 5671 edit.
3270 5619 3338 5671 At
3395 5618 3551 5672 Rom.
3605 5620 3770 5684 Sola,

2153 5689 2375 5816 Joannis
2406 5707 2422 5743 :
2451 5692 2716 5758 publicani
2745 5703 2915 5746 autent
2936 5689 3350 5763 justiﬁcaveruut
3398 5687 3566 5744 Deum
3592 5689 3774 5754 bapti-

2157 5771 2256 5816 zatt
2285 5777 2314 5814 a
2377 5777 2455 5816 eo.
3076 5803 3078 5810 τ
3671 5805 3676 5813 .

2157 5764 2258 5818 zati
2285 5764 2348 5816 ab
2377 5777 2455 5818 eo.
