3988 6386
221 357 334 415 ΙΞΗ

1290 363 1356 418 IN
1396 351 1725 422 pSALttuiu
1764 348 1976 424 exitu
2014 347 2398 430 EXPosrno.

3340 355 3479 440 ista

212 485 309 524 ram
338 467 642 522 materialia.
679 469 955 554 Peccatori
991 473 1169 527 autem
1202 473 1404 529 dictum
1447 485 1568 530 est:
1618 467 1778 532 Terra
1804 473 1855 547 Α
1885 482 2013 535 lium
2045 473 2463 540 delc'claiionllrn
2494 473 2629 541 lueis
2656 483 2850 556 illiiiit;
2877 485 2932 545 ut
2958 485 3122 547 lateat
3148 493 3198 547 in
3228 491 3310 548 his
3339 477 3479 550 vei-i4

211 578 273 625 es,
301 569 342 614 et
366 562 412 612 in
437 569 620 614 terram
646 561 743 614 ibis
768 547 1017 631 ’(ϐεηεεη
1051 579 1133 629 in,
1168 565 1280 638 19);
1311 581 1376 622 co
1397 568 1540 638 quod
1578 567 1778 625 divinis

176 669 179 671 ·
212 654 445 707 mandatis
492 654 864 710 iulnerendum
911 672 1015 711 non
1048 661 1318 726 putaverit
1347 676 1359 712 :
1390 661 1483 714 sed
1525 661 1576 716 in
1610 671 1780 718 ritate-

213 743 341 796 rialia
383 753 435 797 et
481 746 780 812 corporalia
823 745 1136 813 deﬂexerit,
1170 749 1256 804 cui
1308 752 1566 819 imprcSSa
1619 752 1779 808 fuerit

209 837 313 890 vita:
343 836 490 905 hujus
519 837 793 892 smcularis
821 838 1130 895 delectatio.
1165 841 1409 910 Denique
1435 845 1642 912 ejectus
1664 854 1690 882 ει
1712 846 1779 902 de

208 930 465 1000 paradiso,
495 931 593 985 hoc
638 941 749 995 est,
782 949 850 987 ex
901 933 996 988 illo
1025 935 1241 990 sublimi
1285 948 1339 992 et
1383 938 1586 995 caelesti
1617 941 1735 994 loco
1761 983 1774 1007 ,

208 1023 263 1076 ad
285 1040 426 1093 quem
458 1036 642 1092 raptus
669 1035 753 1079 est
783 1025 980 1082 Paulus
1009 1029 1128 1084 sive
1156 1031 1207 1083 in
1237 1045 1468 1100 corpore
1495 1073 1507 1095 ,
1540 1031 1654 1088 sive
1684 1049 1778 1088 ex-

210 1123 277 1168 lt‘a
305 1132 484 1184 corpus
531 1119 781 1173 nesciens
812 1137 825 1170 :
854 1135 919 1174 ex
953 1120 1044 1174 illo
1069 1136 1200 1192 ergo
1226 1124 1487 1178 eminenti
1539 1125 1659 1180 loco
1684 1126 1779 1179 de-

206 1205 357 1274 jectus
400 1207 447 1260 iu
499 1219 699 1262 terram
727 1251 740 1272 ,
770 1209 1021 1279 deploret
1067 1213 1235 1266 Adam
1285 1213 1471 1269 dicens
1498 1231 1517 1268 :
1550 1217 1779 1271 Adliarsit

208 1303 460 1368 pavimento
487 1304 661 1356 anima
691 1319 837 1368 mea;
863 1307 1002 1360 sicut
1038 1304 1165 1361 alibi
1185 1308 1286 1361 ait:
1313 1307 1365 1360 Η
1373 1310 1606 1362 umiliata
1629 1322 1700 1365 est
1723 1312 1777 1365 in

208 1394 386 1462 polrere
407 1398 575 1449 animo
604 1414 732 1463 mea,
763 1409 809 1452 et
841 1398 1060 1453 adltwsit
1108 1402 1159 1454 in
1188 1413 1323 1456 terra
1369 1414 1536 1457 venter
1568 1405 1780 1477 1010

205 1505 323 1542 utens
359 1491 526 1559 (Paul.
577 1507 740 1552 xuii.
782 1493 901 1565 25).
961 1494 1341 1550 Pceiiitentiatn
1373 1497 1609 1566 gerentis
1664 1501 1778 1554 haec

206 1598 290 1635 vox
312 1594 403 1647 est,
426 1587 512 1653 qui
537 1586 876 1641 meminisset
898 1587 1264 1642 adiuereuteiu
1290 1603 1349 1644 se
1373 1591 1483 1643 Deo
1511 1592 1773 1656 nescisse,

207 1692 290 1731 nec
336 1678 566 1746 potuisse
618 1680 932 1736 discernere
997 1682 1176 1754 (quod
1226 1700 1332 1738 non
1405 1684 1669 1739 discrerit
1722 1695 1777 1740 et

206 1770 407 1840 Paulus)
457 1785 634 1828 utrum
689 1778 740 1830 in
789 1793 1019 1846 corpore
1064 1789 1240 1843 esset,
1270 1796 1336 1834 an
1382 1791 1534 1834 extra
1577 1791 1776 1848 corpus

207 1862 263 1934 (ll
288 1861 502 1920 Cortttt/t.
520 1884 618 1929 xu,
636 1870 689 1937 Ξ)
715 1885 728 1934 ;
750 1871 819 1924 ita
837 1872 1227 1938 inﬁrmitatem,
1249 1873 1629 1943 pigritiamque
1650 1882 1774 1927 eor-

206 1957 331 2022 puris
352 1958 560 2015 iuiuiine
587 1962 860 2016 Seruiebat
880 2005 895 2029 ,
929 1965 1013 2016 cui
1050 1964 1257 2018 Domini
1287 1965 1604 2019 adh-.erebat
1633 1981 1772 2035 pra:-

206 2051 617 2120 Scutia.Spiritus
640 2069 772 2123 ergo
800 2054 1168 2123 prophetimis,
1189 2058 1277 2124 qui
1297 2058 1772 2126 doloretitexpres-

204 2142 295 2208 sit,
319 2146 396 2198 vel
419 2146 671 2200 Dominus
697 2149 786 2218 qui
817 2151 1056 2220 suscepit
1081 2151 1200 2218 ejus
1228 2151 1622 2217 inﬁrmitatem,
1653 2149 1773 2222 per-

199 2249 376 2290 sonam
427 2249 775 2307 repriasetitat
803 2242 968 2308 Adae,
1004 2255 1058 2298 et
1082 2243 1312 2299 assumit
1337 2245 1454 2313 ejus
1493 2246 1770 2300 allectum.

262 2329 306 2382 5.
347 2329 608 2400 Loquatur
630 2348 760 2400 ergo
790 2335 960 2389 Adam
988 2353 1001 2389 :
1030 2335 1263 2392 Adlnesit
1290 2339 1577 2408 pavimento
1601 2338 1774 2391 animo

199 2437 311 2475 mea.
356 2423 448 2491 Qui
493 2435 624 2480 ante
668 2426 1015 2482 beatissimus
1062 2445 1248 2482 auram
1296 2431 1554 2498 carpebat
1607 2429 1776 2484 aethe-

199 2530 325 2568 reaiu
351 2559 363 2579 ,
391 2533 542 2573 curas
594 2519 717 2572 vita:
769 2519 927 2589 hujus
958 2531 1011 2575 et
1044 2523 1200 2576 taedia
1229 2522 1532 2586 nesciebat,
1565 2522 1610 2576 is
1633 2536 1775 2576 nunc

195 2608 527 2664 sollicitudine
556 2611 746 2665 mundi
779 2613 966 2679 hujus,
995 2614 1221 2669 hixuriae
1252 2615 1435 2667 Studio
1463 2656 1475 2680 ,
1504 2616 1773 2683 peculiite—

195 2713 286 2766 que
310 2702 591 2771 cupiditate
613 2713 906 2769 curvatus,
942 2714 998 2758 ut
1029 2706 1201 2775 volpis
1245 2708 1413 2761 foveis
1455 2723 1514 2761 se
1556 2709 1771 2776 inserit,

194 2789 508 2863 latibulisque
535 2799 904 2852 terrestribus.
933 2798 1128 2855 Merito
1168 2800 1483 2855 adlecta-bat.
1526 2804 1730 2871 pulveri
1758 2843 1771 2867 ,

194 2887 273 2955 qui
317 2905 371 2943 se
406 2892 583 2947 levare
613 2905 723 2946 non
755 2903 994 2959 poterat,
1028 2896 1131 2948 nisi
1180 2911 1304 2950 eum
1350 2911 1513 2965 supra
1556 2911 1771 2950 crucem

192 2993 325 3034 suam
351 2982 590 3038 Christus
621 2986 880 3039 levasset.
916 2985 1105 3040 Merito
1133 2987 1443 3042 adhaerebat
1470 2990 1775 3055 pavimento

192 3079 266 3144 qui
313 3092 369 3131 se
415 3078 782 3135 absconde-bat
824 3096 854 3134 a
896 3080 1136 3136 Christo.
1185 3081 1300 3135 Non
1347 3082 1590 3137 adimeret.
1631 3085 1776 3152 pavi-

191 3178 367 3234 mento,
393 3171 475 3225 cui
500 3172 635 3227 dicit
660 3173 817 3228 Jesus
844 3191 857 3227 :
885 3174 1111 3243 Sequere
1139 3191 1216 3228 ine
1239 3173 1419 3245 (Joan.
1451 3191 1486 3240 ι,
1511 3175 1625 3243 45).
1657 3175 1772 3229 Non

1885 582 1995 638 tas,
2025 584 2079 629 et
2104 573 2132 613 b
2156 577 2354 632 forensi
2381 578 2608 648 quadam
2644 575 2826 649 specie
2865 575 3142 653 (lecipiaut
3186 571 3481 658 appropin-

1882 672 2127 738 quantes.
2183 670 2286 726 Sed
2349 669 2468 728 cum
2519 668 2832 731 interiorem
2899 679 3113 734 oculum
3177 669 3372 737 mentis
3413 684 3482 742 ad

1884 770 2096 830 tempus
2144 764 2529 832 obduXerunt,
2578 769 2764 838 postea
2811 769 2987 826 tamen
3041 771 3271 828 decuSso
3333 777 3482 831 velut

1883 855 2110 924 quodam
2142 857 2359 926 pulvere
2389 859 2719 928 volmitaluni
2746 859 3051 930 hujusniodi
3079 857 3294 930 decore.
3320 886 3480 938 quam

1881 949 1953 1002 sit
1979 947 2151 1001 inanis
2193 943 2362 1019 gratia
2390 953 2571 1006 szeculi
2599 951 2758 1023 hujus
2787 963 2878 1009 aut
2918 951 3161 1027 corporis
3203 952 3359 1016 facile
3389 961 3485 1017 de-‘

1882 1041 2255 1112 prehenditur.

2049 1159 2256 1232 Donum
2286 1179 2558 1248 estigitur
2601 1180 2880 1237 adluercr'e
2925 1183 3175 1253 Domino,
3209 1201 3306 1243 nec
3332 1187 3488 1244 inﬂe-

1881 1285 2003 1324 xam
2064 1271 2331 1326 cervicem
2396 1271 2599 1329 habere
2643 1274 2707 1327 ad
2749 1275 2935 1344 jugum
2984 1279 3190 1332 mundi.
3244 1281 3482 1352 ideoque

1883 1363 2162 1429 Ecclesite,
2194 1367 2278 1421 vel
2308 1366 2428 1422 forti
2457 1370 2654 1423 anima:
2680 1370 2810 1426 dicit
2836 1372 3113 1438 Sapientia
3146 1394 3158 1428 :
3186 1376 3334 1430 Sicut
3375 1387 3486 1431 tur-

1880 1461 1949 1514 ris
1974 1458 2144 1514 David
2189 1463 2360 1516 cervix
2383 1472 2497 1528 tua,
2527 1479 2642 1534 qua:
2684 1465 2944 1535 aediﬁcata
2971 1477 3045 1521 est
3073 1469 3126 1522 in
3153 1466 3434 1540 T/talpfot/t
3465 1487 3488 1527 .‘

1884 1563 1906 1590 ο
1938 1555 2076 1608 mille
2121 1556 2254 1609 ostia
2300 1557 2524 1626 pendent
2554 1559 2606 1612 in
2652 1576 2742 1625 ea,
2772 1562 2944 1615 omnia
2963 1563 3147 1635 jacula
3193 1554 3481 1633 potentiunt

1882 1645 2052 1717 (Cant.
2085 1665 2157 1712 iv,
2187 1646 2264 1720 4).
2293 1651 2483 1704 Et‘ecta
2526 1651 2670 1705 enim
2715 1651 2781 1705 ad
2821 1653 2986 1707 Deum
3030 1655 3211 1710 cervix
3233 1697 3247 1719 ,
3277 1668 3326 1711 et
3353 1656 3485 1727 jugo

1879 1742 2077 1797 Christi
2108 1743 2321 1810 habilis,
2353 1761 2473 1816 quae
2499 1747 2641 1801 nulla
2685 1749 2736 1801 iu
2765 1755 2937 1804 terras
2979 1748 3360 1806 illecebrarum
3404 1753 3485 1806 itt-

1817 1851 1851 1915 .n'
1882 1835 2118 1890 llexioue
2144 1845 2421 1915 curwtur,
2445 1837 2588 1892 sicut
2615 1838 2814 1893 Christi
2849 1837 3047 1911 regalis
3073 1851 3155 1897 est
3179 1844 3371 1908 turris,
3398 1837 3482 1898 cui

1802 1901 1894 1960 B:

1873 1930 2060 1998 jugum
2091 1947 2244 1984 suum
2276 1930 2774 1988 Nabuchodonosor
2815 1950 2923 1989 non
2969 1932 3137 2006 possit
3179 1937 3480 2008 imponere.

1874 2023 2125 2079 Condidit
2167 2027 2308 2081 enim
2341 2029 2531 2083 turrim
2582 2030 2726 2085 illam
2757 2031 2922 2086 David
2944 2071 2958 2098 ,
2992 2033 3083 2088 ille
3107 2041 3267 2089 manu
3292 2033 3483 2102 fortis,

1875 2128 1928 2173 ct
1979 2134 2141 2189 supra
2190 2135 2470 2176 murorum
2518 2121 2803 2178 aediﬁcavit
2846 2126 3092 2192 escels‘a;
3143 2129 3198 2182 ut
3239 2129 3484 2185 subsidio

1877 2213 2077 2282 pariter
2118 2221 2174 2268 et
2211 2213 2392 2268 decori
2433 2217 2502 2269 sit
2529 2234 2541 2268 :
2567 2217 2842 2284 subsidio,
2882 2221 3005 2288 quia
3035 2219 3244 2275 hostem
3291 2217 3485 2289 prasvlé

1875 2304 1967 2359 det
1991 2318 2043 2358 et
2075 2305 2559 2373 repellit:decori,
2585 2311 2710 2379 quia
2755 2326 2862 2365 non
2913 2311 3089 2366 solmit
3133 2307 3277 2369 inter
3318 2307 3486 2368 immi-

1874 2397 1978 2463 lia,
2007 2399 2283 2452 selctiam
2309 2398 2446 2453 inter
2488 2402 2705 2456 excelsa
2745 2404 3135 2472 supereminet.
3183 2403 3255 2458 Ita
3303 2409 3483 2460 taiuen

1875 2490 2117 2544 subsidio
2144 2531 2158 2557 ,
2188 2491 2269 2545 vel
2293 2491 2498 2555 decori,
2526 2494 2570 2548 si
2599 2494 2795 2550 habent
2841 2495 2890 2548 in
2933 2511 2992 2550 se
3037 2495 3188 2550 verbi
3229 2496 3484 2564 degrnata

1876 2583 2022 2637 velut
2060 2583 2305 2653 qua‘dam
2355 2584 2696 2654 phalerarum
2750 2588 2958 2661 ισιι
3007 2588 3257 2652 monilia,
3289 2585 3487 2644 habent

1877 2680 2035 2731 etiam
2075 2676 2252 2746 jacula
2302 2680 2598 2746 potentium
2625 2681 3031 2748 prophetarum,
3060 2696 3179 2749 qua:
3225 2681 3484 2736 adversus

1877 2785 2090 2823 omnem
2120 2770 2472 2825 extollentem
2513 2786 2572 2826 se
2616 2771 2954 2828 altitudinem
3000 2773 3220 2828 lacertis
3263 2774 3484 2844 quibus.

1878 2861 1999 2917 dam
2027 2862 2150 2916 lidei
2174 2861 2502 2932 diriguntur.

1951 3000 2004 3054 6.
2048 2999 2164 3054 Noli
2208 2999 2370 3068 igitur
2423 3000 2474 3054 iu
2521 3000 2794 3070 pulverem
2847 3002 3040 3056 mortis
3077 2997 3346 3057 deducere
3369 3003 3485 3057 ani-

1879 3111 2017 3149 mam
2045 3103 2212 3156 tuam,
2231 3093 2316 3148 cui
2344 3094 2606 3148 Dominus
2631 3096 2790 3150 eti:uu
2817 3095 3118 3150 naturalem
3146 3091 3481 3151 altitudinem

1879 3181 2097 3251 tribuit,
2124 3196 2179 3242 et
2207 3188 2442 3256 vigorem
2476 3205 2582 3258 quo
2631 3204 2688 3242 se
2719 3190 2918 3243 excitet
2949 3199 3003 3243 et
3027 3187 3294 3258 assurgat.
3330 3188 3485 3245 Unde

192 3263 401 3319 ailltaarct
432 3269 745 3334 pavimento
781 3269 869 3338 qui
906 3269 1054 3337 audit
1093 3279 1148 3322 et
1189 3269 1436 3338 sequitur
1461 3269 1658 3339 Legem
1691 3270 1772 3324 tll-
1799 3277 1844 3347 Ε
1876 3283 2038 3336 etiam
2064 3281 2132 3336 de
2161 3283 2257 3336 hac
2285 3281 2668 3349 conjunctione
2698 3285 2891 3337 auiriue
2923 3295 2973 3337 et
2996 3287 3242 3354 corporis
3272 3281 3478 3338 dictum

190 3369 375 3412 centeni
403 3379 415 3414 :
445 3360 574 3414 Post
593 3360 872 3415 Dominum
902 3362 1070 3417 Deum
1097 3367 1238 3417 tuum
1264 3365 1568 3431 ambulabis,
1599 3375 1644 3418 et
1671 3367 1771 3434 ipsi

193 3454 454 3509 κώθωνεὺή
484 3454 698 3524 (Deut,
727 3471 782 3524 x,
807 3458 923 3524 :20).
1369 3464 1372 3467 ’

250 3544 296 3598 4.
333 3546 618 3614 Quomodo
657 3564 786 3618 ergo
817 3552 1124 3618 pavimento
1170 3550 1447 3605 adharreat
1489 3551 1773 3621 unusquis-

191 3655 297 3705 que,
317 3642 585 3708 quomodo
610 3643 741 3707 Deo,
761 3643 885 3698 audi
909 3645 1176 3698 dicentem
1211 3662 1224 3698 :
1259 3646 1398 3711 Quid
1419 3646 1645 3700 udhazret
1670 3663 1774 3701 ine-

192 3732 361 3794 retrici.
387 3751 547 3788 unum
573 3753 758 3807 corpus
781 3745 872 3789 est.
918 3777 932 3790 .
981 3779 991 3790 .
1038 3775 1050 3790 .
1091 3738 1180 3807 qui
1201 3749 1372 3790 autent
1393 3739 1618 3792 adhwret
1644 3739 1771 3806 Deo,

191 3842 306 3881 unus
348 3832 564 3899 spiritus
619 3839 690 3883 est
740 3829 794 3903 (1
825 3829 969 3896 Con,
1001 3841 1073 3895 vt,
1106 3831 1172 3885 16
1217 3841 1262 3885 et
1303 3832 1413 3903 Π).
1457 3831 1624 3886 Terra
1675 3831 1775 3887 ista

191 3935 332 3989 quam
354 3926 614 3995 gerimus,
649 3903 952 3980 meretricis
999 3926 1322 3995 quibusdam
1357 3941 1456 3980 nos
1499 3927 1774 3982 illecebris

190 4017 335 4084 capit,
365 4026 417 4072 et
442 4017 600 4088 quasi
625 4019 805 4073 vultus
842 4019 1102 4088 quosdam
1139 4018 1493 4089 voluptatum,
1519 4035 1776 4090 corpora-

255 4200 276 4226 ⁸
303 4191 638 4261 Ubicumque
664 4192 777 4248 fere
805 4195 1123 4250 Ambrosius
1141 4193 1210 4248 de
1235 4207 1300 4247 ex
1314 4191 1560 4259 pulsione
1585 4191 1777 4247 Adami

193 4276 220 4312 c
239 4265 500 4344 paradiso,
530 4265 617 4348 vel
649 4265 716 4346 de
747 4279 901 4348 raptu
923 4266 1080 4338 Pauli
1109 4266 1161 4320 in
1183 4264 1494 4348 paradisum
1521 4263 1776 4348 loquitur,

193 4329 338 4388 animi
369 4345 422 4390 et
451 4329 708 4390 eunid'eni
756 4329 934 4390 locum
988 4354 1108 4393 esse
1153 4329 1452 4405 signiﬁcat,
1481 4343 1543 4408 ut
1574 4329 1776 4408 iiitcllié

192 4417 305 4477 gere
333 4415 413 4460 est
438 4423 468 4461 e
498 4411 618 4477 cap.
653 4409 672 4460 l
712 4408 805 4461 lib.
843 4409 916 4463 De
962 4408 1249 4469 Para'diso,
1275 4421 1423 4460 num.
1472 4407 1522 4464 l.
1556 4405 1781 4472 aliisque

193 4474 330 4528 lovis.
363 4474 646 4539 Unde.'ut
677 4481 752 4532 ait
797 4478 988 4534 Sixtus
1029 4480 1155 4536 Sen.
1193 4478 1285 4532 lib.
1322 4493 1388 4538 v.
1425 4477 1560 4531 Bibl.
1593 4479 1777 4532 auuol.

190 4545 283 4612 35,
313 4550 574 4619 colligere
614 4550 716 4604 sibi
744 4554 995 4606 videntur
1039 4549 1282 4606 nonnulli
1317 4550 1463 4603 illum
1495 4551 1544 4614 iu
1573 4549 1781 4608 duobus

191 4634 215 4666 ιι
245 4623 452 4687 τὲουιηιι
485 4621 858 4692 theologorth
892 4625 1154 4692 sententia
1200 4621 1476 4676 recedere.
1509 4620 1638 4674 Nam
1672 4621 1781 4688 pri-

192 4701 299 4763 mo.
323 4692 574 4756 inquiunt
603 4735 616 4757 ,
660 4691 894 4763 paradisi
929 4691 1104 4748 locum
1140 4693 1291 4762 ponit
1318 4691 1369 4744 in
1405 4693 1563 4746 tertio
1595 4693 1733 4745 'cmlo
1765 4709 1779 4746 :

190 4760 371 4816 deinde
399 4781 521 4818 rem
556 4760 716 4816 teiain
759 4766 823 4820 ad
849 4779 1027 4820 meras
1063 4760 1352 4830 allegorias
1379 4763 1592 4830 redigit.
1626 4763 1779 4829 Quod

191 4832 249 4906 ad
280 4837 515 4903 primum
544 4836 736 4889 attinet
756 4878 769 4897 .
804 4838 1032 4892 fatemur
1061 4837 1279 4906 quidem
1319 4834 1608 4906 glil'ticnlter
1638 4837 1783 4902 ejus-

191 4900 300 4957 dem
332 4907 496 4959 verba
542 4909 591 4960 in
639 4907 803 4960 aliuui
856 4900 1091 4963 scusum'
1126 4900 1330 4960 traduci
1379 4920 1584 4973 posse:
1635 4900 1688 4960 at
1730 4907 1779 4959 iu

193 4973 452 5041 ejusmodi
486 4993 545 5032 re
572 4985 726 5031 error
758 4993 862 5033 non
895 4981 963 5033 ita
997 4977 1328 5046 pericul03iis
1357 4987 1434 5031 est
1465 4992 1620 5038 ;cnin
1651 4992 1784 5045 prac-

194 5051 366 5100 sertim
417 5049 488 5103 de
537 5049 784 5114 paradiso
816 5051 894 5104 sic
943 5052 1374 5119 pronuntim-erit
1418 5050 1646 5114 August.
1687 5049 1779 5101 lib.

192 5131 293 5190 vttt.
313 5119 380 5173 de
405 5119 604 5174 Cenes.
623 5137 743 5187 cap.
763 5123 825 5175 2|
856 5141 868 5175 :
895 5119 1212 5176 Credemlnm
1225 5121 1444 5190 estquod
1471 5120 1612 5172 locus
1635 5136 1788 5187 para-

191 5189 330 5262 disia
355 5194 648 5262 cognitione
669 5193 930 5247 hominum
952 5204 1025 5247 est
1054 5192 1437 5246 reticatissimus.
1473 5190 1624 5258 Quod
1658 5206 1788 5244 vero

193 5259 253 5332 ad
282 5259 609 5326 secundum,
653 5264 1034 5319 contendimus
1066 5267 1236 5332 ipsum
1274 5263 1516 5330 pluribus
1554 5262 1687 5314 locis
1727 5277 1790 5314 ca

191 5329 364 5403 dicere
393 5349 520 5403 qua:
549 5335 790 5389 historia:
824 5329 1104 5390 veritatem
1123 5329 1282 5402 juxta
1306 5333 1604 5387 naturalem
1631 5332 1789 5386 intel-

191 5399 466 5472 ligentiain
497 5416 837 5474 supponant;
868 5415 926 5459 ut
953 5422 1074 5460 cum
1102 5399 1216 5474 cap.
1254 5407 1278 5459 1
1308 5406 1396 5459 lib.
1427 5405 1488 5459 de
1513 5403 1790 5468 Paradiso,

195 5487 337 5547 non).
365 5475 423 5537 ἴ),
460 5477 532 5529 ait
559 5496 571 5530 :
605 5477 844 5547 lntellige
874 5479 1024 5530 etiam
1053 5480 1188 5547 quod
1218 5493 1321 5530 non
1349 5491 1466 5528 eum
1501 5476 1788 5537 hominem,

191 5544 276 5620 qui
302 5548 586 5600 secundum
630 5544 908 5620 imaginem
951 5544 1179 5620 Deijest,
1209 5548 1297 5620 sed
1339 5563 1458 5601 eum
1487 5548 1572 5615 qui
1611 5563 1793 5620 secun-

195 5615 312 5667 dum
339 5633 569 5683 corpus;
598 5615 946 5688 incorporalis
988 5615 1119 5672 enim
1152 5621 1203 5672 tn
1252 5619 1363 5671 loco
1409 5633 1506 5670 non
1551 5626 1644 5671 est.
1684 5618 1792 5669 Ex-

193 5688 369 5758 pende
399 5692 581 5755 plures
611 5690 748 5744 alios
778 5691 926 5743 iocos
958 5691 1198 5758 ejusdem
1231 5690 1382 5752 libri,
1415 5699 1576 5758 atque
1608 5689 1792 5757 impri-

195 5756 294 5830 t_u_is
324 5775 453 5830 cap.
489 5760 570 5824 10,
603 5773 752 5816 num.
786 5761 855 5814 47
884 5770 938 5813 et
971 5756 1067 5821 lix,
1103 5769 1201 5815 nec
1227 5759 1330 5814 tton
1360 5756 1577 5830 capite
1600 5801 1613 5822 ,
1640 5756 1788 5813 nutri.

195 5826 264 5903 59
305 5839 363 5884 et
406 5829 502 5903 60.7
551 5833 687 5890 llinc
739 5833 928 5902 procul
977 5832 1142 5888 dubio
1189 5826 1456 5903 intelliges
1505 5831 1790 5903 Ductorem

194 5901 452 5999 ignotum
479 5902 542 5982 (ιθ
567 5901 802 5990 veritate
823 5903 1085 5992 historica
1111 5905 1343 6002 paradisi
1370 5901 1651 5985 terrestris
1680 5916 1790 5993 ιιρη

1876 3384 2177 3443 opportune
2207 3368 2511 3445 accipitur;
2547 3392 2612 3430 co
2654 3375 2794 3446 quod
2838 3377 2887 3430 in
2933 3376 3162 3430 naturali
3193 3375 3316 3430 vita:
3363 3392 3488 3430 nos-

1877 3477 1972 3522 ira:
2005 3469 2261 3540 mysterio
2290 3486 2531 3525 connexa
2566 3471 2742 3524 anima
2775 3471 2988 3541 corpori
3015 3470 3159 3526 velut
3183 3469 3328 3525 lmmi
3364 3489 3488 3542 rep-

1878 3561 1988 3627 tet,
2041 3573 2096 3617 et
2145 3564 2451 3632 pavimento
2505 3563 2824 3618 adhaereat:
2871 3561 3065 3634 pariim
3119 3561 3337 3635 propter
3390 3564 3489 3618 hoc

1880 3665 2153 3710 terrebunt
2208 3655 2574 3715 habitaculum
2598 3699 2611 3719 ,
2646 3655 2838 3725 partim
2890 3653 3015 3726 quia
3048 3672 3244 3727 Corpus
3287 3644 3424 3709 istud
3459 3671 3489 3709 e

1883 3758 2023 3804 terra
2053 3759 2155 3804 est.
2192 3742 2256 3805 Et
2286 3751 2522 3819 regionis
2550 3751 2709 3820 igitur
2740 3751 3140 3817 diversorium,
3174 3758 3226 3804 et
3259 3741 3488 3805 materia

1881 3841 1997 3910 ipsa
2041 3845 2285 3908 Corporis
2318 3845 2486 3897 nostri
2518 3844 2641 3897 huic
2670 3843 2948 3898 concurrit
2993 3842 3301 3898 sententia}.
3338 3835 3490 3894 Ideo-

1882 3949 1986 4003 que
2038 3933 2260 4005 pulchre
2329 3933 2622 3999 Apostolus
2670 3933 2736 3988 de
2788 3934 2979 3987 Inertis
3048 3932 3205 4002 hujus
3253 3947 3488 4000 corpore

1881 4028 2099 4084 liberari
2146 4017 2296 4099 cupii.
2330 4027 2506 4099 (Rom.
2542 4027 2634 4095 vri,
2665 4027 2795 4097 2i);
2833 4027 2956 4097 quia
2990 4025 3208 4082 carcere
3256 4027 3488 4096 quodam

1885 4194 2164 4250 dubitasse
2194 4213 2206 4248 :
2238 4193 2332 4250 sed
2359 4205 2479 4248 eum
2508 4203 2628 4248 cum
2661 4210 2782 4262 cap.
2813 4193 2848 4248 2
2873 4192 3116 4258 prmdicti
3144 4191 3300 4260 libri,
3333 4207 3487 4250 num.

1888 4269 1947 4322 Η
1978 4307 1992 4330 ,
2026 4267 2291 4336 integrum
2343 4265 2598 4335 relinquit
2625 4307 2640 4327 .
2675 4267 2969 4334 ut-quibus
3017 4267 3274 4330 libuerit,
3324 4275 3488 4320 totam

1888 4337 2036 4391 illam
2068 4338 2349 4392 hisroriam
2380 4338 2670 4406 allegorice
2706 4339 3135 4406 interpretentur
3156 4379 3168 4396 .
3204 4337 3254 4391 id
3296 4337 3488 4393 fecisse

1891 4411 1988 4478 per
2036 4409 2339 4480 quaindaitr
2366 4411 2808 4473 ceucessionem;
2843 4407 3297 4480 quemadunulum
3346 4410 3492 4463 clare

1889 4469 2264 4535 deuiohstrant
2309 4469 2397 4533 Illa
2429 4482 2586 4534 verba
2623 4497 2635 4534 :
2671 4495 2734 4534 ne
2775 4469 3040 4538 sermone.
3076 4482 3282 4546 inquit.
3317 4489 3490 4533 nostro

1889 4553 2159 4606 rideantur
2201 4549 2432 4617 offendi;
2459 4562 2514 4605 et
2543 4551 2798 4622 quidquid
2831 4553 2882 4606 in
2930 4552 3120 4604 eodem
3166 4550 3346 4618 capite
3374 4563 3491 4604 me.-

1891 4634 2100 4678 morata
2134 4627 2300 4677 verba
2330 4623 2636 4686 antecedit,
2666 4624 2842 4676 Valide
2873 4624 3184 4676 conlirmat.
3216 4624 3489 4674 Caeterum

1888 4707 2010 4747 cum
2043 4689 2374 4772 Augustinus
2405 4693 2547 4746 hunc
2571 4693 2764 4772 librum
2795 4691 2979 4772 colitra
3008 4689 3275 4772 Julianum
3406 4709 3463 4743 as

1890 4762 2177 4820 truenduin
2214 4776 2486 4831 peccatum
2531 4765 2793 4831 originale
2840 4764 3158 4828 laudaverit,
3196 4762 3484 4815 manifesto

1890 4837 2204 4902 intelligitur
2235 4836 2380 4887 illum
2421 4849 2790 4888 vacuumesse
2821 4831 3029 4888 erroris
3077 4834 3195 4900 ejus
3244 4834 3334 4902 qui
3389 4835 3490 4886 ini-

1892 4923 2010 4961 rum
2062 4907 2114 4960 iu
2165 4906 2381 4960 modum
2430 4906 2644 4959 {avehat
2691 4905 3014 4972 Pelagianis.
3061 4904 3178 4959 .lam
3239 4903 3486 4962 nonnihil

1894 4978 1994 5032 hac
2024 4978 2091 5032 de
2121 4993 2177 5032 rc.
2221 4975 2284 5029 ad
2315 4977 2565 5030 cuimlcm
2601 4977 2778 5044 locum
2825 4977 3133 5044 attigimus;
3173 4982 3229 5029 et
3265 4975 3406 5029 forte
3437 4975 3487 5029 in

1891 5049 2048 5118 epist.
2084 5049 2146 5104 ad
2175 5048 2432 5104 Sabinum
2464 5047 2662 5117 aliquid
2697 5041 2872 5100 adhuc
2900 5041 3234 5116 adjicietnus.

1963 5120 1990 5158 ι)
2022 5123 2221 5175 Omnes
2264 5122 2394 5174 edit.
2424 5135 2505 5189 _ac
2551 5135 2679 5189 mss.
2733 5120 2967 5189 aliquot,
3019 5119 3209 5184 forensi
3266 5118 3488 5186 quadam

1893 5194 2062 5258 specie
2091 5193 2334 5260 decipiat.
2373 5184 2476 5244 Alii
2528 5188 2718 5268 melius
2740 5232 2754 5254 ,
2800 5184 2837 5242 .’
2859 5231 2871 5243 .
2921 5231 2938 5268 ._
2964 5191 3254 5268 decipiant,
3279 5184 3490 5268 scilicet

1895 5263 1971 5317 illi
1997 5264 2170 5316 uultus
2219 5264 2557 5331 voluptatum.
2597 5263 2683 5317 Est
2715 5271 2894 5314 autcm
2929 5261 3014 5314 hic
3043 5261 3264 5331 forensis
3304 5261 3493 5331 species

1897 5350 2004 5387 non
2053 5329 2375 5402 simpliciter
2421 5334 2660 5387 exterior
2690 5344 2744 5387 et
2775 5349 2893 5402 quin
2941 5329 3071 5386 t0ris
3113 5333 3351 5391 videtur,
3389 5329 3486 5402 sed

1895 5399 2198 5474 composita
2228 5406 2293 5458 ad
2324 5407 2492 5474 instar
2535 5399 2939 5470 mercium'qum
2963 5405 3014 5456 in
3059 5403 3174 5474 l'oro
3217 5402 3286 5454 ita
3318 5399 3489 5454 collo-

1896 5479 2007 5531 cari
2027 5472 2238 5540 solent,
2270 5487 2324 5529 ut
2356 5473 2592 5531 alliciant
2621 5475 2808 5529 oculos
2839 5472 3268 5528 adventantium.

1976 5560 1994 5583 ο
2039 5547 2112 5602 Ita
2146 5560 2248 5602 vet.
2282 5548 2412 5600 edit.
2445 5561 2563 5599 cum
2600 5547 2874 5615 plerisque
2917 5561 2980 5599 ac
3018 5544 3331 5615 melioribus
3363 5551 3494 5596 mss.

1879 5618 2059 5671 .Rom.
2092 5630 2268 5671 autem
2313 5633 2431 5670 cum
2481 5613 2638 5673 aliis.
2673 5616 2809 5668 mille
2841 5617 3010 5684 clypei
3036 5615 3257 5686 pendent
3309 5613 3361 5666 l‘n
3401 5629 3490 5686 rica.

1903 5688 2045 5766 LXX
2081 5690 2489 5766 itilcrp.,_zi).t0t
2517 5689 2688 5766 θυρεοὶ
2731 5690 3010 5766 ἡρέμαντᾳι
3037 5684 3136 5766 -ἑτιθ
3178 5688 3352 5766 αὐτὸν.
3394 5684 3500 5738 δι’(ῐ

1901 5761 2025 5815 inde
2064 5772 2178 5814 orta
2204 5757 2446 5840 vari-etas
2475 5757 2594 5827 est,
2624 5757 2771 5831 quod
2801 5757 2972 5840 θνρεοί
3004 5758 3142 5814 ostia
3174 5767 3231 5812 et
3278 5757 3498 5830 clypeos

1898 5848 1962 5894 ex
1991 5846 2144 5908 aequo
2172 5833 2456 5905 signiticet.
