3988 6340
433 303 578 362 1215

1797 300 2042 358 SANCTI
2081 299 2404 358 AMBROSII

3593 296 3739 352 UH

427 415 762 482 claudimur,
793 425 848 471 et
873 414 926 471 in
952 414 1186 487 quodam
1219 412 1446 470 luxurie
1475 413 1752 486 gurgustio
1782 413 1904 482 siti,
1949 424 2028 470 te-
2053 415 2108 478 Α
2133 412 2457 470 veniendum
2489 421 2674 485 putat;
2705 422 2760 468 ut
2796 411 3028 484 primum
3076 426 3170 467 sua
3219 418 3435 481 peccata
3478 410 3741 467 fateatur.

431 510 618 568 nebris
646 509 976 568 involvimur
999 507 1345 565 delictorum.

2139 506 2232 564 Sic
2259 505 2404 562 enim
2429 505 2688 562 docemur
2731 513 2787 561 et
2827 504 2957 560 alibi
2991 523 3003 559 :
3038 501 3138 557 Dic
3163 503 3456 574 iniquitates
3497 512 3614 557 tuas
3635 544 3650 568 ,
3680 509 3745 556 ut

508 605 561 660 7.
605 603 748 676 Ergo
794 602 1094 659 secundum
1145 601 1483 658 voluntatem
1529 601 1621 658 Dei
1653 576 2033 673 ambulemus,
2131 601 2438 674 justiﬁceris
2485 597 2653 672 (Esai.
2681 613 2836 664 mu,
2877 596 2998 669 26).
3027 595 3213 668 Itaque
3256 597 3398 652 scire
3443 595 3741 662 debemus,

436 707 496 754 ut
519 697 800 753 adbazrcre
825 695 1071 751 dieamur
1121 695 1249 752 Deo.
1281 693 1415 752 Nam
1443 696 1534 767 qui
1565 695 1864 752 secundum
1909 711 2036 751 cor-

439 789 586 862 poris
631 789 999 860 appetentiam
1047 787 1210 854 vivit,
1261 803 1390 846 caro
1429 799 1557 844 est:
1601 790 1694 860 qui
1737 789 2036 845 secundum

435 888 702 952 praecepta
759 879 896 945 Dei,
945 879 1171 951 spiritus
1218 890 1322 936 est.
1375 879 1491 936 Non
1539 897 1670 954 ergo
1718 881 1813 936 fiat
1857 882 2037 938 anima

439 980 626 1027 nostra
674 985 836 1034 caro.
868 971 970 1027 hoc
1013 984 1126 1039 est,
1151 981 1209 1028 ut
1234 972 1481 1028 dicamur
1518 988 1647 1029 caro
1693 975 1835 1030 sicut
1877 975 2041 1030 etilli

441 1065 530 1136 qui
563 1066 616 1120 in
642 1063 852 1122 diluvio
879 1065 1187 1137 perierunt,
1220 1067 1289 1122 de
1310 1067 1507 1138 quibus
1532 1066 1739 1122 dictum
1770 1076 1877 1136 est,
1905 1067 2041 1134 Quia

436 1173 559 1212 caro
589 1169 707 1212 sunt
751 1155 932 1230 (Gen.,
965 1175 1037 1224 vt,
1063 1159 1119 1229 '5)
1159 1176 1175 1214 :
1211 1160 1304 1215 sed
1333 1159 1506 1231 magis
1545 1175 1673 1215 caro
1699 1173 1882 1216 nostra
1913 1161 2046 1217 obc-

441 1251 602 1308 diens
627 1251 822 1307 anima:
852 1251 1243 1322 gubernaculo,
1279 1253 1372 1309 ﬁat
1397 1253 1601 1320 anima,
1636 1262 1693 1309 ct
1722 1253 1823 1309 hoc
1858 1254 2046 1324 appel-

441 1343 543 1401 lari
573 1357 848 1401 mereatur
877 1348 1118 1413 nomine,
1151 1348 1290 1402 sicut
1317 1347 1583 1420 appellata
1609 1359 1692 1404 est
1721 1348 1923 1404 familia
1955 1365 2048 1418 pa-

441 1436 942 1506 triarchaeJacob,
972 1450 1026 1494 et
1054 1440 1426 1511 generationis
1455 1439 1574 1511 ejus
1621 1451 1810 1496 sancta
1858 1453 2046 1513 poste-

446 1528 605 1585 ritas.
639 1529 730 1584 Sic
756 1530 900 1585 enim
931 1531 1193 1602 scriptum
1221 1541 1304 1586 est
1338 1551 1352 1588 :
1383 1530 1459 1586 Hi
1487 1532 1586 1602 ﬁlii
1617 1531 1747 1586 Bala
1773 1549 1924 1603 quam
1959 1533 2049 1588 de—

446 1621 525 1677 dit
565 1621 740 1678 Laium
786 1623 985 1679 Rachel
1030 1625 1156 1695 ﬁlia:
1182 1641 1322 1693 suat,
1355 1634 1378 1662 ³
1414 1635 1461 1679 et
1503 1626 1698 1698 peperit
1728 1626 1822 1682 ltos
1847 1627 2042 1692 Jacob,

448 1716 648 1770 animus
696 1727 907 1785 septem.
938 1717 1003 1773 Et
1053 1718 1221 1773 alibi:
1256 1718 1447 1773 Omnes
1491 1727 1663 1772 autem
1703 1721 1891 1774 anima:
1938 1737 2051 1790 qua:

2140 693 2268 764 quid
2296 693 2371 748 sit
2402 693 2519 748 vias
2560 708 2685 749 suas
2723 691 3003 748 ambulare
3045 690 3352 758 hominem,
3383 699 3439 746 et
3473 691 3588 745 vias
3619 689 3746 745 Dei.

2143 784 2243 853 Qui
2293 785 2419 840 facit
2463 785 2767 840 voluntates
2791 785 2973 840 carnis
2994 828 3008 852 ,
3034 794 3088 839 et
3131 783 3267 839 vivit
3291 782 3584 840 secundum
3611 798 3751 838 con-

2143 879 2528 949 Cupiscentiam
2564 879 2747 934 mundi
2785 879 2976 948 hujus,
3008 877 3123 933 vias
3151 892 3280 932 suas
3322 877 3595 944 ambulat,
3625 877 3752 949 qni-

2145 969 2246 1026 bus
2271 971 2571 1027 delectatur
2596 981 2652 1027 et
2694 973 2911 1042 gaudet.
2945 970 3048 1038 Qui
3092 981 3272 1026 autem
3313 971 3463 1025 venit
3491 969 3753 1024 volunta-

2147 1072 2255 1118 tem
2299 1063 2478 1119 facere
2519 1063 2691 1118 Patris
2719 1063 2803 1118 sui
2855 1063 2949 1134 qui
2996 1064 3048 1118 in
3075 1063 3228 1119 caelis
3277 1060 3570 1132 est,cujus
3595 1060 3756 1117 cibus

2148 1167 2232 1214 est
2277 1167 2336 1213 ut
2382 1159 2692 1214 mandatum
2742 1159 2839 1214 Dei
2890 1159 3161 1230 compleat
3203 1177 3215 1212 :
3262 1159 3353 1229 qui
3401 1173 3506 1214 non
3557 1157 3760 1227 qumrit

2147 1253 2292 1324 quod
2322 1253 2422 1308 sibi
2456 1253 2714 1324 voluptati
2762 1254 2854 1315 sit,
2886 1252 2982 1309 sed
3027 1253 3170 1324 quod
3219 1254 3428 1324 placeat
3476 1252 3625 1317 Deo;
3659 1252 3757 1308 ille

2149 1347 2290 1402 viam
2326 1347 2535 1403 Domini
2567 1349 2775 1419 pergit,
2807 1347 2953 1403 illam
2983 1348 3123 1403 viam
3166 1363 3287 1419 quae
3331 1348 3407 1402 ait
3437 1365 3462 1425 εί
3486 1346 3596 1425 Ego
3639 1362 3760 1401 sum

2151 1440 2232 1494 via
2251 1481 2267 1506 ,
2293 1440 2478 1494 veritas
2501 1481 2516 1506 ,
2543 1449 2591 1494 et
2639 1441 2743 1494 vita
2782 1439 2992 1516 (learn,
3016 1439 3759 1518 xtvo,j_§),m\ji_dgswerga..quia

2087 1527 2417 1588 "‘illé’t‘ivi‘t
2458 1523 2763 1590 secundum
2787 1523 3012 1590 verbum
3056 1535 3185 1601 Dei,
3215 1536 3305 1604 qui
3340 1535 3477 1590 viam
3523 1533 3771 1589 ambulat

2153 1626 2378 1686 Christi.
2408 1627 2532 1699 Ipse
2571 1631 2735 1685 etiam
2767 1629 3028 1684 Dominus
3073 1628 3293 1684 Deusin
3340 1627 3766 1684 Deuteronomio

2155 1719 2343 1786 docet,
2377 1721 2649 1792 quomodo
2700 1722 2751 1776 in
2799 1723 2902 1777 viis
2951 1721 3063 1777 suis
3111 1721 3392 1788 ambules,
3423 1721 3612 1777 dicens
3646 1740 3660 1776 :
3691 1719 3767 1775 Et

446 1809 763 1862 intraverunt
789 1825 905 1863 cum
930 1806 1093 1863 Jacob
1122 1810 1173 1864 in
1198 1809 1493 1882 Egyptum
1515 1853 1529 1875 ,
1562 1827 1679 1882 qua:
1704 1812 1942 1866 exierunt
1985 1811 2052 1866 de
2085 1828 2128 1888 Β
2158 1830 2292 1868 nunc
2314 1854 2331 1880 ,
2359 1812 2528 1869 Israel
2547 1854 2563 1879 ,
2597 1815 2720 1884 quid
2763 1814 3019 1869 Dominus
3053 1813 3189 1869 Deus
3229 1815 3349 1885 petit
3379 1831 3410 1868 a
3449 1825 3496 1868 te
3521 1855 3535 1879 ,
3566 1813 3664 1867 nisi
3703 1825 3770 1868 ut

455 1900 732 1974 femoribus
780 1899 971 1956 illiusb
1017 1910 1204 1974 printer
1251 1905 1488 1958 mulieres
1528 1905 1827 1976 sexaginta,
1854 1904 2058 1976 inquit,

458 2005 506 2051 et
535 2012 626 2051 sex
675 1995 855 2068 (Gem,
880 2011 1038 2060 xLVI,
1070 1996 1143 2051 ΞΒ
1173 2006 1221 2051 et
1257 1997 1372 2070 26).
1407 1998 1470 2053 Et
1494 1997 1547 2052 in
1581 1997 1848 2069 principio
1892 1998 2065 2054 Exodi

457 2088 688 2161 legimus
718 2107 732 2144 :
767 2087 933 2144 Erant
959 2099 1130 2145 autem
1157 2107 1330 2146 omnes
1351 2092 1541 2146 animae
1565 2092 1629 2146 de
1657 2090 1822 2148 Jacob
1844 2097 2066 2164 quinque

459 2192 507 2239 et
535 2182 862 2254 septuaginta
881 2183 969 2253 qui
993 2193 1273 2238 erantcum
1296 2183 1460 2238 Jacob
1490 2182 1716 2256 (Exod.,
1740 2200 1787 2252 ι,
1815 2185 1893 2258 5).
1926 2185 2066 2256 Ergo

461 2275 540 2332 illi
569 2276 660 2347 qui
694 2274 1006 2332 habitabant
1034 2290 1160 2332 cum
1187 2275 1414 2348 loseph,
1449 2286 1501 2332 et
1523 2276 1591 2333 de
1613 2275 1848 2349 Egypto
1879 2289 1900 2317 ο
1924 2278 2069 2334 exie-

469 2377 617 2434 runt,
643 2369 840 2424 anima:
868 2378 1018 2426 sunt.

539 2461 592 2518 8.
633 2460 735 2530 Qui
758 2473 938 2519 autem
962 2479 1085 2519 cum
1112 2472 1298 2521 essent
1315 2462 1342 2501 ά
1366 2463 1539 2536 angeli
1561 2463 1675 2532 Dei,
1703 2463 1805 2520 hoc
1825 2473 1932 2532 est,
1949 2463 2073 2520 vita:

468 2557 736 2630 probitate
758 2559 1073 2628 angelorum
1096 2559 1368 2615 imitantes
1389 2559 1620 2630 gratiam
1645 2556 1768 2630 (qtti
1792 2558 1936 2614 enim
1968 2573 2073 2613 non

469 2653 674 2709 ducunt
694 2669 914 2720 uxores,
938 2663 994 2709 et
1020 2670 1139 2724 qua?
1164 2669 1269 2710 non
1303 2654 1532 2722 nubunt,
1561 2663 1714 2709 erunt
1739 2653 1881 2709 sicut
1902 2653 2078 2724 angeli

475 2746 528 2801 in
545 2745 835 2820 cmlo),qui
851 2763 982 2818 ergo
1003 2762 1125 2803 cum
1147 2747 1325 2819 angeli
1349 2747 1680 2814 viderentur,
1696 2748 1838 2814 capti
1856 2747 2080 2802 suntde-

474 2852 602 2894 core
624 2837 891 2906 femineo,
912 2839 964 2894 hi
986 2855 1112 2895 caro
1133 2851 1278 2907 sunt,
1301 2841 1441 2896 sicut
1463 2840 1723 2896 Dominus
1747 2840 1887 2895 Deus
1903 2839 2038 2894 dixit
2065 2859 2077 2894 :

481 2930 602 2986 Non
620 2932 934 3002 permanebit
953 2933 1165 3003 spiritus
1183 2949 1322 2988 meus
1342 2934 1392 2987 in
1415 2932 1706 2987 hominibus
1727 2934 1840 2988 istis
1862 2934 1912 2986 in
1930 2942 2085 2988 teter-

479 3041 623 3091 num,
645 3035 851 3095 propter
871 3025 1009 3096 quod
1020 3042 1142 3080 caro
1163 3035 1281 3080 sunt
1311 3023 1490 3098 (Geu.,
1507 3023 1674 3097 vt,‘5).
1697 3026 1761 3080 Et
1784 3027 1979 3082 merito
1993 3041 2085 3080 ex-

483 3129 664 3190 pertes
687 3119 923 3174 libidinis
954 3121 1159 3189 angelis
1185 3132 1739 3191 comparanturzcaro
1763 3135 1867 3175 non
1890 3118 2085 3175 suntin

2162 1910 2341 1961 timeas
2369 1907 2648 1962 Dominum
2673 1907 2837 1962 Deum
2867 1918 3038 1975 tuum,
3067 1918 3115 1962 et
3144 1908 3375 1962 ambules
3397 1908 3451 1960 in
3496 1907 3590 1961 viis
3617 1908 3733 1979 ejus
3753 1947 3771 1973 ,

2165 2011 2214 2056 et
2259 2003 2446 2074 diligas
2493 2019 2642 2068 eum,
2675 2013 2722 2057 et
2773 2003 2965 2058 servias
3013 2000 3238 2057 Domino
3287 2000 3395 2056 Deo
3427 2011 3514 2055 tuo
3552 2015 3617 2054 ex
3665 2010 3776 2054 toto

2166 2094 2322 2151 corde
2369 2107 2558 2162 tuo,et
2603 2113 2666 2151 ex
2706 2105 2813 2150 tota
2849 2098 3024 2150 anima
3077 2105 3167 2150 tua
3213 2095 3474 2150 custodias
3521 2092 3778 2147 mandata

2170 2193 2304 2263 ejus,
2337 2199 2384 2244 et
2405 2191 2641 2264 justitias
2663 2193 2777 2263 ejus
2803 2188 3011 2261 (Deut.,
3034 2206 3089 2255 χ,
3116 2187 3184 2242 12
3197 2197 3244 2245 et
3267 2187 3379 2258 l3)?
3397 2183 3588 2257 Liquet
3614 2187 3781 2256 igitur

2171 2282 2308 2338 alias
2339 2282 2452 2338 vias
2477 2297 2600 2338 esse
2621 2283 2819 2350 carnis,
2850 2283 2984 2338 alias
3014 2281 3108 2337 Dei
3133 2299 3146 2335 :
3172 2291 3228 2336 et
3254 2281 3300 2336 si
3337 2279 3460 2352 quis
3489 2277 3620 2333 velit
3657 2293 3780 2332 am.

2176 2375 2362 2430 bulare
2406 2375 2522 2430 vias
2551 2375 2683 2440 Dei,
2712 2373 2848 2430 sciat
2889 2376 2938 2429 ei
2986 2373 3136 2444 prius
3165 2388 3287 2430 esse
3331 2372 3447 2427 vias
3476 2370 3655 2427 carnis
3679 2411 3694 2437 ,
3727 2379 3787 2426 et

2176 2468 2422 2539 corporis
2441 2510 2455 2534 ,
2486 2477 2541 2524 et
2571 2468 2851 2523 satcularis
2877 2466 3158 2537 sapientiae
3186 2463 3536 2522 deserendas.

2250 2565 2339 2619 11.
2381 2563 2715 2634 Relinquens
2757 2563 2936 2633 itaque
2980 2576 3076 2617 eas
3105 2559 3269 2616 David
3295 2602 3311 2627 ,
3345 2557 3696 2628 pronuntiat,
3729 2566 3788 2610 et

2181 2658 2322 2731 apud
2370 2657 2536 2714 Deum
2588 2672 2693 2712 non
2744 2665 2902 2712 tacet.
2958 2654 3260 2711 Confitetur
3303 2667 3551 2723 errores,
3605 2660 3626 2687 ε
3673 2665 3787 2704 non

2186 2761 2326 2810 tacet
2355 2753 2559 2823 lapsus.
2587 2750 2776 2807 Simile
2806 2749 2881 2803 illi
2915 2747 3017 2803 hoc
3046 2748 3182 2802 dixit
3211 2764 3225 2802 :
3251 2744 3578 2800 Annuutiabo
3602 2742 3792 2796 adver-

2185 2861 2302 2900 sum
2326 2861 2404 2898 me
2433 2844 2760 2915 iniquitatem
2788 2859 2954 2896 meam
2983 2839 3211 2894 Domino
3240 2836 3413 2909 (Psal.
3443 2851 3596 2902 xui,
3628 2835 3709 2904 5).
3733 2833 3792 2889 Si

2188 2939 2331 2994 enim
2355 2953 2414 2994 se
2443 2935 2779 2992 accusaverit
2799 2935 3003 3005 justus,
3034 2946 3221 2988 vocem
3258 2929 3427 3002 parati
3462 2927 3795 2983 accusatoris

2188 3029 2452 3094 exclusit,
2484 3030 2573 3100 qui
2603 3029 2745 3083 solet
2765 3027 3024 3083 acerbare
3057 3034 3276 3097 peccata
3299 3065 3314 3091 ,
3345 3033 3399 3077 et
3444 3018 3796 3089 uniuscujus-

2191 3139 2297 3195 que
2349 3137 2672 3193 exaggerare
2702 3121 2926 3191 ﬂagitia.
2971 3118 3217 3175 Obstruit
3240 3132 3370 3187 ergo
3421 3130 3480 3169 os
3513 3113 3631 3182 ejus
3655 3155 3670 3178 ,
3703 3113 3798 3183 qui

486 3227 680 3278 carne,
711 3212 808 3268 sed
845 3215 896 3268 in
928 3213 1154 3283 spiritu;
1185 3214 1372 3285 quales
1402 3224 1558 3270 erant
1580 3214 1657 3269 illi
1687 3214 1776 3287 qui
1808 3214 2086 3270 doctorem
2117 3227 2163 3289 (ζ
2194 3218 2309 3289 ipse
2337 3216 2405 3272 de
2430 3231 2491 3272 se
2521 3215 2681 3271 fuerit
2709 3225 2836 3270 ante
2865 3212 3182 3280 confessus,
3225 3220 3281 3266 et
3329 3207 3602 3280 praestruit
3632 3204 3649 3244 ί
3699 3222 3798 3261 ve-

490 3305 813 3375 Apostolum
857 3307 1241 3375 sequebantur,
1270 3307 1466 3377 quibus
1493 3306 1567 3361 ait
1597 3323 1610 3360 :
1653 3305 1755 3361 Vos
1785 3318 1956 3361 autem
1985 3324 2090 3361 non

488 3398 606 3450 estis
632 3396 685 3451 in
711 3413 883 3463 carne,
914 3398 1006 3451 sed
1029 3399 1081 3452 in
1112 3399 1298 3468 spiritu
1320 3397 1523 3469 (Bona,
1549 3414 1664 3465 vm,
1693 3397 1767 3471 9).
1794 3399 2088 3468 Quiautem

491 3503 754 3560 corporea
795 3489 1115 3546 feminarum
1160 3493 1452 3563 capiuntur
1473 3491 1696 3548 libidine
1717 3533 1732 3556 .
1766 3508 1894 3547 caro
1920 3503 2046 3548 sunt
2077 3511 2089 3547 :

491 3591 654 3654 atque
679 3583 880 3639 utinam
909 3599 1036 3640 caro
1061 3595 1300 3654 tantum,
1325 3595 1382 3642 et
1406 3603 1512 3642 non
1541 3587 1702 3642 etiam
1734 3586 1858 3658 equi
1899 3586 2096 3642 adhin-

495 3675 736 3743 nientes;
763 3676 884 3748 quia
913 3678 967 3732 in
997 3679 1438 3750 uxorem,iuquit,
1468 3680 1692 3753 proximi
1718 3680 1800 3734 sui
1828 3679 2096 3736 adhinnie—

497 3771 619 3827 bant
650 3769 864 3842 (Jerem.
895 3789 948 3840 ν,
976 3772 1055 3845 8).

569 3863 622 3919 9.
664 3863 838 3934 Rogat
867 3880 996 3936 ergo
1033 3865 1126 3937 qui
1157 3865 1520 3937 dejectionem
1551 3866 1750 3922 animat
1795 3882 1906 3923 suae
1935 3868 2102 3923 sentit

497 3956 564 4012 ad
594 3944 960 4028 pavimentum
990 3975 1162 4031 usque
1189 3968 1425 4016 curvatm
1445 4002 1460 4027 ,
1485 3970 1542 4014 ut
1571 3959 1874 4016 vivificctur
1908 3974 2102 4015 secun-

501 4051 631 4107 dum
655 4051 876 4106 verbum
899 4051 1172 4123 Dei,qnod
1205 4053 1415 4108 animas
1434 4053 1502 4108 ad
1533 4067 1592 4108 se
1618 4053 1788 4108 trahit
1816 4067 2103 4124 quascum—

500 4161 607 4216 que
633 4187 648 4211 ,
692 4155 747 4200 et
787 4145 1134 4200 miseratione
1182 4146 1263 4200 sui
1313 4146 1495 4201 levare
1537 4148 1762 4216 cupiens
1807 4144 2026 4200 abducit
2073 4160 2099 4198 a

506 4238 690 4295 terris.
717 4237 1035 4294 Vivilicatur
1077 4247 1258 4294 autem
1297 4240 1510 4303 anima;
1539 4253 1660 4309 quae
1704 4239 1820 4292 vias
1865 4238 2104 4292 ambulat

506 4331 752 4397 Christi,
794 4340 1018 4402 peccato
1063 4342 1276 4387 mortua
1307 4331 1422 4387 Deo
1468 4332 1687 4397 vivens,
1735 4331 1806 4386 ita
1858 4341 1915 4385 ut
1958 4347 2105 4387 mors

509 4424 715 4497 peccati
745 4424 1081 4480 dominatum
1106 4424 1159 4480 itt
1182 4441 1246 4482 ea
1274 4434 1396 4496 post
1425 4425 1539 4481 ba-c
1566 4425 1766 4482 habere
1786 4441 1892 4480 non
1915 4425 2105 4496 possit.

510 4529 859 4592 posteaquam
899 4519 1214 4588 consepulta
1242 4533 1364 4574 cum
1405 4517 1938 4589 Cltristojustiﬁcata
1970 4528 2054 4573 est
2079 4534 2108 4573 a

513 4623 755 4685 peccato.
787 4612 894 4669 Sed
927 4614 1138 4688 1012
1180 4615 1270 4685 qui
1312 4613 1596 4686 justiﬁcari
1620 4615 1798 4684 cupit,
1843 4615 1956 4670 vias
1986 4629 2111 4670 suas

512 4716 640 4764 aute
669 4706 1049 4804 ρςςριῃιιιιὶςὶιι,ι

588 4799 679 4876 10.;
717 4799 899 4871 (Vcrs.
933 4798 1314 4882 Ideoque
1358 4799 1600 4856 secundo
1650 4815 1804 4856 versu
1835 4801 1909 4855 ait
1940 4819 1954 4854 :
1991 4799 2115 4855 Vias

518 4909 655 4947 meas
678 4891 1006 4962 pronuntiavi
1025 4935 1038 4960 ,
1067 4902 1113 4946 et
1143 4893 1399 4948 exaudiui
1428 4909 1509 4948 me
1541 4909 1558 4946 :
1585 4893 1711 4946 doce
1748 4909 1828 4947 me
1846 4893 2115 4964 justiﬁca-

517 4988 678 5041 tiones
708 4995 843 5040 tuas.
870 4984 1100 5041 Pulchro
1125 4986 1313 5044 ordine
1335 4985 1402 5041 ad
1431 4985 1846 5055 iustificationes
1877 4984 1971 5040 Dei
1996 5001 2118 5055 per-

594 5161 619 5186 “
650 5150 902 5216 Plerique
928 5163 1088 5214 mss.,
1118 5158 1163 5202 et
1192 5149 1388 5218 peperit
1418 5148 1511 5202 hos
1537 5145 1701 5201 Iacob
1726 5161 1899 5218 omnes
1920 5145 2120 5218 animus

519 5230 735 5287 septem.
786 5221 904 5276 νει.
948 5220 1104 5282 edit..
1154 5216 1201 5274 et
1251 5222 1447 5291 peperit
1496 5220 1633 5277 haec.
1678 5217 1908 5291 etc._Si_c
1953 5216 2117 5272 etiam

523 5293 707 5358 Rom.,
740 5293 839 5347 nisi
871 5292 1017 5362 quod
1043 5306 1164 5346 cum
1193 5289 1515 5362 quihndsam
1550 5304 1681 5344 mss.
1707 5289 1906 5344 omittit
1929 5303 2116 5344 vocem

526 5381 812 5492 ongwliidit.
863 5436 1048 5502 Rom.,
1097 5443 1287 5507 praeter
1333 5449 1523 5489 uxores
1568 5433 1797 5504 ﬁliorum
1850 5431 2121 5501 sexaginta

528 5523 636 5616 se“:
650 5580 772 5636 Mss.
810 5578 1088 5642 nonnulli,
1119 5577 1382 5639 exierunt.
1415 5575 1745 5648 septuaginta
1769 5574 1956 5648 anima:
1981 5581 2120 5626 sunt.

596 5653 622 5687 ιι
652 5653 764 5706 lloc
787 5650 909 5706 loco
941 5651 1157 5704 videtur
1183 5644 1503 5705 Ambrosius
1529 5644 1792 5702 accedere
1837 5644 1902 5699 ad
1934 5658 2122 5698 eorum

521 5722 851 5790 sententiam
890 5736 931 5784 ,a
978 5719 1174 5790 quibus
1222 5720 1433 5790 initium
1479 5734 1532 5774 v1
1577 5716 1963 5790 Ctlp._Gt3n.tle_
2001 5713 2124 5768 filiis

525 5787 657 5862 δοειῆ
713 5786 975 5862 accipitur
998 5786 1021 5843 ἓ
1051 5793 1172 5844 cuin
1203 5790 1344 5862 idem
1377 5786 1668 5862 ipseillud';
1696 5788 1770 5862 de
1806 5786 2124 5862 angelorum

527 5855 646 5921 cum
680 5855 996 5919 mulieribus
1027 5855 1539 5931 concubitt‘t'saipitis
1572 5855 1912 5930 exposuerit;
1945 5867 1999 5911 ut
2028 5857 2126 5910 (ἰου-

2196 3312 2340 3367 niatn
2373 3309 2702 3365 confitentis.
2732 3307 3073 3365 Verecundia
3115 3314 3337 3363 excusat
3391 3318 3578 3367 reum,
3626 3300 3805 3370 pudor

2197 3419 2327 3460 suus
2357 3413 2572 3459 accusat
2601 3413 2624 3448 κ
2663 3412 2965 3458 auctorem.
2995 3401 3095 3468 Qui
3143 3399 3288 3455 enim
3319 3413 3418 3452 sua
3466 3396 3658 3452 delicta
3691 3410 3803 3449 non

2202 3498 2395 3560 tacuit,
2429 3497 2644 3551 videtur
2670 3497 2721 3551 in
2749 3510 2810 3550 se
2838 3494 3078 3549 doluisse
3122 3491 3266 3564 quod
3309 3490 3462 3557 fecit,
3498 3489 3550 3542 in
3583 3486 3806 3543 diabolo

2204 3588 2505 3660 prodidisse
2533 3588 2677 3660 quod
2708 3587 2898 3642 suasit.
2935 3584 3170 3655 Ideoque
3211 3582 3288 3638 ait
3325 3581 3641 3652 Scriptura:
3669 3577 3806 3633 lus.

2200 3691 2282 3736 tus
2307 3682 2361 3736 in
2387 3681 2598 3736 exordio
2627 3680 2883 3734 sermonis
2913 3688 3183 3732 accusator
3212 3685 3287 3732 est
3305 3675 3386 3729 sui
3409 3671 3616 3746 (Prata,
3645 3685 3804 3736 xvm,

2211 3771 2318 3844 l7).
2375 3772 2476 3840 Qui
2505 3787 2566 3828 se
2609 3781 2857 3838 accusat,
2884 3771 2986 3826 etsi
3027 3778 3279 3842 peccator
3322 3776 3435 3832 est,
3465 3765 3641 3836 justus
3682 3777 3810 3818 esse

2202 3865 2420 3936 incipit;
2446 3866 2570 3935 quia
2600 3881 2700 3920 nec
2729 3864 2831 3919 sibi
2862 3862 3054 3934 parcit,
3086 3871 3142 3917 et
3171 3860 3266 3915 Dei
3294 3859 3535 3930 justitias
3581 3857 3812 3911 conlite-

2203 3965 2329 4022 tur.
2363 3973 2522 4027 quem
2568 3966 2718 4026 putat
2750 3956 2919 4011 latere
2967 3954 3101 4008 nihil
3149 3967 3332 4024 posse.
3366 3949 3581 4005 Utinam
3633 3948 3810 4003 Adam

2206 4066 2266 4107 se
2299 4052 2445 4122 prius
2488 4065 2780 4115 accusare,
2827 4065 2987 4121 quam
3029 4047 3208 4103 celare
3248 4043 3541 4100 voluisset!
3568 4040 3677 4097 Sed
3701 4055 3816 4096 non

2206 4147 2338 4200 satis
2379 4156 2461 4199 est
2509 4153 2568 4199 ut
2611 4145 2967 4199 conliteamur
3016 4156 3258 4198 errorem
3303 4159 3314 4193 :
3357 4153 3547 4194 verum
3592 4135 3815 4192 etiamsi

2212 4236 2407 4308 corrigi
2455 4237 2735 4301 volumus,
2766 4253 2796 4291 a
2827 4235 3059 4291 Domino
3108 4234 3473 4306 postulemus,
3523 4239 3582 4286 ut
3617 4229 3820 4285 doceat

2216 4347 2315 4387 nos
2339 4331 2753 4404 justificationes
2777 4346 2937 4396 suas;
2972 4346 3038 4385 ne
3064 4338 3250 4401 postea
3289 4341 3473 4383 errare
3517 4324 3818 4398 possimus.

2215 4426 2261 4482 Α
2291 4426 2518 4481 Domino
2546 4427 2710 4496 igitur
2730 4425 2911 4481 doceri
2937 4425 3091 4495 petit,
3121 4422 3244 4493 quia
3265 4434 3406 4476 unus
3435 4427 3521 4475 est
3556 4417 3821 4488 magister

2219 4528 2424 4584 noster,
2459 4529 2517 4576 ut
2544 4521 2618 4576 ait
2641 4521 2890 4576 Christus
2913 4520 3153 4593 (Matt/1.,
3185 4533 3337 4582 χχιιι,
3365 4513 3478 4586 18).
3504 4513 3614 4570 Nec
3638 4513 3824 4570 Otiose

2220 4613 2324 4670 boc
2357 4615 2526 4684 petit;
2550 4630 2659 4670 non
2692 4615 2836 4671 enim
2877 4615 2967 4669 ille
2990 4613 3179 4668 beatus
3205 4625 3366 4678 quem
3405 4608 3567 4664 docet
3610 4606 3820 4661 homo:

2223 4707 2318 4763 sed
2347 4709 2888 4778 αιωωλλμβωιϊοτίε
2909 4749 2923 4773 ,
2959 4707 3206 4762 Domine.

2297 4798 2363 4834 to
2396 4777 2582 4834 ἔκνοη
2632 4801 2702 4834 0-:
2732 4726 2780 4834 ἡ
2801 4799 3007 4834 nmmm
3073 4813 3206 4834 suam

2297 4777 3008 4900 12.ξςγετξ.ἓζ.)έυὺίῳιθ
3073 4797 3321 4853 meminit
3369 4796 3490 4863 sui,
3523 4807 3624 4849 nec
3669 4801 3829 4862 putat

2224 4896 2356 4950 satis
2385 4873 2507 4952 és‘sé
2527 4937 2542 4963 ,
2575 4873 2851 4951 uti—doceat
2881 4910 3001 4949 cum
3021 4893 3437 4963 justilicationes
3469 4905 3595 4946 suas
3640 4888 3828 4943 Domi-

2225 5003 2326 5044 nus
2359 4989 2500 5046 Dcus
2542 4999 2758 5057 nostcr,
2788 4988 2884 5045 sed
2911 4988 3119 5042 addidit
3149 5006 3162 5042 :
3199 4985 3350 5041 Viam
3382 4975 3828 5058 jus'tifrcationum

2221 5149 2433 5203 coimus
2454 5147 2521 5202 ad
2545 5163 2666 5217 cap.
2690 5147 2725 5201 4
2757 5148 2847 5202 lib.
2860 5144 2934 5200 De
2960 5145 3073 5200 Noe
3094 5154 3140 5198 et
3159 5143 3338 5217 ᾼνσαη
3374 5156 3524 5196 num.
3550 5138 3585 5195 9
3602 5182 3636 5217 ._
3655 5139 3827 5217 immo

2221 5231 2274 5275 et
2322 5221 2455 5275 infra
2500 5211 2666 5276 serto.
2715 5220 2769 5276 8.
2822 5233 2964 5272 vers.
3018 5219 3109 5272 64.
3155 5213 3425 5269 Caeterum
3480 5213 3706 5281 angelos
3753 5211 3829 5264 ob

2222 5291 2491 5364 superbia}
2539 5299 2816 5364 peccatum
2843 5306 2874 5344 e
2902 5289 3062 5364 coelq
3080 5286 3828 5364 fuisseAdetorbatosnaperte

2222 5353 2381 5417 docet
2406 5353 2554 5418 infra'
2575 5377 2740 5417 serm.
2774 5363 2828 5425 7,
2854 5376 2996 5415 vers.
3033 5360 3096 5415 51
3131 5367 3186 5414 et
3219 5356 3282 5414 16
3303 5399 3317 5422 ,
3352 5371 3492 5412 vers.
3519 5353 3624 5409 ηε
3663 5353 3829 5422 hujus

2227 5433 2409 5504 operis
2429 5475 2444 5498 ,
2473 5443 2636 5502 atque
2662 5434 2810 5487 alibi.

2307 5537 2329 5563 ε
2360 5525 2478 5581 Non
2508 5526 2662 5596 pauci
2694 5525 2844 5593 cod.,
2876 5542 2978 5580 non
3010 5536 3164 5598 negat
3196 5525 3395 5592 lapsus.

2310 5615 2327 5652 ί
2359 5611 2588 5684 Quidam
2621 5633 2777 5680 mss.,
2805 5617 3005 5670 ueniam
3031 5614 3322 5674 confitentis
3350 5611 3681 5668 verecundia.
3717 5609 3836 5665 Ex-

2233 5699 2380 5741 cusat
2409 5704 2580 5742 rerum
2609 5688 2779 5757 pudor
2803 5704 2950 5752 suus,
2980 5694 3502 5743 accusatnuctorem.

2309 5787 2334 5824 Β
2362 5778 2651 5844 Auctorem
2682 5792 2778 5834 seu
2806 5773 3155 5846 impulsorem
3184 5771 3454 5831 diabolum
3480 5762 3570 5831 hic
3601 5764 3837 5841 intelligi

2235 5850 2366 5906 satis
2398 5850 2676 5904 declarant
2696 5850 2996 5919 sequentia;
