3988 6300
223 303 351 358 1245

1291 297 1358 352 IN
1398 294 1727 354 PSALMUM
1769 295 1979 353 CXVIII
2018 294 2408 353 EXPOSITIO.

3363 295 3388 350 l
3398 292 3506 350 ξω

216 427 404 471 tuarum
431 414 641 468 insinua
673 413 831 480 mihi,
859 419 905 466 e’l
927 413 1196 468 exercebar
1220 411 1274 465 in
1317 409 1633 464 mirabilibus
1678 409 1798 464 tuis.
1829 413 1879 472 Α
1907 423 2190 474 somnum;
2259 422 2360 464 nec
2415 407 2703 463 mundanae
2754 414 2946 478 captus
3003 406 3257 462 vanitatis
3314 405 3503 461 illece-

217 509 343 564 Vide
371 508 639 563 ordinem.
667 506 825 562 Prius
855 514 936 562 est
964 514 1022 560 ut
1050 504 1322 559 discamus
1363 502 1575 557 Domini
1607 500 1804 572 juStili-

219 600 448 656 cationes
469 641 484 666 ,
515 597 718 654 deinde
745 609 801 652 ut
829 597 1030 667 gradus
1058 595 1318 667 quosdam
1357 593 1800 665 jnstilicationum

221 706 268 750 et
291 695 528 749 ordinem
563 694 878 748 noverimus
897 734 910 758 ,
939 692 1064 763 quid
1096 692 1245 760 prius
1268 732 1282 756 ,
1307 689 1432 759 quid
1459 702 1800 758 consequens

215 801 326 842 esse
355 786 566 841 debeat.
599 785 730 840 Nam
760 786 901 840 scire
927 785 1054 854 quid
1081 784 1279 850 facias,
1331 793 1385 839 et
1414 783 1659 837 ordinem
1706 797 1802 837 ne-

217 881 345 934 scire
376 878 631 940 faciendi.
667 893 773 933 non
815 887 897 932 est
927 877 1180 946 perfecta:
1229 875 1556 948 cognitionis
1585 893 1596 926 :
1623 873 1796 928 offen-

217 974 337 1029 dunt
365 974 681 1045 plerumque
710 981 1062 1044 praepostera.
1099 971 1534 1040 Deniquejustus
1559 979 1640 1024 εει
1663 1009 1678 1035 ,
1707 968 1797 1039 qui

217 1082 270 1124 se
292 1067 338 1121 in
367 1067 590 1122 exordio
623 1068 891 1122 sermonis
918 1075 1137 1120 accusat
1163 1082 1174 1118 :
1208 1064 1419 1136 1013
1451 1062 1682 1132 injustus
1703 1077 1799 1115 au-

220 1169 348 1222 tem.
399 1160 486 1230 qui
555 1159 701 1229 quod
750 1158 899 1228 prius
965 1167 1292 1229 negaverat,
1339 1153 1646 1211 confitetur.
1701 1152 1795 1208 llle

213 1254 534 1310 verecundire
581 1254 789 1309 invenit
844 1254 1070 1322 gratiam
1119 1271 1131 1307 :
1177 1252 1267 1307 hic
1327 1259 1511 1306 notam
1565 1247 1796 1304 incurrit

215 1346 563 1419 impudentiae.
618 1346 688 1401 Ita
721 1345 929 1401 ordinis
969 1345 1268 1416 ignorantia
1307 1343 1594 1398 conturbat
1631 1355 1794 1412 nego-

213 1441 386 1496 tiorum
411 1449 694 1504 naturam,
729 1440 1062 1509 formamque
1104 1439 1439 1494 meritorum.
1468 1437 1560 1491 llle
1606 1446 1789 1490 autem

213 1534 291 1605 qui
321 1533 561 1590 didicerit
607 1534 786 1605 primo
836 1533 1093 1605 mysteria
1137 1531 1266 1596 Dei,
1301 1530 1498 1586 deinde
1543 1528 1788 1584 ordinem

215 1629 574 1698 mysteriorum
595 1671 612 1693 ,
642 1637 929 1684 exercetur
955 1627 1006 1681 in
1038 1625 1376 1682 mirabilibus
1399 1625 1515 1680 Dei.

271 1723 345 1777 l3.
390 1721 615 1778 Graecus
640 1731 663 1758 “
693 1721 1038 1797 ἁδολισχησῷ
1068 1721 1243 1786 posuit
1269 1739 1281 1773 :
1306 1720 1448 1790 quod
1479 1719 1609 1774 dicit
1638 1719 1788 1774 Lati-

1907 502 2051 568 bris,
2087 517 2116 556 a
2147 500 2522 582 perseqnetlda
2573 498 2818 556 veritatis
2871 499 3172 557 intentione
3208 498 3504 556 difﬂueret.

1979 562 2474 688 iii.
2498 593 2614 663 Qua
2666 594 2880 650 ratione
2927 609 3060 666 ergo
3104 593 3289 649 doceri
3350 592 3501 662 velit,

1903 675 2196 748 subtexuit
2227 675 2465 748 dice-ns:
2498 690 2731 748 Stillavit
2781 691 2956 745 anima
3003 706 3116 744 mea
3161 705 3270 759 pra:
3323 689 3498 757 twdio,

1903 787 2156 855 conﬁrma
2197 801 2276 840 me
2313 786 2366 840 in
2405 784 2569 839 verbis
2600 783 2723 839 tuis.
2784 781 2967 851 Aliqui
3012 783 3232 839 codices
3276 782 3502 848 habent,

1902 883 2230 946 dormilavit,
2260 879 2385 951 quia
2424 882 2693 946 ἔνύσταξεν
2723 887 2782 935 et
2816 879 3024 947 ἔσταξεν
3051 880 3260 936 duabus
3303 879 3502 935 litteris

1901 974 2206 1030 dissonant.
2222 973 2401 1028 Potuit
2416 974 2687 1042 interpres
2700 974 2784 1028 vel
2802 975 3141 1042 antiquarius
3158 974 3394 1044 scriptor
3413 973 3500 1029 bic

1898 1070 2008 1126 falli
2046 1088 2059 1123 :
2092 1071 2359 1134 νυστάζειν
2388 1068 2628 1124 dormire
2653 1079 2755 1136 est,
2784 1070 2991 1134 στάζειν
3018 1068 3250 1125 stillare.
3284 1069 3501 1124 Perfec-

1900 1165 2004 1218 tior
2036 1177 2142 1217 non
2168 1162 2452 1224 dormitat,
2480 1161 2571 1231 qui
2601 1160 2802 1215 divinis
2823 1161 3065 1216 animum
3097 1160 3330 1216 intendit
3356 1175 3503 1232 mys-

1899 1256 2072 1311 teriis.
2107 1256 2351 1326 Denique
2391 1255 2508 1325 ipse
2551 1253 2680 1308 alibi
2725 1253 2984 1309 dicit:Si
3014 1251 3207 1307 dedero
3258 1269 3496 1307 somnum

1896 1351 2058 1406 oculis
2091 1350 2215 1404 meis
2241 1393 2256 1412 ,
2299 1359 2385 1402 aut
2417 1347 2677 1418 palpebris
2704 1347 2831 1400 meis
2861 1346 3283 1400 dormitutionem
3314 1344 3493 1417 (Psal.

1895 1459 2080 1508 cxxxt,
2108 1442 2189 1513 4).
2223 1441 2330 1498 Sed
2355 1441 2541 1512 vigilat
2565 1454 2806 1509 semper,
2840 1449 2896 1493 et
2925 1438 2971 1493 si
2994 1453 3122 1494 caro
3146 1438 3373 1502 dormit,
3397 1452 3494 1493 cor

1895 1537 2104 1606 vigilat.
2137 1534 2252 1590 Non
2285 1549 2418 1604 ergo
2443 1533 2773 1598 dormiebat,
2821 1532 2914 1601 qui
2965 1530 3223 1600 templum
3256 1529 3494 1586 condere

1895 1633 2130 1688 Domino
2153 1629 2427 1700 cogitabat
2453 1628 2742 1683 verborum
2771 1625 3078 1682 cmlestium
3107 1622 3494 1680 exaedificatio-

1893 1743 1962 1782 tte
1989 1768 2004 1791 ,
2049 1741 2156 1780 non
2205 1722 2468 1791 lapidum.
2515 1719 2753 1776 Verbum
2792 1719 2939 1774 enim
2987 1717 3085 1774 Dei
3127 1717 3491 1788 repulsorium

212 1831 318 1880 nus,
348 1816 746 1872 ballucinabor.
770 1817 824 1870 In
854 1832 960 1884 quo
989 1816 1202 1872 videtur
1232 1831 1354 1872 esse
1383 1816 1562 1887 aliqua
1587 1830 1787 1870 sermo-
1816 1813 1864 1874 B
1894 1818 2182 1874 tzrdiorum
2225 1824 2309 1870 est
2334 1855 2349 1879 ,
2399 1829 2509 1884 quo
2553 1826 2780 1867 somnus
2809 1811 3004 1866 anima:
3030 1851 3045 1874 ,
3085 1824 3250 1880 sopor
3283 1807 3498 1882 ιοιά.

211 1909 284 1964 nis
315 1909 532 1964 offensio
597 1909 900 1965 secundum
951 1909 1228 1980 vulgarem
1297 1908 1782 1973 consuetudinem;

212 2004 322 2073 quia
350 2004 707 2078 ἀδολεσχῆσαι
753 2004 914 2076 vulgo
943 2007 1264 2070 mSIimatur,
1315 2004 1401 2058 vel
1442 2003 1785 2069 ltallucinari,

212 2096 287 2148 vel
316 2096 424 2164 plus
451 2111 610 2166 quain
640 2106 857 2166 oportet
885 2095 1088 2166 aliquid
1122 2095 1299 2163 loqui,
1331 2093 1424 2150 etb
1450 2094 1784 2165 superﬂuum

211 2185 369 2242 videri
393 2229 407 2252 ,
459 2188 598 2258 quod
641 2188 884 2243 audienti
922 2187 1136 2243 fastidio
1166 2197 1292 2242 est:
1327 2196 1382 2242 et
1409 2188 1625 2244 videtur
1664 2203 1786 2243 esse

212 2291 392 2352 pra-ter
420 2284 667 2338 ordinem
698 2325 713 2348 ,
757 2299 878 2338 cum
912 2283 1049 2338 ordo
1087 2298 1269 2338 rerum
1314 2282 1561 2336 videatur
1586 2281 1786 2338 afferre

209 2374 493 2441 fastidium;
526 2388 584 2431 ut
633 2378 676 2432 si
707 2393 928 2432 causam
976 2378 1114 2432 velis
1158 2393 1418 2434 enarrare
1443 2378 1698 2448 aliquam,
1732 2386 1786 2432 et

208 2465 433 2521 ordinem
466 2483 658 2523 serves
686 2510 700 2534 ,
749 2469 968 2523 auditor
1023 2478 1205 2524 autem
1238 2469 1303 2523 ad
1349 2485 1527 2524 rerum
1567 2468 1785 2525 festinet

208 2560 412 2622 exitum,
437 2562 726 2631 superiora
757 2560 986 2618 fastidit.
1014 2561 1121 2618 Sed
1149 2577 1258 2616 non
1286 2541 1462 2632 potest
1492 2561 1654 2631 plene
1702 2562 1785 2616 in-

208 2655 347 2717 strui,
377 2654 476 2710 nisi
505 2656 597 2724 qui
623 2656 816 2712 ordine
838 2658 919 2710 sui
945 2668 1140 2712 cuncta
1159 2658 1496 2727 cognoverit.
1519 2655 1648 2712 lode
1675 2674 1778 2712 non

206 2747 362 2802 solum
402 2746 602 2802 factum
633 2748 1068 2816 deprehenditur
1090 2791 1102 2812 .
1165 2750 1259 2805 sed
1297 2751 1460 2805 etiam
1489 2750 1611 2805 facti
1643 2767 1779 2819 pou-

207 2837 313 2904 dus,
340 2851 393 2896 et
422 2841 674 2896 facientis
697 2842 944 2897 affectus.
975 2843 1212 2914 Ideoque
1235 2843 1403 2897 David
1427 2843 1582 2912 quasi
1609 2843 1782 2898 bonus

203 2936 276 2990 sui
302 2936 461 3006 judex
490 2951 655 3010 atque
685 2938 892 2994 arbiter
917 2943 953 3004 ,‘
987 2953 1158 3008 prope
1208 2953 1377 3007 usque
1407 2937 1473 2991 ad
1507 2937 1780 2992 fastidium

205 3029 306 3083 vult
356 3030 576 3096 doceri,
623 3040 678 3086 et
733 3032 813 3087 vel
847 3033 1123 3097 superfluo
1180 3031 1456 3085 immorari
1512 3039 1778 3101 tempore,

203 3137 348 3190 quam
400 3125 772 3180 necessarium
827 3123 1076 3179 ordinem
1108 3123 1418 3194 prteterire;
1455 3135 1474 3161 ο
1497 3122 1779 3194 ἀδολεσχία

1891 1911 2094 1967 mentis
2137 1908 2468 1965 excluditur.
2502 1906 2580 1960 Ex
2607 1903 2828 1959 tristitia
2856 1903 3001 1958 enim
3043 1911 3099 1958 et
3125 1900 3493 1957 sollicitudine

1890 2003 2236 2060 sa-cularium
2262 2016 2484 2056 somnus
2503 1999 2717 2070 irrepit.
2742 1997 2848 2067 Qui
2870 2007 3050 2050 autem
3081 1994 3329 2050 adbzrret
3355 1994 3489 2060 Deo,

1889 2113 2142 2154 curarum
2174 2098 2435 2168 fugitans,
2455 2093 2792 2162 voluptatem
2813 2091 2959 2163 capit
2980 2089 3306 2160 cognitionis
3331 2097 3492 2143 aeter-

1889 2210 1996 2261 nae,
2027 2192 2230 2246 nullam
2265 2190 2375 2246 illic
2404 2189 2762 2245 mutationem
2795 2200 2978 2242 rerum
3006 2183 3350 2240 saecularium
3373 2196 3490 2255 per-

1889 2285 2204 2339 timesceus.

1963 2378 2052 2433 l6.
2092 2377 2193 2446 Qui
2224 2375 2563 2433 facilioribus
2610 2375 2776 2446 igitur
2801 2375 3049 2431 laborum
3080 2381 3308 2428 utuntur
3338 2385 3490 2426 com-

1887 2471 2136 2542 pendiis,
2190 2471 2515 2539 dormitavit,
2580 2469 2900 2541 accipiunt:
2933 2467 3028 2524 sed
3078 2467 3340 2540 Origenes
3395 2467 3487 2536 qui

1888 2567 2182 2621 multorum
2233 2565 2717 2636 interpretationes
2763 2561 3008 2631 diligenti
3052 2559 3486 2616 discussitinda-

1884 2661 2009 2732 gine
2031 2702 2046 2726 ,
2096 2661 2340 2724 stillavit,
2374 2670 2596 2716 secutus
2619 2669 2727 2724 est,
2761 2674 2828 2714 eo
2872 2657 3016 2728 quod
3049 2655 3276 2727 perfecti
3306 2654 3486 2710 anima

1883 2757 2036 2828 quasi
2064 2757 2204 2812 bene
2249 2755 2551 2826 composita
2590 2765 2640 2809 et
2666 2753 2982 2810 confirmata
3014 2768 3121 2808 non
3149 2752 3322 2806 stillat
3350 2793 3365 2816 ,
3419 2761 3476 2806 ut

1882 2848 2097 2919 fastigia
2115 2847 2412 2903 culminum
2431 2864 2550 2916 quae
2569 2847 2707 2903 bene
2731 2856 2871 2902 tecta
2896 2855 3059 2912 atque
3089 2845 3296 2900 munita
3319 2852 3480 2900 sunt:

1884 2948 2142 2996 castorum
2191 2941 2547 3010 incomposita
2581 2940 2692 2995 cito
2723 2939 2951 2995 stillant.
3001 2938 3131 2995 Inde
3164 2949 3486 3008 usurpatum

1883 3045 1968 3093 est
2001 3053 2014 3090 :
2037 3034 2326 3091 Stillicidia
2351 3035 2568 3100 eiiciam
2589 3035 2845 3088 hominem
2874 3034 2926 3088 in
2957 3033 3040 3087 die
3060 3031 3271 3087 hiemali
3297 3030 3362 3085 de
3388 3031 3484 3085 do-

1883 3147 1966 3185 mo
1988 3148 2085 3184 sua
2109 3129 2322 3200 (Prom,
2352 3143 2519 3193 xxvu,
2557 3126 2664 3196 15),
2682 3127 2709 3163 ιι
2729 3126 2781 3182 in
2799 3140 2908 3197 quo
2929 3126 3142 3196 frigoris
3163 3124 3478 3194 asperitate,

204 3214 328 3268 enim
374 3217 458 3271 vel
494 3215 856 3271 ballucinatio
911 3215 1121 3270 videtur
1169 3215 1325 3286 longa
1378 3215 1622 3284 qua-dant
1662 3231 1780 3270 esse
1809 3201 1854 3267 C
1885 3234 1937 3279 ει
1969 3222 2240 3294 frequenti
2271 3222 2416 3277 acris
2446 3219 2747 3275 mutatione
2777 3227 3071 3273 ιρηιτηηιιιι,
3109 3215 3356 3286 Denique
3385 3215 3485 3271 do-

204 3309 460 3364 meditatio
487 3353 500 3376 ,
563 3321 618 3365 et
672 3326 887 3366 morosa
909 3311 1156 3384 quaedam
1205 3313 1403 3366 mentis
1439 3310 1670 3365 intentio
1704 3329 1716 3363 :
1749 3323 1779 3363 a

202 3415 298 3470 quo
322 3419 421 3459 non
450 3406 617 3474 longe
644 3406 802 3460 abest
827 3407 1172 3470 exercitium,
1210 3406 1294 3460 vel
1323 3405 1512 3469 anitni,
1543 3405 1627 3459 vel
1658 3419 1783 3459 cor-

202 3498 352 3565 poris.
380 3497 509 3552 Nam
536 3507 594 3552 ut
614 3499 705 3554 ille
735 3499 824 3569 qui
855 3510 1074 3554 exercet
1103 3500 1347 3554 membra
1381 3513 1477 3553 sua
1501 3497 1775 3569 palaestra,

201 3586 382 3645 diutius
432 3601 693 3656 exercet,
746 3601 802 3645 ut
851 3593 1071 3646 rolioret
1106 3610 1118 3646 :
1155 3593 1224 3645 ita
1254 3591 1344 3660 qui
1375 3601 1596 3646 exercet
1629 3606 1780 3645 men-

199 3690 292 3734 tem
331 3681 379 3736 in
411 3682 709 3751 Scripturis
742 3681 938 3737 divinis
966 3724 981 3748 ,
1034 3683 1120 3737 vel
1167 3681 1219 3736 in
1252 3681 1495 3738 consiliis
1516 3724 1530 3748 ,
1574 3680 1777 3737 diutius

199 3790 432 3833 exercere
457 3778 646 3834 debet.

260 3869 341 3924 Η.
380 3869 559 3926 Exivi:
587 3872 641 3925 in
669 3887 909 3940 campum
939 3871 1094 3925 Isaae
1120 3869 1274 3941 (Gen.
1304 3887 1452 3938 xx'tv,
1483 3872 1599 3944 65).
1626 3872 1777 3927 Grae-

196 3976 280 4016 rus
306 3963 435 4018 dixit
465 3963 828 4036 ἀδολεσχῆσαι
858 3981 869 4016 :
902 3963 1127 4018 Latinus
1155 3963 1538 4030 deambulare,
1567 3965 1653 4018 vel
1681 3980 1776 4018 ex-

195 4059 373 4113 erceri.
405 4059 657 4115 Rebecca
701 4058 956 4112 veniebat
989 4077 1001 4111 :
1030 4066 1191 4129 typus
1220 4058 1270 4112 in
1296 4073 1358 4112 ea
1388 4059 1774 4129 prmliguraba-

198 4159 273 4205 tur
295 4151 554 4208 Ecclesia;
587 4171 600 4207 :
627 4153 956 4222 parabantur
988 4153 1224 4221 nuptiae,
1279 4153 1331 4206 in
1363 4152 1559 4222 quibus
1591 4167 1776 4207 sacra-

197 4255 415 4300 mentum
443 4247 586 4300 foret
625 4261 902 4314 magnum.
930 4245 1134 4299 Videas
1166 4244 1475 4313 patriarcha
1517 4244 1604 4298 illa
1632 4260 1777 4315 mys-

198 4336 337 4402 teria,
367 4339 534 4393 exivit
564 4338 617 4392 in
642 4352 918 4407 campum,
945 4335 1258 4391 diffundens
1279 4336 1632 4390 acrimoniam
1663 4352 1774 4390 sua:

195 4431 376 4484 mentis
398 4473 414 4496 ,
459 4440 510 4485 et
539 4429 899 4486 deambulans
932 4429 984 4484 in
1011 4429 1320 4484 innocentia
1348 4429 1528 4483 cordis
1550 4429 1653 4484 sui.
1684 4429 1774 4483 Di-

193 4523 352 4577 versis
386 4523 571 4594 utique
611 4521 1034 4595 cogitationibus
1075 4521 1366 4577 exercebat
1411 4522 1675 4589 animum,
1719 4532 1774 4578 et

1887 3331 2076 3371 cemur
2108 3313 2417 3383 providere,
2451 3329 2520 3368 nc
2543 3311 2663 3383 fuga
2693 3321 2881 3366 nostra
2924 3310 3016 3364 fiat
3043 3309 3220 3364 ltieme
3249 3307 3336 3362 vel
3365 3307 3487 3364 sab-

1887 3409 2017 3464 bato
2047 3407 2264 3480 (Matth.
2295 3422 2442 3471 xxiv,
2470 3405 2588 3467 ιο).
2625 3404 2891 3459 Probatos
2926 3403 3074 3458 enim
3095 3402 3204 3472 jam
3237 3415 3337 3456 nos
3367 3399 3487 3456 dies

1887 3503 2051 3558 debet
2081 3501 2328 3570 reperire
2360 3500 2446 3554 vel
2483 3498 2672 3570 judicii
2697 3538 2713 3562 ,
2763 3498 2848 3552 vel
2881 3497 3110 3562 mortis;
3143 3511 3210 3552 ne
3233 3493 3486 3551 viduatos

1886 3595 2254 3652 viriditatibus
2284 3607 2672 3666 prosperorum
2703 3633 2717 3656 ,
2746 3600 2801 3647 et
2826 3592 2973 3647 omni
3002 3591 3266 3662 spoliatos
3291 3603 3485 3644 secun-

1886 3690 2081 3745 dorum
2109 3688 2246 3744 ﬂore
2276 3701 2628 3742 successnum
2659 3686 2838 3740 exitus
2868 3685 3063 3740 mortis
3094 3682 3352 3738 inveniat.

1954 3786 2039 3839 l7.
2082 3782 2385 3838 Caveamus
2413 3797 2544 3853 ergo
2575 3797 2644 3838 ne
2672 3781 3046 3848 unusquisque
3080 3787 3324 3833 nostrum
3373 3776 3478 3846 eji-

1880 3880 2059 3936 ciatur
2089 3879 2156 3934 de
2186 3887 2331 3934 stattt
2355 3877 2553 3933 mentis
2583 3892 2716 3940 sum,
2739 3887 2788 3931 et
2811 3873 3044 3929 naturali
3075 3871 3306 3942 quadam
3332 3886 3482 3925 man-

1881 3975 2056 4035 sione,
2115 3975 2157 4027 si
2208 3973 2403 4026 babeat
2451 3969 2714 4026 foramina
2774 3967 3156 4030 mansionum,
3215 3979 3246 4018 e
3287 3961 3483 4034 quibus

1883 4065 2103 4121 fluentia
2127 4063 2402 4120 stillicidia
2427 4072 2698 4128 tamquam
2727 4076 2792 4116 ex
2818 4057 3188 4115 fundamentis
3211 4056 3480 4111 subruant

1885 4160 2159 4216 hominem
2195 4159 2343 4214 nulla
2370 4158 2652 4228 sapientia:
2682 4155 2959 4210 soliditate
2989 4152 3292 4207 fundatum.
3321 4149 3480 4206 Ideo-

1881 4269 1986 4324 que
2035 4252 2110 4307 ait
2142 4251 2402 4322 propheta
2439 4270 2450 4304 :
2482 4249 2626 4315 Fili,
2658 4266 2720 4304 ne
2759 4249 2961 4319 deﬂuus
2995 4246 3202 4320 (Prom,
3237 4260 3328 4310 ιιι,
3360 4243 3479 4316 21).

1880 4346 2264 4402 Conﬁrmanda
2289 4354 2371 4400 est
2389 4345 2744 4416 igituranima
2777 4353 2986 4404 nostra.
3013 4356 3080 4396 ne
3103 4339 3304 4404 stillet;
3333 4339 3485 4394 etin-

1880 4437 2101 4494 dividua
2128 4439 2384 4492 virtutum
2409 4451 2673 4506 compage
2702 4433 2981 4489 solidanda
3007 4471 3022 4496 ,
3057 4441 3111 4485 ut
3142 4431 3310 4502 possit
3339 4431 3483 4500 regis

1879 4530 2070 4586 aeterni
2100 4530 2332 4585 servare
2379 4528 2720 4600 mysterium.
2761 4525 3030 4580 Caeterum
3062 4522 3107 4576 is
3156 4522 3485 4592 quicumque

194 4615 236 4668 in
264 4619 599 4673 mirabilibus
627 4618 902 4690 mysteriis
928 4616 1311 4672 delectabatur
1344 4635 1357 4672 :
1387 4618 1542 4685 cujus
1573 4627 1625 4671 ιιι
1653 4617 1766 4672 imi-
1800 4640 1855 4701 D
1879 4634 1963 4680 est
1982 4623 2153 4678 facilis
2181 4625 2232 4678 in
2263 4622 2465 4688 verbis,
2487 4621 2633 4676 velut
2663 4620 2853 4689 plenus
2877 4619 3163 4680 rimarum,
3193 4615 3293 4670 hac
3321 4623 3483 4682 atque

194 4718 319 4764 lator
343 4711 601 4767 evaderet
621 4721 845 4766 sanctus
893 4710 1151 4781 pr0pheta
1173 4752 1187 4772 ,
1223 4709 1406 4766 doceri
1427 4709 1774 4780 justilicatio-

193 4816 280 4858 nes
305 4804 423 4868 Dei,
472 4817 522 4860 et
550 4806 692 4861 viam
728 4805 1066 4874 justitiarum
1107 4805 1410 4860 cmlestium
1443 4819 1775 4874 cognoscere

191 4899 478 4965 gestiebat;
534 4911 591 4955 ut
618 4914 727 4954 non
756 4899 1019 4956 dormiret
1050 4899 1229 4954 anima
1258 4898 1377 4968 ejus
1405 4899 1592 4954 saeculi
1620 4899 1776 4954 istius

257 5127 278 5153 ³
319 5117 628 5173 Varietates
667 5119 816 5173 circa
845 5118 984 5171 hanc
1017 5129 1205 5171 vocem
1228 5157 1242 5178 ,
1298 5125 1354 5186 et
1374 5115 1508 5186 alias
1534 5117 1778 5186 ejusdem

193 5187 662 5259 interpretationes
687 5189 932 5250 reperias
963 5189 1085 5244 licet
1118 5188 1169 5241 in
1198 5188 1289 5240 lib.
1318 5185 1397 5240 De
1421 5185 1574 5241 Isaae
1599 5200 1644 5241 et
1666 5190 1781 5243 ani-

191 5276 286 5330 mo,
313 5262 504 5330 cap.l,
532 5277 681 5316 num.
706 5263 869 5314 etiam
893 5275 927 5321 ι,
954 5268 1009 5313 et
1041 5261 1175 5313 intra
1204 5273 1370 5330 serui.
1403 5260 1488 5324 ll,
1516 5274 1660 5314 vers.
1685 5259 1776 5317 83.

195 5329 263 5402 [le
285 5329 393 5402 quo
419 5334 584 5386 verbo
626 5332 754 5387 vide
799 5345 1018 5401 quoque
1049 5334 1274 5398 August.
1312 5329 1408 5385 lib.
1440 5346 1455 5384 t
1483 5329 1691 5396 Qtuest.
1724 5332 1777 5386 iu

193 5397 316 5455 Gen:
344 5414 537 5467 qua'st.
569 5403 661 5459 69.

255 5473 280 5510 δ
321 5472 468 5528 Edit.
495 5485 604 5530 ant.
636 5476 689 5527 in
722 5482 899 5534 textu,
924 5474 1244 5543 superfluum
1271 5473 1479 5535 videre;
1513 5474 1564 5526 in
1602 5489 1774 5542 marg.

192 5551 396 5614 autem,
455 5547 776 5614 superﬂuum
818 5544 1032 5608 dicere;
1079 5559 1240 5613 quam
1281 5545 1566 5599 lectionem
1616 5545 1774 5599 Rom.

191 5613 240 5665 in
263 5617 765 5672 textumtranstulit.
786 5615 912 5680 Mss.
937 5629 1069 5670 vero
1089 5614 1366 5669 nobis-cunt
1394 5615 1613 5669 faciunt.
1639 5617 1777 5670 Rur-

191 5689 279 5738 Sus
295 5696 496 5742 cunetm
525 5689 695 5746 edim
732 5698 780 5740 et
801 5685 1034 5739 Ordinem
1065 5702 1165 5738 non
1197 5701 1385 5739 serves.
1418 5685 1609 5742 Melius
1641 5703 1772 5742 mss.

193 5769 494 5828 exemtgunt
523 5759 893 5825 negationem.
932 5755 1265 5828 Eteuitubic
1285 5757 1593 5828 ostendatur
1623 5759 1772 5823 ordi-

196 5839 334 5893 nem,
359 5826 478 5886 éum
501 5827 812 5901 religidsius
839 5840 1125 5895 servatur,
1153 5827 1372 5883 taedium
1402 5826 1599 5885 afferre
1627 5830 1777 5884 audis
1861 5866 1868 5872 -

1883 4717 2005 4773 illac
2023 4715 2280 4779 effluens,
2324 4715 2581 4769 interiora
2613 4721 2842 4768 evacuat
2874 4725 3002 4776 sua,
3041 4718 3091 4763 et
3122 4706 3485 4763 exterioribus

1885 4811 2232 4882 passionibns
2252 4808 2567 4874 inundatur,
2593 4817 2776 4876 tegere
2798 4821 2859 4861 se
2879 4804 3150 4864 nesciens.
3178 4815 3278 4857 nec
3296 4808 3485 4856 tenere

1885 4905 2110 4962 verbum
2132 4903 2274 4976 quod
2307 4902 2580 4974 acceperit
2605 4921 2618 4956 :
2643 4901 2784 4956 sicut
2810 4909 2998 4955 sancta
3024 4897 3187 4953 Maria
3217 4910 3337 4966 qua:
3357 4909 3459 4949 con

1887 5120 1991 5176 tori
2008 5164 2021 5183 ,
2049 5132 2108 5176 ιιι
2137 5122 2296 5178 docet
2322 5121 2436 5192 ipsa
2468 5121 2833 5177 ratiocinatio.
2860 5121 2927 5177 Et
2949 5121 3054 5177 hoc
3081 5119 3334 5190 congruit
3359 5133 3482 5175 cum

1889 5192 2095 5246 lloratii
2129 5205 2402 5262 prmcet-to
2434 5194 2485 5248 in
2521 5193 2650 5249 Arte
2681 5203 2826 5261 poet.
2855 5193 2942 5248 ubi
2976 5193 3343 5247 narrationem
3376 5199 3487 5245 tra-

1884 5263 1961 5318 dit
1990 5277 2211 5333 semper
2237 5265 2300 5317 ad
2325 5275 2577 5320 eventum
2613 5263 2874 5320 featinare
2910 5265 3135 5320 debere.

1960 5346 1982 5371 ο
2027 5333 2132 5389 Pro
2157 5335 2462 5410 ἀδολεσχία,
2493 5335 2652 5392 codd.
2686 5335 2827 5392 bene
2865 5337 3016 5391 multi
3053 5336 3239 5406 legunt
3270 5333 3486 5390 ἀδολισο

1936 5427 2106 5466 ησεια.

1972 5428 2106 5462 σεια.

1889 5428 1981 5512 χηά
2027 5477 2174 5533 Edit.
2209 5493 2400 5532 omnes
2425 5493 2488 5532 ae
2511 5477 2722 5549 pauculi
2748 5493 2906 5542 mss.,
2951 5479 3006 5532 in
3035 5477 3137 5547 qua
3167 5477 3382 5549 frigoris
3401 5493 3488 5530 as-

1885 5549 2101 5620 peritate
2124 5565 2144 5603 :
2176 5549 2278 5602 Alii
2315 5547 2543 5604 numero
2578 5552 2791 5614 majori.
2843 5550 2896 5602 in
2927 5566 3026 5613 quo
3047 5591 3062 5613 ,
3120 5547 3226 5604 etc.
3258 5547 3484 5620 Melius;

1885 5617 2122 5674 refertur
2148 5621 2290 5674 enim
2315 5620 2381 5673 ad
2415 5621 2814 5685 antecedentia,
2845 5621 2897 5674 in
2920 5621 3004 5674 die
3023 5621 3256 5674 hiemali.
3279 5618 3488 5673 Rursus

1885 5700 2005 5761 post
2040 5706 2211 5759 pauca
2258 5691 2347 5746 ubi
2386 5707 2577 5761 omnes
2622 5707 2754 5748 mss.
2797 5707 2860 5746 ac
2891 5701 2998 5747 vet.
3034 5692 3193 5755 edit.,
3233 5689 3489 5750 Probatos

1883 5756 2061 5826 enim;
2095 5773 2422 5834 reposuerat
2447 5756 2578 5821 edit.
2617 5764 2799 5830 llom.;
2833 5763 3052 5819 Paratas
3073 5764 3230 5833 enim;
3264 5772 3371 5818 etc;
