3988 6364
677 10 778 32 τ’ῗΐ
789 15 798 20 “
811 12 822 16 '
837 12 1032 32 73-h“
1105 16 1124 26 -'
1201 18 1286 32 ,ιιι-σν-
1305 20 1320 28 r
1355 20 1364 26 π
1379 20 1388 24 -
1401 20 1430 32 -ε-

445 353 598 408 4247

1795 343 2038 413 saucii
2080 345 2400 416 titinius"

3610 352 3750 415 liis

454 453 703 523 servabat
726 467 904 524 ’oiitnlii
936 469 1098 524 verba
1142 470 1194 524 iit
1228 469 1394 525 corde
1425 473 1524 526 suo
1553 470 1730 544 (Lua,
1755 471 1814 537 it,
1839 470 1952 543 5i),
1984 477 2053 530 ne
2079 476 2128 536 Α
2157 474 2235 544 2);
2263 492 2328 531 ne
2357 475 2682 532 moveantur
2711 477 2876 549 pedes
2897 478 3035 549 ejus,
3062 485 3128 532 ne
3152 466 3502 534 effundantur
3529 479 3753 550 gressus

455 560 582 632 quid
612 570 676 614 ex
709 561 827 630 ejus
851 562 876 599 ει
908 561 1074 617 eoi-de
1105 561 1392 619 deﬂueret.

530 653 618 708 I8.
660 653 775 708 Tali
827 665 886 707 se
917 655 1178 710 munitam
1223 655 1350 711 dote
1402 653 1660 712 virluliim
1692 658 1936 715 Ecclesia
1965 661 2051 716 Io-

451 746 672 816 qttitur;
705 755 764 800 ut
797 746 954 812 digna
984 746 1234 802 videnlur
1259 750 1311 803 in
1344 749 1498 819 cujus
1527 752 1785 806 invitatus
1805 753 2052 822 Sponsus

458 838 712 894 siiccedat
739 839 1052 910 hospitium.
1106 835 1240 896 Hinc
1273 843 1502 913 primum
1533 859 1592 900 se
1625 847 1897 913 priesdmit
1925 850 2054 902 esse
2133 839 2137 841 ’

457 933 801 1004 placituram;
844 934 888 988 si
919 928 1059 990 bene
1079 929 1301 1002 tectam,
1334 949 1385 992 et
1417 931 1520 992 lida
1552 928 1860 994 servantem
1890 940 2057 994 silen-

457 1022 528 1080 tia
567 1027 816 1082 Christus
844 1027 1128 1096 adspiciat.
1155 1027 1284 1086 Ecce
1314 1049 1388 1096 es,
1421 1032 1618 1102 inquit,
1644 1033 1904 1101 formosus
1931 1049 2055 1087 ron-

457 1121 695 1176 sobrinus
727 1135 868 1176 meus
888 1166 902 1187 ,
947 1134 996 1178 et
1023 1120 1230 1193 ijuidem
1279 1125 1493 1196 pulcher
1525 1132 1538 1180 ':
1572 1121 1848 1180 accllinatio
1882 1137 2057 1182 nostra

459 1229 655 1282 opaco,
706 1214 874 1268 trabes
915 1214 1187 1269 domorum
1235 1227 1530 1271 nostrarum
1580 1218 1742 1284 cedri,
1785 1218 2059 1273 lacmmria

464 1313 644 1362 nostra
677 1309 909 1376 cupressi
939 1309 1114 1382 (Cant.
1134 1315 1170 1374 i,
1207 1313 1274 1368 I5
1299 1321 1345 1367 et
1375 1311 1484 1385 16).
1515 1313 1724 1368 Laudat
1747 1314 1932 1383 sponsi
1966 1315 2061 1370 de-

471 1398 654 1453 curem
687 1399 928 1454 Ecclesia
950 1442 965 1465 ,
1018 1409 1176 1470 quem
1209 1404 1329 1471 plus
1359 1407 1729 1475 unusquisque
1757 1407 1920 1459 tacito
1947 1407 2062 1461 lau-

463 1493 559 1547 dat
579 1493 806 1556 affectu,
847 1501 901 1548 et
925 1494 1062 1550 Iidus
1101 1499 1483 1568 mysteriorum
1518 1499 1791 1570 interpres
1834 1500 2062 1555 tacendo

467 1585 586 1652 plus
618 1585 896 1654 pra:dit:at.
932 1587 1064 1640 Nam
1096 1590 1185 1659 qni
1233 1605 1430 1645 arcana
1459 1591 1699 1662 divulgat
1726 1636 1738 1658 ,
1791 1592 2063 1648 imminuit

463 1668 666 1732 Christi
697 1678 976 1733 decorem.
1009 1679 1134 1736 Ideo
1178 1691 1340 1737 nerito
1369 1685 1546 1739 mittat
1590 1688 1911 1757 margaritas
1934 1703 2060 1742 snas

467 1773 686 1840 porris,
737 1782 804 1826 ne
845 1776 1156 1830 conculcari
1211 1777 1372 1833 faciat
1425 1790 1743 1834 ornamenta
1798 1783 2058 1850 pretiosa.

2156 567 2290 638 ejus.
2327 569 2457 636 Quzi:
2495 570 2537 623 si
2579 570 2699 639 quis
2735 581 2886 626 recto
2931 573 3121 642 vigeat
3159 571 3326 627 cOrde
3350 614 3364 634 ,
3393 587 3496 626 non
3525 573 3751 640 patitur,

2156 662 2249 713 'setl
2279 660 2546 716 radicatus
2569 665 2731 730 atque
2758 661 3012 717 fundatus
3033 663 3293 718 adversus
3321 669 3509 718 amnes
3542 663 3756 734 passio-

2156 764 2282 804 num
2305 749 2822 830 ”llucttisimmohilis
2847 765 3174 822 perseverat.

2227 837 2317 924 ἓξὲξ
2361 845 2541 920 (vers.
2584 833 2710 914 29.)
2728 846 3096 901 Conlirniatus
3121 847 3282 915 igitur
3321 843 3373 900 in
3407 845 3592 900 verbis
3628 845 3700 900 ait
3739 861 3754 900 :

2166 936 2313 992 Viam
2343 935 2627 1001 iniquitatis
2657 949 2834 990 amove
2853 955 2883 990 a
2912 953 3010 1001 me,
3038 947 3084 990 et
3111 938 3219 1010 lege
3249 948 3335 992 tua
3357 939 3597 991 miserere
3622 940 3751 990 mei.

2158 1026 2274 1082 Non
2304 1028 2477 1081 dixit:
2509 1027 2715 1084 Amove
2752 1039 2838 1084 me
2863 1046 2888 1080 τι
2919 1031 2998 1083 via
3049 1031 3387 1097 iniquitatis;
3436 1029 3528 1083 sed
3550 1071 3565 1093 ,
3599 1029 3753 1083 Viam

2159 1120 2446 1190 iniquitatis
2462 1121 2638 1174 anio've
2657 1127 2684 1174 ii
2700 1118 2806 1186 ine;
2834 1122 2985 1190 qttasi
3013 1121 3065 1175 in
3102 1122 3258 1175 nobis
3277 1123 3340 1175 sit
3366 1164 3380 1188 ,
3411 1132 3468 1176 et
3489 1121 3644 1175 nobis
3665 1121 3752 1175 iti-

2161 1221 2281 1264 csSe
2309 1211 2574 1266 Videatnr.
2600 1213 2864 1278 Quamdiu
2894 1214 3038 1267 enim
3069 1223 3390 1267 exercemus
3422 1214 3624 1282 aliquid
3648 1215 3754 1267 itu-

2164 1307 2414 1375 probum,
2450 1308 2534 1359 via
2559 1307 2858 1376 iniquitatis
2896 1308 3122 1361 interius
3149 1317 3346 1366 manet.
3382 1317 3571 1361 etnon
3603 1323 3762 1361 rece-

2161 1399 2239 1453 dit
2271 1415 2297 1450 a
2331 1400 2516 1464 nobis;
2559 1400 2789 1469 ideoque
2823 1401 3064 1456 studiose
3095 1413 3336 1470 agamus,
3384 1411 3441 1456 ut
3470 1415 3590 1457 eam
3611 1415 3638 1454 a
3661 1417 3765 1455 no-

2165 1492 2249 1546 bis
2289 1507 2622 1560 separemus.
2673 1495 2779 1551 Sed
2830 1499 2953 1565 quia
3008 1493 3410 1550 lurrcditat-iittn
3461 1491 3766 1563 iniquitatis

2164 1585 2429 1654 glutinum
2465 1587 2736 1642 mentibus
2765 1588 2981 1642 inlimsit
3012 1587 3263 1642 humanis
3291 1628 3303 1650 ,
3353 1601 3492 1654 opus
3523 1591 3604 1642 est
3629 1587 3768 1642 libe-

2166 1677 2336 1730 rantis
2368 1677 2586 1732 auxilio.
2615 1677 2845 1734 Precare
2871 1689 2925 1732 et
2955 1691 3027 1744 tu,
3049 1689 3102 1733 et
3123 1679 3318 1733 dicito:
3340 1679 3524 1733 Infelix
3543 1694 3642 1748 ego
3665 1678 3770 1732 ho-

2169 1787 2276 1833 mo,
2311 1773 2430 1842 quis
2461 1775 2732 1828 amovebit
2755 1788 2783 1828 a
2811 1789 2897 1828 me
2919 1775 3222 1844 iniquitatis
3250 1774 3432 1828 viam?
3457 1773 3636 1829 Gratia
3665 1772 3768 1827 Dei

468 1852 587 1918 Non
622 1873 752 1934 ergo
804 1864 856 1919 in
904 1867 1259 1922 tabernacqu
1304 1871 1550 1940 loquacis
1585 1883 1637 1926 ei
1667 1874 1906 1942 garruli;
1939 1874 2060 1942 quis.
2093 1862 2142 1930 Β
2170 1880 2266 1934 per
2295 1864 2479 1919 Jcsum
2508 1865 2782 1920 Christum
2818 1869 3100 1922 Iteminum
3133 1879 3410 1929 nostrum;
3463 1868 3517 1922 et
3539 1867 3771 1936 pulchre

469 1957 520 2010 in
556 1953 900 2026 multiloquio
923 1971 1201 2026 peccatum
1231 1961 1573 2016 admittitur:
1609 1961 1701 2017 sed
1733 1965 1782 2017 in
1802 1964 1903 2017 viri
1937 1966 2064 2020 serii

471 2049 561 2118 qui
586 2049 654 2103 sit
685 2065 877 2117 parcns
905 2044 1126 2121 alloquii
1156 2095 1171 2118 ,
1229 2065 1330 2110 nec
1369 2056 1642 2110 sermonis
1675 2058 2062 2127 intemperans,

471 2149 526 2194 et
554 2141 843 2195 verborum
869 2142 1166 2198 sobrietate
1196 2146 1570 2201 temnientiam
1593 2148 1934 2219 loquacitatis
1949 2152 2067 2206 evi-

472 2243 616 2297 tatis,
651 2225 811 2304 caput
840 2249 996 2290 suum
1030 2235 1280 2294 Christus
1313 2240 1556 2295 inclinat.

547 2327 634 2381 i9.
680 2326 746 2380 Et
777 2328 973 2382 merito
1011 2344 1239 2398 Opacam
1285 2332 1551 2401 significat
1605 2332 2063 2401 aceliuationem;

473 2421 600 2489 quia
633 2421 684 2475 in
719 2421 958 2476 Ecclesia
986 2425 1317 2479 constitutos
1362 2427 1534 2480 virtus
1585 2428 1873 2483 obumbrat
1901 2428 2067 2484 Altis-

472 2514 616 2568 sitni.
665 2514 772 2569 IIac
813 2514 1000 2570 umbra
1056 2517 1220 2572 David
1269 2521 1478 2591 protegi
1525 2535 1584 2576 se
1617 2523 1955 2590 postulabat;
2003 2537 2068 2580 ne

473 2621 597 2660 eum
636 2619 732 2673 per
757 2606 904 2662 diem
935 2609 1015 2663 sol
1044 2621 1221 2665 ureret
1244 2653 1257 2676 ,
1317 2613 1400 2666 vel
1430 2613 1554 2667 luna
1581 2630 1675 2682 per
1707 2623 1918 2669 noctem
1947 2614 2064 2686 (Ps.

473 2715 599 2761 cxx,
633 2699 708 2768 6).
759 2699 908 2755 Hanc
957 2702 1205 2757 umbram
1261 2705 1528 2774 spiritalis
1575 2707 1847 2761 ministrat
1899 2707 2068 2776 gratia

480 2791 688 2864 1015
713 2793 914 2848 torrida
945 2795 1133 2849 smculi
1161 2796 1320 2866 hujus
1351 2807 1405 2851 et
1453 2799 1638 2853 mundi
1659 2801 1843 2853 aestiva
1864 2798 2072 2868 fugien-

474 2885 638 2938 tibus.
680 2886 859 2951 Opaca
911 2887 1072 2956 igitur
1098 2889 1388 2945 acclinatio
1441 2892 1642 2946 Christi
1691 2901 1746 2946 et
1783 2892 2068 2957 Ecclesiae,

471 2979 666 3046 quibus
696 2979 788 3034 Dei
821 2981 1001 3037 Patris
1027 2995 1230 3038 acterna
1265 2986 1358 3039 illa
1387 2988 1602 3055 requies
1635 2988 1859 3057 aspirat.
1891 2989 1946 3042 In
1972 2989 2071 3044 hac

476 3079 610 3141 ergo
643 3073 1051 3142 requiescamus
1090 3077 1278 3132 umbra
1304 3119 1320 3144 ,
1371 3089 1718 3147 peccatorum
1760 3083 2069 3137 uestrorum

474 3163 696 3219 aestibus
725 3165 951 3237 fatigati.
983 3167 1037 3221 Si
1071 3183 1208 3238 quos
1239 3170 1451 3224 adussit
1474 3171 1641 3226 libido
1667 3214 1679 3236 ,
1723 3172 1821 3226 hos
1856 3173 2069 3229 Domini

2169 1957 2309 2010 viam
2333 1957 2464 2011 dixit
2494 1958 2792 2028 iniquitatis
2813 2001 2826 2022 ,
2859 1975 2962 2012 non
2992 1959 3358 2028 iniquitatem;
3390 1975 3454 2014 eo
3485 1958 3626 2030 quod
3654 1973 3769 2013 non

2169 2049 2320 2116 quasi
2365 2050 2626 2102 naturalis
2657 2050 2911 2120 iniquitas
2938 2052 3008 2104 sit
3045 2052 3094 2104 in
3127 2050 3284 2104 nobis
3311 2085 3324 2115 ,
3375 2050 3469 2105 sed
3497 2051 3769 2119 majorum

2171 2149 2290 2210 post
2319 2150 2536 2208 peccata
2577 2143 2914 2196 cnrrentiunt
2943 2145 3013 2196 sit
3045 2145 3225 2196 attrita
3255 2143 3519 2212 vestigiis.

2239 2235 2330 2289 25.
2373 2235 2676 2305 Meritoque
2719 2239 2842 2307 quia
2877 2238 3069 2291 vulnus
3114 2238 3347 2307 grande,
3393 2253 3457 2292 ac
3478 2248 3630 2293 vetus
3659 2241 3770 2303 est,

2170 2339 2224 2384 et
2254 2329 2344 2383 diu
2381 2346 2641 2399 serpens,
2700 2330 3040 2401 perfectioris
3085 2331 3368 2385 medicina:
3406 2330 3643 2384 remedia
3673 2330 3774 2384 de-

2174 2422 2368 2491 poscit,
2414 2421 2708 2477 obsecrans
2757 2431 2812 2477 ut
2866 2423 3078 2478 Domini
3129 2423 3366 2492 legitima
3417 2422 3773 2477 miseratione

2170 2525 2410 2570 curetur.
2443 2517 2569 2570 Cito
2601 2518 2744 2571 enim
2771 2517 3059 2572 refricatnr
3090 2517 3306 2582 vulnus,
3340 2515 3481 2586 quod
3515 2525 3770 2569 sanatum

2171 2609 2453 2662 medicina!
2477 2609 2594 2677 lege
2625 2625 2731 2662 non
2763 2608 2950 2671 fuerit;
2995 2609 3159 2662 immo
3188 2609 3350 2662 etiam
3374 2609 3636 2663 seriorem
3671 2624 3773 2662 cu-

2174 2701 2310 2755 ratio
2339 2702 2505 2755 sentit
2534 2701 2860 2771 profectum.
2902 2700 3137 2770 Ideoque
3168 2701 3212 2755 si
3252 2703 3397 2754 virus
3429 2701 3480 2754 in
3513 2701 3774 2754 interiora

2173 2795 2484 2860 proserpit,
2537 2794 2930 2848 medicamenta
2977 2793 3110 2847 foris
3153 2793 3398 2862 apposita
3434 2801 3540 2846 non
3576 2792 3769 2848 sentit.

2174 2886 2354 2955 Exigit
2376 2901 2506 2954 ergo
2537 2887 2822 2941 medicina?
2849 2887 3020 2953 ratio,
3056 2895 3226 2940 utaut
3257 2887 3496 2940 sectione
3517 2927 3529 2947 ,
3560 2895 3652 2937 aut
3675 2885 3775 2937 ad-

2171 2982 2386 3032 nstione
2437 2989 2675 3034 curetur.
2727 2979 2839 3033 Nisi
2885 2982 3031 3035 enim
3080 2979 3378 3048 putrefacta
3429 2977 3766 3040 recidantur,

2171 3085 2263 3127 attt
2291 3073 2486 3128 humor
2509 3073 2716 3128 inutilis
2740 3073 3095 3143 decoquatur,
3124 3074 3317 3128 frustra
3349 3072 3631 3127 tncdicittte
3656 3088 3774 3124 ma-

2175 3183 2276 3222 nus
2307 3168 2630 3223 adhibentur
2677 3168 2741 3222 ad
2769 3169 3016 3223 vulnera.
3065 3168 3298 3238 Ideoque
3329 3167 3499 3222 bonus
3525 3166 3775 3220 medicus

475 3271 604 3311 crux
629 3258 945 3326 refrigeret,
996 3260 1052 3314 in
1081 3277 1183 3329 qua
1212 3279 1270 3315 se
1301 3263 1620 3328 reclinavit;
1675 3274 1731 3318 ut
1765 3277 1946 3320 nostra
1977 3268 2071 3323 de-
2097 3249 2140 3310 C
2177 3261 2487 3330 hujusmodi
2520 3278 2720 3330 :cgt'tnn
2757 3262 2969 3334 1016
2995 3261 3232 3331 legitime
3256 3260 3387 3316 dicit
3422 3269 3543 3314 esse
3571 3274 3739 3313 curan
3759 3287 3775 3299 -

473 3349 597 3403 lieta
630 3353 956 3420 susciperet.
1000 3354 1055 3408 Si
1083 3369 1219 3422 quos
1271 3355 1426 3425 culpa
1462 3359 1728 3422 lassavit;
1780 3359 1878 3413 hos
1914 3360 2070 3414 .quis

471 3442 680 3512 gremio
702 3445 963 3512 suscipiat
985 3462 1107 3511 suo,
1141 3457 1193 3502 et
1220 3449 1366 3502 molli
1399 3449 1580 3505 foveat
1607 3454 1878 3522 amplexu.
1916 3454 2068 3510 Umle

473 3534 647 3590 audeo
670 3536 851 3591 dicere
873 3539 1015 3604 quod
1031 3539 1373 3596 earoCbristi
1396 3545 1683 3598 acclinatio
1705 3546 2068 3604 SitECC'I‘Siib.

549 3627 636 3682 20.
683 3627 878 3682 Trabes
929 3631 1200 3685 domorum
1229 3644 1521 3689 nostrarum
1550 3637 1710 3690 cedri.
1762 3637 1920 3692 Cedri
1950 3654 2073 3708 Spe-

475 3721 582 3784 cie,
633 3722 899 3790 majorum
927 3723 1019 3794 qui
1060 3725 1191 3794 justi
1222 3727 1472 3796 fueruut,
1522 3729 1689 3799 gloria
1722 3731 2068 3798 deelaratur;

464 3811 644 3878 justus
689 3815 833 3868 enim
866 3824 922 3868 ttt
955 3819 1130 3886 palma
1161 3818 1376 3873 IIorehit
1405 3863 1419 3884 ,
1470 3829 1526 3876 ct
1556 3823 1696 3878 sicut
1729 3824 1925 3878 cedrus
1950 3841 2072 3894 quae

474 3904 526 3958 in
561 3904 767 3962 Libano
821 3916 942 3969 est,
990 3910 1462 3981 multiplicahitur.
1508 3914 1662 3969 Sicut
1700 3917 1842 3970 enim
1880 3919 2074 3973 cedrus

474 4013 580 4054 non
611 4002 914 4070 putrescit:
948 4003 1018 4057 ita
1052 4019 1153 4059 nec
1179 4005 1442 4076 majorum
1473 4008 1643 4078 gloria
1673 4010 1782 4064 ulla
1806 4020 2074 4067 vetustate

471 4095 859 4162 eorrutnpitur.

542 4185 637 4238 21.
675 4184 974 4243 Locunaria
1005 4201 1181 4245 nostra
1205 4196 1454 4258 cupressi.
1500 4194 1685 4250 Genus
1727 4195 1833 4249 hoc
1860 4197 2072 4252 arboris

475 4287 770 4344 numquam
820 4279 1025 4334 amittit
1067 4282 1398 4337 viriditatem
1443 4299 1594 4339 suam
1630 4303 1642 4338 :
1691 4286 2071 4355 biemejuxta,

476 4380 624 4432 vere,
652 4378 815 4438 atque
845 4383 1031 4427 aestate
1061 4388 1271 4428 comam
1303 4377 1494 4445 pascit,
1516 4391 1614 4431 nec
1648 4377 1868 4432 diverso
1890 4379 2074 4435 colore

474 4470 734 4516 innitatur.
762 4463 946 4519 Solam
973 4465 1113 4520 hanc
1139 4468 1389 4523 arborem
1422 4480 1621 4525 ventus
1652 4485 1750 4524 suo
1779 4483 2071 4542 numquam

475 4552 683 4610 honore
751 4557 1210 4626 despoliatzsola
1272 4578 1563 4632 mtmqnam
1630 4565 1802 4620 veteri
1853 4567 2074 4621 exuitur

471 4649 696 4714 amictu,
720 4663 810 4706 aut
838 4669 978 4706 novo
1001 4653 1134 4710 flore
1157 4656 1404 4711 vestitur.
1429 4658 1519 4712 Sic
1539 4659 1831 4728 apostolica
1855 4669 2070 4730 quoque

474 4743 1118 4810 gratianescitdefectutn
1141 4767 1153 4802 :
1179 4749 1272 4804 sed
1298 4757 1562 4806 vetustate
1577 4751 1656 4804 sui
1675 4749 1853 4806 floret.
1875 4753 2068 4805 Anima
2097 4731 2149 4796 Ῑ)

469 4849 600 4903 ergo
616 4839 889 4907 corrumpi
919 4842 1110 4905 nescit,
1135 4858 1254 4910 qua.-
1286 4842 1610 4898 florentibus
1626 4845 1835 4898 meritis
1855 4844 2065 4913 vigens,

471 4941 691 4996 semper
745 4931 968 4999 justitiai
1016 4945 1446 5006 cwtet‘arumque
1513 4936 1771 4990 virtutmn
1828 4936 2068 4990 culmina

475 5019 699 5088 patienti
743 5024 1190 5090 magnanimitate
1233 5035 1520 5081 sustentat.
1567 5027 1634 5080 Et
1667 5027 1789 5081 ideo
1818 5043 1923 5080 non
1975 5029 2066 5082 de»

473 5111 626 5176 linit,
673 5128 847 5184 neque
870 5115 1089 5181 deficit;
1140 5120 1266 5188 quia
1309 5119 1442 5173 nihil
1486 5119 1538 5173 in
1599 5135 1661 5174 ea
1695 5121 1956 5174 ritnosum
1986 5126 2070 5173 Bst

468 5219 531 5258 ac
589 5205 893 5272 remisSnm,
948 5210 1345 5277 nihilinahile,
1398 5211 1531 5266 nihil
1584 5211 1884 5274 lubricum,
1932 5207 2067 5266 nihil

470 5299 611 5364 quod
633 5299 764 5354 vitio
790 5305 1058 5357 sermonis
1079 5321 1143 5358 ex
1161 5321 1222 5359 ea
1249 5306 1415 5373 possit
1441 5306 1661 5360 effundi.
1678 5307 1917 5375 [deoque
1938 5321 2072 5361 con-

471 5385 645 5445 Ilntari
690 5405 747 5448 se
781 5395 918 5464 petit
957 5395 1008 5449 in
1051 5397 1229 5451 verbis
1260 5398 1371 5452 suis
1419 5398 1688 5468 Propheta
1721 5397 1841 5470 (ΡΩ.
1896 5407 2059 5463 LXXII,

471 5577 505 5628 Α
537 5513 578 5644 ἢ
612 5507 813 5564 Omnes
842 5509 997 5576 edit.,
1052 5527 1139 5566 ore
1179 5511 1451 5582 deflueret.
1482 5513 1685 5568 Omnes
1712 5527 1866 5580 mss.,
1911 5503 2063 5567 corde

508 5593 535 5631 ε
583 5591 742 5632 nerei.

508 5591 742 5632 ειιῑιενει.

548 5667 575 5700 δ
617 5662 689 5716 Ita
725 5670 840 5717 vet.
886 5663 1017 5718 edit.
1050 5674 1105 5719 et
1131 5668 1312 5720 cuncti
1343 5681 1476 5722 mss.
1511 5668 1647 5722 Rom
1678 5675 1858 5721 autem
1881 5665 2011 5720 edit.
2037 5679 2068 5719 e

477 5737 728 5811 margine
761 5735 922 5811 unius
967 5735 1091 5788 cod.
1133 5735 1255 5791 Vat.
1281 5779 1294 5799 ,
1339 5741 1554 5811 majoris
1603 5738 1942 5811 ansteritatis_
1972 5744 2067 5811 est.

478 5803 597 5862 Non
629 5808 790 5866 male,
817 5804 862 5859 si
886 5815 1161 5872 spectetur
1184 5822 1400 5864 sensus.
1418 5803 1624 5866 'Verum
1652 5826 1774 5866 cum
1799 5809 1943 5863 omtti
1965 5807 2071 5861 alio

482 5874 745 5969 suffragio
773 5873 1140 5967 aestimatur,
1190 5881 1476 5964 dicendum
1499 5893 1583 5956 est
1610 5881 1665 5962 id
1687 5882 1791 5958 hoc
1819 5881 1939 5949 loco
1964 5879 2073 5966 εξε-

2173 3353 2329 3416 tlmn;
2375 3365 2429 3407 ut.
2456 3356 2627 3424 possit
2673 3358 2937 3410 medicina
2988 3355 3272 3425 proficere.
3319 3353 3462 3422 Lege
3505 3366 3637 3419 ergo
3667 3352 3774 3405 titi-

2175 3456 2386 3499 seretnr
2407 3489 2419 3509 ,
2451 3448 2540 3516 qui
2571 3463 2693 3501 eum
2720 3448 2928 3516 jnstitia
2959 3447 3334 3516 sapientiaque
3374 3444 3682 3506 miseretur;
3717 3455 3779 3497 ut

2174 3556 2232 3593 ea
2267 3539 2504 3595 dimittat
2534 3557 2654 3609 qtae
2686 3541 2781 3595 scit
2814 3542 2937 3609 jure
2970 3554 3131 3610 posse
3160 3539 3393 3601 dimitti;
3448 3551 3513 3590 ne
3538 3549 3661 3590 cum
3692 3536 3780 3588 al-

2175 3636 2341 3689 trrins
2400 3636 2720 3702 miseretur,
2773 3651 2830 3689 se
2862 3637 3038 3703 ipsum
3093 3633 3194 3702 legi
3250 3632 3407 3686 faciat
3449 3629 3773 3684 obnoxium.

2175 3731 2320 3794 Agag
2341 3737 2623 3796 postquam
2640 3725 2988 3781 miseratione
3009 3723 3242 3778 donatus
3263 3731 3367 3786 est,
3395 3720 3521 3776 fecit
3545 3735 3779 3788 peccare

2175 3821 2324 3874 Sani.
2361 3820 2610 3875 Peccavit
2659 3820 2803 3873 enim
2841 3820 2890 3872 in
2922 3822 3036 3887 ipsa
3086 3815 3460 3872 misericordia
3489 3855 3502 3878 ,
3560 3825 3611 3868 et
3649 3815 3778 3871 ideo

2178 3914 2416 3981 peccavit
2448 3921 2568 3982 post
2593 3910 3052 3967 misericordiam.

2245 4006 2336 4062 24.
2377 4004 2798 4062 Consideremns
2823 4006 2985 4060 etiam
3008 4047 3022 4070 ,
3055 4020 3122 4058 ne
3149 4012 3202 4058 et
3227 4003 3400 4072 ipsum
3433 4000 3776 4056 deteriorem

2175 4097 2456 4164 faciamus,
2480 4098 2634 4169 cujus
2662 4099 2985 4154 miseremur
3017 4095 3601 4163 injnsteﬁi’lerumque
3621 4094 3776 4149 enim

2177 4208 2282 4246 non
2311 4207 2564 4246 coercere
2592 4188 3016 4260 delinquentes"
3050 4188 3272 4257 majoris
3311 4185 3655 4241 auctoritatis
3684 4197 3779 4242 est

2175 4299 2333 4353 quam
2367 4282 2413 4335 si
2446 4281 2745 4337 ulciscaris.
2781 4281 3097 4336 Traduntur
3126 4281 3269 4334 enim
3303 4280 3355 4333 in
3388 4279 3674 4348 passiones
3697 4279 3784 4347 ig-

2182 4377 2442 4431 [inmittite
2465 4417 2477 4437 ,
2531 4375 2863 4444 quicumque.
2889 4374 3088 4444 aliquid
3115 4374 3458 4427 inhonestum
3485 4370 3785 4424 connnise-

2178 4481 2324 4537 rttut,
2353 4469 2670 4537 nullumque
2695 4470 2868 4538 cnlpze
2907 4468 3137 4536 pretium
3168 4467 3368 4522 ferunt.
3405 4465 3649 4533 Denique
3679 4480 3784 4519 eos

2175 4564 2266 4631 qui
2294 4563 2626 4633 cognitorem
2676 4562 2842 4616 Deum
2884 4572 3106 4615 suorum
3151 4560 3420 4614 scelerum
3467 4571 3573 4610 non
3621 4565 3786 4625 puta-

2178 4656 2325 4716 baut,
2361 4664 2408 4707 et
2429 4654 2582 4724 quasi
2608 4653 2723 4707 sine
2752 4653 2934 4722 judice
2961 4664 3015 4708 et
3045 4651 3167 4706 sine
3199 4652 3317 4720 lege
3339 4649 3614 4714 vivebiut,
3644 4647 3784 4702 Tra-

2177 4750 2310 4804 didit
2340 4749 2480 4812 illos,
2512 4749 2703 4816 inquit,
2742 4750 2879 4802 Deus
2909 4749 2961 4800 in
2990 4744 3262 4816 reprobnm
3291 4759 3494 4798 sensum
3519 4741 3702 4814 (Rom.
3737 4761 3780 4809 t,

2178 4841 2302 4912 ‘28);
2333 4842 2454 4910 quia
2475 4840 2759 4909 elegerunt
2788 4839 2926 4893 viam
2959 4839 3259 4908 iniquitatis
3284 4855 3296 4889 :
3320 4838 3458 4890 viam
3482 4832 3785 4890 atttem've-

2180 4932 2920 5020 ritatisgeligeceatalqerunt.

2247 5025 2338 5080 25.
2362 5025 2553 5108 ρπβ.
2573 5023 2842 5096 ὄρ..λὸθὰ
2874 5022 3130 5094 pmpheta
3157 5023 3247 5092 qui
3279 5023 3495 5076 sincero
3525 5023 3777 5077 converti

2180 5101 2587 5181 volnitiitll‘ec-tu,
2626 5115 2808 5180 Viam,
2862 5115 3054 5184 inquit,
3089 5115 3315 5168 veritatis
3365 5115 3492 5186 elegi
3523 5131 3539 5167 :
3569 5115 3786 5183 judicia

2183 5221 2270 5263 tua
2301 5227 2400 5262 non
2434 5226 2547 5264 sum
2575 5209 2784 5262 oblitus.
2834 5195 2947 5262 Non
2977 5207 3154 5276 potest
3188 5208 3287 5261 hoc
3322 5195 3505 5260 dicere
3531 5247 3546 5272 ,
3574 5207 3663 5273 qui
3693 5224 3789 5261 cr-

2179 5313 2263 5355 rat
2287 5303 2336 5356 in
2363 5301 2636 5371 dogmate.
2665 5299 2783 5354 Non
2823 5307 3003 5369 potest
3029 5299 3264 5352 Ariantts
3291 5298 3476 5352 dicere
3497 5340 3510 5363 ,
3535 5314 3642 5352 tton
3679 5315 3786 5366 po-

2178 5403 2283 5450 test
2309 5393 2673 5456 Sabellianus,
2708 5407 2812 5446 non
2837 5389 3204 5445 Manichzens:
3243 5404 3349 5444 non
3382 5397 3565 5460 potest
3591 5388 3788 5445 dicere

2171 5509 2401 5572 nilicari,
2427 5507 2686 5574 quosdam
2719 5522 2841 5561 esse
2868 5507 2958 5577 qui
2983 5505 3111 5561 dum
3143 5508 3347 5560 crimen
3387 5505 3700 5559 eondonant
3727 5517 3793 5561 ut.

2172 5581 2545 5635 ain-toritatem
2589 5579 2862 5647 ostentent
2913 5594 3064 5632 suam
3104 5579 3233 5648 (non
3267 5578 3412 5631 enim
3456 5577 3786 5633 inferiorum

2168 5653 2464 5722 judicium,
2518 5651 2612 5705 sed
2645 5651 2900 5720 principis
2929 5659 3023 5722 est
3043 5650 3255 5722 veniant
3284 5648 3637 5720 concedere),
3669 5650 3789 5705 reis

2176 5720 2296 5788 plus
2327 5734 2552 5777 noceant
2578 5722 2914 5786 impunttatis
2939 5720 3295 5790 indulgentia,
3328 5735 3489 5791 quam
3515 5722 3562 5775 si
3595 5725 3648 5775 in
3676 5738 3786 5784 eos

2175 5809 2364 5853 severe
2385 5794 2896 5868 animadverterent.
