1994 3187
106 180 162 212 ΗΝ

613 176 645 207 IN
665 181 830 210 pSALuuu
848 172 953 211 curnt
975 183 1165 214 exrosnw.

1656 181 1724 220 tero

102 253 181 273 avarus
191 266 197 274 .
217 245 258 278 qui
269 244 407 272 staularia
420 249 444 271 et
460 246 609 273 materiaiia
620 247 790 281 concupiscit
802 257 809 274 :
822 255 875 275 non

938 248 1015 270 mutes
1028 252 1109 278 aquas
1120 245 1216 272 multus
1230 245 1354 279 (Habita,
1372 255 1409 278 nl,
1427 248 1473 282 15)
1487 257 1494 280 ;
1511 256 1543 276 eo
1569 249 1640 282 quod
1656 258 1724 285 geu-

102 296 172 326 prttest
187 292 272 317 dicere
285 291 330 324 qui
348 291 517 325 negotiatur;
532 300 585 319 non
601 298 643 319 est
657 293 729 320 enim
747 294 787 320 via
803 295 873 321 veti-

103 338 153 364 tatis
163 336 264 364 habendi
273 336 404 369 studium,
414 338 549 372 cupiditas
561 339 873 373 possidendi.Quomodo

103 385 136 409 via
150 383 255 410 raritatis
268 403 274 415 ,
297 390 358 410 cum
377 384 423 410 ille
445 384 524 411 dives
536 385 560 411 in
577 385 678 412 sa-cnlo
694 390 812 420 nequeat
832 394 874 414 se-

102 438 149 457 cum
165 437 220 456 suas
232 430 375 457 transferre
391 430 508 464 divitias,
521 436 547 458 et
564 432 676 466 incipiat
691 433 816 460 mendico
828 433 874 460 illo

101 477 185 503 Lazaro
212 475 329 511 egentior
353 484 415 504 esse
442 482 502 511 post
522 478 657 505 mortem?
681 477 740 506 Non
765 482 808 505 est
830 480 873 506 via

103 523 203 549 teritatis
225 524 307 550 ltonor
328 523 433 556 smculi,
459 524 617 551 sollicitudo
631 525 735 551 mundi.
751 525 873 560 Denique

100 570 137 603 qui
161 570 219 596 riaut
233 569 356 597 veritatis
376 570 479 606 elegit,
503 572 584 606 paulo
601 576 662 606 post
682 572 746 599 dicit
763 580 769 598 :
786 573 875 599 Auct-ta

103 618 174 642 oculos
186 624 247 643 uicos
262 624 291 644 ne
313 616 417 643 uideant
432 618 569 646 vanitatem
586 618 653 653 (lnf.
667 625 731 644 vers.
748 617 804 652 57).
822 618 875 645 Va-

103 662 160 688 nitas
173 662 353 697 tcmporaliutn
369 668 421 695 est,
437 664 537 691 veritas
552 668 730 691 :eternorum.
747 663 776 692 Si
793 664 873 690 volu-

101 715 147 734 utus
161 708 231 742 igitur
251 708 395 736 ambulare
421 709 493 735 viam
517 709 649 741 veritatis,
667 710 874 744 peregrinemur

100 755 180 782 sa-culo
197 755 277 790 magis
294 763 375 789 quam
400 755 469 789 Deo,
485 761 512 783 et
534 756 704 783 ambulemus
720 764 767 791 per
781 757 871 783 tidem.

100 800 138 833 Qui
150 800 212 827 enim
221 809 265 836 per
277 801 361 833 iidem
370 802 503 835 ambulat,
519 802 575 828 Deo
587 809 709 835 prmsens
723 807 775 834 est,
788 807 816 829 et
827 802 873 837 qui

98 846 199 874 ambulat
210 855 254 881 per
268 848 389 882 speciem
404 868 412 881 ,
428 848 505 875 adest
515 848 619 875 saeculo
632 868 639 881 ,
656 849 845 883 peregrinatur
858 856 873 876 a

100 892 339 931 υοιιιιιιρὲἕξῤ-ιιὶςἱ
346 895 402 921 cito
416 894 602 922 confunditur.

124 939 163 966 εδ.

124 986 150 1012 cit
162 987 179 1013 υ
197 988 235 1013 \‘itl
247 997 254 1013 :
266 988 299 1013 Δι

98 985 150 1012 dicit
162 985 235 1014 David
247 997 254 1015 :
266 988 375 1014 Adita-si
387 989 539 1015 testimoniis
555 989 617 1019 tuis.
634 987 756 1022 Domine,
770 998 801 1018 ne
811 998 874 1016 con-

96 1032 176 1066 {undas
197 1041 241 1062 me.
265 1034 399 1069 Adhaeret
425 1035 588 1062 testimoniis
615 1036 720 1062 Dotnini
749 1037 794 1071 qui
817 1037 876 1071 ejus

96 1080 203 1112 mandata
218 1089 267 1108 non
281 1083 401 1116 respuit,
423 1082 524 1115 judicia
539 1090 593 1109 non
615 1082 797 1117 obliviscitur,
824 1092 875 1112 nec

94 1124 258 1159 Voluptatibus
283 1128 410 1163 indulget
423 1128 490 1155 suis.
506 1127 557 1161 Qui
569 1128 692 1156 adhtrret
703 1129 809 1157 Domini
822 1136 876 1158 tes-

96 1170 217 1204 timoniis,
232 1175 367 1202 renuntiat
380 1175 497 1207 tnttntlo,
522 1175 674 1209 posteriora
692 1175 874 1210 obliviscitur,

94 1216 122 1243 ad
134 1218 211 1251 priora
226 1220 387 1254 contendit,
405 1227 433 1248 ιιι
450 1223 591 1255 perveniat
605 1221 638 1248 ad
652 1222 788 1254 hravium,
803 1222 875 1257 quod

94 1267 130 1290 cst
148 1264 243 1299 insigne
261 1267 396 1294 rictorice.
418 1267 476 1294 Non
494 1275 560 1302 ergo
575 1268 748 1296 contunditur
763 1289 770 1301 ,
796 1276 876 1303 quem

94 1310 172 1337 utundi
183 1311 257 1346 hujus
273 1313 436 1341 illecebrosa
447 1321 501 1346 non
517 1314 657 1348 ceperint:
669 1323 723 1341 non
733 1315 878 1344 confundi-

94 1359 138 1386 tur.
152 1358 247 1385 etiamsi
263 1359 451 1388 erubescenda
462 1360 641 1392 commiserit,
653 1362 698 1396 qui
711 1362 816 1388 veniant
830 1362 878 1389 de-

93 1400 202 1430 lictorum
219 1406 307 1439 poscit
322 1413 338 1432 a
353 1406 472 1434 Christo.
498 1406 616 1442 ideoque
639 1408 820 1442 respondetur
830 1409 854 1435 ei
869 1417 876 1434 :

93 1447 191 1477 Dimisso
202 1458 257 1479 sunt
268 1453 317 1480 tibi
327 1458 435 1488 peccata
447 1458 526 1482 tua...
544 1454 607 1481 vade
620 1454 646 1481 in
658 1454 815 1491 ραιεμιιιε..
828 1463 877 1486 vn,

91 1494 120 1521 48
128 1496 319 1531 et50).Sedita
336 1507 389 1526 non
400 1499 586 1532 confunditur,
603 1500 624 1527 si
636 1500 717 1527 luerit
733 1501 757 1526 in
770 1508 879 1535 coope-

92 1548 140 1568 rata
153 1550 326 1577 peccatorum
348 1546 490 1577 remissio;
519 1551 548 1575 ut
573 1555 627 1574 non
640 1547 728 1574 solum
750 1552 878 1582 peccata,

91 1588 130 1615 sed
139 1591 214 1618 etiam
225 1592 358 1626 peccandi
374 1593 499 1621 allectum
512 1592 628 1622 aulerat.
637 1593 747 1621 Justitia
758 1595 880 1621 remittat

928 289 992 316 tium
1009 291 1134 324 pupulos.
1156 292 1201 325 qui
1219 298 1362 319 moventur
1377 298 1407 320 ut
1422 302 1499 329 aqum
1515 296 1616 328 multm,
1636 301 1661 324 et
1677 305 1724 324 cx-

926 336 1079 363 citanlurut
1089 336 1189 364 ﬂuetus
1200 346 1330 373 aquarum
1346 340 1504 373 multarum,
1515 342 1726 376 cvangelizando

926 383 1125 410 commoverim
1144 385 1281 419 apostoli;
1313 390 1341 412 ut
1367 390 1542 421 assurgentes
1567 396 1580 414 a
1610 390 1727 417 terrenis

928 427 1063 455 idolnrttttt
1078 431 1250 458 caeremoniis
1265 432 1290 458 in
1302 431 1440 459 Christum
1455 434 1609 462 crederent.
1626 435 1659 462 Et
1682 444 1728 463 su-

927 481 974 508 pra
986 475 1024 501 ait
1039 483 1045 501 :
1060 475 1172 502 Asceudi
1187 477 1213 502 in
1227 484 1305 512 equos
1320 482 1377 504 tuos
1390 486 1399 505 :
1413 480 1540 513 equitatus
1553 485 1612 507 tuus
1627 482 1726 508 sanitas

926 519 1052 555 (Hatram,
1065 527 1105 552 ιιι,
1122 521 1161 554 8).
1174 521 1196 548 0
1211 522 1342 549 bonorum
1362 531 1493 558 equorum
1510 525 1724 562 duodecajuguin

926 566 1061 599 mirabile,
1076 567 1175 601 quibus
1191 567 1265 595 frena
1284 570 1368 603 pacis,
1386 569 1500 598 habena:
1521 577 1583 599 sunt
1610 572 1728 600 charita—

927 612 978 639 lis!
995 612 1140 640 Conslricti
1154 620 1214 642 sunt
1243 615 1315 642 inter
1330 624 1359 643 se
1373 617 1527 645 concordim
1549 619 1675 653 vinculis,
1700 625 1728 648 et

923 658 988 693 jugo
1002 659 1200 694 ﬁdeisubjecti,
1217 666 1333 696 quatuor
1359 663 1427 689 rotis
1455 663 1594 699 Evangelii
1622 671 1727 701 myste-

926 706 995 732 rium
1011 706 1095 733 totius
1110 706 1186 739 orbis
1196 707 1294 735 ﬁnibus
1311 707 1483 740 intehentes.
1496 709 1594 737 bonttm
1607 711 1727 746 aurigam

927 757 1066 786 portantes
1081 753 1126 780 Dei
1144 753 1273 787 Verbum,
1290 754 1367 789 cujus
1383 755 1491 789 ﬂagello
1503 755 1603 791 fugane
1619 762 1682 784 sunt
1697 758 1728 785 il—

925 799 1041 826 lecebrae
1056 799 1212 832 satcnlares,
1230 801 1427 828 exterminatus
1442 802 1535 829 nntndi
1556 803 1634 830 istius
1649 803 1726 838 ptin-

925 853 999 879 ceps,
1014 846 1149 880 justorum
1162 854 1258 873 cursus
1273 846 1405 882 impletus
1416 853 1468 875 est.
1485 848 1508 876 Ο
1524 850 1726 878 rationabilium

926 899 1057 926 equorum
1071 892 1173 926 grande
1183 894 1338 920 certamen!
1351 902 1367 920 ο
1381 894 1534 922 tnirandum
1548 897 1705 931 mysterium
1719 897 1726 924 !

357 941 435 969 Unde
457 942 567 977 refugus
584 942 619 969 ab
634 943 790 978 ltujusmodi
810 944 870 970 viro
886 941 909 970 Β
925 937 991 970 ltota
1007 938 1077 967 intra
1103 945 1189 969 rotant
1213 939 1349 972 currebat,
1377 944 1404 967 ct
1431 948 1484 968 tton
1517 941 1727 976 impediebatur.

927 985 1031 1016 Novum
1045 984 1249 1014 Testamentum
1265 986 1291 1013 in
1308 987 1390 1014 reteri
1408 986 1587 1018 Testamento
1600 993 1670 1021 erat,
1689 989 1730 1016 in-

928 1039 969 1060 Ira
986 1032 1050 1060 illud
1065 1033 1204 1066 currebat,
1222 1041 1269 1067 per
1282 1033 1354 1068 quod
1369 1035 1590 1062 annuntiabatur.
1612 1035 1639 1062 in
1663 1043 1730 1070 qua-

929 1085 991 1107 luur
1016 1084 1107 1114 partes
1134 1080 1209 1107 ibant
1225 1086 1301 1112 rotat,
1328 1086 1356 1108 et
1382 1088 1435 1109 non
1463 1082 1669 1110 revertebantur
1688 1092 1732 1110 re-

929 1131 1046 1154 trorsum
1061 1136 1067 1159 ;
1083 1128 1144 1162 quia
1159 1128 1271 1162 spiritus
1287 1129 1349 1155 vita:
1362 1132 1422 1156 erat
1446 1130 1473 1156 in
1498 1129 1540 1163 iis,
1565 1130 1611 1166 qui
1636 1138 1731 1157 curre-

930 1174 994 1201 bant
1006 1174 1031 1201 in
1047 1180 1162 1209 quatuor
1176 1180 1268 1208 partes
1283 1175 1367 1202 totius
1387 1176 1480 1203 tnttndi
1495 1184 1501 1209 ;
1524 1180 1552 1204 et
1570 1177 1630 1204 sine
1646 1177 1732 1204 ol'l'en-

929 1221 1007 1247 sione
1022 1221 1180 1254 currebant,
1196 1221 1258 1256 quia
1274 1222 1344 1249 bona
1358 1223 1411 1249 vita
1422 1230 1553 1257 equorum
1569 1223 1730 1258 qttadrahat.

931 1267 1084 1295 tlurrcbant
1097 1268 1180 1303 igitur
1191 1269 1270 1303 equi;
1285 1269 1347 1304 quia
1363 1277 1415 1296 non
1428 1270 1591 1304 dormiebat,
1619 1271 1665 1306 qui
1689 1279 1733 1299 us-

930 1314 1064 1348 cendcmt
1077 1322 1172 1348 equos.

967 1359 1013 1386 29.
1037 1359 1195 1387 Animarum
1209 1361 1291 1396 igitur
1306 1366 1460 1389 nostrarum
1474 1362 1568 1396 auriga
1581 1362 1670 1394 Jesus.
1687 1363 1734 1396 qui

933 1414 983 1433 nos
998 1414 1108 1440 quoqtte
1120 1407 1177 1433 vult
1191 1407 1340 1434 ascendere
1361 1415 1447 1441 equos
1469 1413 1577 1436 nostros
1588 1406 1600 1441 ,”
1618 1409 1669 1436 hoc
1679 1413 1732 1442 est,

933 1458 1025 1479 nostra
1038 1459 1172 1486 corpora;
1190 1452 1237 1479 sed
1253 1452 1366 1487 vigilare
1380 1461 1499 1488 semper,
1517 1462 1550 1482 ne
1562 1455 1669 1482 dicatur
1684 1463 1734 1482 no-

922 1489 990 1531 bis:
1004 1498 1214 1526 Dnrmitauerunt
1228 1500 1271 1534 qui
1283 1500 1453 1527 ascenderunt
1462 1509 1539 1535 equos
1550 1500 1634 1536 (Paul.
1652 1510 1734 1536 Lxxv,

934 1544 974 1578 7).
990 1544 1196 1572 Transeundum
1207 1545 1310 1572 esthoc
1321 1554 1396 1575 mare
1408 1546 1532 1582 impigre.
1546 1547 1595 1574 Vix
1608 1549 1738 1575 transitur

934 1598 948 1617 a
964 1590 1159 1625 vigilantibus:
1186 1592 1208 1619 si
1239 1592 1300 1625 quis
1324 1597 1414 1619 autem
1430 1593 1589 1627 dormiet-it,
1620 1595 1737 1622 transire

91 1634 248 1669 iniquitates.
272 1639 408 1669 fortitudo
427 1641 551 1667 timorem
564 1661 571 1671 .
596 1642 777 1675 temperantia
793 1642 882 1675 impu-
896 1637 918 1668 C
936 1645 989 1664 non
1002 1637 1121 1673 polct‘il;
1137 1638 1184 1666 Sed
1195 1638 1375 1673 demergilur.
1393 1643 1422 1672 υῑ
1438 1639 1594 1676 Egyptins.
1617 1641 1695 1675 Ct'ilts
1711 1646 1739 1669 Gl

91 1681 192 1714 ritates;
208 1688 237 1710 ut
253 1692 309 1712 nou
325 1686 412 1715 solum
427 1687 584 1720 temporalis
595 1707 602 1719 ,
626 1687 673 1713 sed
687 1687 768 1714 etiam
782 1695 880 1722 perpe-

92 1731 127 1753 tua
137 1729 179 1755 liat
193 1732 323 1758 remissio
334 1737 520 1767 peccatorum.
538 1732 625 1760 intret
642 1733 667 1760 in
677 1733 795 1761 animam
808 1739 882 1762 tuam

93 1772 213 1807 Christus.
231 1776 367 1805 inhabitet
384 1780 410 1806 in
426 1779 479 1806 tuis
496 1780 633 1807 mentibus
648 1779 742 1813 Jesus;
761 1786 789 1807 ut
804 1781 829 1807 in
843 1786 883 1808 ta-

91 1819 348 1860 bcrnaculoavirtutis
362 1831 474 1860 peccato
488 1825 564 1856 locus
581 1833 643 1853 esse
659 1833 710 1853 non
727 1827 828 1860 possit.

122 1860 463 1913 Ξῖξῇῷξξιεέέᾘνίιιηι,
480 1872 578 1906 inquit,
588 1873 770 1899 mumlatorum
783 1877 885 1900 tuorum

93 1912 258 1942 suanm»;
274 1917 401 1947 dilatares
412 1926 456 1944 cor
470 1925 565 1945 meum.
585 1917 680 1953 Neque
690 1919 762 1945 enim
779 1923 887 1953 poterat

93 1959 154 1987 riam
166 1963 269 1999 1017
288 1971 414 1997 currere,
424 1965 446 1992 si
457 1972 505 1992 cur
518 1965 578 1999 ejus
589 1970 776 1992 coarctaretur
789 1972 887 2000 angus-

92 2006 138 2034 tiis.
155 2008 276 2045 Denique
302 2011 477 2039 currentibus
504 2011 574 2039 viam
590 2012 697 2044 Domini
712 2011 750 2039 ait
765 2013 887 2046 Aposto-

93 2053 128 2081 lus
142 2065 148 2081 :
161 2056 319 2090 Dilatantiui
328 2064 352 2086 et
366 2067 409 2086 vos
421 2079 428 2091 ,
452 2065 476 2087 et
491 2059 572 2087 nolite
590 2061 686 2095 jugum
712 2059 806 2086 ducere
830 2068 889 2086 cum

91 2100 230 2136 infidelibus
253 2105 305 2141 (ll.
318 2105 394 2137 Cor.,
405 2113 443 2139 γι,
469 2107 502 2134 15
518 2111 540 2132 et
554 2105 609 2141 l4).
624 2106 659 2133 Et
682 2107 716 2133 de
735 2114 765 2132 se
778 2106 816 2133 ait
830 2114 838 2133 :
854 2105 890 2135 0!

92 2154 198 2176 nostrum
219 2157 293 2185 patet
309 2152 344 2178 ad
359 2160 403 2179 vos
419 2173 426 2186 ,
451 2161 464 2179 ο
481 2152 610 2179 Corinthii
623 2174 630 2185 ,
657 2161 700 2179 cor
715 2158 832 2185 nostrum
846 2153 889 2179 di-

90 2194 189 2223 latulum
201 2204 239 2224 est
262 2198 361 2233 (lbid.,
378 2199 435 2234 11).
449 2198 512 2227 ldeo
523 2204 550 2226 et
563 2199 596 2226 de
611 2199 759 2226 Salomone
772 2199 871 2226 dicitur
883 2208 890 2226 :

92 2240 206 2271 Latitudo
227 2246 318 2272 cordis
344 2246 410 2281 ejus,
437 2246 503 2274 sicut
525 2254 605 2273 arena
634 2245 711 2274 maris
734 2244 744 2281 (
761 2245 794 2272 Ill
814 2246 891 2280 Rem,

90 2295 122 2319 I\'.
137 2289 195 2324 29),
211 2295 241 2323 et
253 2291 317 2328 vide
330 2291 486 2328 distantiam
504 2300 510 2318 :
527 2292 568 2318 via
579 2291 615 2318 sit
626 2292 778 2326 angustior,
796 2299 843 2318 eor
855 2291 894 2318 la-

934 1684 1025 1711 aniuta
1040 1688 1067 1711 ct
1080 1691 1179 1719 corpus
1196 1685 1299 1712 interiit
1313 1694 1319 1711 :
1334 1685 1437 1719 Equum
1450 1686 1522 1713 enitn
1539 1692 1563 1714 et
1574 1694 1739 1714 ostentarent

936 1730 1044 1764 proiecit
1057 1731 1084 1757 in
1100 1738 1170 1758 mare
1189 1730 1299 1766 (19nd,,
1314 1739 1358 1763 xv,
1374 1732 1412 1767 1),
1426 1732 1470 1768 qui
1491 1740 1545 1760 non
1559 1733 1742 1768 sequebantur

936 1776 1035 1811 legem,
1051 1777 1099 1804 scd
1114 1777 1356 1812 persequebantur.

1135 1844 1242 1889 1018
1262 1844 1377 1872 SERMO
1397 1845 1559 1880 QUINTUS.

1269 1904 1298 1929 ,Π
1321 1900 1368 1932 lle.

978 1962 1004 1990 Ἰ.
1027 1962 1155 1997 Sequitur
1169 1964 1261 1998 quinta
1278 1964 1368 1991 littera
1384 1964 1437 1997 Ile,
1451 1972 1511 1999 qua:
1525 1965 1621 1993 Latine
1641 1966 1745 2001 signiti-

941 2012 996 2041 cat,
1012 2014 1049 2037 est
1067 2017 1072 2035 :
1095 2009 1147 2041 vel,
1167 2014 1196 2036 ut
1210 2009 1272 2036 alibi
1290 2010 1450 2042 invenimus,
1465 2011 1530 2038 vivo.
1542 2010 1677 2039 Convenit
1691 2012 1745 2040 sibi

943 2059 1057 2090 utraque
1075 2057 1282 2090 interpretatio;
1300 2058 1345 2092 qui
1360 2058 1432 2084 cnim
1459 2062 1512 2091 est,
1537 2058 1621 2091 vivit;
1646 2064 1673 2086 et
1698 2061 1744 2095 qui

943 2101 1020 2133 vivit,
1037 2106 1088 2129 est.
1106 2101 1227 2137 Denique
1241 2103 1357 2138 gentiles
1372 2111 1424 2131 nott
1439 2109 1503 2131 sunt
1518 2113 1525 2137 ;
1552 2111 1579 2132 et
1604 2106 1667 2133 ideo
1690 2114 1744 2133 non

944 2149 1050 2181 vivunt,
1063 2148 1111 2177 seti
1125 2150 1225 2178 mortui
1239 2154 1302 2177 sunt
1319 2149 1416 2178 :Jesus
1431 2155 1515 2178 autent
1535 2151 1591 2179 lteri
1612 2157 1636 2178 et
1659 2151 1746 2185 hodie,

943 2195 1041 2230 ipsust
1055 2200 1078 2223 et
1087 2196 1113 2224 iu
1127 2196 1224 2224 amula
1249 2195 1342 2231 (Heln,
1357 2204 1415 2228 xnt.
1431 2196 1471 2233 8).
1485 2198 1519 2225 Et
1532 2198 1579 2232 qui
1590 2203 1641 2230 est,
1657 2199 1722 2225 vivit
1740 2208 1746 2226 :

950 2241 1013 2268 Vivo
1035 2242 1102 2269 enim
1124 2250 1181 2277 ego,
1200 2242 1263 2270 dicit
1284 2242 1411 2271 Dominus
1428 2243 1496 2270 Deus
1512 2243 1632 2279 (ΕιιεεΙι.1
1648 2253 1747 2278 xxxttt,

946 2288 1005 2323 Η).
1021 2287 1163 2320 Quomodo
1177 2288 1249 2316 enim
1262 2292 1352 2323 potest
1366 2297 1419 2317 non
1439 2297 1500 2317 esse
1512 2310 1518 2321 .
1537 2290 1582 2324 qui
1599 2290 1687 2317 vivit?
1703 2291 1749 2319 Vi-

93 2333 155 2366 lius,
171 2340 200 2362 ut
217 2337 327 2370 Patris,
344 2342 370 2363 et
388 2336 466 2369 Filii,
482 2342 509 2363 et
525 2336 644 2371 Spiritus
661 2337 747 2363 sancti
761 2337 882 2364 sustinca

947 2334 1084 2360 vitantem
1099 2334 1189 2366 Jesus,
1206 2334 1250 2369 qui
1267 2335 1347 2361 etiam
1364 2341 1486 2362 tnortnos
1500 2335 1628 2369 \ivilirat,
1655 2343 1681 2364 et
1702 2345 1748 2364 vo-

89 2381 278 2416 tuansionent;
305 2391 338 2410 ne
358 2383 450 2418 veniat
469 2383 585 2420 Vprbum
604 2382 668 2414 Dei,
700 2389 725 2409 et
738 2383 837 2417 pulset,
866 2388 894 2411 et

91 2426 181 2456 videns
201 2430 300 2461 cordis
319 2430 378 2464 ejus
392 2430 531 2464 angustius
544 2451 551 2462 ,
578 2429 741 2463 dedignctur
757 2429 891 2457 habitare.

90 2471 206 2511 Denique
223 2476 364 2510 sapientia
381 2477 406 2502 in
421 2476 496 2503 exitu
513 2476 633 2506 canitur,
651 2476 676 2502 in
694 2475 791 2510 plateis
802 2482 893 2502 autem

90 2526 147 2553 cum
159 2523 263 2555 ﬁducia
275 2523 340 2557 agit.
357 2522 457 2549 Platete
469 2523 530 2554 latae
538 2526 610 2554 sunt.
630 2522 688 2550 Non
704 2522 819 2557 igiturin
832 2522 893 2554 viis,

89 2566 133 2594 sed
149 2558 176 2595 in
191 2568 291 2604 cordis
304 2559 447 2596 latitudine
462 2569 594 2603 sapientia
609 2568 782 2595 decantatur.
799 2568 828 2596 In
842 2568 894 2594 ltoc

91 2611 168 2646 igitur
174 2622 280 2650 campo
291 2615 430 2643 interioris
438 2615 568 2647 hominis,
577 2615 666 2642 nonin
675 2615 808 2649 angustiis
818 2621 895 2641 men-

91 2657 304 2701 tiscurrendum
317 2661 397 2688 nobis
408 2667 450 2688 est
459 2682 465 2693 ,
480 2666 508 2688 ut
518 2661 792 2695 comprehendamus.
805 2659 897 2694 Scrip-

93 2708 145 2742 tum
156 2712 201 2735 est
216 2697 295 2743 enim
311 2716 318 2736 :
335 2708 380 2736 Sir
395 2707 490 2736 currite
501 2729 508 2741 ,
524 2712 552 2737 ut
568 2716 654 2734 omnes
671 2706 898 2743 comprehendo/ia

89 2749 179 2784 “Cor.
193 2760 234 2783 lx.
249 2753 307 2787 2i).
325 2753 445 2788 Denique
459 2753 663 2788 comprehendit
674 2774 680 2784 ,
695 2753 739 2787 qui
757 2753 790 2778 ita
803 2760 898 2779 cucur-

91 2795 136 2829 ινίι,
146 2805 176 2824 ut
183 2798 293 2826 diceret
305 2799 428 2826 :Cursum
439 2801 612 2825 contunnnavi
620 2799 653 2834 (ll
664 2799 742 2830 Tint.,
752 2806 787 2830 tv,
798 2798 825 2832 7)
835 2807 840 2829 ;
850 2806 882 2824 cu
890 2812 899 2817 -

90 2844 177 2886 ειη-ῆι
187 2845 271 2883 ρυιιιι
286 2850 312 2871 ιιι
322 2845 410 2883 bonus
426 2852 521 2880 equus.

124 2888 173 2918 98.
182 2890 332 2925 Siquidem
346 2891 428 2918 habet
440 2899 525 2926 equos
538 2899 603 2919 suos
611 2892 747 2923 Christus,
761 2892 795 2918 de
804 2892 900 2926 quibus

92 2933 158 2963 dicit
188 2935 330 2972 Propheta
349 2946 354 2963 ς
371 2936 507 2964 Intmisisti
520 2938 546 2964 in
562 2938 627 2964 mari
649 2946 726 2972 equos
750 2942 817 2970 tuos,
844 2943 899 2963 Iur-

945 2383 990 2407 cat
1003 2387 1034 2411 ea
1049 2388 1108 2414 qua:
1129 2388 1182 2407 non
1197 2385 1275 2413 sunt,
1300 2386 1437 2415 tamquam
1453 2389 1484 2415 ea
1507 2391 1566 2415 qua:
1585 2387 1658 2420 sunt,
1677 2383 1749 2415 Nihil

947 2426 1047 2455 mirum
1072 2426 1093 2458 si
1119 2426 1232 2453 Domino
1248 2426 1321 2454 cedit
1341 2433 1455 2459 natura,
1478 2432 1508 2456 ιιι
1531 2428 1702 2457 rit'iticentnr
1722 2435 1750 2460 et

946 2472 1059 2502 mortui,
1071 2477 1098 2499 et
1113 2472 1243 2507 incipiant
1256 2479 1328 2505 esse,
1338 2474 1383 2508 qui
1399 2480 1453 2500 non
1467 2479 1555 2501 erant.
1570 2475 1601 2501 Et
1613 2475 1674 2501 ideo
1686 2476 1749 2510 quia

947 2518 990 2545 via
1005 2518 1087 2555 etiam
1100 2518 1152 2552 vita
1168 2524 1209 2546 est
1224 2513 1373 2546 secundum
1399 2519 1475 2547 illttm
1491 2520 1585 2559 quiuit
1601 2530 1607 2548 :
1625 2520 1682 2558 Ego
1693 2531 1750 2549 sum

949 2564 1001 2596 via,
1013 2564 1114 2596 veritus,
1131 2569 1155 2592 et
1168 2566 1217 2592 vita
1232 2564 1334 2601 (Joan.,
1350 2574 1406 2599 xtv,
1421 2565 1466 2601 ti);
1490 2568 1561 2596 viam
1584 2576 1749 2602 qutcrautus,

950 2616 979 2638 ut
993 2612 1075 2640 vitam
1088 2613 1186 2639 habere.
1196 2620 1361 2641 mereamur.
1377 2613 1525 2654 Audiamus
1536 2622 1601 2649 ergo
1615 2616 1689 2642 illum
1706 2616 1752 2650 qui

950 2657 1017 2686 vivit
1035 2657 1060 2684 in
1071 2657 1192 2685 Christo.
1207 2658 1280 2686 Vivit
1297 2664 1388 2687 autem
1410 2661 1453 2695 qui
1470 2661 1508 2689 ait
1525 2669 1531 2688 :
1561 2661 1614 2688 Sal
1639 2670 1685 2688 nos
1708 2662 1754 2697 qui

951 2703 1070 2737 uit-imus,
1089 2704 1262 2732 beneditimus
1284 2711 1323 2737 te,
1343 2705 1455 2733 Domine
1473 2706 1559 2741 (Paul.
1581 2715 1661 2740 cun,
1686 2707 1752 2744 18);

953 2751 980 2777 in
992 2750 1104 2777 Christo
1115 2751 1187 2778 enim
1200 2751 1265 2779 Jesu
1278 2752 1358 2779 etiam
1373 2753 1537 2787 quicumque
1551 2759 1674 2781 ntortuus
1692 2755 1754 2782 iue-

955 2796 999 2828 rit,
1017 2796 1092 2836 visit.
1120 2832 1123 2835 .
1145 2832 1149 2834 Α
1183 2833 1185 2835 η

991 2828 1391 2883 Ξιέζῖειξζιξᾰὶιμίλυάίδωυξς
1403 2845 1528 2886 inuitauit
1545 2847 1608 2887 quid
1617 2847 1716 2889 stituit
1730 2853 1759 2887 ιιι

956 2890 1062 2919 viveret
1086 2899 1093 2919 :
1110 2890 1203 2927 Legem
1218 2892 1282 2919 milii
1292 2893 1428 2925 constitue,
1447 2892 1567 2927 Domine,
1582 2894 1650 2925 vium
1658 2896 1759 2931 justiti-

956 2937 1088 2964 catiomtm
1105 2943 1208 2964 tuarum
1221 2946 1230 2965 .'
1246 2942 1269 2964 et
1284 2946 1395 2973 qvi-(crum
1408 2939 1479 2965 illaut
1492 2948 1600 2975 semper.
1622 2940 1700 2969 Miles
1713 2940 1762 2975 qui
