3988 6384
1031 14 1120 30 "is
1143 18 1174 31 ι-
1191 18 1336 34 -σπω

466 329 598 386 1251

1825 330 2067 390 SANCTI
2107 326 2431 389 AMBROSII

3627 322 3772 380 I252

464 442 764 516 ingreditur
808 443 933 512 iter,
973 443 1158 501 viandi
1197 444 1444 501 ordinem
1501 459 1609 500 non
1657 445 1774 516 ipse
1818 447 2061 518 disponit
2087 454 2132 514 Α
2165 447 2495 518 tegritatem.
2538 442 2698 499 Levis
2735 449 2875 505 erat.
2920 455 3045 513 quae
3087 455 3197 498 non
3244 439 3449 497 homini
3487 442 3773 512 quaerebat

465 535 592 599 sibi.
624 551 726 592 nec
755 551 854 607 pro
883 551 980 590 suo
1011 535 1240 592 arbitrio
1262 536 1404 591 viam
1434 537 1632 607 carpit,
1659 553 1760 593 nec
1782 538 2066 610 voluptna-

468 625 548 682 ria
574 637 757 698 captat
780 627 1130 698 compendia,
1156 643 1224 684 ne
1251 627 1476 685 recedat
1505 638 1530 666 ει
1552 645 1580 682 a
1606 630 1778 700 signis
1811 648 1826 686 :
1854 631 1949 686 sed
1978 630 2067 686 iti-

469 722 740 778 nerarium
781 722 849 778 ab
878 721 1214 794 imperatore
1250 723 1479 793 accipit,
1515 734 1570 780 et
1609 725 1849 781 custodit
1892 726 2021 782 illttd
2050 744 2064 780 :

469 815 786 886 praescripto
819 815 1024 872 incedit
1049 815 1242 873 ordine
1274 835 1286 870 :
1314 832 1437 874 cum
1469 818 1638 874 armis
1667 819 1782 875 suis
1801 819 2064 885 ambulat,

469 918 725 981 rectaque
753 909 837 965 via
870 911 1094 968 coniicit
1121 911 1259 977 iter;
1302 920 1362 968 ut
1405 911 1648 970 inveniat
1665 921 2066 970 commeatuum

467 1012 654 1073 parata
675 1002 943 1061 subsidia.
974 1003 1032 1060 Si
1063 1005 1174 1059 alio
1209 1005 1567 1062 ambulaverit
1607 1007 1806 1062 itinere
1841 1049 1856 1071 ,
1899 1009 2070 1062 anno£

470 1107 592 1148 nam
627 1108 733 1149 non
756 1095 976 1165 accipit,
1004 1096 1347 1151 mansionem
1376 1106 1618 1167 paratam
1661 1114 1768 1152 non
1820 1098 2066 1162 invenit;

469 1187 590 1258 quia
620 1186 922 1256 imperator
953 1188 1190 1258 iisjubet
1211 1188 1327 1244 haec
1348 1190 1642 1260 prarparari
1665 1189 1846 1245 omnia
1873 1190 1964 1260 qui
1987 1205 2072 1245 se-

470 1290 734 1351 quuntur,
758 1297 860 1337 nec
886 1282 1139 1347 dextera,
1170 1298 1274 1339 nec
1304 1284 1524 1339 sinistra
1575 1299 1605 1338 a
1639 1285 1960 1355 praescripto
1984 1283 2074 1339 iti-

474 1390 607 1432 nere
633 1375 926 1432 declinant.
959 1376 1262 1448 Meritoque
1293 1392 1400 1432 non
1420 1377 1625 1442 deﬁcit,
1653 1378 1744 1448 qui
1773 1377 2070 1450 imperato-

475 1484 589 1525 rem
612 1470 858 1541 sequitur
879 1471 1380 1536 suum;moderate
1432 1471 1577 1528 enim
1627 1472 1891 1538 ambulat,
1947 1471 2073 1542 quia

475 1563 770 1634 imperator
801 1579 905 1619 non
953 1564 1098 1636 quod
1141 1564 1245 1620 sibi
1292 1565 1446 1632 utile,
1501 1565 1596 1621 sed
1631 1565 1775 1636 quod
1821 1565 2074 1619 omnibus

475 1656 734 1729 p05sibile
762 1657 1077 1715 considerat
1109 1675 1122 1711 :
1167 1657 1290 1714 ideo
1328 1668 1384 1713 et
1424 1662 1649 1714 stativas
1671 1658 1924 1720 ordinat;
1978 1657 2075 1712 tri-

473 1749 584 1806 duo
610 1751 852 1806 ambulat
881 1750 1173 1816 exercitus,
1209 1760 1405 1823 quarto
1443 1751 1740 1822 requiescit
1795 1752 1905 1807 dic.
1961 1751 2073 1806 Eli-

2171 540 2405 611 placere,
2439 537 2533 594 sed
2561 536 2809 593 Domino.
2841 535 3000 592 Levis
3028 546 3166 602 erat,
3195 551 3317 605 quae
3347 550 3454 591 non
3484 536 3539 591 in
3563 536 3770 606 iniqui-

2170 643 2278 689 tate
2305 639 2654 702 conceperat,
2696 628 2792 685 sed
2833 630 3040 700 Spiritu
3079 629 3500 700 superveniente
3532 643 3767 700 genera-

2170 727 2261 782 bat
2291 743 2304 779 :
2339 740 2439 781 nec
2469 725 2521 780 in
2551 723 2776 790 delicto,
2809 723 2902 779 sed
2932 739 3056 779 cum
3099 723 3271 794 gratia
3305 723 3655 793 parturiebat.

2239 817 2294 872 4.
2339 817 2513 872 Aliter
2567 831 2785 888 quoque
2828 815 2968 871 hanc
2999 815 3504 884 interpretationem
3551 831 3770 872 sumere

2173 911 2321 967 licet.
2351 911 2508 968 Venit
2541 911 2592 965 in
2623 911 2765 966 nube
2804 909 2910 965 levi
2944 907 3192 965 Christus
3213 909 3267 964 in
3299 907 3614 981 A‘lgyptum,
3665 908 3771 964 ltoc

2177 1012 2283 1068 est,
2316 1005 2467 1059 venit
2496 1004 2547 1058 in
2571 1005 2919 1073 susceptione
2949 1005 3196 1074 corporis
3247 1001 3300 1057 in
3355 1003 3458 1057 ltoc
3486 1001 3765 1056 saeculum.

2176 1099 2234 1154 in
2258 1098 2404 1154 nube
2433 1097 2602 1160 venit,
2632 1112 2794 1168 quem
2841 1096 3036 1152 nebula
3082 1095 3326 1166 corporis
3369 1094 3765 1150 obumbrabat:

2172 1190 2268 1247 sed
2297 1191 2433 1247 levis
2458 1201 2574 1247 erat
2602 1206 2753 1258 caro,
2781 1206 2943 1261 quant
2992 1190 3139 1245 nulla
3196 1205 3290 1246 sua
3332 1190 3631 1262 gravabant
3667 1189 3768 1244 de-

2175 1284 2326 1339 licta.
2357 1283 2644 1353 Quomodo
2675 1284 2820 1338 enim
2856 1287 3094 1352 peccatis
3118 1297 3433 1354 gravaretur
3487 1281 3621 1348 suis,
3677 1281 3771 1354 qui

2177 1376 2461 1432 auferebat
2483 1376 2724 1431 omnium
2749 1384 2963 1445 peccata
2993 1375 3312 1446 populorum
3337 1375 3359 1427 ?
3389 1373 3547 1437 Ecce,
3572 1376 3767 1446 inquit,

2176 1470 2353 1541 Agnus
2383 1468 2480 1526 Dei
2503 1486 2521 1523 :
2551 1486 2665 1524 ecce
2692 1470 2779 1538 qui
2811 1469 2944 1523 tollit
2972 1481 3236 1540 peccatum
3270 1469 3452 1523 mundi
3482 1467 3694 1540 (Zach.,
3728 1484 3768 1536 ι,

2175 1561 2294 1635 29).
2324 1560 2465 1617 Ante
2494 1562 2810 1617 hesternum
2845 1561 3044 1617 lectum
3071 1570 3185 1626 est,
3223 1562 3348 1632 quia
3378 1561 3549 1617 stabat
3583 1559 3768 1625 Iesus,

2177 1665 2231 1711 et
2255 1656 2489 1713 habebat
2516 1656 2837 1712 vestimenta
2880 1657 3140 1724 sordida;
3191 1671 3310 1712 mea
3352 1657 3497 1711 enim
3549 1667 3772 1727 peccata

2178 1749 2446 1820 portabat.
2480 1749 2723 1820 Sumpsit
2752 1752 3070 1806 vestimenta
3097 1760 3279 1806 nostra
3313 1768 3327 1817 ;
3363 1759 3423 1806 ut
3451 1766 3551 1807 nos
3589 1753 3776 1823 Splen-

475 1853 672 1915 gnntur
697 1847 966 1912 civitates,
995 1847 1049 1903 in
1081 1847 1276 1917 quibus
1303 1846 1538 1903 triduum
1559 1889 1575 1912 ,
1608 1847 1988 1919 quatriduum,
2018 1857 2074 1903 et
2101 1849 2150 1910 Β
2177 1842 2309 1896 dore
2354 1843 2778 1898 immortalitatis
2827 1843 3094 1900 indueret.
3155 1843 3315 1899 Venit
3373 1843 3425 1898 in
3472 1843 3613 1900 nube
3665 1845 3775 1902 levi

477 1937 661 2008 plures
682 1941 1102 2009 interponantur
1133 1939 1251 1996 dies
1274 1981 1288 2006 ,
1333 1940 1378 1994 si
1413 1940 1568 2011 aquis
1593 1939 1892 2007 abundant,
1924 1956 2076 1996 com-

477 2031 695 2086 merciis
725 2030 1180 2102 frequentantur:
1210 2042 1266 2088 et
1294 2032 1369 2088 ita
1401 2033 1522 2089 sine
1561 2031 1748 2088 labore
1787 2032 2076 2089 conﬁcitur

477 2124 603 2189 iter,
626 2122 802 2180 donec
849 2123 917 2178 ad
963 2139 1082 2180 eam
1111 2125 1298 2180 urbem
1349 2125 1726 2195 perveniatur,
1757 2141 1880 2196 quae
1919 2125 2073 2196 quasi

479 2217 674 2287 regalis
699 2217 940 2290 eligitur,
970 2217 1022 2273 in
1054 2233 1157 2289 qua
1189 2218 1352 2275 fessis
1377 2217 1710 2276 exercitibus
1738 2221 1955 2290 requies
1974 2217 2076 2273 mi-

478 2309 766 2368 nistretur.

546 2404 600 2459 5.
646 2403 796 2460 lianc
826 2404 1005 2477 legem
1034 2403 1216 2461 viandi
1246 2418 1370 2461 esse
1397 2406 1806 2476 praescriptam,
1854 2404 2074 2460 Christo

474 2498 728 2564 ducente,
763 2499 968 2554 sanctis
988 2499 1442 2566 commeantibus,
1495 2514 1857 2571 recognoscas
1889 2499 2068 2555 velim.

475 2589 711 2648 Profecﬁ
737 2603 863 2648 sunt
885 2591 1031 2648 enim
1053 2601 1310 2662 etpatres
1340 2593 1509 2648 nostri
1552 2592 1621 2648 de
1667 2603 1810 2648 terra
1850 2591 2070 2664 Egypti

475 2700 573 2756 per
596 2685 758 2757 longa
781 2685 957 2757 spatia
988 2695 1252 2742 terrarum
1277 2727 1292 2752 ,
1342 2701 1570 2757 quorum
1617 2687 1829 2742 stativa:
1857 2701 2070 2755 omnes,

473 2775 898 2848 mansionesque
925 2776 1219 2848 descriptae
1252 2787 1378 2833 sunt
1405 2794 1421 2842 ;
1467 2777 1643 2834 donec
1663 2777 1861 2846 Cades,
1890 2778 1941 2833 id
1967 2787 2071 2844 est,

472 2868 540 2924 ad
564 2881 808 2925 sanctam
833 2878 1030 2927 terram
1082 2871 1482 2940 perveniretur.
1531 2871 1655 2927 lstzn
1690 2880 1819 2927 sunt
1863 2871 2074 2926 stativa:

475 2962 709 3017 ﬁliorum
733 2962 924 3029 lsrael,
951 2979 1085 3035 quas
1115 2962 1408 3032 descripsit
1425 2963 1637 3036 Moyses
1691 2979 1756 3021 ex
1803 2973 2073 3037 praecepto

475 3055 712 3111 Domini.
737 3055 1090 3113 Advertimus
1119 3072 1250 3128 ergo
1279 3058 1401 3128 quis
1422 3057 1521 3112 bas
1545 3057 1884 3114 ordiuaverit
1921 3075 2074 3114 man-

470 3149 656 3207 siones
678 3193 693 3219 ,
755 3151 1027 3223 quomodo
1082 3152 1362 3208 ambulare
1400 3161 1681 3224 oporteret
1711 3153 1849 3209 filios
1880 3151 2067 3209 Israel.

2179 1935 2334 2005 quasi
2359 1935 2571 2006 justitia
2604 1952 2619 2001 ;
2653 1932 2909 2007 iniquitas
2931 1937 3076 1991 enim
3103 1937 3156 1991 in
3188 1937 3390 1992 talento
3414 1937 3662 2006 plumbeo
3685 1953 3778 1994 se-

2178 2026 2270 2082 det
2301 2045 2314 2081 :
2346 2028 2598 2084 Christus
2629 2029 2679 2082 iu
2703 2029 2866 2084 corda
2887 2029 3181 2098 iustorum,
3211 2030 3264 2084 in
3285 2029 3314 2069 b
3336 2031 3529 2101 quibus
3553 2041 3776 2101 peccata

2178 2135 2285 2175 non
2315 2130 2495 2176 erant.
2524 2122 2590 2175 Et
2619 2121 2740 2176 ideo
2767 2122 2905 2177 bene
2933 2123 3131 2177 lectum
3163 2132 3246 2178 est
3269 2123 3432 2178 hodie
3460 2141 3473 2178 :
3525 2122 3663 2191 Quid
3694 2142 3779 2178 re-

2180 2214 2402 2268 tribuam
2436 2212 2662 2268 Domino
2694 2231 2787 2282 pro
2817 2215 3052 2269 omnibus
3070 2231 3184 2286 qum
3201 2216 3433 2270 retribuit
3451 2217 3574 2270 mihi
3597 2215 3778 2288 (Psal.

2177 2323 2302 2374 σιν,
2335 2308 2465 2378 1‘2)?
2491 2308 2596 2364 Pro
2625 2308 2780 2364 nobis
2811 2309 3045 2365 Verbum
3065 2311 3308 2380 suscepit
3338 2313 3517 2366 carnis
3547 2311 3782 2367 inﬁrmi-

2180 2410 2342 2456 tatem
2377 2419 2389 2455 :
2425 2417 2521 2471 pro
2553 2402 2709 2457 nobis
2727 2403 2973 2469 esurivit,
3005 2403 3299 2472 vapulavit,
3351 2403 3641 2460 cruciﬁxus
3666 2417 3778 2471 εει,

2176 2501 2426 2549 mortuus
2451 2503 2574 2559 cst;
2608 2505 2661 2548 ut
2689 2495 2846 2549 nobis
2881 2495 2935 2550 in
2979 2496 3175 2567 quibus
3210 2505 3336 2551 ante
3379 2499 3487 2551 vita
3525 2496 3784 2567 ignobilis

2176 2599 2232 2644 et
2251 2589 2487 2661 degener
2520 2589 2844 2656 habebatur,
2871 2591 3138 2658 inciperet
3168 2607 3316 2646 mors
3340 2605 3462 2647 esse
3508 2593 3781 2660 pretiosa.

2249 2683 2302 2738 5.
2347 2682 2452 2738 Sed
2485 2691 2824 2739 revertamur
2851 2684 2918 2738 ad
2944 2683 3338 2741 coniectionem
3363 2685 3590 2751 itineris,
3608 2696 3662 2742 et
3681 2702 3784 2742 or-

2175 2775 2356 2832 dinem
2387 2778 2754 2834 mansionum.
2805 2777 2876 2834 Et
2916 2788 2970 2833 ttt
3021 2794 3248 2851 sequere
3277 2780 3592 2852 spiritaliter
3636 2781 3786 2839 hanc

2179 2871 2356 2942 legem
2385 2871 2603 2938 viandi;
2635 2881 2695 2928 ut
2723 2888 2886 2928 exeas
2910 2889 2976 2928 cx
3001 2871 3238 2946 Egypto
3263 2893 3278 2929 :
3319 2884 3374 2929 et
3412 2875 3536 2929 inde
3557 2889 3787 2945 promo-

2177 2979 2312 3021 vens
2345 2965 2448 3037 ﬁge
2479 2967 2879 3024 tabernaculum
2933 2969 2986 3023 in
3029 2968 3230 3025 Soeotb
3262 3012 3277 3037 ,
3306 2970 3423 3026 haec
3463 2971 3633 3040 prima
3677 2973 3784 3029 tibi

2173 3058 2334 3113 statio
2360 3060 2450 3113 sit.
2483 3058 2684 3114 Sucotb
2718 3060 2887 3130 prima
2933 3061 3147 3116 mansio
3178 3073 3281 3128 est,
3326 3063 3638 3132 signiﬁcans
3693 3077 3788 3120 ta»

2177 3149 2550 3206 bernacttlutn.
2586 3151 2716 3224 Fige
2745 3167 2874 3224 ergo
2907 3155 3312 3210 tabernaculum
3336 3157 3476 3226 quod
3511 3158 3561 3212 in
3588 3166 3640 3213 te
3666 3167 3782 3225 est,

473 3242 709 3300 Prmibat
727 3245 873 3301 enim
901 3243 1028 3300 illos
1049 3245 1263 3318 1019
1283 3246 1422 3300 Deus
1443 3260 1542 3316 per
1561 3244 1706 3301 diem
1734 3245 1787 3300 itt
1816 3246 2067 3301 columna
2098 3235 2144 3299 C
2178 3243 2482 3314 mentisque
2514 3254 2619 3299 tute
2647 3246 2936 3300 stationem
2958 3249 3222 3303 conﬁrma
3256 3265 3269 3313 ;
3306 3258 3364 3303 ut
3387 3250 3658 3306 radicatus
3688 3261 3785 3307 at-

472 3336 651 3400 nubis,
678 3345 737 3394 ut
761 3338 1116 3409 refrigeraret
1145 3337 1420 3394 viantibus
1450 3355 1463 3392 :
1495 3349 1657 3393 noctu
1679 3345 1860 3393 autem
1893 3338 1947 3392 in
1973 3352 2068 3393 co-

471 3427 656 3484 lumna
684 3430 858 3501 ignis;
903 3439 962 3484 ut
993 3431 1135 3485 viam
1196 3430 1511 3486 ostenderet
1550 3429 1981 3497 ambulantibus,
2014 3440 2070 3486 et

469 3521 726 3576 tenebras
755 3519 1078 3576 dimoverct.
1133 3521 1245 3577 Lex
1286 3521 1495 3577 viarum
1539 3523 1795 3578 columna
1845 3531 1964 3578 erat
2013 3532 2069 3579 et

469 3614 632 3686 ignis,
664 3623 719 3670 et
749 3613 949 3671 nubis:
983 3614 1217 3686 denique
1244 3615 1296 3669 in
1323 3615 1575 3671 columna
1620 3617 1780 3671 nubis
1808 3617 2069 3688 loqueba-

468 3715 558 3763 tur
580 3705 648 3762 ad
669 3722 788 3778 eos.
821 3707 922 3764 Ubi
950 3707 1169 3764 Volebat
1193 3709 1492 3764 exercitum
1537 3710 1884 3780 requiescere
1920 3725 1950 3764 a
1993 3710 2068 3763 la-

467 3800 602 3857 bore
652 3800 866 3858 itineris
899 3843 914 3869 ,
964 3817 1072 3858 non
1115 3802 1435 3860 movebatur
1459 3803 1709 3860 columna
1771 3804 1932 3875 ignis,
1965 3820 2068 3861 nec

468 3895 736 3953 transibat
760 3896 958 3952 nebula
997 3896 1134 3952 lucis
1165 3914 1177 3950 :
1210 3897 1427 3969 quando
1452 3907 1637 3956 autem
1671 3898 1888 3954 volebat
1911 3914 2068 3955 exer-

465 3989 631 4046 citum
675 4005 926 4058 movere,
979 3988 1381 4061 provebebatur
1433 3999 1487 4046 ct
1538 3991 1791 4046 columna
1836 3991 1976 4062 ignis
2011 3991 2066 4047 in

466 4091 648 4148 nocte,
680 4082 930 4137 columna
962 4089 1145 4137 autem
1192 4082 1348 4139 nubis
1386 4083 1440 4138 in
1473 4083 1584 4140 die.
1629 4083 1723 4160 illa
1755 4092 1936 4140 autem
1975 4100 2068 4140 eo-

465 4174 650 4228 lumna
679 4175 859 4240 nubis,
887 4176 1070 4245 specie
1090 4175 1307 4246 quidem
1338 4174 1683 4246 praecedebat
1711 4178 1853 4233 ﬁlios
1879 4177 2064 4246 lsrael,

469 4267 732 4339 mysterio
752 4275 932 4323 autetn
966 4268 1312 4339 signiﬁcabat
1335 4267 1620 4324 Dominum
1642 4269 1827 4325 Jesum
1854 4273 1904 4326 in
1926 4273 2067 4329 nube

465 4370 750 4416 venturum
783 4360 912 4426 levi,
942 4359 1081 4416 sicut
1108 4359 1244 4416 dixit
1267 4361 1453 4416 Esaias
1481 4359 1678 4432 (Each,
1707 4377 1819 4428 xix,
1845 4363 1928 4433 i);
1964 4363 2068 4419 ltoc

463 4463 572 4520 est,
609 4453 662 4508 in
692 4453 900 4525 virgine
930 4453 1118 4519 Maria,
1144 4469 1265 4524 qua:
1289 4452 1462 4510 nubes
1490 4464 1609 4509 erat
1635 4454 1932 4510 secundum
1956 4455 2067 4511 ha:-

463 4548 750 4606 reditatem
784 4547 913 4604 Eva:
941 4563 957 4602 :
986 4547 1125 4604 levis
1151 4556 1271 4603 erat
1305 4546 1600 4603 secundum
1633 4546 1960 4619 virginitatis
1985 4547 2066 4602 in-

2170 3352 2276 3406 que
2297 3335 2551 3392 fundatus
2574 3353 2794 3394 maneas
2824 3338 2877 3393 in
2903 3340 3006 3395 ﬁde
3023 3339 3248 3396 Christi.
3280 3341 3539 3413 Sequitur
3562 3347 3786 3403 mansio

2171 3427 2223 3481 in
2278 3427 2447 3496 Mara,
2473 3428 2576 3485 hoc
2602 3441 2707 3497 ρει,
2731 3430 2784 3485 in
2813 3433 3194 3488 amaritudine.
3229 3432 3345 3489 Non
3379 3451 3567 3490 omnes
3619 3453 3790 3494 man-

2169 3519 2352 3575 siones
2375 3522 2612 3592 aequales
2641 3532 2787 3577 sunt.
2840 3522 2972 3580 lude
3000 3535 3220 3580 ventum
3246 3536 3330 3581 est
3358 3527 3409 3581 in
3445 3527 3639 3595 llelim,
3673 3531 3782 3588 ubi

2170 3608 2349 3666 fontes
2378 3611 2666 3669 duodecim
2691 3625 2867 3680 erant,
2896 3625 2952 3670 et
2991 3617 3334 3688 septuaginta
3373 3620 3599 3676 arbores
3656 3623 3788 3690 pal-

2170 3720 2401 3760 marum.
2437 3706 2566 3760 Post
2610 3707 3053 3774 amaritudinem,
3101 3725 3169 3766 ne
3216 3712 3446 3781 populus
3487 3713 3782 3783 deficeret,

2169 3801 2473 3856 debuerunt
2503 3817 2716 3857 amoena
2744 3811 2800 3858 et
2838 3801 3070 3858 fecunda
3112 3807 3428 3862 succedere.
3482 3807 3607 3862 Inde
3664 3807 3793 3862 Ra-

2172 3893 2384 3963 pltidin,
2417 3894 2560 3964 quod
2589 3904 2672 3950 Cal
2694 3895 2934 3951 laudatio
2959 3896 3168 3966 jttdicii.
3201 3898 3330 3956 lude
3352 3901 3598 3972 sequitur
3614 3901 3784 3970 Sina,

2169 3988 2375 4044 habens
2407 3989 2459 4043 in
2487 4004 2547 4043 se
2577 3998 2632 4044 et
2658 3990 2842 4060 populi
2873 3992 3247 4060 tentationetn,
3269 4003 3320 4048 et
3338 3993 3497 4065 Legis
3529 3997 3792 4066 promul-

2167 4084 2465 4151 gationem.
2499 4080 2788 4138 Variantur
2815 4084 3010 4139 merita
3043 4087 3417 4151 mansionum;
3462 4090 3586 4158 quia
3634 4091 3792 4146 nulli

2161 4173 2384 4243 jugisiu
2419 4173 2523 4228 hoc
2554 4176 2758 4230 surculo
2802 4176 3015 4231 vivendi
3054 4187 3231 4247 potest
3283 4194 3405 4234 esse
3457 4194 3785 4238 successus.

2167 4268 2350 4322 Bonus
2379 4268 2537 4338 igitur
2560 4268 2859 4338 imperator
2887 4271 3012 4326 alibi
3044 4288 3238 4328 manna
3271 4274 3530 4330 esurienti
3567 4277 3792 4345 populo

2167 4361 2501 4418 ministravit
2529 4379 2542 4415 :
2570 4363 2698 4418 alibi
2729 4373 2915 4434 potum
2968 4364 3035 4422 de
3077 4377 3228 4436 petra
3252 4366 3446 4436 ﬂuere,
3481 4383 3588 4438 quo
3619 4369 3791 4426 sitim

2169 4453 2354 4524 populi
2393 4455 2784 4524 restingtteret,
2839 4463 3065 4527 augusta
3111 4458 3427 4527 provisione
3469 4461 3738 4529 pra‘cepit
3773 4481 3788 4517 :

2167 4548 2294 4604 alibi
2327 4547 2523 4619 Legem
2546 4547 2698 4604 dedit
2727 4567 2739 4602 :
2772 4549 2899 4606 alibi
2934 4551 3146 4623 1020
3173 4553 3476 4624 triumphos
3502 4553 3738 4610 donavit
3771 4573 3790 4624 ;

535 4705 562 4733 α
591 4693 724 4750 Cum
756 4691 1040 4745 tradantur
1071 4687 1160 4743 bic
1185 4687 1378 4752 multa,
1411 4702 1530 4758 qua:
1552 4686 1617 4740 ad
1639 4695 1876 4758 veterem
1905 4700 2061 4752 spcc-
2087 4687 2138 4747 D
2169 4685 2355 4754 paucis
2382 4693 2593 4739 tantum
2623 4684 2815 4740 diebus
2840 4697 3232 4742 commoretur.
3259 4687 3366 4745 Sed
3402 4688 3492 4744 ille
3518 4690 3663 4743 lumc
3693 4692 3794 4744 le;—

464 4777 581 4825 tent
610 4763 881 4828 militiam,
913 4777 975 4816 ea
1003 4776 1104 4816 nos
1132 4760 1376 4815 breviter
1398 4755 1448 4812 et
1484 4769 1634 4814 recta
1686 4755 1832 4813 serie
1856 4759 1909 4812 in
1938 4773 2062 4822 gra-

464 4841 595 4897 tiam
631 4838 892 4892 lectorum
918 4830 1331 4902 esplicabimus.
1362 4831 1404 4885 Α
1430 4830 1590 4901 signis
1621 4846 1654 4902 ;_
1690 4829 1913 4902 proprie
1945 4829 2060 4902 lucc

462 4921 591 4968 sunt
619 4907 807 4963 solidae
834 4898 1119 4972 imagines,
1141 4902 1331 4972 quales
1357 4898 1515 4956 erant
1537 4900 1756 4972 aquilae,
1780 4898 1912 4970 lupi,
1934 4898 2059 4972 dra—

462 4982 620 5040 conis
653 4996 666 5033 :
698 4977 794 5032 sed
823 4977 927 5030 hoc
949 4970 1074 5030 Ioco
1094 4970 1256 5029 etiam
1289 4988 1386 5042 pro
1419 4972 1655 5032 vexillis,
1705 4970 1756 5024 id
1787 4982 1897 5042 est,
1923 4970 2059 5024 Veiis

460 5069 526 5110 ex
555 5052 707 5108 basta
739 5047 1022 5118 suspensis
1055 5041 1348 5118 ponuntur.
1382 5041 1620 5112 Singulis
1661 5049 1842 5118 autem
1891 5041 2059 5118 legio-3

461 5125 622 5180 nibus
652 5137 714 5175 ac
741 5111 1186 5186 tnat'npulis'sua
1238 5117 1388 5186 signa
1419 5111 1594 5180 erant,
1641 5128 1669 5165 a
1705 5111 1918 5186 quibus
1965 5111 2057 5181 qui

459 5193 803 5252 discessisset
833 5183 1048 5256 longius
1079 5203 1242 5256 quam
1266 5183 1407 5240 unde
1437 5190 1563 5239 tuba
1619 5183 1790 5238 audiri
1847 5194 2054 5256 posset,

459 5268 640 5338 capite
669 5265 870 5338 luebat.
898 5255 1258 5338 Itinerarittm,
1293 5257 1437 5338 idem
1462 5265 1565 5319 est,
1589 5270 1680 5338 nae
1712 5268 1964 5338 _tes5o-r:t_
1987 5255 2054 5306 ad

455 5324 564 5395 ite'r
599 5335 920 5394 edicendum
957 5329 1103 5385 data.
1142 5327 1273 5383 Cum
1305 5327 1463 5381 armis
1496 5325 1759 5391 ambulat;
1801 5327 1921 5380 leve
1950 5324 2055 5378 ltoc

455 5409 524 5464 iis
552 5408 644 5475 qui
670 5422 817 5461 arma
847 5402 1214 5475 membrorum
1242 5399 1511 5454 ducebant
1557 5399 1682 5475 loco
1708 5414 1720 5449 :
1769 5397 1862 5451 sed
1918 5411 2054 5475 prap-

454 5467 602 5536 terea
636 5478 880 5533 ferebant
910 5477 962 5530 in
995 5474 1142 5548 fasce
1172 5472 1498 5548 frumentum
1527 5483 1590 5523 ac
1615 5469 1963 5548 cillosusmpe
1999 5467 2049 5548 in

449 5549 762 5622 quindecim
789 5548 931 5622 dies.
973 5546 1198 5622 vallos,_
1220 5542 1464 5622 sarcinas
1506 5551 1560 5595 et
1594 5539 1716 5622 alia.
1751 5536 2053 5622 .Mattst'onis

449 5609 556 5678 vox
592 5621 928 5685 temporibus
955 5617 1161 5672 allectat
1185 5614 1466 5685 latinitatis
1494 5627 1611 5685 pro
1631 5609 1796 5685 “ipsis
1845 5609 2046 5685 rastris

445 5680 834 5763 usurpata'est.
865 5689 1091 5763 Statirae
1130 5686 1370 5763 ordinat,_
1389 5680 1739 5763 subintelli‘ge
1763 5680 2049 5763 sedesgaut

444 5753 776 5826 mansiones,
808 5762 880 5816 ita
910 5760 1120 5816 scilicet
1143 5773 1172 5811 a
1211 5754 1410 5812 stando
1431 5754 1624 5826 dictas.
1657 5753 1829 5826 Negat
1859 5759 2042 5826 autem

441 5832 630 5892 Justus
651 5821 868 5904 Lipsius
900 5830 981 5887 sic
1009 5830 1115 5887 dici
1160 5844 1223 5885 ea
1253 5836 1429 5883 castra
1465 5867 1480 5895 ,
1537 5825 1590 5880 in
1644 5821 1844 5895 quibus
1885 5821 2042 5876 miles

2164 4773 2285 4813 cum
2327 4773 2432 4812 non
2467 4759 2694 4829 legerat,
2725 4759 3162 4829 quandoquidem
3218 4761 3557 4815 intercalaris
3609 4763 3796 4818 istius

2162 4829 2361 4899 quietis
2389 4835 2514 4894 post
2539 4828 2761 4899 tertium
2787 4828 3058 4898 quemque
3087 4831 3296 4885 itineris
3323 4831 3466 4885 diem
3496 4847 3789 4896 nusquam

2164 4898 2433 4954 meminit.
2468 4898 2624 4963 Quod
2656 4915 2784 4954 vero
2807 4901 2988 4955 subdit
3017 4901 3340 4956 Ambmsius
3393 4902 3462 4956 de
3515 4902 3687 4969 urbe,
3727 4909 3792 4960 in

2163 4986 2264 5038 qua
2297 4970 2444 5039 fessis
2465 4970 2772 5040 exercitibus
2795 4971 2993 5040 requies
3017 4972 3378 5036 ministretur;
3420 4988 3542 5027 eum
3583 4977 3790 5031 locum

2161 5043 2323 5115 abeo
2344 5039 2619 5115 designari
2647 5039 2941 5115 credimus,
2970 5045 3058 5112 qui
3091 5045 3284 5097 castris
3331 5043 3594 5115 bybernis
3624 5048 3784 5103 deli-

2161 5112 2411 5182 gebatur.
2445 5113 2686 5183 Denique
2730 5111 3020 5183 Imperator
3069 5131 3175 5168 untt
3224 5111 3442 5182 semper
3484 5115 3626 5170 idem
3687 5132 3795 5175 cst.

2161 5195 2324 5252 atque
2349 5198 2468 5248 rex,
2493 5182 2606 5237 sive
2637 5182 2892 5252 princeps
2913 5184 3063 5238 uritis
3089 5185 3319 5240 Romani
3347 5203 3358 5238 :
3396 5185 3490 5240 sed
3522 5189 3566 5241 is
3595 5191 3788 5246 etiam

2160 5255 2380 5313 dicitur.
2415 5255 2499 5308 Vel
2525 5255 2616 5324 qui
2646 5253 2849 5310 bellum
2875 5271 2975 5309 suo
3002 5255 3168 5310 duetu
3200 5269 3255 5310 et
3286 5257 3550 5322 austticiis
3591 5262 3796 5315 atimi~

2161 5325 2501 5380 nistrattdttm
2531 5326 2782 5395 Suscipit,
2808 5326 2893 5378 Vel
2924 5327 3014 5395 qui
3039 5329 3237 5382 occisis
3273 5329 3327 5382 in
3375 5327 3492 5382 acie
3519 5330 3794 5395 legitimo

2161 5397 2399 5452 hostium
2449 5412 2680 5450 nttmero
2730 5399 2872 5449 ltunc
2919 5396 3143 5451 honoris
3178 5401 3392 5453 titulum
3429 5415 3791 5460 consaeptus

2157 5482 2260 5522 cst.
2287 5467 2393 5525 Sed
2424 5468 2514 5536 qui
2550 5469 2705 5532 plura
2749 5467 2820 5523 de
2873 5467 2976 5523 bac
3008 5478 3117 5522 tota
3149 5485 3208 5524 re
3234 5471 3506 5525 desiderat
3539 5514 3553 5536 ,
3604 5478 3796 5532 adeat

2157 5537 2680 5664 guttiulleutt‘inpsium
2709 5538 2804 5594 lib.
2831 5540 2944 5593 vde
2967 5538 3162 5595 Militia
3209 5541 3467 5608 Romana,
3516 5545 3654 5600 dial.
3724 5547 3754 5601 1

2159 5646 2174 5664 .
2197 5651 2211 5664 .
2341 5625 2373 5664 e
2501 5648 2514 5662 .

2159 5615 2211 5672 9,
2249 5615 2304 5664 11
2341 5620 2397 5664 et
2430 5615 2514 5664 ιε.

2226 5679 2254 5718 δ
2287 5680 2449 5736 Rom.
2495 5679 2654 5746 edit.,
2691 5697 2820 5750 quos
2865 5692 3073 5752 peccata
3103 5697 3205 5734 non
3246 5693 3479 5738 onerant.
3526 5684 3598 5741 Et
3621 5689 3791 5762 ideo,

2154 5760 2258 5808 etc.
