3988 6382
182 363 298 420 1253
1203 356 1271 415 IN
1313 357 1638 417 PSALMUM
1677 356 1888 416 CXVI“
1928 355 2311 416 EXPOSITIO.
3299 364 3437 424 l254

181 499 227 544 ut
249 489 322 544 his
344 485 618 546 beneficiis
650 486 792 540 fotus
820 481 1100 541 exercitus
1143 483 1348 540 nullum
1402 484 1594 555 prolixi
1649 483 1736 537 iti-
1763 484 1814 544 Λ
1841 491 2266 546 contrectantes,
2299 495 2489 537 manus
2519 495 2644 536 suas
2669 481 3083 552 inquiuaverunt
3109 498 3122 536 :
3150 482 3318 537 saucti
3342 499 3437 538 vc-

181 581 302 636 neris
327 579 547 633 sentiret
571 577 840 633 laborem.
1845 585 2119 641 nerautes,
2153 573 2369 645 pietatis
2395 574 2562 630 odore
2583 573 2917 644 fragrarnnt.

240 672 286 724 6.
323 668 494 740 itaque
521 669 572 724 in
603 669 698 724 illo
719 668 920 741 populo
947 677 1107 740 typus
1133 669 1253 736 fuit,
1301 669 1359 723 in
1412 668 1573 724 nobis
1595 668 1740 722 veri-
1913 668 1966 723 9.
1999 667 2226 738 Accepit
2255 667 2399 723 hunc
2419 666 2644 722 odorem
2677 667 2940 723 Dominus
2971 666 3129 722 Jesus
3152 666 3446 740 fragrantis

184 774 262 819 tas.
303 763 403 820 Nos
436 763 596 831 igitur
633 763 1039 819 committamus
1095 763 1200 818 iter
1253 772 1500 817 nostrum
1555 760 1740 817 ductui
1846 759 2104 815 Ecclesia:
2120 774 2255 826 sum,
2282 767 2337 815 et
2358 759 2434 814 ait
2461 777 2475 814 :
2507 758 2645 816 Ecce
2673 761 2909 829 proxima
2938 775 3050 815 mea
3079 760 3212 815 bona
3242 759 3446 833 (CauL,

183 855 365 911 Domini
394 855 539 922 Jesn,
566 855 654 927 qui
680 853 879 926 Legem
914 854 1086 924 primo
1110 854 1444 922 introduxit,
1485 861 1541 909 et
1579 862 1738 909 antea
1846 867 1885 918 ι,
1913 851 1979 907 14
2001 852 2178 921 e115).
2201 851 2267 907 Et
2288 851 2538 908 Ecclesia
2560 852 2696 908 dicit
2716 852 2783 907 ad
2806 852 3080 909 Christum
3105 874 3117 908 ε
3143 851 3448 910 Ecccbonus

181 965 261 1020 per
297 947 468 1004 lesum
511 959 710 1004 terram
752 947 1195 1019 repromissionis
1233 947 1287 1001 in
1336 945 1741 1017 possessionem
1847 947 2109 1015 fraternus
2138 961 2322 999 meus:
2370 961 2485 999 ecce
2511 961 2564 1000 es
2593 945 2851 1000 bouus....
2883 955 3144 1017 tamquam
3169 946 3366 1001 malum
3394 948 3448 1001 in

185 1041 358 1111 populo
371 1055 465 1096 suo
483 1040 650 1096 dedit.
669 1039 774 1096 Sed
794 1039 954 1095 etiam
974 1038 1192 1110 quando
1215 1039 1428 1110 Moyses
1453 1037 1745 1094 videbatur
1836 1029 2006 1109 lignis
2033 1036 2208 1106 sylt'az.
2257 1035 2578 1106 llujnsmodi
2625 1052 2846 1108 pomum
2896 1049 2918 1076 ε
2964 1038 3191 1094 odoram
3221 1039 3447 1110 gratiam

185 1135 349 1189 ductor
372 1149 512 1197 esse,
540 1132 730 1188 aderat
755 1133 837 1187 illi
863 1131 1055 1198 Jcsus;
1086 1131 1274 1187 aderat
1302 1141 1484 1186 autem
1513 1147 1623 1187 non
1655 1145 1747 1202 pa-
1849 1125 2048 1192 habet;
2081 1137 2139 1182 ut
2167 1135 2494 1184 ctetcrorum
2524 1143 2809 1199 pomorum
2843 1127 3196 1200 fragrantiam
3244 1131 3448 1185 vincat.

187 1223 305 1291 lam,
343 1240 436 1280 nec
470 1235 656 1297 aperte
695 1224 979 1279 ductorem
1005 1265 1022 1291 ,
1073 1231 1169 1278 aut
1211 1222 1512 1293 principem
1557 1220 1746 1292 populi
1849 1218 2098 1274 Christus
2137 1235 2267 1290 ergo
2296 1220 2492 1274 affixus
2512 1221 2578 1274 ad
2607 1219 2831 1292 lignum,
2887 1222 3029 1276 sicut
3070 1221 3274 1277 malum
3314 1237 3450 1293 pen-

185 1335 286 1375 Sese
305 1335 489 1391 gerens
516 1337 530 1387 ;
561 1320 918 1391 exspectabat
960 1319 1106 1374 enim
1137 1319 1317 1376 donec
1353 1319 1572 1391 Moyses
1614 1327 1751 1374 tem—
1851 1311 1988 1368 dens
2016 1312 2069 1368 in
2105 1313 2335 1381 arbore,
2376 1312 2574 1368 bonum
2607 1313 2834 1370 odorem
2866 1314 3152 1372 mundana:
3201 1315 3460 1372 fundebat

186 1428 266 1483 pus
289 1412 517 1484 expleret
549 1429 740 1480 suum,
789 1429 899 1482 quo
939 1413 1241 1481 completo,
1277 1413 1540 1468 successit
1568 1410 1748 1467 Jesus.
1852 1405 2286 1476 redemptionis;
2318 1408 2438 1479 quia
2472 1407 2680 1478 peccati
2713 1409 2892 1478 gravis
2925 1408 3152 1464 detersit
3180 1408 3455 1477 faetorem,

184 1503 345 1575 itaque
382 1505 424 1559 si
457 1504 778 1561 consideres
825 1504 1164 1574 Scripturam
1215 1505 1491 1560 dicentem
1518 1521 1531 1559 :
1585 1503 1752 1558 Erunt
1855 1509 1906 1554 el
1937 1512 2270 1571 unguentum
2303 1512 2463 1571 potus
2485 1500 2665 1555 vitalis
2691 1500 2902 1556 effudit.
2926 1499 3213 1572 Tamquam
3236 1502 3454 1571 malum,

187 1597 276 1650 dics
301 1614 464 1652 eorum
489 1599 618 1651 anni
657 1607 860 1652 centum
887 1597 1071 1669 viginti
1098 1596 1279 1671 (Gem,
1308 1613 1382 1664 vr,
1412 1600 1469 1668 '5)
1497 1616 1510 1662 ;
1545 1596 1754 1654 videbis

1897 1592 2056 1661 tquit,
2087 1593 2142 1646 in
2164 1592 2320 1665 lignis
2341 1592 2522 1663 sylvas,
2547 1593 2620 1646 ita
2643 1593 2981 1647 consobrinus
3017 1610 3160 1648 meus
3206 1595 3260 1648 in
3293 1593 3461 1648 medio

187 1693 467 1762 mysterium
498 1690 856 1761 plenitudinis
892 1698 1197 1760 temporum
1242 1699 1268 1727 ει
1309 1699 1364 1746 ct
1408 1700 1624 1746 centum
1668 1690 1752 1745 vi-

190 1785 301 1856 giuti
329 1801 514 1852 annos,
549 1794 676 1856 post
703 1799 840 1855 quos
868 1793 923 1840 et
948 1783 1162 1857 Moyses
1187 1785 1240 1839 in
1265 1783 1753 1855 monterequicvit,

1857 1684 2085 1753 ﬁliorum
2116 1683 2164 1754 (I
2176 1683 2309 1755 bid.)
2335 1701 2349 1751 ;
2380 1699 2446 1740 eo
2471 1685 2614 1756 quod
2645 1700 2810 1756 super
2832 1687 3128 1757 prophetas
3158 1687 3366 1760 1021
3406 1695 3462 1743 et

1859 1778 2139 1847 apostolos
2167 1777 2354 1833 intima
2378 1778 2546 1834 corda
2575 1777 2857 1834 hominum
2885 1781 3178 1836 verborum
3196 1783 3465 1839 suavitate

188 1887 227 1931 et
256 1877 395 1933 lesus
420 1879 709 1933 manifeste
731 1877 1072 1932 mansionum
1099 1878 1337 1948 suscepit
1357 1879 1755 1949 principatum;
1788 1883 1836 1944 Β
1863 1871 2154 1927 mulcebat.
2184 1871 2291 1928 Sed
2325 1887 2433 1927 non
2459 1872 2632 1928 solum
2661 1872 2820 1942 odor,
2855 1889 3042 1930 verum
3089 1875 3254 1931 etiam
3309 1876 3466 1933 cibus

191 1969 349 2036 utjatn
379 1986 478 2024 non
508 1972 613 2025 sub
645 1969 805 2040 Legis
835 1970 1030 2025 timore
1070 1971 1143 2025 sit
1177 1970 1433 2042 populus,
1468 1969 1564 2025 sed
1605 1983 1760 2025 resu-

190 2062 384 2117 scitatus
411 2079 436 2116 a
467 2063 726 2129 mortuis,
756 2061 938 2117 fructu
971 2062 1092 2117 vitae
1120 2061 1333 2117 fruatur
1357 2071 1597 2118 aeternas.
1631 2064 1760 2118 Am-

193 2153 414 2212 buletnus
439 2157 603 2228 igitur
638 2156 940 2213 secundum
974 2157 1134 2227 Legis
1164 2156 1471 2212 doctrinam
1503 2174 1516 2210 :
1551 2157 1632 2228 πέρ
1667 2171 1762 2211 uo-

177 2245 698 2333 ,Βεὲξὶιυηι

259 2341 300 2393 7.
341 2342 479 2422 llauc
502 2344 644 2422 viam
679 2344 966 2422 ambulans
999 2343 1248 2422 Ecclesia
1292 2342 1796 2422 ὀιομέ-[ἶφι-[ιρι³

193 2419 978 2504 campierliliuutconvallium,
1013 2421 1156 2491 sicut,
1176 2419 1344 2492 liliunt
1367 2419 1622 2496 inﬁrm-adio
1652 2435 1764 2506 api.-

373 2515 576 2608 χςαιέιη
605 2545 665 2594 ιι,
694 2530 746 2599 1)
773 2545 787 2594 ;
819 2530 872 2584 in
905 2540 1073 2585 totam
1103 2529 1248 2584 enim
1277 2537 1481 2582 terram
1513 2525 1648 2581 fides
1671 2539 1768 2597 po-

192 2604 292 2693 puli
309 2604 579 2680 credentis
605 2623 796 2688 exivit,
819 2632 874 2678 et
903 2627 956 2676 in
976 2622 1219 2692 spatioso
1237 2620 1418 2691 posuit
1447 2619 1618 2690 pedes
1639 2632 1769 2673 suos

193 2715 432 2771 Christus.
464 2718 530 2772 Et
558 2716 684 2772 ideo
715 2715 944 2786 pulchre
982 2714 1057 2769 ait
1098 2713 1288 2768 florem
1319 2729 1378 2768 se
1409 2727 1530 2768 esse
1563 2711 1766 2783 campi.

193 2807 303 2866 Flos
330 2821 441 2866 erat
494 2812 662 2867 etiam
707 2809 947 2876 Paulus,
991 2807 1366 2880 quidicehat:
1419 2806 1594 2863 Bonus
1645 2805 1770 2860 odor

194 2901 364 2955 Christi
390 2921 569 2957 sumus
595 2901 706 2957 Deo
733 2899 800 2974 (Ii
828 2901 974 2968 Con,
999 2916 1058 2965 tt,
1095 2900 1211 2970 15).
1246 2900 1312 2955 Et
1337 2915 1470 2955 vere
1505 2898 1627 2963 flos,
1681 2898 1773 2969 qui

195 3001 386 3061 poterat
420 3011 558 3052 nova
596 3003 652 3050 et
684 3002 869 3050 cetera
915 2993 984 3049 de
1020 2992 1103 3046 sui
1143 2992 1327 3047 cordis
1367 2990 1617 3062 proferre
1653 2992 1776 3046 tlte-

194 3102 361 3142 sauro.
396 3087 633 3144 Pulchre
656 3087 820 3144 etiam
855 3086 1025 3141 lilium
1072 3085 1270 3140 dicitur
1309 3085 1554 3140 Ecclesia
1583 3101 1598 3141 :
1638 3084 1780 3140 sicut

193 3180 319 3235 enim
353 3180 519 3236 lilium
546 3180 737 3250 fulget,
771 3179 842 3233 ita
862 3179 1027 3234 etiam
1057 3176 1534 3247 splendentopera
1562 3187 1777 3233 sancto-

1557 2221 1790 2241 Mus.

1862 1965 2046 2021 suavis
2077 1964 2129 2019 in
2165 1965 2306 2019 malo
2329 1975 2433 2020 est.
2463 1965 2608 2036 Ergo
2637 1966 2795 2023 cibus
2819 1968 2998 2023 suavis
3021 1980 3102 2024 est
3124 1967 3392 2025 Christus.

1938 2060 2026 2116 10.
2047 2060 2115 2115 In
2139 2063 2338 2127 umbra,
2370 2061 2568 2134 inquit,
2600 2064 2711 2133 ejus
2734 2065 3024 2138 concupiui,
3049 2075 3098 2120 et
3122 2067 3233 2122 sedi
3263 2066 3467 2137 (Canl.,

1866 2154 1927 2221 ti,
1980 2152 2058 2224 5).
2106 2153 2308 2225 Legem
2365 2156 2512 2210 enim
2568 2166 2876 2228 acceperat,
2926 2158 3067 2216 hanc
3124 2162 3472 2232 sequebatur,

1866 2246 2007 2302 hanc
2036 2247 2292 2302 currebat
2322 2247 2487 2302 viam.
2523 2247 2578 2303 ln
2607 2247 2753 2319 Lege
2794 2250 2979 2322 itaque
3019 2254 3390 2323 requiescens,
3421 2255 3473 2312 in

1869 2340 2060 2396 umbra
2081 2339 2283 2396 ChriSIi
2315 2339 2712 2413 requiescebat.
2741 2343 2890 2400 Bona
2918 2349 3130 2415 umbra,
3163 2345 3191 2386 (ι
3227 2364 3347 2421 qua:
3375 2364 3478 2407 nos

1869 2433 1937 2488 ab
1978 2433 2277 2504 iniquitatis
2319 2435 2503 2491 calore
2535 2436 2652 2491 sola
2693 2437 2959 2494 defendit.
3012 2438 3107 2495 Cui
3153 2451 3334 2498 autem
3375 2441 3475 2498 du-

1871 2527 2040 2591 bium,
2069 2527 2213 2598 quod
2239 2526 2348 2583 Lex
2377 2528 2473 2585 Dei
2501 2530 2692 2586 umbra
2718 2531 2791 2586 sit
2818 2531 3062 2589 Clu-isti?
3093 2534 3232 2600 Quid
3273 2545 3358 2590 est
3387 2535 3478 2591 lex

1872 2619 1978 2675 diei
2028 2620 2150 2676 festi
2198 2622 2523 2688 neomeuiaa,
2560 2623 2935 2692 sabbatorum,
2982 2627 3082 2682 nisi
3119 2628 3309 2684 umbra
3336 2628 3480 2685 futu-

1872 2715 2092 2769 rorum?
2118 2714 2219 2782 Qui
2248 2715 2367 2772 dies
2393 2717 2692 2772 secundum
2723 2719 2895 2789 legem
2919 2718 3149 2791 Moysis;
3180 2732 3237 2776 ut
3267 2722 3478 2780 videam

1875 2820 1971 2861 sex
2001 2805 2142 2867 dies.
2171 2816 2228 2862 et
2257 2807 2452 2862 iterum
2484 2810 2775 2880 septimum
2816 2810 2984 2878 diem,
3023 2821 3079 2870 et
3106 2814 3186 2870 sic
3220 2825 3478 2887 perpetua

1877 2898 2110 2954 sazcnla?
2165 2900 2268 2968 Qui
2315 2901 2518 2957 mensis
2564 2904 2864 2960 secundum
2920 2906 3095 2977 legem
3141 2907 3373 2982 Moysis;
3427 2927 3459 2968 u

1878 2994 2060 3048 sciens
2089 3008 2356 3060 mensem,
2398 2994 2564 3049 sciam
2599 2997 2826 3065 primam
2869 2999 3076 3057 mensis
3117 3003 3482 3073 neomeuiam,

1881 3097 1936 3140 et
1963 3101 2090 3142 vera
2119 3097 2306 3144 sancta
2352 3088 2405 3143 iu
2438 3090 2741 3146 neomeniis
2774 3092 3095 3150 offerenda?
3138 3095 3239 3163 Qui
3286 3113 3487 3154 secun-

1882 3179 2010 3234 dum
2058 3180 2230 3252 legem
2276 3181 2476 3254 Moysis
2517 3200 2692 3239 annus
2742 3201 2836 3242 sex
2873 3187 2979 3242 illis
3026 3188 3216 3246 diebus
3254 3200 3489 3258 constat,

195 3286 316 3324 nun.
361 3271 736 3328 Pulcherrime
770 3271 935 3326 etiam
968 3269 1172 3324 dictum
1216 3277 1299 3324 est
1347 3269 1520 3324 lilium
1558 3267 1780 3324 conval-
1806 3278 1854 3342 ο
1882 3271 1951 3327 de
1977 3272 2170 3343 quilms
2199 3275 2316 3329 ait:
2361 3276 2472 3331 Sea:
2505 3278 2654 3332 anuis
2684 3280 2865 3336 serviet
2899 3280 3170 3351 Ilebrteus,
3203 3295 3248 3340 et
3274 3287 3491 3358 septimo

194 3362 308 3419 lium
334 3382 346 3432 ;
371 3367 494 3438 quia
517 3366 571 3421 in
599 3363 896 3419 humilibus
920 3363 1095 3434 magis
1109 3361 1294 3417 elucet
1321 3362 1514 3431 gratia.
1539 3359 1644 3417 Sed
1676 3365 1778 3416 hoc

197 3457 348 3512 lilimn
380 3459 434 3518 in
464 3457 651 3515 medio
682 3457 986 3529 spinarum,
1020 3455 1126 3510 hoc
1148 3463 1261 3519 est,
1306 3454 1450 3508 inter
1483 3452 1700 3508 Judzcos
1725 3462 1781 3508 et

199 3549 488 3618 haereticos,
521 3551 630 3605 hoc
656 3558 760 3614 est,
793 3549 934 3604 inter
959 3544 1358 3603 sollicitudines
1382 3544 1544 3614 hujus
1573 3544 1778 3612 saeculi,

196 3656 301 3710 quae
323 3654 562 3698 mentem
595 3640 832 3696 hominis
859 3638 1212 3708 animumque
1238 3647 1628 3708 compungunt.
1654 3637 1783 3692 Pos-

197 3746 369 3789 sumus
393 3734 566 3791 etiam
597 3733 759 3788 aliter
787 3732 1068 3802 accipere;
1101 3731 1226 3802 quia
1259 3731 1398 3786 sicut
1435 3729 1603 3785 lilium
1645 3731 1786 3785 inter

196 3830 364 3895 Spinas
391 3831 630 3896 eminet,
668 3829 740 3882 ita
770 3841 935 3897 super
952 3840 1144 3881 omnes
1183 3834 1489 3880 conventus
1538 3823 1786 3880 Ecclesia

200 3919 284 3975 Dei
306 3922 560 3994 refulget.

261 4013 312 4070 8.
353 4014 546 4070 Refert
567 4013 731 4069 etiam
755 4010 1108 4069 considerare
1127 4008 1272 4080 quod
1294 4009 1396 4064 hoc
1419 4009 1589 4064 lilium
1611 4008 1793 4080 splen—

200 4107 321 4165 dore
350 4107 743 4167 circumfusnm
785 4108 875 4174 sit,
919 4106 1065 4161 intus
1095 4115 1276 4161 autem
1309 4103 1452 4175 quod
1486 4103 1674 4169 habet,
1703 4118 1795 4158 ru-

202 4200 350 4258 beam
388 4205 483 4270 sit,
510 4202 644 4258 boni
669 4211 724 4256 et
745 4201 920 4271 ipsqu
946 4199 1168 4265 odoris;
1205 4198 1428 4270 eoquod
1451 4213 1580 4254 caro
1596 4196 1796 4252 Christi

204 4290 226 4330 δ
251 4297 390 4350 velut
410 4295 610 4350 murali
632 4293 933 4350 divinitatis
953 4289 1278 4347 claritudine
1295 4292 1682 4356 circumsepta,
1696 4304 1799 4346 cce-

201 4385 341 4445 lcstis
361 4389 621 4445 habuerit
644 4387 1039 4459 protectionem
1053 4386 1262 4457 gratiae.
1286 4386 1525 4458 Denique
1545 4385 1602 4440 in
1623 4393 1802 4455 poste-

205 4481 435 4538 rioribus
487 4483 614 4537 ait:
679 4480 973 4536 Fraternas
1025 4495 1170 4533 meus
1233 4478 1487 4532 candidus
1526 4487 1576 4532 et
1615 4477 1802 4534 rubens

203 4572 397 4642 (Cant.,
421 4591 479 4640 v,
504 4573 615 4645 10).
643 4571 923 4629 Candidus
941 4570 1188 4627 claritate
1211 4569 1393 4625 divina
1419 4587 1432 4623 :
1457 4569 1655 4625 rubens
1677 4584 1803 4639 spe-

1880 3379 2016 3418 auuo
2045 3363 2344 3419 liberabitur
2384 3365 2591 3438 (Deut.,
2632 3385 2732 3435 xv,
2778 3369 2906 3442 12);
2941 3381 2996 3429 ut
3027 3373 3370 3432 inveniantur
3397 3394 3495 3435 sex

1882 3457 2029 3521 anni,
2063 3458 2256 3528 quibus
2276 3460 2474 3530 aliquis
2499 3473 2758 3532 operatur
2782 3475 2979 3522 terram
3011 3487 3025 3524 :
3052 3471 3284 3541 septimo
3311 3482 3493 3530 autem

1885 3565 2028 3605 anno
2059 3551 2300 3607 remittet
2329 3553 2474 3608 illam
2507 3556 2822 3630 proselytis,
2851 3568 2906 3616 et
2935 3564 3290 3634 pauperibus,
3321 3577 3376 3622 et
3401 3568 3495 3626 be-

1884 3645 2006 3701 stiis
2041 3646 2238 3701 terrae?
2281 3647 2383 3716 Qui
2412 3650 2678 3719 septimus
2721 3668 2918 3720 annus,
2971 3672 3081 3728 quo
3125 3661 3499 3720 conceduntur

1887 3737 2066 3794 debita
2103 3739 2285 3794 omnia
2338 3741 2615 3798 Hebro-is?
2663 3744 2719 3799 In
2752 3745 2854 3802 hac
2890 3749 3083 3805 umbra
3125 3753 3501 3824 requiescebat

1890 3843 2102 3904 patrum
2136 3833 2292 3899 fides,
2322 3844 2375 3890 et
2400 3835 2788 3906 prophetarum
2819 3850 3003 3898 sancta
3034 3843 3270 3900 devotio.

1967 3925 2055 3979 lt.
2101 3925 2239 3982 Dicit
2276 3941 2407 3997 ergo
2451 3933 2804 4001 congregatio
2859 3934 3134 4005 religiosa,
3183 3939 3269 3994 vel
3313 3950 3502 3998 sancta

1897 4016 2105 4071 anima:
2140 4016 2207 4070 In
2239 4019 2420 4073 umbra
2448 4024 2560 4093 ejus
2584 4023 2876 4093 concupiui,
2903 4036 2949 4080 et
2977 4028 3087 4082 sedi
3109 4029 3310 4098 (Cant.,
3336 4047 3398 4098 tt,
3421 4033 3501 4106 5).

1899 4106 2100 4163 llmbra
2131 4108 2249 4178 ejus
2276 4119 2362 4165 est
2389 4110 2650 4170 anila-us
2679 4131 2874 4171 annus.
2899 4117 3032 4186 Quis
3062 4121 3208 4177 enim
3239 4122 3358 4195 ejus
3390 4141 3509 4198 my—

1899 4201 2032 4257 stica
2067 4200 2245 4270 videt;
2276 4214 2336 4260 ut
2375 4205 2511 4263 facie
2540 4206 2607 4264 ad
2641 4208 2830 4266 faciem
2860 4225 3176 4285 cognoscat,
3217 4232 3340 4289 qua:
3366 4234 3510 4276 anno

1901 4295 2356 4368 quinquagesimo
2419 4302 2762 4373 complenda,
2811 4303 2953 4378 Lege
3007 4312 3326 4383 praescripta
3387 4323 3513 4371 sunt

1905 4386 2120 4458 (Levit.,
2149 4393 2314 4461 xxv)?
2337 4391 2538 4449 Umbra
2561 4406 2687 4452 sunt
2707 4396 2825 4452 dies
2849 4399 2969 4456 festi
2989 4401 3288 4460 secundum
3313 4404 3511 4477 Legem

1907 4481 2082 4551 primo
2130 4499 2318 4540 mense
2349 4486 2561 4542 decima
2589 4487 2679 4545 die
2711 4492 2912 4546 mensis
2955 4508 3124 4566 usque
3160 4495 3226 4550 ad
3266 4508 3515 4566 quartam

1909 4571 2200 4640 decimam,
2227 4585 2283 4632 et
2309 4576 2436 4633 inde
2468 4595 2638 4651 usque
2665 4580 2732 4636 ad
2755 4583 3071 4654 vigesimam
3104 4584 3331 4654 primam
3364 4604 3517 4646 men-

202 4665 280 4720 cie
305 4666 516 4722 coloris
547 4666 789 4730 humani,
833 4679 994 4736 quem
1035 4674 1379 4719 sacramento
1418 4662 1808 4718 incarnationis
1834 4665 1889 4726 D
1913 4665 1990 4722 sis
2020 4665 2238 4738 (Levit.,
2259 4674 2443 4742 χχιιι).
2470 4671 2603 4740 Quae
2629 4675 2820 4732 umbra
2845 4686 2930 4733 est
2955 4677 3244 4734 celebritas
3267 4679 3357 4734 illa
3382 4679 3522 4739 inter

201 4759 518 4828 assumpsit.
542 4759 840 4830 Meritoque
855 4769 910 4814 et
930 4758 1104 4828 ipsum
1127 4754 1271 4826 quod
1289 4761 1374 4810 est
1399 4753 1647 4818 rubeam,
1666 4753 1808 4810 bene

204 4852 346 4918 olet;
371 4854 508 4924 quia
531 4868 662 4908 caro
681 4851 884 4908 Christi
908 4853 1028 4908 sine
1057 4858 1280 4922 peccato
1299 4858 1404 4919 est,
1427 4863 1591 4920 quam
1620 4847 1812 4918 perfidi

197 5023 209 5082 ί
270 5022 294 5050 ⁸
325 5012 510 5077 Edit.,
544 5009 626 5066 Ea:
653 5021 856 5066 centum
896 5008 1077 5082 viginti
1126 5007 1300 5063 annis.
1350 5007 1481 5063 Mss.
1531 5023 1660 5062 vero
1703 5021 1803 5062 no-

198 5081 409 5139 biscum
446 5084 473 5139 ι’
472 5085 624 5138 ειοῑιιιι
633 5092 672 5139 ι.

270 5154 299 5194 ι’
328 5157 461 5211 Mss.
496 5170 611 5221 sex,
646 5155 779 5210 velut
811 5153 1045 5208 mortalis
1077 5151 1385 5206 divinitatis.
1417 5148 1685 5221 Quinque,
1701 5151 1810 5204 vel-

202 5237 254 5280 ut
285 5227 486 5280 murali
527 5220 812 5281 diuinitatis
839 5226 1078 5280 claritate
1099 5228 1181 5278 vel
1203 5222 1529 5277 claritudine.
1559 5220 1664 5276 Alii
1683 5236 1808 5275 cum

201 5297 360 5361 edit.,
381 5297 522 5351 velut
546 5298 751 5359 morali,
780 5307 889 5354 etc.
919 5294 1172 5350 Nostram
1194 5310 1320 5348 vero
1351 5294 1640 5348 lectionem
1675 5307 1813 5362 prte-

200 5369 494 5425 ferendam
524 5384 646 5423 esse
669 5368 832 5423 docet
873 5367 976 5422 loci
1031 5368 1196 5420 totius
1220 5365 1428 5429 series;
1488 5363 1622 5417 nilul
1666 5363 1811 5417 cnim

199 5439 345 5494 aliud
375 5439 656 5508 significat
683 5439 1030 5502 Ambrosius,
1059 5439 1162 5492 nisi
1191 5434 1394 5490 Christi
1416 5449 1641 5508 carnem
1666 5433 1811 5508 divi-

200 5509 393 5566 nitaris
430 5503 730 5580 splendore
755 5511 903 5565 velut
928 5510 1161 5578 quodam
1194 5521 1351 5562 muro
1378 5514 1585 5575 septatn
1618 5503 1812 5560 fuisse.

278 5614 302 5642 ε
331 5603 546 5658 Omnes
581 5602 714 5658 edit.
736 5644 752 5667 ,
796 5602 1003 5655 odorem
1032 5610 1237 5672 gratum
1272 5599 1455 5672 habet;
1503 5613 1632 5654 mss.
1685 5611 1816 5672 vero

199 5676 408 5748 partim
434 5674 612 5729 odoris
654 5685 748 5730 aut
773 5673 992 5729 odorum
1034 5668 1290 5746 'gratiam,
1321 5671 1516 5740 partim
1551 5679 1609 5724 ut
1635 5683 1732 5724 nos
1761 5668 1814 5723 itt

201 5761 473 5816 corpore.

279 5821 310 5862 ἀ
338 5825 493 5882 Edit.
526 5834 582 5880 et
606 5837 741 5881 mss.
776 5823 1002 5896 aliquot,
1037 5822 1167 5891 Qui:
1191 5837 1284 5878 uos
1307 5821 1371 5876 ab
1405 5819 1692 5890 iniquitatis
1715 5819 1822 5874 sole

1916 4762 2150 4831 primum
2176 4772 2233 4818 et
2252 4766 2542 4834 septimum
2576 4783 2816 4825 mensem
2848 4781 2870 4808 ι’
2900 4771 2953 4827 in
2987 4781 3234 4844 tempore
3263 4772 3360 4828 illo
3389 4789 3525 4846 ano-

1918 4854 2123 4924 nymo?
2155 4853 2354 4912 Umbra
2398 4867 2500 4926 est,
2548 4861 2886 4918 sanctificata
2916 4863 3140 4922 libertas
3186 4865 3240 4921 in
3268 4866 3520 4926 sabbato.

1916 5011 2168 5100 defendit.
2192 5017 2298 5074 Alii
2327 5035 2459 5100 mss.
2494 5023 3028 5100 partim,...._gcalore
3045 5036 3099 5100 et
3132 5028 3241 5084 sole
3265 5029 3530 5100 defendit;

1918 5089 2237 5165 ponitur...
2289 5092 2464 5146 calore
2496 5089 2771 5165 'defeudit.
2806 5096 3001 5153 Melius
3041 5097 3240 5155 Navar.
3291 5089 3434 5158 uitus
3473 5089 3529 5160 ei

1917 5157 2126 5214 Lam...
2155 5163 2328 5216 calore
2353 5165 2468 5218 sola
2501 5157 2755 5236 defendit.

1998 5252 2162 5338 ςγδι.
2189 5253 2347 5338 edit.,
2363 5256 2416 5310 in
2441 5267 2670 5338 tempore
2692 5261 2806 5338 illo,
2831 5278 2970 5317 anno
2989 5266 3431 5338 quinquagesimo,
3447 5269 3534 5337 qui

1922 5321 2431 5407 .lubilwusndicitur.
2483 5321 2702 5400 optime
2741 5321 2905 5407 Rom.
2938 5321 3061 5407 cu'm
3092 5321 3245 5407 parte
3278 5321 3436 5401 mss;
3459 5321 3534 5393 'in

1924 5404 2152 5476 tempore
2183 5395 2276 5450 illo
2301 5395 2615 5476 anonymo;
2637 5417 2744 5457 non
2794 5405 2938 5476 enim
2987 5395 3269 5462 hic'illius
3299 5395 3533 5466 celebri-

1924 5472 2048 5521 tatis
2097 5476 2312 5542 tcmpus
2355 5472 2675 5526 notuiuatim
2730 5475 3082 5542 exprimitur.
3136 5479 3406 5536 Caeterum
3453 5481 3539 5536 ha:

1922 5551 2112 5619 Voces,
2148 5536 2344 5619 Umbra
2383 5551 2459 5595 est
2488 5536 3061 5619 suncti/icatd_libertas
3099 5550 3155 5604 iu
3186 5550 3420 5619 sabbato,
3447 5553 3542 5608 dc-

1923 5619 2052 5685 sunt
2078 5611 2129 5685 in
2163 5610 2418 5667 omnibus
2460 5628 2592 5669 mss.
2627 5610 2706 5685 ex
2734 5615 2933 5684 quibus
2958 5619 3124 5685 aliqui
3159 5610 3423 5679 orationis
3450 5640 3540 5681 se-

1925 5681 2530 5758 rietn_ita_connectunt
2562 5702 2575 5738 :
2611 5684 2677 5742 In
2713 5681 2944 5758 tempore
2987 5681 3080 5746 illo
3117 5707 3185 5747 au
3223 5709 3326 5749 non
3367 5695 3546 5754 umbra

1929 5761 2001 5806 cst
2027 5753 2135 5808 dies
2163 5753 2348 5823 festus,
2379 5764 2486 5812 etc.
2815 5753 2826 5758 ⁷
3351 5761 3356 5765 ’

3960 2449 3969 2600 i
