3988 6310
1793 290 2042 353 SANCTI
2080 292 2119 348 A

2228 268 2403 346 nosn
2877 271 2880 273 ’
3615 267 3748 324 ιεδτῑ

443 437 640 493 Ulubra
668 440 751 490 est
777 429 894 487 dies
924 427 1094 484 festus
1130 420 1343 494 septimi
1381 417 1585 474 mensis
1633 411 1955 476 neomeniae,
1988 415 2043 463 ct
2070 427 2121 486 Α
2146 407 2483 488 incoluntur:
2523 403 2678 478 ignis,
2707 411 2752 454 et
2780 415 2878 451 non
2922 395 3188 466 deﬁciebat
3231 391 3472 463 columna
3508 388 3659 440 nubis
3704 388 3751 438 in

445 473 640 493 ωηυι..
669 473 751 490 νυ.
778 473 893 487 νη...
925 473 1094 484 .-...--
1130 473 1342 494 --τη-νη
1453 473 1457 474 κ
1943 473 1950 476 ,
2070 473 2121 486 η
2385 473 2423 480 __
2546 473 2566 478 ν,
3193 473 3196 475 _

444 528 758 585 memon-iale
801 525 1048 579 tubarum
1095 515 1314 587 septimi
1346 511 1569 577 mensis,
1613 507 1728 561 dies
1777 504 2040 563 decimus,
2149 486 2231 582 die
2263 499 2494 574 (Exod,
2534 511 2653 560 xui,
2684 493 2747 546 21
2780 501 2823 545 et
2841 487 2994 560 92)(
3027 485 3056 488 ”
3095 478 3104 484 ”

439 625 557 677 dies
590 613 985 690 propitiationis
1008 610 1196 682 (Leuit.
1231 602 1408 673 χχιιι).
1443 601 1608 657 Vides
1634 599 1756 669 quia
1783 608 1972 650 monas
1990 598 2046 646 et
2122 576 2496 648 "r'wl'ii'fllanc
2541 587 2938 658 prmcedentcm
2991 582 3149 637 nubis
3177 580 3486 635 columnam
3521 588 3755 642 sequens

1947 686 1980 690 -,
2159 688 2192 690 -_
2266 686 2277 690 _
2351 684 2362 690 -
2597 681 2608 690 .
2655 682 2679 690 ι.
2723 679 2733 690 ι
2819 688 2825 690 Α
3095 674 3105 686 ι
3184 688 3197 690 -
3266 672 3509 690 1-12----n
3569 665 3754 690 ..-μΙι-,ι

441 665 557 677 “··ν·¹
591 665 980 690 ι’-νπ---ν-ν-νηῖν
1012 665 1050 682 ν
1088 665 1091 666 ν
1370 665 1379 673 .
1652 665 1668 669 _

441 717 602 770 decus
627 713 734 780 duo
756 710 876 764 festi
917 707 1055 768 dies.
1086 704 1218 781 item
1243 700 1464 775 quintus
1491 693 1735 750 decimus
1764 690 1902 752 dies,
1929 686 2047 741 dies
2155 684 2397 744 Ecclesia
2432 699 2538 738 non
2578 679 2941 743 deﬁcientem,
2979 691 3048 730 ne
3094 674 3206 742 ipsa
3257 672 3535 729 deﬁceret,
3569 665 3757 719 umbra

1977 780 1982 781 ,
2190 779 2196 781 Α
2391 776 2408 781 -
2437 777 2448 781 -
2589 777 2598 781 -
2930 771 2939 781 ο
2969 769 2978 781 ι
3110 767 3141 781 ιο
3183 767 3215 781 ο.
3331 763 3345 781 Ι
3428 761 3604 781 ,,,__L..-
3662 759 3757 781 -3..-

445 805 919 874 mbemaculnmm
950 814 1045 870 per
1076 777 1200 868 acto
1221 793 1359 848 dies.
1392 791 1446 857 In
1479 787 1666 850 umbra
1701 785 1815 837 haec
1842 780 2060 834 otnnia..
2151 779 2272 849 ejus
2322 776 2743 846 refrigerabatur
2783 787 2799 838 ;
2831 781 2886 826 et
2930 769 3053 823 ideo
3093 767 3224 822 dicit
3271 783 3284 818 :
3322 763 3387 817 In
3423 761 3605 814 umbra
3653 759 3760 827 ejus

2000 871 2010 874 _
2370 871 2379 874 -
2421 871 2430 874 -
2654 869 2684 874 --
2879 863 2889 874 η
2938 864 2947 874 ι
2986 863 2995 872 ι
3103 862 3113 872 ο
3210 861 3228 874 ε
3325 867 3336 874 .
3453 856 3497 874 9,,
3539 851 3760 874 r--._.'L_-_

444 904 501 959 In
528 901 716 956 umbra
749 895 923 966 prima
954 893 1070 948 dies
1102 892 1389 952 vocata,et
1418 889 1604 936 octava
1633 877 1751 934 dies
1783 881 1972 928 vocata
1998 871 2050 928 iu
2159 871 2454 941 concupiri,
2486 879 2532 923 et
2577 869 2684 922 sedi
2717 883 2734 921 :
2763 876 2810 920 et
2855 863 3023 917 dulcis
3067 862 3176 930 ejus
3204 861 3400 927 {ructus
3446 856 3500 908 in
3534 851 3760 922 faucibus

447 997 659 1062 umbra,
715 1005 835 1074 qua,
877 989 931 1043 ίη
985 980 1326 1055 scenopcgiis
1375 974 1693 1047 prmscripta
1751 966 2052 1026 secundum
2160 968 2283 1022 meis
2308 964 2511 1036 (Cant.,
2538 979 2598 1029 ιι,
2627 960 2714 1032 5);
2745 960 2869 1040 quia
2895 974 2924 1012 a
2949 958 3178 1012 Doniino
3210 952 3561 1025 pascebatur,
3592 948 3761 1003 dedu-

2195 1069 2205 1074 -
2276 1059 2286 1068 α
2369 1058 2480 1074 ιηη
2507 1071 2537 1074 κ,
2576 1069 2828 1074 __,._-_--_c_
2902 1060 2952 1074 ,ι
2995 1064 3187 1074 Mum.“
3222 1043 3538 1074 ..ηΐηηιςηηὲρ
3602 1039 3761 1074 1ηιυη-

449 1039 659 1062 ......,...,
719 1039 834 1074 η---
987 1039 1004 1042 κ
1056 1039 1070 1041 -
1158 1039 1170 1053 ,
1224 1039 1254 1055 ν
1375 1039 1391 1047 ,
1605 1039 1617 1042 -

449 1089 672 1158 Legem.

2228 1075 2243 1113 ι
2273 1059 2326 1114 in
2367 1058 2544 1113 locum
2576 1039 2866 1124 pascuum,
2899 1060 2954 1106 et
2995 1064 3188 1119 aquam
3222 1043 3562 1102 reiectionis.
3596 1039 3764 1094 Intro-

2271 1154 2281 1158 -
2487 1151 2498 1158 .
2601 1148 2611 1158 .
2851 1145 2862 1156 ο
2907 1146 2916 1155 ι
2949 1142 3008 1158 111
3088 1151 3099 1158 .
3299 1138 3342 1158 ιι
3415 1135 3544 1158 1,.1..
3605 1132 3762 1158 -.ι-ιέξ,‹

528 1132 672 1158 οφ..-

527 1179 614 1250 12.
647 1174 933 1236 Constitue
960 1169 1094 1226 mihi
1139 1167 1352 1237 aliquos
1391 1178 1458 1220 ex
1502 1154 1917 1216 circumcisione
1938 1163 2059 1204 crc-

2228 1154 2334 1206 zcite
2364 1169 2442 1206 me
2481 1151 2535 1203 in
2579 1148 2785 1201 domum
2815 1145 2917 1199 cini
2945 1142 3145 1213 (Cant.,
3196 1158 3255 1201 ιι,
3288 1138 3368 1198 ti).
3415 1135 3548 1190 Inde
3601 1132 3765 1202 copiis

452 1245 667 1336 dentes,
702 1269 753 1320 in
784 1265 930 1334 Lege
957 1262 1174 1326 doctos,
1206 1254 1568 1328 observantia:
1613 1249 1862 1310 sollicita!
1888 1246 2060 1308 viros,
2165 1247 2504 1318 praeparatis,
2533 1242 2727 1313 quaerit
2755 1239 3008 1311 progredi
3041 1238 3106 1292 ad
3152 1235 3312 1289 aliam
3347 1231 3687 1286 mansionem
3717 1226 3764 1278 in

455 1371 511 1418 οι
539 1375 680 1417 tttlltc
706 1354 989 1430 Evangelii
1015 1353 1292 1422 agnitione
1321 1348 1676 1412 ῖηιιῐηὶιιξὶῑοεν
1705 1338 1938 1410 Sitifim“
1979 1351 2067 1390 5³-
2164 1359 2269 1412 qua
2301 1339 2684 1411 mysteriorum
2714 1339 2965 1405 gratiam,
2999 1340 3054 1387 et
3092 1331 3295 1385 laetitia:
3324 1328 3502 1396 capiat
3543 1322 3771 1377 suavita-

460 1456 672 1527 εἱηθιοε
701 1451 904 1525 gratia;
938 1448 1069 1504 dicit
1099 1447 1152 1500 in
1182 1445 1267 1499 bis
1297 1441 1562 1506 Ecclesia.
1592 1453 1714 1507 (tua:
1744 1434 1889 1489 Videt
1914 1430 2068 1485 Clll‘i'
2173 1449 2299 1489 leni.
2335 1435 2471 1488 l’linc
2513 1446 2729 1501 quoque
2759 1441 3085 1499 promovens
3121 1438 3308 1478 verum
3343 1423 3466 1480 iter,
3502 1419 3612 1472 ait:
3645 1415 3771 1469 Con-

457 1537 623 1616 s‘tum,
665 1562 785 1616 qua:
818 1544 1088 1613 Sponsum
1114 1537 1332 1607 νευίιιίῑ,
1360 1549 1479 1604 (tua:
1508 1532 1633 1588 Cibo
1653 1529 1770 1598 ejus
1791 1525 2068 1597 pascitur:
2171 1530 2363 1583 stituite
2411 1528 2462 1580 in
2489 1526 2580 1595 fine
2611 1523 2931 1577 dilectionem
2962 1519 3180 1592 (Ibid).
3233 1517 3378 1570 Bona
3432 1511 3652 1575 stativa,
3688 1508 3771 1560 ubi

460 1641 526 1695 In
556 1602 736 1711 unthia
752 1602 874 1710 ejus
898 1631 1192 1700 concupiui,
1219 1602 1265 1685 et
1297 1602 1408 1684 sedi
1441 1642 1457 1679 :
1485 1634 1534 1680 et
1566 1627 1771 1696 fructus
1801 1621 1914 1683 eius
1957 1614 2074 1669 dul-

2230 1621 2450 1675 cnitudo
2502 1627 2586 1673 est
2625 1616 2929 1672 charitatis.
2977 1613 3296 1682 Con/innate
3339 1625 3444 1668 me,
3491 1605 3688 1675 inquit,
3727 1602 3774 1654 in

459 1737 530 1790 eis
563 1700 623 1789 in
649 1700 889 1801 faucibus
925 1729 1049 1784 meis
1079 1723 1286 1796 (Cant.,
1331 1737 1391 1787 ιι,
1421 1720 1499 1790 5).
1533 1717 1669 1784 Quis
1704 1715 1912 1768 fruetus
1959 1708 2077 1778 eius
2177 1713 2475 1786 unguentis,
2505 1711 2690 1780 stipate
2735 1724 2813 1760 me
2842 1709 2894 1760 in
2924 1705 3078 1758 malis
3111 1701 3302 1772 (Ibid.,
3327 1700 3399 1770 ἷτ).

462 1827 656 1896 .dlthiS.
695 1825 800 1880 ttiSi
833 1819 1149 1892 prmdicatio
1181 1815 1480 1871 Dominicze
1527 1807 1816 1880 passionis,
1850 1814 1907 1857 ut
1953 1803 2066 1870 ipse
2099 1812 2142 1877 Β
2242 1808 2329 1861 i6.
2363 1806 2538 1860 Habes
2569 1804 2700 1858 alias
2729 1801 3062 1862 mansiones,
3106 1801 3170 1852 ad
3206 1811 3342 1866 quas
3372 1791 3627 1848 Ecclesia
3659 1803 3774 1844 cum

463 1923 539 1976 ait
569 1939 582 1973 :
621 1918 754 1994 Ecce
785 1914 1063 1970 Iiwreditas
1090 1909 1323 1972 Domini,
1356 1907 1475 1976 ﬁlii,
1510 1918 1702 1957 merces
1731 1904 1933 1971 fructus
1963 1910 2083 1950 ren-

2228 1899 2544 1953 electatione
2584 1894 2845 1949 succedit.
2898 1893 3020 1947 Ista:
3072 1891 3384 1945 mansiones
3433 1894 3556 1939 sunt
3608 1881 3782 1936 crucis

467 2015 561 2068 tris
590 2010 766 2083 (Paul.
799 2022 984 2071 cxx”.
1012 2004 1105 2074 5)?
1146 2002 1278 2070 Ωιιίὸ
1323 1998 1466 2053 enim
1514 1994 1724 2046 ιιιιιυῖοΐ
1753 1992 1958 2046 [melus
1986 2001 2083 2055 νο-
2186 1992 2411 2056 Christi,
2445 2002 2499 2045 et
2526 1989 2838 2060 sepultura‘,
2875 1988 2927 2041 in
2960 1987 3157 2056 quibus
3185 1983 3466 2037 vulnerata
3489 1986 3568 2032 est
3599 1975 3786 2030 Eccle-

468 2114 576 2162 tesl
618 2119 739 2158 esse
781 2103 833 2156 in
864 2099 1112 2154 faucibus
1153 2092 1375 2158 nostris,
1407 2105 1566 2160 quam
1620 2085 1868 2144 ιόηιίεείο
1898 2095 2089 2152 11660³-
2189 2087 2292 2151 sia,
2323 2085 2416 2139 sed
2467 2085 2690 2138 vulnere
2739 2080 3047 2135 charitatis.
3081 2076 3292 2131 Vulnus
3337 2074 3479 2127 cnim
3535 2078 3616 2125 est
3653 2066 3789 2133 quod

473 2199 696 2256 totum?
727 2197 792 2271 Et
831 2196 969 2249 bene
999 2191 1098 2246 ίῙοε
1147 2197 1232 2242 εει
1263 2185 1506 2262 Εςειθδίει
1554 2196 1672 2249 (lum
1713 2177 1950 2232 Γῐύειυιιι
1996 2188 2092 2226 ³ιὶ-
2191 2177 2440 2232 Christus
2478 2178 2698 2244 excepit
2733 2192 2744 2226 :
2779 2174 2870 2228 sed
2905 2182 3237 2242 unguentum
3282 2175 3366 2222 est
3409 2163 3550 2236 quod
3584 2161 3789 2217 effudit.

471 2291 710 2358 nuntiat,
741 2289 844 2364 hoc
871 2293 973 2352 est,
1002 2281 1293 2352 Dominum
1323 2279 1509 2346 Jcstnn
1542 2274 1844 2335 Christum,
1888 2268 1956 2323 de
1985 2280 2092 2336 quo
2195 2272 2419 2332 Pontum
2450 2279 2532 2323 est
2564 2267 2704 2338 quod
2735 2265 3012 2335 pependit.
3049 2263 3162 2317 l-loe
3191 2275 3408 2331 pomum
3431 2254 3673 2328 gustavit
3701 2253 3794 2307 Ec—

477 2389 684 2446 dictum
713 2393 796 2438 est
825 2381 1010 2438 Mariae
1036 2396 1048 2431 :
1081 2375 1362 2430 Benedicta
1392 2381 1446 2426 tu
1474 2372 1604 2423 inter
1631 2365 1894 2428 mulieres,
1937 2371 1984 2416 et
2011 2360 2095 2414 be—
2194 2363 2381 2421 etesia,
2415 2370 2469 2415 et
2493 2361 2570 2413 ait
2599 2379 2611 2414 :
2652 2359 2718 2412 Et
2754 2362 2952 2428 fructus
2993 2359 3104 2428 ejus
3139 2354 3304 2407 dulcis
3331 2352 3381 2404 in
3413 2347 3651 2421 faucibus
3681 2345 3792 2398 meis

475 2482 709 2535 uedictus
747 2481 945 2550 {ructus
973 2470 1164 2525 ventris
1191 2468 1264 2522 tui
1297 2464 1476 2544 (Lua,
1508 2478 1547 2528 ι,
1576 2459 1694 2531 42).

2228 2454 2397 2520 Cant,
2427 2469 2483 2515 ιι,
2515 2453 2592 2522 5).
2626 2453 2693 2506 Et
2737 2460 2793 2504 ut
2827 2450 3117 2518 sciasquia
3152 2460 3370 2516 pomum
3410 2451 3492 2496 cst
3521 2439 3796 2507 Dominus,

551 2575 640 2628 i3.
665 2547 810 2640 Ergo
838 2567 927 2621 ubi
960 2564 1200 2636 gustavit
1222 2560 1454 2614 fructum
1475 2553 1780 2614 suavitatis,
1807 2547 2099 2618 impatiens

485 2665 549 2720 ad
584 2661 904 2735 perfectiora
937 2654 1153 2712 festinat
1179 2653 1367 2706 dicens
1395 2667 1407 2704 :
1443 2645 1770 2716 Introducite
1795 2659 1872 2696 me
1905 2641 1959 2694 in
2001 2637 2098 2690 do-

484 2775 624 2813 mum
671 2756 795 2822 vini,
850 2749 1142 2806 constituite
1189 2748 1242 2800 in
1287 2762 1364 2814 me
1404 2743 1750 2804 dilectionem,
1799 2735 2102 2803 con/innate

495 2853 707 2924 1022
733 2863 810 2900 me
833 2847 884 2898 in
910 2841 1204 2919 unguentis,
1236 2839 1421 2908 stipute
1444 2851 1521 2890 me
1553 2835 1604 2886 in
1633 2832 1818 2896 malis;
1840 2829 1960 2896 quia
1992 2825 2105 2879 uul-

494 2937 674 2997 mum
703 2937 993 3010 dilectionis
1022 2950 1114 3004 ego
1146 2947 1277 2984 sum.
1312 2929 1463 2982 Lwca
1501 2928 1610 2996 ejus
1639 2925 1733 2979 sub
1773 2923 1940 2990 capite
1968 2933 2104 2982 meo,

490 3047 534 3090 et
582 3035 793 3088 dextera
844 3031 957 3101 ejus
1001 3022 1383 3096 amplexabitur
1412 3034 1508 3072 me.
1548 3016 1798 3088 Adjuravi
1834 3028 1943 3073 ros,
1984 3009 2108 3077 ﬁlia:

498 3124 845 3188 Hierusalem,
871 3122 924 3174 in
956 3118 1220 3173 virtutibus
1258 3123 1304 3173 et
1345 3109 1737 3184 fortitutlinibus
1766 3104 1897 3178 agri,
1921 3103 1964 3155 si
1992 3117 2108 3154 sus-

2199 2547 2374 2616 lcgisti
2425 2562 2633 2615 supra:
2676 2543 2963 2612 Tamquam
3003 2543 3195 2594 malum
3236 2539 3291 2592 in
3332 2536 3488 2606 lignis
3530 2532 3798 2603 solemnia:

2199 2639 2544 2694 consobrinus
2568 2655 2707 2692 meus
2736 2634 2952 2708 (Ibid)
2970 2633 3079 2688 Nos
3095 2646 3310 2703 quoque
3333 2628 3528 2681 vulnus
3553 2626 3798 2687 fatunnr,

2199 2748 2321 2786 cum
2373 2731 2736 2801 pra-dicamus
2765 2727 3042 2783 Clu-istum
3087 2724 3400 2779 cruciﬁxum
3437 2737 3448 2772 :
3487 2719 3579 2772 sed
3631 2717 3800 2770 bonus

2203 2827 2340 2880 odor
2380 2841 2568 2880 sumus
2603 2825 2742 2888 Deo;
2775 2821 2899 2891 quia
2941 2835 3071 2874 crux
3104 2815 3308 2871 Christi
3353 2813 3556 2869 .ludaris
3586 2808 3805 2864 scanda-

2207 2920 2338 2984 lum,
2377 2917 2582 2972 ϐτειιιέίρς
2615 2917 2841 2970 Stultitia
2875 2931 2887 2967 :
2920 2913 3075 2966 nobis
3117 2920 3294 2964 autem
3325 2908 3497 2960 virtus
3528 2903 3619 2957 Dei
3651 2913 3804 2970 atque

2207 3014 2470 3080 Sapientia
2502 3022 2602 3066 εει.
2655 3010 2768 3064 Hoc
2813 3007 3038 3060 volnere
3078 3004 3322 3060 Ecclesia
3621 2997 3805 3051 vulne-

2211 3117 2383 3170 ratur,
2432 3120 2553 3159 cum
2611 3102 2908 3158 Snlvatoris
2946 3101 3028 3154 sui
3081 3097 3338 3168 pra-dicat
3385 3104 3657 3148 trientem:
3715 3087 3804 3142 sed

489 3216 799 3277 citaverilis,
841 3221 886 3266 et
934 3205 1358 3266 resuscitaveritis
1413 3201 1737 3254 dilectionem
1768 3236 1782 3260 ,
1843 3208 2103 3263 usquequo

2230 3212 2311 3251 IOC
2340 3199 2534 3250 vulnus
2566 3206 2648 3251 est
2680 3193 2984 3249 cbaritatis.
3039 3190 3281 3261 Denique
3325 3189 3412 3258 qui
3463 3202 3568 3240 non
3619 3182 3806 3244 credit,

492 3309 712 3366 voluerit
760 3304 957 3378 (Cant.,
990 3317 1050 3365 ιι,
1076 3296 1218 3368 4-7).
1267 3295 1459 3350 Merito
1494 3292 1689 3362 qumrit
1727 3303 1872 3347 eum.
1909 3284 2104 3340 merito

495 3377 804 3462 desiderat;
837 3396 962 3466 quia
1009 3395 1149 3447 bene
1189 3390 1365 3446 omnia
1402 3390 1454 3442 in
1488 3386 1590 3456 hoc
1619 3399 1782 3446 cursu
1817 3391 1976 3451 atque
2022 3377 2107 3440 iti-

499 3510 632 3551 nere
681 3489 950 3559 disposuit
982 3485 1289 3554 Imperator
1339 3491 1538 3534 noster.
1577 3478 1814 3532 Primum
1863 3472 2108 3527 omnium

501 3585 628 3642 ﬁdei
655 3581 1025 3637 inuitamento
1068 3575 1476 3630 tabernaculum
1522 3572 1623 3625 hoc
1676 3565 2108 3624 conﬁrmandum

505 3676 736 3750 putavit.
774 3671 977 3728 Deinde
1005 3670 1048 3723 si
1087 3684 1190 3739 qua
1224 3675 1307 3721 est
1338 3665 1493 3719 nobis
1523 3676 1717 3732 aspera
1763 3669 1924 3728 atque
1965 3655 2112 3711 arida

508 3749 564 3825 et
594 3775 863 3840 prternpta
893 3762 1130 3825 tnansio,
1162 3760 1460 3829 imperator
1493 3765 1670 3810 tamen
1705 3761 1726 3788 ³
1772 3751 1874 3809 iste
1903 3749 2114 3804 turbata

505 3838 791 3924 discernit,
847 3857 997 3912 arida
1047 3853 1253 3922 irrigat,
1293 3850 1506 3904 deserta
1561 3846 1838 3901 fecundat.
1893 3842 1948 3896 Si
1986 3838 2114 3910 quid

513 3951 914 4015 an’iaritndinis,
956 3947 1004 4004 si
1033 3944 1160 4016 quid
1189 3942 1522 4012 tentationis,
1555 3939 1599 3992 si
1622 3937 1749 4010 quid
1791 3934 2119 3992 inﬁrmitatis

515 4059 622 4113 est,
652 4048 846 4102 ductor
873 4051 1060 4097 noster
1086 4051 1139 4095 et
1163 4053 1344 4092 amara
1371 4044 1654 4106 temperat,
1680 4042 1735 4087 et
1764 4031 1994 4096 sollicita
2019 4028 2120 4084 nii-

515 4143 671 4208 tigat,
707 4139 841 4192 dura
873 4132 1141 4196 dissolvit,
1173 4139 1226 4183 et
1252 4126 1483 4181 invalida
1517 4124 1823 4180 conﬁrmat.

593 4232 680 4286 M.
712 4229 805 4283 Sic
833 4226 921 4279 ubi
956 4223 1070 4278 vult
1118 4221 1461 4290 requiescere
1508 4233 1600 4271 rex
1637 4227 1793 4271 terra:
1825 4215 2120 4283 exercitum

516 4339 700 4387 suum,
737 4336 844 4374 non
875 4316 1165 4387 ignobilem
1197 4313 1392 4376 vicum,
1430 4327 1534 4364 non
1567 4309 1960 4364 eumnicatibiis
1990 4306 2127 4362 imii-

515 4425 753 4488 gcutem,
778 4426 886 4466 non
923 4422 1147 4464 arenosa
1180 4417 1234 4460 et
1267 4403 1406 4480 nuda
1429 4402 1780 4483 gignentium,
1815 4400 1909 4456 sed
1939 4401 2122 4454 urbem

522 4509 763 4566 aediﬁciis
818 4504 1078 4566 nobilem,
1129 4499 1410 4578 refertam,
1447 4508 1501 4551 et
1550 4498 1774 4559 uberem
1825 4494 2125 4563 copiarum,

2214 3301 2371 3361 negat
2415 3309 2428 3343 :
2484 3291 2575 3360 qui
2632 3288 2834 3359 diligit,
2891 3285 3200 3340 conﬁtetur.
3251 3280 3578 3336 Manichacus
3633 3281 3806 3345 negat,

2212 3384 2553 3437 Christianus
2582 3381 2810 3445 fatetur;
2844 3386 2900 3432 et
2922 3378 3043 3432 ideo
3070 3376 3336 3445 scriptum
3360 3382 3444 3428 est
3469 3389 3482 3430 :
3518 3369 3680 3424 [ltitia
3706 3363 3812 3420 vul-

2213 3493 2335 3530 nera
2382 3475 2556 3538 amici,
2613 3488 2769 3544 quam
2817 3472 3109 3524 uoluntaria
3158 3467 3337 3521 oscula
3385 3463 3578 3518 inimici
3612 3460 3809 3530 (Proin,

2216 3585 2381 3632 xxvn,
2413 3571 2494 3637 6).
2535 3566 2766 3620 Pulchre
2809 3578 2941 3633 ergo
2980 3563 3112 3616 dicit
3145 3559 3387 3614 Ecclesia
3426 3575 3437 3610 :
3486 3555 3618 3622 Quia
3641 3554 3813 3606 vulne-

2215 3673 2332 3716 rata
2359 3662 2628 3716 clmritatis
2650 3674 2748 3731 ego
2777 3675 2887 3712 sum
2915 3656 3118 3728 (Cant.,
3150 3671 3208 3719 ιι,
3243 3654 3323 3722 5).

2291 3757 2378 3811 17.
2411 3755 2686 3810 Nudemus
2718 3753 2958 3808 membra
2994 3761 3180 3806 nostra
3207 3749 3350 3802 bono
3379 3744 3615 3810 vulneri,
3651 3740 3810 3796 mule-

2222 3864 2340 3902 mus
2387 3847 2598 3917 sagitttc
2638 3847 2850 3901 electae.
2883 3844 3089 3913 Sagitta
3123 3843 3238 3895 lucc
3285 3839 3535 3895 Christus
3583 3846 3686 3901 cst,
3733 3830 3817 3903 qui

2223 3945 2394 3997 dicit:
2431 3941 2616 3996 Posuit
2656 3957 2735 3994 me
2763 3940 2894 3993 sicut
2934 3939 3177 4010 sagittam
3218 3936 3427 3989 electam
3476 3931 3645 4004 (Esai.
3679 3943 3815 3989 xm.

2223 4035 2302 4104 ‘2).
2339 4034 2546 4088 Bonum
2579 4043 2662 4089 est
2703 4048 2833 4103 ergo
2874 4031 2974 4085 hac
3003 4028 3275 4084 vulnerari
3314 4027 3530 4097 sagitta.
3565 4003 3689 4077 Non.
3714 4035 3822 4075 me-

2225 4129 2423 4183 diocris
2452 4128 2748 4181 mansionis
2786 4127 2886 4179 iste
2917 4139 3205 4194 processus
3253 4138 3264 4173 :
3319 4136 3426 4174 non
3475 4132 3669 4170 onmes
3702 4128 3819 4181 pos-

2227 4230 2354 4274 sunt
2383 4220 2567 4272 dicere
2589 4218 2714 4287 quia
2749 4217 3018 4270 vulnerati
3051 4224 3175 4269 sunt
3203 4212 3537 4269 dilectionis.
3569 4208 3824 4262 Dicebant

2230 4312 2464 4384 apostoli
2491 4327 2612 4366 cum
2644 4325 2742 4380 pro
2770 4308 2989 4364 Christo
3030 4309 3422 4377 lapidarentnr,
3469 4312 3525 4358 et
3556 4302 3823 4356 Christum

2231 4407 2608 4476 prirdicareut.
2641 4403 2865 4458 Dicebat
2897 4403 3094 4458 Paulus
3117 4417 3237 4456 cum
3282 4409 3363 4453 ter
3394 4396 3559 4467 virgis
3581 4395 3826 4447 medere-

2235 4507 2338 4563 tur,
2370 4509 2424 4550 et
2453 4496 2544 4550 die
2582 4511 2645 4549 ac
2687 4506 2847 4549 nocte
2889 4494 3166 4549 Christum
3216 4491 3550 4546 adorandum
3581 4484 3827 4556 gentibus

523 4617 611 4661 aut
643 4619 830 4674 agrum
861 4612 1134 4654 amoenum
1166 4603 1221 4648 et
1255 4595 1520 4672 virentem
1557 4588 1790 4656 pascuis.
1825 4595 1918 4642 ῖιιιι
1941 4603 2128 4641 Ιιίεηιο-
2154 4593 2207 4658 D
2231 4588 2553 4655 disliutaret.
2611 4587 2804 4640 Dicunt
2847 4587 2952 4641 hoc
2995 4599 3286 4657 martyres,
3339 4585 3427 4654 qui
3481 4581 3830 4634 vulnerantur

523 4713 646 4754 rosa
673 4693 724 4749 et
757 4689 1084 4761 campestria
1113 4685 1323 4740 stativis
1353 4689 1656 4753 uppmtnna
1686 4679 1950 4734 decernit.
1989 4677 2131 4746 Ergo

526 4792 570 4845 si
613 4802 770 4857 reges
801 4797 960 4839 terra:
990 4789 1187 4834 norunt
1217 4775 1507 4852 commoda
1540 4773 1823 4844 providere
1859 4768 2134 4840 sequenti-

528 4884 630 4938 bus
671 4863 768 4935 se:
805 4884 1008 4947 quanto
1059 4872 1230 4943 magis
1281 4872 1421 4924 Deus
1452 4870 1543 4938 qui
1599 4867 1773 4922 bonus
1825 4876 1929 4928 est,
1986 4863 2135 4918 novit

537 4971 998 5048 quemadmodum
1055 4966 1330 5038 profutura
1374 4963 1626 5030 disponat
1661 4957 2011 5028 diligentibus
2039 4957 2135 5010 se?

532 5071 610 5128 Ac
641 5067 877 5139 primum
907 5065 951 5132 si
983 5058 1313 5128 incognitum
1344 5052 1674 5124 carpendum
1699 5061 1784 5105 est
1816 5049 1940 5112 iter,
1971 5049 2134 5102 duces

531 5138 808 5230 eliguntur
841 5155 1072 5214 viarum,
1117 5148 1210 5218 qui
1257 5153 1595 5216 prmeurrant
1621 5142 1842 5214 agmini.
1875 5139 1981 5195 Sed
2033 5138 2136 5193 hoc

534 5257 892 5324 imperatores
933 5243 1023 5298 iSti
1069 5241 1388 5312 iniuriosum
1422 5237 1527 5314 sibi
1576 5237 1951 5292 arbitrantur:
1993 5233 2136 5308 Deus

536 5321 712 5400 autem
747 5340 997 5414 praeibat,
1029 5350 1148 5390 eum
1186 5309 1400 5412 Hebraei
1446 5309 1687 5396 iacerent
1722 5331 1840 5388 iter.
1898 5309 2138 5397 Denique

535 5441 590 5492 in
618 5435 858 5490 columna
887 5429 1034 5487 nubis
1057 5425 1360 5496 loquebatur
1401 5423 1470 5486 ad
1496 5439 1602 5478 eos.
1657 5421 1727 5475 Et
1755 5432 1812 5474 ut
1843 5421 1984 5474 scias
2013 5419 2140 5487 quia

2239 4696 2336 4751 pro
2366 4679 2626 4735 Clu-isto:
2669 4690 2725 4733 et
2751 4679 2879 4748 quia
2920 4679 3188 4734 vulnerari
3233 4693 3331 4747 pro
3373 4675 3491 4745 ejus
3523 4676 3829 4728 meruerunt

2239 4775 2476 4835 nomine,
2521 4773 2642 4842 plus
2660 4773 2909 4843 diligunt.

2312 4866 2398 4920 18.
2442 4865 2523 4920 Ad
2562 4865 2702 4920 lianc
2746 4880 2877 4934 ergo
2922 4863 3150 4918 veniens
3196 4861 3532 4917 mansionem
3565 4854 3830 4916 Ecclesia,

2238 4960 2302 5013 ad
2335 4958 2480 5013 hunc
2513 4974 2847 5028 processum,
2901 4965 2958 5010 ut
2987 4972 3084 5027 pro
3119 4953 3336 5010 Christo
3367 4952 3510 5016 ﬁlios
3553 4963 3681 5004 suos
3706 4945 3835 5001 olle-

2243 5062 2343 5116 ιλιι,
2379 5062 2436 5106 ut
2465 5052 2696 5121 excipiat
2723 5052 2945 5106 vulnera
2991 5049 3295 5109 ebaritatis,
3327 5047 3482 5114 quasi
3528 5045 3669 5099 bona
3715 5038 3834 5094 ﬁdei

2243 5145 2500 5201 alimenta
2533 5145 2834 5213 reperiens.
2865 5143 3188 5212 pietatisque
3219 5143 3421 5213 fructus
3439 5135 3675 5208 gustavit
3699 5134 3832 5201 ipsa,

2239 5248 2293 5292 et
2335 5238 2540 5292 hortari
2570 5238 2738 5306 (tacuit
2771 5243 3002 5292 czetcros
3030 5235 3218 5308 dicens
3253 5250 3265 5286 :
3318 5211 3552 5306 Caritate,
3599 5235 3645 5280 et
3681 5223 3835 5278 videte

2240 5333 2477 5394 quoniam
2499 5331 2668 5384 suavis
2687 5342 2761 5385 est
2788 5329 3064 5394 Dominus,
3086 5329 3219 5388 sicut
3239 5326 3430 5382 malum
3450 5322 3622 5394 (Psal.
3649 5333 3833 5378 χχχιιι,

2241 5423 2318 5495 8).
2357 5426 2419 5479 lit
2467 5425 2518 5479 in
2569 5424 2714 5478 malo
2765 5423 2959 5477 vulnus
3009 5431 3114 5489 est,
3166 5421 3260 5475 sed
3315 5428 3494 5472 tamen
3553 5428 3719 5468 suave
3759 5419 3839 5464 est

536 5526 765 5599 pratibat
798 5542 811 5580 :
847 5523 1006 5588 Deus,
1057 5517 1496 5600 inquit,prteibat
1524 5516 1631 5579 illis
1653 5514 1770 5580 iter,
1817 5513 2119 5584 dieqttltlttﬂ

2229 5515 2441 5587 (Canta
2479 5533 2541 5581 ιι,
2575 5517 2652 5589 5).
2691 5516 2846 5571 Venit
2876 5515 3074 5588 iterum
3107 5514 3173 5568 ad
3203 5514 3399 5594 vallem
3427 5507 3730 5580 botryonis,
3765 5504 3839 5556 vi—

541 5593 595 5674 in
643 5617 882 5673 columna
925 5611 1075 5678 nubis
1107 5593 1378 5686 ostendens
1415 5607 1522 5662 illis
1566 5607 1748 5684 uiam:
1789 5615 1939 5668 noctu
1969 5614 2142 5672 autem

511 5707 532 5712 ““
545 5705 724 5722 "“P-nw.
735 5715 738 5718 -
751 5713 822 5722 ...α-ι
847 5713 896 5720 -η-
907 5715 930 5721 --
949 5717 986 5724 ,__
1005 5715 1030 5720 .-
1045 5714 1082 5725 ,ἠν
1097 5714 1108 5718 -

1973 5719 2052 5727 μ--ε
2075 5719 2084 5727 ιι

623 5809 644 5836 ο
679 5797 810 5853 Mss.
843 5796 1070 5864 aliquot,
1100 5793 1194 5846 iste
1219 5791 1401 5846 statiua
1431 5790 1695 5846 discernit.

2245 5606 2324 5660 dit
2353 5607 2585 5678 ingentis
2624 5622 2780 5662 uvam
2827 5606 3239 5677 magnitudinis,
3273 5618 3438 5673 quam
3481 5601 3590 5656 duo
3627 5606 3841 5669 portare
