3988 6402
181 327 293 386 ὶίιῦῗ
1240 323 1303 379 ΙΝ
1345 317 1676 382 PSALMUM
1713 325 1779 382 C}

1880 326 1929 384 ‘II
1969 327 2058 384 EX
2069 325 2357 386 POSITIO.
3322 334 3464 391 1258

183 447 254 500 vix
274 447 512 513 poterant
542 459 556 494 :
587 454 734 497 unus
761 439 854 512 qui
885 439 1237 510 praicederet,
1269 441 1410 495 alius
1443 441 1534 511 qui
1561 457 1754 510 seque—
1780 451 1830 510 Α
1858 447 2146 517 quiescunt
2175 445 2370 512 Sancti,
2403 444 2470 502 de
2493 444 2691 516 quibus
2719 444 2821 500 iste
2849 454 2936 500 est
2955 444 3046 515 qui
3070 443 3205 500 dicit
3239 463 3250 498 :
3281 445 3465 519 Lt‘gcnt

181 549 323 594 retur.
365 534 612 592 Gustavit
660 533 998 605 mysterium,
1048 533 1285 603 gustavit
1331 534 1383 586 in
1424 533 1554 588 Jesu
1586 533 1754 596 Nave,
1859 542 1986 595 mihi
2049 542 2321 605 constitue,
2388 539 2625 603 Domine,
2692 542 2827 594 viam
2865 541 3190 613 justitiarum
3241 549 3466 594 tuarunt.

182 630 389 702 gustavit
433 628 488 683 in
519 627 712 693 Caleb.
767 628 857 698 qui
907 626 1164 682 dicebant
1219 627 1416 697 populo
1462 644 1474 680 ε
1519 627 1759 682 Vidimus
1862 633 2006 689 Bene
2032 634 2128 698 ait,
2160 643 2361 699 statue;
2394 642 2453 687 ut
2480 633 2532 687 in
2565 634 2786 702 pectore
2814 633 2934 701 eius
2960 631 3255 686 immobilis
3281 641 3334 686 et
3361 631 3463 684 lixa

185 734 342 777 terram
368 722 708 792 proﬂuentem
756 722 855 776 mel
899 730 946 774 et
974 720 1055 774 lac
1093 719 1284 794 (Num.
1344 737 1460 788 xm,
1502 722 1621 793 28).
1651 721 1760 777 Gu-
1862 736 2200 796 permaneat,
2233 740 2336 781 nec
2361 725 2544 796 aliquo
2572 725 2754 780 saeculi
2806 724 3043 792 turbine,
3091 723 3158 778 ab
3197 723 3316 794 ejus
3338 737 3471 778 con-

185 827 314 883 stite,
347 825 400 872 et
428 815 608 872 videte
630 831 790 887 quam
816 817 1004 872 suavis
1033 824 1119 872 est
1147 817 1426 873 Dominus.
1863 819 2100 875 vellatur
2122 819 2354 888 aﬂ'ectu;
2382 821 2570 891 utipse
2592 820 2680 876 lex
2701 818 2913 884 sitsibi,
2941 834 3076 890 opus
3101 819 3310 874 ltahens
3335 817 3472 888 legis

247 931 322 986 l9.
350 932 415 988 Et
437 931 643 989 addidit
669 931 911 989 Ecclesia
942 932 1128 988 dicere
1160 949 1173 984 :
1208 931 1365 989 Lteva
1405 936 1520 1006 ejus
1554 935 1648 987 sub
1675 949 1762 987 ca-

1880 913 2126 983 scriptum
2152 911 2206 967 in
2235 911 2401 968 corde
2425 928 2546 968 suo.
2574 952 2577 955 .

189 1031 272 1098 pits
293 1043 414 1092 meo,
438 1038 483 1081 et
505 1026 716 1082 dextera
735 1030 849 1096 eius
867 1026 1235 1098 complectetur
1253 1044 1351 1082 me.
1382 1027 1634 1099 Adjuraui
1651 1042 1758 1093 vos,
1935 1025 1997 1080 2|
2013 1064 2026 1078 .
2058 1024 2126 1079 Et
2155 1041 2406 1096 quatram,
2439 1026 2630 1098 inquit,
2663 1027 2808 1080 illaut
2831 1042 3048 1098 semper.
3073 1023 3190 1080 Non
3212 1033 3298 1082 est
3321 1024 3465 1080 enim

188 1123 290 1190 ﬁlia:
313 1119 648 1185 Hierusalem,
680 1121 734 1176 in
748 1119 1017 1176 virtutibus
1045 1131 1093 1176 et
1119 1120 1508 1192 fortitudinibus
1530 1121 1680 1194 agri;
1716 1121 1761 1174 si
1867 1119 2143 1176 mediocre
2187 1119 2333 1190 quod
2383 1119 2678 1191 requiritur
2708 1120 2945 1192 paradisi
2993 1119 3186 1190 gratia,
3242 1119 3336 1173 Dei
3386 1132 3473 1173 re-

187 1203 542 1280 suscitareritis,
567 1222 614 1267 et
635 1213 1062 1268 resuscitaveritis
1077 1212 1376 1268 charitatem
1394 1230 1656 1284 usquequo
1677 1229 1764 1268 vo-
1865 1228 2049 1284 gnum,
2083 1212 2396 1283 angelorum
2425 1212 2781 1279 consortium,
2815 1211 3350 1281 immortalitatisque
3378 1210 3477 1264 do—

191 1302 490 1375 luerit(Caut.
512 1304 866 1376 tt,,6et7).Et
893 1305 1010 1360 ista:
1025 1305 1568 1362 mansionessuntvia
1597 1304 1765 1376 regali
1867 1305 2152 1362 micilium.
2186 1305 2302 1361 Non
2333 1321 2464 1377 ergo
2501 1321 2609 1360 uno
2639 1305 2727 1360 die
2774 1304 3056 1374 qumritur,
3107 1319 3205 1358 nec
3237 1303 3470 1362 duobus.

190 1396 452 1452 incedentis
479 1397 759 1457 Ecclesiae.
785 1397 971 1453 Multa:
995 1399 1138 1454 enim
1165 1409 1281 1453 sunt
1311 1400 1602 1454 mansiones
1620 1399 1762 1469 apud
1868 1411 1957 1456 aut
1990 1401 2174 1472 paucis
2201 1401 2480 1456 mensibus
2513 1418 2524 1453 :
2555 1398 2651 1455 sed
2679 1398 2944 1470 quaeritur
2975 1413 3214 1468 semper,
3244 1405 3297 1451 et
3317 1412 3467 1466 qua:-

191 1487 1762 1561 Patremmeum,testiﬁcaturDominusJesus(Joan.xtv,2);
1870 1494 2008 1549 ritur
2055 1509 2149 1564 per
2200 1493 2416 1560 omnia;
2467 1500 2528 1546 ut
2554 1492 2875 1547 meritorum
2925 1489 3094 1544 multa
3140 1497 3465 1544 concurrant

190 1593 274 1639 et:
305 1582 428 1638 Ecce
453 1585 622 1652 venio,
653 1593 701 1639 et
737 1587 964 1641 accersio
994 1603 1079 1640 vos
1121 1584 1285 1659 (Ibid.
1317 1585 1397 1656 5).
1431 1586 1578 1640 Bona
1609 1601 1764 1642 tuau-
1818 1601 1820 1604 '
1871 1587 2163 1658 sullragia;
2192 1587 2277 1643 διὰ
2295 1589 2488 1647 παντὸς
2509 1587 2652 1641 enim
2684 1594 2738 1640 et
2761 1598 2922 1639 omne
2951 1593 3164 1653 tempus
3184 1581 3476 1652 signiﬁcat,

189 1676 263 1732 sio
287 1677 573 1746 sapientiae,
601 1687 656 1734 et
685 1679 802 1736 sive
831 1682 886 1734 in
927 1681 1063 1735 laeva
1095 1681 1237 1751 ejus,
1270 1681 1386 1736 sive
1418 1681 1472 1736 in
1512 1680 1762 1748 dextera,
1871 1691 1926 1738 et
1954 1697 2052 1752 per
2076 1682 2277 1736 omnia.
2307 1680 2440 1736 Cum
2466 1679 2601 1736 dicit
2621 1680 2818 1750 igitur:
2849 1677 3092 1746 Quazram
3112 1691 3330 1746 semper,
3358 1675 3477 1730 sine

191 1767 312 1824 bona
340 1770 575 1838 mansio;
604 1771 732 1841 quia
759 1772 844 1826 via
870 1773 1070 1844 regalis
1099 1783 1204 1829 est.
1231 1773 1466 1844 Ideoque
1493 1774 1770 1844 sapientes
1875 1775 1982 1830 line
2008 1776 2141 1830 dicit
2172 1789 2295 1830 esse
2335 1773 2712 1844 qumrendum.
2747 1773 2860 1828 Sed
2891 1787 3000 1826 non
3030 1769 3163 1826 satis
3205 1779 3290 1825 est
3327 1783 3476 1840 quae-

191 1861 346 1916 nuntii
373 1862 553 1917 dicunt
582 1880 595 1917 :
633 1860 734 1916 Via
761 1863 920 1935 regali
947 1864 1157 1932 ibimus,
1187 1881 1288 1920 non
1311 1865 1618 1919 dioertemus
1639 1865 1760 1920 dex-
1799 1851 1848 1912 Β
1874 1880 2016 1933 rere,
2049 1866 2150 1921 nisi
2181 1865 2456 1937 intelligas
2482 1865 2624 1935 quod
2657 1863 2914 1934 requiris.

191 1961 307 2018 tera,
339 1971 489 2026 neque
533 1956 768 2021 sinistra,
799 1958 1135 2027 quoadusque
1177 1967 1494 2013 transeamus
1526 1959 1770 2013 terminos
2461 1977 2693 2049 Ideoque
2723 1976 2800 2032 an
2831 1995 2844 2030 ε
2877 1975 2959 2030 Da
2983 1976 3112 2030 mihi
3141 1975 3476 2039 εηιεηεσιωη,

689 2048 772 2069 ..η
845 2049 953 2069 ne-
1519 2068 1532 2069 γ
2043 2049 2051 2069 .

193 2055 296 2101 “ws
322 2045 498 2147 (μυξη
535 2064 626 2114 ’κ’
682 2048 797 2147 1⁷)·
844 2049 958 2147 ³9⁸
999 2049 1258 2106 dixerunt
1310 2051 1459 2106 miSSi
1512 2068 1542 2105 ³
1583 2050 1769 2147 Moyse
1873 2084 1922 2128 et
1946 2045 2309 2145 periscrut’altor
2335 2045 2502 2144 legem
2531 2045 2695 2138 tuam,
2723 2080 2772 2125 et
2804 2069 3095 2124 custodiant
3121 2069 3268 2123 illam
3292 2069 3344 2121 in
3375 2077 3480 2122 toto

193 2138 352 2192 nuntii
379 2138 441 2193 ad
465 2154 648 2210 regem
679 2139 856 2202 Edon,
891 2141 995 2195 lioc
1028 2151 1133 2206 est,
1170 2150 1474 2206 terrenum;
1502 2143 1630 2213 quia
1662 2151 1771 2197 ter-

194 2247 316 2287 rena
341 2235 529 2302 omnia,
558 2235 679 2290 sive
720 2234 773 2289 in
801 2234 1048 2301 dextera,
1077 2235 1191 2290 sive
1239 2235 1292 2289 in
1337 2235 1582 2302 sinistra,
1631 2235 1769 2290 mala

195 2335 326 2379 sunt.
357 2325 482 2381 Mala
521 2327 737 2382 mansio
767 2326 1102 2398 insipientia,
1135 2327 1275 2382 mala
1322 2327 1531 2382 mansio
1572 2329 1771 2383 intem-

202 2420 450 2486 perantia;
473 2427 530 2473 et
549 2418 672 2475 ideo
695 2419 986 2490 pertransit
1005 2419 1103 2474 has
1129 2424 1447 2477 mansiones
1464 2420 1728 2477 Hebrmus
1755 2439 1768 2474 :

199 2523 292 2564 non
317 2510 527 2566 divertit
571 2511 641 2566 ad
668 2527 785 2580 eas,
817 2512 913 2567 sed
945 2513 1274 2584 pertransit;
1305 2524 1364 2568 ut
1393 2512 1673 2584 perveniat
1703 2512 1771 2567 ad

197 2601 445 2656 sinistram
472 2604 754 2675 sapientia:
781 2612 838 2661 et
863 2603 1174 2672 dexteram,
1207 2616 1263 2663 et
1291 2607 1346 2661 in
1367 2605 1500 2677 ipsis
1528 2615 1768 2673 maneat,

198 2695 279 2750 ubi
324 2697 516 2752 divitiae
563 2698 954 2767 simplicitatis,
1001 2699 1092 2756 ubi
1137 2699 1330 2770 gloria,
1362 2700 1450 2755 ubi
1493 2698 1774 2770 longitudo

198 2788 310 2843 vita:
333 2800 428 2845 est.
459 2788 757 2862 Longitudo
783 2792 929 2847 enim
959 2793 1078 2846 vita:
1112 2793 1166 2846 in
1197 2793 1409 2847 dextera
1432 2793 1566 2862 ejus,
1599 2800 1660 2846 ut
1700 2793 1776 2848 ait

199 2881 432 2939 Salomon
475 2901 491 2940 :
535 2886 590 2939 in
641 2885 854 2940 sinistra
895 2894 1067 2940 autent
1112 2886 1225 2955 ejus
1267 2885 1461 2939 divitia:
1513 2894 1560 2938 et
1607 2885 1776 2957 gloria

201 2971 365 3043 (Prov.
391 2991 469 3038 ιιι,
513 2977 626 3047 16).
671 2976 730 3032 lu
775 2976 1000 3033 dextera
1044 2978 1152 3032 vita
1195 2989 1301 3044 est,
1354 2979 1407 3032 in
1441 2976 1660 3033 sinistra
1691 2993 1777 3033 rc-

197 3071 358 3138 quies.
391 3069 598 3126 Utinam
639 3086 806 3142 super
831 3071 1106 3126 sinistram
1153 3070 1273 3140 ejus
1313 3070 1677 3140 requiescam,
1707 3084 1777 3125 ne

199 3177 416 3231 quaram
443 3163 755 3219 cervicalia.
794 3162 888 3218 Vw
915 3163 1062 3220 enim
1087 3164 1152 3218 iis
1179 3165 1266 3235 qui
1303 3166 1527 3218 adsuunt
1552 3163 1777 3217 cervica-

201 3253 287 3321 lia,
316 3253 557 3310 Ezechiel
600 3255 738 3311 dicit
763 3253 982 3327 (Ezech.
1013 3268 1130 3322 xm,
1184 3253 1297 3326 18).
1329 3254 1435 3310 Has
1471 3256 1780 3310 mansiones
1807 3246 1854 3310 C

201 3359 450 3418 praparat
477 3349 742 3405 Ecclesia:
766 3364 880 3404 suae
903 3349 1078 3405 bonus
1106 3348 1322 3416 ductor,
1353 3359 1408 3404 et
1438 3365 1532 3419 per
1553 3349 1668 3404 vias
1695 3363 1782 3403 sa-

200 3440 398 3511 pientiae
421 3443 603 3515 dirigit
634 3443 741 3500 iter
763 3443 902 3514 ejus.
937 3443 1182 3514 Denique
1204 3442 1386 3498 laudat
1409 3441 1639 3513 Sapiens
1670 3444 1784 3498 vias

201 3536 350 3604 ejus:
535 3541 650 3611 ejus
687 3538 785 3592 vite
832 3535 996 3603 boum,
1039 3545 1086 3590 et
1130 3552 1304 3591 omnes
1348 3536 1544 3591 semita:
1571 3539 1685 3608 ejus
1729 3536 1784 3588 in

199 3613 632 3702 MedPro-inut,
666 3619 778 3712 l7).
1035 3623 1044 3625 ”
1271 3613 1278 3618 ”
1351 3617 1356 3620 ’

1872 2166 2030 2222 corde
2069 2183 2202 2220 meo.
2233 2166 2600 2236 Quatrendum
2642 2166 2900 2236 primum,
2929 2162 3129 2219 deinde
3172 2161 3483 2232 intelligen-

1873 2261 2002 2318 dum
2049 2260 2606 2331 perscrutandumque
2659 2259 2794 2330 legis
2823 2272 2988 2312 omne
3034 2255 3378 2327 mysterium,
3429 2263 3484 2309 et

1874 2355 1928 2409 in
1972 2353 2138 2410 corde
2169 2353 2603 2410 custodiendum.
2657 2351 2790 2420 Quis
2837 2361 3016 2406 autem
3072 2357 3250 2420 potest
3296 2357 3480 2404 custo-

1873 2446 1992 2502 dire
2021 2447 2196 2518 legem
2250 2447 2366 2513 Dei,
2399 2447 2498 2502 nisi
2529 2445 2859 2500 intellectum
2893 2441 3197 2512 acceperit?
3241 2442 3340 2509 Qui
3371 2457 3468 2494 au-

1877 2551 1982 2598 tem
2041 2541 2292 2612 intelligit
2347 2551 2403 2597 et
2449 2550 2737 2605 scrutatur,
2787 2537 3080 2594 scrutando
3129 2538 3181 2592 in
3229 2536 3478 2591 semitam

1877 2634 2256 2690 mandatorum
2308 2634 2612 2691 deducitur.
2662 2634 2718 2689 ln
2768 2648 2874 2702 quo
2906 2631 3033 2685 illud
3089 2629 3481 2685 advertendum

1876 2729 2003 2799 quia
2044 2729 2129 2785 lex
2167 2739 2250 2785 est
2289 2728 2521 2799 justitia,
2573 2727 2883 2782 mandatum
2907 2724 3193 2794 judicium,
3243 2725 3384 2779 sicut
3432 2733 3486 2778 et

1879 2822 1933 2876 iit
1985 2824 2086 2878 hac
2125 2823 2304 2877 littera
2350 2821 2599 2891 legimus.
2642 2820 2737 2874 Est
2758 2818 2920 2889 Legis
2967 2818 3051 2873 via
3093 2827 3238 2872 stare
3290 2815 3343 2870 in
3385 2815 3488 2870 viis

1879 2912 2042 2984 Legis
2071 2929 2086 2969 :
2117 2924 2201 2969 est
2225 2913 2309 2967 via
2345 2912 2680 2983 juStitiarum
2721 2908 3016 2964 Secundum
3049 2909 3280 2978 primum
3318 2907 3490 2961 versi-

1879 3007 2085 3064 culum.
2127 3005 2227 3061 Est
2263 3021 2392 3076 ergo
2428 3014 2483 3060 et
2525 3002 2962 3058 testimoniorum
2992 3001 3076 3056 via
3105 3021 3117 3054 :
3148 2999 3217 3054 In
3243 3001 3326 3054 via
3351 3001 3493 3053 testi-

1883 3100 2169 3154 moniorum
2189 3108 2398 3152 tuorqu
2426 3097 2738 3151 delectabar.
2772 3095 2869 3149 Est
2889 3105 2941 3148 et
2966 3095 3048 3148 via
3073 3093 3485 3148 mandatorum:

1897 3190 2041 3246 Viam
2074 3189 2432 3244 mandatorum
2455 3200 2660 3243 tuorum
2682 3187 2907 3242 cucurri.
2931 3186 3336 3255 lnterrogemus
3361 3199 3491 3254 ergo

1887 3284 1983 3339 has
2016 3285 2150 3350 vias,
2186 3292 2244 3338 ut
2272 3283 2487 3338 dicatur
2517 3282 2672 3338 nobis
2706 3298 2721 3336 :
2753 3281 2902 3336 State
2927 3281 2978 3333 in
3005 3280 3100 3333 viis
3135 3277 3310 3349 Legis,
3339 3288 3384 3332 et
3413 3278 3492 3332 itt-

1887 3385 2138 3449 terrogate
2166 3378 2374 3431 semitas
2403 3385 2643 3442 teternas,
2678 3384 2725 3429 et
2771 3372 2936 3428 videte
2971 3386 3086 3440 qua:
3110 3372 3190 3425 uia
3217 3370 3415 3436 melior,
3448 3380 3494 3424 et

1886 3472 2146 3525 ambulate
2184 3470 2326 3525 inea
2380 3467 2595 3543 (Jerem.
2640 3468 2860 3538 v1,16).
2915 3465 3048 3522 Cum
3093 3480 3287 3522 omnes
3335 3465 3497 3537 igitur

1821 3621 1824 3624 .
1888 3564 2347 3621 ambulaverimus
2395 3566 2544 3626 vias.
2595 3563 2874 3620 veniemus
2933 3563 2986 3616 in
3042 3562 3282 3616 omnium
3330 3562 3494 3616 finem

1891 3656 2121 3722 viarum,
2153 3656 2245 3728 qui
2280 3657 2355 3712 ait
2383 3673 2396 3710 :
2428 3657 2544 3730 Ego
2570 3673 2684 3711 sum
2730 3657 2809 3710 via
2863 3653 3043 3725 (Joan.
3072 3671 3185 3722 xw,
3229 3655 3306 3724 ϐ).
3340 3655 3500 3709 Chri-

267 3744 356 3800 ἳθ.
385 3747 482 3804 Sed
507 3747 634 3820 quia
663 3747 954 3819 sapientia,
987 3747 1266 3813 ItoneSlas,
1297 3743 1543 3812 Claritas.
1565 3745 1636 3798 ita
1665 3759 1790 3815 per-
1889 3758 2008 3806 stus
2035 3764 2169 3821 ergo
2215 3751 2334 3806 linis
2367 3750 2609 3816 viarum;
2643 3751 2752 3821 ipse
2780 3749 2927 3820 enim
2965 3758 3040 3804 est
3084 3749 3204 3818 [tuis
3243 3747 3396 3820 Legis
3422 3749 3491 3801 ad

198 3833 349 3892 lectae
367 3849 506 3905 sunt,
529 3839 576 3895 si
594 3839 835 3895 habeant
855 3838 1201 3904 cltaritatem,
1224 3835 1504 3908 plenitudo
1522 3837 1666 3892 enim
1686 3835 1779 3891 Le-

1883 3845 2143 3916 justitiam
2171 3843 2310 3897 omni
2352 3844 2580 3898 credenti
2601 3843 2780 3914 (Rom.
2830 3858 2889 3907 x,
2921 3841 3002 3912 4).
3037 3841 3174 3896 llinc
3216 3841 3392 3896 audeo
3419 3839 3503 3894 di-

198 3929 283 4000 gis
307 3931 532 3989 charitas
554 3941 642 3989 est
671 3931 850 4002 (Rom.
885 3947 1004 3997 xm,
1037 3933 1124 4001 10)
1144 3971 1159 3996 ,
1189 3928 1445 3984 suscitari
1475 3938 1530 3984 et
1554 3928 1779 3984 resusci-

1894 3953 2019 3994 cere
2046 3937 2171 4008 quia
2202 3938 2325 3992 linis
2346 3936 2678 4007 justitiarum
2709 3933 2984 3999 Christus,
3013 3932 3104 4003 qui
3140 3942 3225 3988 est
3243 3933 3456 4002 justitia
3489 3951 3499 3984 :

200 4026 300 4079 tari
335 4027 438 4082 vult
461 4026 782 4082 charitatem
812 4043 824 4079 :
856 4024 1110 4082 suscitari
1138 4025 1189 4079 in
1219 4024 1389 4079 veteri
1421 4022 1790 4089 Testamento,
1896 4031 2021 4087 ﬁnis
2055 4031 2492 4086 testimoniorum
2541 4029 2816 4093 Christus,
2849 4027 2920 4082 de
2962 4042 3069 4098 quo
3117 4027 3320 4082 dictum
3376 4035 3461 4083 est
3491 4046 3502 4079 ;

197 4118 502 4174 resuscitari
555 4117 772 4192 1024
809 4118 861 4173 in
918 4133 1079 4172 novo.
1129 4114 1368 4170 Charitas
1415 4114 1557 4169 Deus
1587 4123 1683 4180 est,
1735 4123 1779 4168 ut

1899 4121 2078 4179 Estote
2107 4123 2234 4177 nti/ti
2259 4132 2431 4190 testes,
2461 4131 2508 4177 et
2534 4137 2628 4193 ego
2649 4123 2807 4187 testis,
2836 4121 2958 4175 dicit
2989 4119 3264 4186 Dominus,
3297 4131 3344 4176 et
3377 4136 3502 4194 puer

195 4211 428 4282 legimus
455 4215 500 4286 (1
524 4214 688 4271 Joan.
722 4231 798 4282 tv,
829 4214 883 4287 8)
921 4233 934 4268 :
967 4214 1208 4270 charitas
1230 4214 1482 4271 Christus
1507 4222 1608 4270 est.
1662 4213 1795 4270 Sus—
1899 4232 2041 4271 meus
2062 4232 2213 4286 quem
2240 4216 2369 4288 elegi
2394 4213 2568 4287 (Esai.
2600 4231 2752 4282 xuii,
2789 4213 2901 4286 10).

197 4305 399 4362 citatur
443 4317 714 4380 tamquam
763 4307 881 4376 leo,
928 4315 985 4363 et
1013 4307 1226 4363 catulus
1286 4306 1491 4372 leonis,
1547 4314 1605 4360 ut
1642 4303 1779 4361 Juda

1969 4329 2061 4387 25.
2087 4328 2436 4385 Advenimus
2453 4329 2618 4402 igitur
2639 4338 2903 4402 quantum
2927 4330 3084 4385 nobis
3110 4330 3497 4386 ambulandum

193 4401 457 4457 ascendat
483 4417 545 4458 ex
583 4403 856 4474 germine.
900 4401 1279 4458 Resuscitatur
1308 4410 1366 4455 ut
1410 4400 1707 4468 dormiens,
1741 4409 1800 4456 ιιι
1901 4425 1994 4492 sit,
2050 4435 2106 4480 ut
2166 4426 2448 4482 veniamus
2483 4400 2568 4480 ad
2622 4400 2920 4480 Christum.
2988 4424 3397 4480 Ambulandum
3456 4427 3510 4481 in

195 4495 554 4590 τεεψηδθιὶεξ
601 4495 731 4568 quia
782 4510 898 4590 9°“
941 4494 1201 4562 Imma“,
1232 4493 1492 4590 _sed__5"_“
1538 4501 1594 4590 ei
1623 4493 1799 4590 Ρξίίτξδ
1903 4517 2082 4589 Lege;
2114 4518 2238 4590 quia
2273 4517 2394 4572 linis
2437 4518 2596 4588 Legis
2625 4515 2874 4572 Christus
2903 4524 3008 4572 est.
3039 4516 3168 4571 Sine
3201 4517 3341 4586 Lege
3381 4532 3510 4586 ergo

195 4586 485 4656 majesm"
521 4597 604 4643 ⁸³⁸
649 4587 944 4642 “scum”
982 4602 1012 4642 a
1043 4586 1296 4680 monuis'
1346 4584 1502 4642 U"de
1654 4585 1801 4680 ἐφ’
1829 4641 1882 4680 ῃ
1907 4584 2014 4666 non
2050 4584 2368 4680 pervenitur
2411 4609 2478 4664 ad
2516 4584 2816 4664 Christum.
2859 4607 3016 4664 Unde
3056 4584 3402 4664 manifestum
3431 4584 3517 4666 est

196 4689 362 4748 plura
409 4682 574 4749 :Quis
617 4681 884 4736 suscitabit
925 4680 1073 4735 illum
1124 4679 1277 4752 (Gen.
1343 4695 1492 4745 ηιξ,
1540 4676 1634 4749 9)?
1682 4677 1779 4734 Not

1880 4676 1882 4682 τ
1909 4676 2066 4774 quod
2083 4700 2346 4766 haeretici,
2383 4701 2472 4770 qui
2499 4700 2697 4772 Legem
2728 4699 2932 4756 veteris
2959 4716 3065 4754 non
3097 4700 3375 4769 accipiunt
3412 4701 3515 4757 Tc-

191 4771 348 4828 euim
384 4783 587 4844 poterat
631 4773 787 4828 illum
820 4775 916 4827 aut
942 4773 1191 4843 angelus,
1221 4781 1316 4826 aut
1345 4779 1583 4842 potestas
1632 4770 1779 4825 susci'

1911 4770 2188 4861 stamenti,
2219 4794 2323 4850 etsi
2349 4794 2535 4849 dicant
2565 4770 2709 4863 quod
2741 4792 3018 4847 Christum
3052 4801 3301 4859 teneant;
3333 4803 3516 4851 tamen

194 4875 320 4923 tare
352 4868 553 4934 aliena;
595 4882 718 4923 cum
752 4867 870 4937 ipse
911 4866 1046 4922 alios
1092 4865 1462 4922 resuscitaret.
1506 4863 1650 4958 Ergo
1668 4878 1800 4958 eum
1911 4904 2020 4945 non
2069 4888 2280 4958 possim
2323 4895 2508 4942 tenere
2551 4884 2732 4953 ﬁnem,
2769 4885 2862 4954 qui
2917 4884 3130 4956 1025
3163 4885 3376 4940 initium
3409 4902 3514 4942 non

194 4959 287 5016 hic
316 4959 453 5015 die“
483 4979 497 5016 ³
531 4961 592 5016 δέ
630 4959 1022 5024 δαδείίαυθνίτίδο
1055 4969 1145 5012 “u‘
1176 4957 1606 5050 "‘"3Ci‘,"”‘f"“i‘_
1627 4955 1800 5050 c_"“'i‘
1913 4955 2208 5036 tenuerint.
2239 4978 2358 5050 ipse
2380 4977 2561 5034 ‘Jesus
2607 4985 2691 5032 est
2721 4955 2957 5031 initiutnﬂ
2989 4955 3048 5031 et
3091 4955 3233 5031 linis.
3291 4977 3521 5046 Oportet

193 5063 359 5109 ⁸⁸⁸⁸³³³
389 5069 644 5124 υδιιυειιυο
671 5051 892 5107 vomer“
938 5050 1116 5122 iam"
1150 5067 1208 5118 "t
1242 5051 1322 5122 7),
1367 5049 1435 5105 de
1463 5047 1529 5104 iis
1556 5047 1688 5104 die“
1715 5049 1806 5119 qui
1911 5073 2074 5144 igitur
2102 5081 2160 5128 ut
2188 5047 2531 5128 ambulemus
2559 5071 2860 5126 secundum
2891 5071 3065 5139 legem
3095 5070 3430 5140 spiritalem;
3463 5083 3521 5125 ut

190 5149 663 5204 resurrectionem
696 5145 818 5216 ejus
851 5153 1083 5216 possunt
1112 5159 1354 5215 congrue
1383 5143 1714 5214 praedicare;
1753 5157 1779 5196 ιι

1911 5143 2196 5223 veniamus
2227 5166 2294 5222 ad
2336 5166 2497 5237 Legis
2527 5165 2689 5220 linem
2723 5164 3012 5220 Dominum
3048 5162 3257 5218 Jesum.
3289 5163 3526 5234 Oportet

189 5240 551 5296 audientibus
587 5240 842 5296 ardorem
876 5237 1003 5294 lidei
1053 5247 1108 5294 et
1146 5237 1456 5331 devotionis
1485 5234 1807 5331 accendant.
1914 5269 1977 5315 ut
2021 5275 2314 5331 sequamur
2355 5234 2698 5325 tes'limonia;
2728 5267 2786 5313 ut
2814 5256 3101 5330 pervenire
3151 5257 3424 5327 possimus
3453 5258 3522 5312 ad

199 5331 299 5390 Vel
328 5333 626 5388 suscitatur
651 5331 906 5388 Christus
929 5334 982 5386 in
1009 5332 1097 5399 iis,
1126 5330 1221 5401 qni
1250 5329 1482 5400 primum
1508 5327 1809 5424 accedunt:
1916 5327 2171 5424 magnam
2234 5353 2604 5409 testimonium
2673 5327 2961 5407 Dominum
3032 5349 3239 5404 jcsum
3297 5349 3525 5420 Opurm

192 5427 562 5483 resuscitator
605 5425 660 5480 in
690 5423 758 5479 iis
805 5425 896 5494 qui
946 5435 1233 5494 postquam
1279 5421 1634 5487 accesserint,
1684 5417 1779 5474 dor

1919 5443 2082 5498 etiam
2111 5453 2170 5497 ut
2209 5442 2264 5497 in
2294 5445 2580 5515 prmeeptis
2604 5442 2816 5498 Domini
2843 5439 3209 5506 ambulemus;
3243 5450 3303 5494 ut
3332 5457 3526 5510 pervc-

192 5517 474 5575 micrunt.
505 5515 713 5571 Dormit
743 5530 874 5586 ergo
909 5515 1156 5570 Christus
1189 5515 1241 5569 in
1271 5511 1688 5586 negligentibus,
1722 5525 1812 5564 su-
1920 5537 2135 5591 niamus
2169 5535 2235 5590 ad
2280 5511 2534 5607 I'mg‘m'm
2591 5543 2946 5607 praeceptum,
2998 5533 3065 5590 de
3112 5549 3220 5604 quo
3265 5535 3474 5605 legistis
3509 5553 3521 5589 ε

189 5611 442 5668 "iam"
464 5607 514 5663 i“
543 5608 766 5663 ⁵³¹¹⁰ιί⁵⁶
1922 5628 2137 5684 Dictum
2167 5639 2239 5684 est
2266 5631 2494 5701 antiquis
2536 5648 2554 5684 :
2590 5628 2711 5684 Non
2753 5629 3046 5684 occides....
3077 5644 3170 5700 ego
3196 5637 3369 5682 autem
3411 5629 3526 5683 dico

265 5726 372 5784 2|.
413 5721 597 5796 (γεγε.
629 5726 746 5797 55.)
776 5723 948 5782 liabet
974 5739 1108 5797 ergo
1137 5723 1381 5781 Ecclesia
1418 5739 1514 5794 per
1549 5736 1670 5793 quae
1693 5736 1815 5792 gra—
1925 5721 2062 5776 vobis
2092 5720 2310 5792 (Matth.
2342 5737 2395 5783 v,
2428 5722 2491 5774 2|
2521 5730 2565 5775 et
2585 5720 2709 5792 22);
2745 5721 2847 5775 hoc
2867 5730 2975 5787 est,
3008 5736 3173 5791 super
3200 5735 3363 5776 omne
3388 5735 3526 5790 priu-

188 5823 394 5882 αἰτίων
423 5837 444 5874 :
476 5821 634 5877 habet
663 5820 972 5876 habitacula
1015 5820 1383 5885 mansionum,
1413 5819 1466 5874 in
1512 5815 1708 5888 quibus
1729 5829 1816 5870 re-
1925 5823 2143 5886 ceptum
2187 5813 2328 5869 dico.
2373 5812 2560 5883 Itaque
2600 5829 2708 5870 non
2756 5813 3102 5883 usurpatorie
3146 5813 3398 5878 dixerim,
3431 5813 3527 5870 sed

583 5920 860 5984 Ρηιιοι..
910 5920 1052 5982 XV.

2971 5910 3011 5971 3
