3988 6312
402 242 542 298 1⁸2ϋὸ

1768 213 2015 274 SANCTI
2053 210 2382 270 AMBROSII

3573 192 3717 253 ηθι

477 357 567 413 55.
598 353 656 412 Si
687 353 743 409 in
770 349 985 422 navigio
1015 349 1308 403 fluctuante
1334 342 1410 398 sis
1432 339 1779 402 constitutus,
1809 333 2009 389 avertis
2034 335 2088 398 Α
2116 330 2183 386 tis
2233 326 2606 422 mobilitatis,“
2627 329 2685 422 ent
2736 322 3001 378 bonorum
3044 332 3268 390 operum
3309 329 3430 372 esse
3475 311 3714 383 jejunus.

405 470 435 506 a
480 451 692 506 sentina
719 447 934 504 oculos:
969 459 1036 498 ne
1067 441 1322 496 vomitum
1356 443 1570 491 moveat
1596 431 1711 487 tibi.
1761 429 1817 484 Si
1847 429 1900 482 in
1932 427 2009 481 ci-

403 547 574 600 vitate
603 544 885 598 ambulans
915 535 1117 607 aliquid
1165 532 1312 588 fetidi
1340 528 1525 584 odoris
1554 523 1818 587 offendas,
1849 522 2008 590 longe

406 640 610 710 refugis
640 646 802 706 alque
827 630 1090 688 declinans.
1113 628 1169 683 Si
1193 625 1320 698 quid
1343 629 1596 679 occurrat
1622 617 1764 689 quod
1793 617 2008 670 horreat

407 705 598 790 oculos
625 705 768 794 tuus,
800 723 1067 780 clauditur
1109 730 1200 776 aut
1249 718 1530 772 avertitur.
1577 713 1634 768 In
1683 712 1796 765 salo
1826 705 2011 762 saeculi

410 824 571 894 hujus
603 823 853 884 fluctuas,
885 817 1056 872 influit
1083 813 1295 870 sentina
1326 811 1600 865 vitiorum.
1634 804 1692 860 In
1727 803 1828 858 hoc
1864 798 2013 855 navi-

407 920 500 990 gio
528 918 600 971 tui
629 913 877 982 corporis
913 918 1160 965 movetur
1197 914 1364 961 aestus
1398 899 1751 972 cupiditatum
1773 934 1788 957 ,
1816 901 1872 948 et
1904 905 2011 946 noti

405 1015 613 1066 avertis
638 1007 826 1062 oculos
866 1004 1062 1059 animae
1093 1011 1224 1064 tuae;
1258 1013 1326 1053 ne
1352 994 1568 1050 videant
1597 989 1865 1045 sentinam
1894 983 2015 1038 libi-

407 1101 594 1159 dinum
615 1141 630 1162 .
660 1115 730 1154 ne
772 1097 1038 1166 aspiciant
1070 1089 1258 1148 mundi
1290 1089 1451 1157 hujus
1478 1096 1742 1146 stercora,
1769 1094 1836 1135 ne
1877 1077 2016 1134 fetor

408 1194 724 1252 imtnu..dus
755 1205 915 1245 nares
952 1187 1158 1259 repleat
1189 1195 1293 1239 tuae
1336 1180 1552 1244 mentis,
1585 1177 1637 1231 in
1669 1175 1865 1246 quibus
1896 1172 2018 1241 Spi-

410 1289 550 1344 ritus
571 1295 793 1341 sanctus
814 1297 937 1338 esse
962 1277 1248 1336 consuevit
1272 1319 1286 1340 ,
1317 1281 1378 1328 ut
1402 1272 1577 1342 possis
1603 1269 1813 1324 dicere:
1847 1263 2020 1332 Spiri-

411 1391 497 1436 tus
525 1380 730 1432 divinus
759 1376 844 1445 qui
869 1385 943 1430 est
969 1373 1024 1427 in
1047 1369 1257 1426 naribus
1287 1367 1414 1422 meis
1441 1363 1496 1438 (af
1505 1364 1585 1418 ob.
1613 1375 1784 1423 xvvn,
1808 1355 1884 1429 5).
1914 1355 2021 1411 Na—

411 1491 502 1530 res
547 1474 710 1544 igitur
734 1469 926 1524 anima:
961 1476 1067 1522 tuae
1110 1479 1140 1517 a
1171 1463 1345 1517 fetore
1387 1466 1703 1513 avertantur
1731 1451 2020 1507 criminum

411 1570 792 1629 diversorum;
823 1569 906 1618 est
931 1559 1076 1614 enim
1120 1558 1172 1612 in
1210 1556 1295 1610 his
1320 1553 1468 1608 velut
1507 1548 1780 1620 quoddam
1809 1545 2023 1614 insigne

406 1659 618 1733 judicii.
660 1657 814 1716 Unde
841 1656 1039 1711 dicitur
1068 1653 1297 1723 Sponsae
1324 1663 1339 1701 :
1374 1645 1542 1701 Nares
1572 1654 1675 1699 tua:
1700 1643 1833 1697 sicut
1865 1638 2022 1694 turris

2291 391 2482 408 μα*
2489 405 2496 408 _
2503 402 2558 408 ,___7_

2183 391 2671 518 δδέᾶῇῖέῐξέίῖῗ
2686 415 2843 470 Disce
2895 428 3038 467 nunc
3076 407 3531 482 quemadmodum
3563 419 3720 458 aver-

2113 525 2189 571 tat
2214 497 2402 570 o'cuios
2419 511 2574 582 ejt‘i's',
2597 497 2758 582 quem
2789 509 3083 563 miseratur
3107 506 3434 570 Dominus,a
3452 500 3718 554 vanitate.

2112 609 2191 668 Ex
2220 606 2304 662 bis
2334 605 2478 662 enim
2519 618 2640 675 quae
2685 608 3011 673 sequuntur,
3059 599 3163 654 hoc
3191 596 3501 666 intelligere
3523 605 3720 664 possu-

2114 715 2265 765 mus;
2297 697 2531 767 subjecit
2559 697 2708 750 enim
2739 710 2752 748 :
2786 693 2969 750 Statue
2996 709 3141 746 servo
3170 699 3258 745 tuo
3286 686 3547 759 eloquium
3575 694 3725 738 tuum

2114 774 2169 846 iu
2193 792 2374 845 timore
2405 798 2492 843 tuo
2526 786 2646 860 (Ps.
2671 801 2762 854 cx,
2798 783 2911 856 10).
2941 784 3156 840 Initium
3189 797 3314 838 esse
3344 777 3629 850 sapientiae
3659 775 3726 828 ti-

2117 899 2326 942 morem
2361 882 2573 938 Domini
2601 880 2736 938 dicit
2779 878 3075 950 Propheta.
3115 875 3254 945 Quid
3299 886 3384 930 est
3412 881 3594 928 autem
3623 869 3730 925 ini-

2117 978 2253 1034 tium
2284 975 2586 1047 sapieutiae,
2619 973 2720 1028 nisi
2764 974 2972 1029 saeculo.
2992 971 3304 1028 renuntiare
3325 967 3499 1036 ?Quia
3533 979 3732 1035 sapere

2119 1069 2404 1126 saecularia
2433 1109 2448 1133 ,
2501 1066 2728 1122 stultitia
2759 1075 2862 1122 est.
2896 1065 3142 1135 Denique
3193 1062 3517 1133 sapientiam
3566 1057 3732 1127 hujus

2121 1163 2638 1231 mundi,stultitiam
2689 1175 2816 1218 esse
2867 1159 3010 1232 apud
3055 1159 3222 1214 Deum
3268 1154 3565 1227 Apostolus
3596 1150 3735 1207 dicit

2124 1258 2168 1330 (1
2215 1255 2338 1312 Cor.
2367 1271 2407 1318 ι,
2435 1254 2552 1324 20).
2585 1252 2692 1310 Sed
2715 1261 2771 1308 et
2801 1253 2915 1324 ipse
2944 1252 3109 1306 timor
3137 1248 3369 1312 Domini,
3401 1245 3505 1302 nisi
3529 1258 3734 1300 secun-

2123 1351 2251 1406 dum
2287 1349 2571 1405 scientiam
2623 1346 2716 1414 sit,
2751 1345 2886 1401 nihil
2935 1344 3185 1416 prodest;
3218 1343 3386 1398 immo
3428 1339 3587 1395 obest
3614 1337 3736 1409 plu-

2123 1443 2344 1499 rimum.
2374 1441 2654 1513 Siquidem
2683 1439 2858 1496 Judaei
2897 1439 3101 1494 habent
3125 1439 3300 1493 zelum
3333 1435 3448 1501 Dei.
3480 1435 3579 1491 sed
3605 1433 3736 1505 quia

2126 1551 2240 1592 non
2272 1535 2477 1591 habent
2506 1532 2806 1590 secundum
2853 1533 3166 1594 scientiam.
3195 1531 3252 1586 in
3281 1531 3405 1601 ipso
3447 1529 3567 1584 zelo
3588 1536 3642 1584 et
3673 1528 3740 1582 ti-

2127 1647 2281 1687 more
2308 1631 2571 1700 majorem
2601 1627 3248 1685 contrahuntdivinitatis
3272 1626 3556 1682 offensam.
3575 1624 3738 1694 Quod

415 1718 602 1811 ἰξὺαηὶ
633 1752 954 1826 prospiciens
983 1718 1172 1819 [acie-ui
1205 1742 1446 1798 Damasci
1476 1737 1656 1810 (Cant.
1702 1752 1794 1802 vn,
1839 1732 1933 1804 4);
1964 1746 2030 1788 eo
2059 1733 2110 1794 Β
2135 1723 2535 1780 circumcidunt
2582 1721 2882 1777 infantulos
2931 1734 3082 1789 suos,
3110 1719 3255 1792 quod
3304 1718 3525 1774 sabbata
3556 1724 3743 1774 custo-

414 1847 561 1917 quod
595 1823 931 1916 unguentum
963 1841 1076 1895 veri
1105 1834 1440 1901 Sacerdotis,
1473 1830 1614 1903 quod
1655 1823 2033 1917 descendit-de

415 1914 596 2012 capite
628 1914 694 1992 in
725 1934 976 1998 barbam,
1027 1934 1130 1986 hoc
1171 1939 1254 1983 cst
1307 1929 1441 1980 odor
1474 1923 1566 1977 ille
1593 1921 1842 1985 divinus,
1895 1914 2032 1970 odor

417 2011 611 2104 gratiae
664 2026 948 2098 spiritalis,
1004 2022 1097 2094 qui
1151 2020 1221 2075 de
1279 2018 1440 2074 Patre
1498 2015 1550 2068 in
1602 2011 1822 2068 Christo
1879 2015 2028 2073 erat,

418 2103 475 2179 ct
529 2128 871 2177 sacramento
931 2110 1323 2169 incarnationis
1378 2103 1662 2161 descendit
1715 2103 1767 2156 in
1814 2108 2029 2162 terras,

419 2227 480 2271 ut
518 2215 696 2269 omnia
739 2211 856 2266 fuso
884 2207 1227 2279 replerentur
1261 2213 1560 2272 unguento,
1608 2196 1849 2253 emineat
1894 2208 2032 2264 pra:-

419 2306 555 2364 celsi
601 2310 864 2375 potestate
906 2298 1126 2370 jndicii,
1174 2305 1229 2352 et
1277 2308 1436 2349 nares
1466 2291 1678 2359 repleat
1712 2287 1926 2350 animae,
1975 2292 2034 2339 ut

419 2393 797 2455 benevolentia
837 2393 1111 2448 discernat
1139 2397 1194 2442 et
1232 2385 1428 2447 fetida;
1459 2383 1642 2437 suavia
1695 2391 2031 2442 sanetornm,

420 2494 513 2566 qui
561 2491 774 2566 1029
828 2493 1053 2558 possunt
1116 2483 1298 2538 dicere
1350 2496 1364 2539 :
1421 2477 1615 2532 Christi
1668 2474 1813 2530 enim
1870 2473 2034 2526 bonus

427 2565 557 2642 odor
587 2565 778 2640 sumus
824 2579 934 2635 Deo
966 2576 1043 2649 (ll
1093 2575 1214 2633 Cor.
1256 2589 1314 2640 ιι,
1343 2569 1467 2644 15);
1513 2577 1569 2626 et
1614 2565 1796 2624 fmtida
1847 2577 2034 2634 pecca-

422 2688 628 2734 torum.

498 2770 588 2827 34.
624 2768 717 2824 Hae
766 2773 893 2820 sunt
924 2777 1085 2818 nares
1139 2761 1283 2815 sicut
1329 2756 1498 2813 turris
1538 2754 1731 2812 Libani
1775 2751 2033 2824 praecelsa

426 2877 593 2932 supra
641 2859 940 2920 mundum;
970 2865 1024 2910 et
1065 2854 1188 2908 ideo
1217 2849 1478 2922 pr05picit
1523 2848 1716 2904 faciem
1765 2844 2032 2910 Damasci,

430 2955 686 3028 gentilein
710 2951 922 3006 scilicet
945 2948 1227 3020 populum,
1252 2944 1490 2999 odorans
1523 2941 1683 2996 fidem
1708 2939 1848 3008 ejus,
1880 2938 2035 3007 cujus

433 3049 610 3124 gratia
635 3047 959 3102 delictorum
987 3053 1211 3096 suorum
1236 3038 1548 3106 detergeret
1566 3033 1819 3088 fetorem.
1839 3030 2035 3086 Facies

2137 1822 2312 1885 diunt,
2346 1820 2598 1874 timorem
2643 1817 2735 1873 Dei
2767 1815 2970 1872 habent
3003 1834 3016 1870 :
3063 1814 3158 1872 sed
3205 1814 3332 1885 quia
3365 1813 3614 1869 nesciunt
3639 1811 3746 1869 Le-

2137 1931 2260 1987 gem
2287 1913 2588 1985 spiritalem
2642 1927 2786 1978 esse,
2815 1909 3212 1967 circumcidunt
3255 1923 3474 1979 corpus,
3505 1923 3613 1963 non
3646 1921 3745 1963 cor

2141 2021 2321 2062 suum.
2351 2005 2536 2076 Ignem
2567 2003 2794 2060 sabbato
2841 2003 3064 2058 adolere
3112 1999 3428 2067 formidant,
3479 2015 3601 2055 cum
3630 1999 3748 2055 Lex

2135 2098 2580 2154 sanctificationis
2593 2096 2979 2154 dielibidiuum
2999 2096 3178 2168 ignem
3195 2092 3745 2166 prohibeataccendi.

2210 2194 2300 2249 57.
2328 2192 2393 2246 Et
2413 2189 2541 2262 quid
2559 2189 2626 2245 de
2647 2189 2848 2245 Judacis
2880 2189 3056 2244 dicam
3080 2189 3103 2244 ’ἔ
3142 2187 3280 2245 Sunt
3318 2187 3479 2241 etiam
3509 2187 3560 2242 in
3589 2184 3751 2240 nobis

2139 2286 2229 2357 qui
2249 2285 2452 2340 habent
2476 2283 2723 2338 timorem
2750 2283 2867 2349 Dei,
2883 2283 2976 2338 sed
2995 2298 3100 2338 non
3115 2280 3414 2338 secundum
3437 2278 3747 2342 scientiam,

2139 2389 2442 2435 statuentes
2470 2377 2691 2432 duriora
2722 2386 2991 2448 praecepta
3019 2393 3142 2448 qua:
3169 2390 3276 2431 non
3309 2374 3477 2446 possit
3513 2372 3754 2427 humana

2138 2473 2378 2531 conditio
2409 2472 2700 2527 sustinere.
2749 2469 2937 2526 Timor
2967 2470 3020 2525 in
3053 2485 3118 2525 eo
3173 2478 3259 2524 est
3279 2509 3293 2535 ,
3323 2468 3451 2538 quia
3481 2463 3746 2520 videntur

2137 2569 2240 2624 sibi
2269 2567 2558 2624 consulere
2586 2564 2911 2636 disciplinae,
2947 2579 3084 2636 opus
3113 2564 3334 2619 virtutis
3362 2562 3580 2632 exigere
3611 2577 3625 2613 :
3655 2557 3756 2615 sed

2148 2663 2434 2718 inscientia
2465 2662 2518 2716 in
2545 2676 2612 2717 eo
2641 2669 2755 2727 est,
2785 2659 2912 2730 quia
2945 2673 3054 2714 non
3082 2656 3493 2728 compatiuntur
3517 2660 3756 2729 naturae,

2140 2772 2247 2811 non
2276 2756 2550 2810 aestimant
2601 2752 3040 2822 possibilitatem.
3073 2749 3190 2805 Non
3247 2748 3320 2803 sit
3362 2761 3494 2816 ergo
3533 2743 3762 2800 irratio-

2138 2847 2337 2904 nabilis
2371 2847 2555 2901 timor.
2592 2845 2814 2900 Etenim
2867 2858 2992 2898 vera
3043 2840 3313 2912 sapientia
3349 2855 3381 2894 a
3423 2839 3621 2894 timore
3662 2835 3760 2891 Dei

2139 2942 2352 3014 incipit,
2382 2957 2483 2996 nec
2528 2948 2615 2996 est
2653 2938 2921 3009 sapientia
2975 2935 3188 3010 1030
3215 2931 3475 3004 spiritalis
3518 2931 3639 2987 sine
3693 2930 3764 2986 ti-

2140 3051 2293 3091 litore
2323 3034 2420 3090 Dei
2448 3050 2462 3099 ;
2492 3033 2566 3087 ita
2601 3031 2764 3086 timor
2819 3030 2936 3086 sine
2987 3028 3251 3101 sapientia
3280 3041 3406 3083 esse
3437 3040 3542 3081 non
3570 3023 3761 3081 debet.

433 3119 598 3214 igitur
631 3135 881 3194 Damasci
913 3132 1048 3189 fides
1095 3144 1180 3187 est
1232 3129 1498 3200 gentium,
1533 3125 1685 3180 nullo
1715 3122 2039 3179 obumbrata

2148 3131 2303 3185 Basis
2327 3127 2576 3199 quaedam
2609 3125 2760 3182 verbi
2811 3134 2897 3182 est
2927 3125 3091 3180 timor
3136 3132 3380 3180 sanctus.
3415 3122 3569 3178 Sicut
3611 3119 3764 3175 enim

433 3213 664 3298 amictu,
699 3230 850 3286 nullo
879 3227 1140 3296 adoperta
1159 3223 1383 3286 vestitu,
1418 3218 1560 3275 nuda
1588 3232 1652 3272 ac
1683 3217 1878 3282 libera,
1901 3213 2044 3270 caelo

441 3327 616 3397 magis
645 3325 854 3378 intenta
883 3335 1044 3390 quam
1075 3316 1256 3373 terris.
1286 3314 1438 3369 llauc
1468 3311 1821 3383 SpeClIlalllm‘
1841 3315 1898 3365 et
1923 3323 2047 3378 pro—

441 3421 680 3492 spiciunt
713 3430 872 3471 nares
900 3411 1186 3477 Ecclesiae,
1216 3407 1361 3481 quod
1410 3422 1578 3462 suave
1611 3407 1665 3461 in
1709 3421 1771 3461 ea
1816 3413 1871 3459 et
1914 3403 2048 3458 odo-

441 3530 562 3570 rum
612 3521 698 3567 est
737 3509 1090 3578 aSpirat‘tonis
1127 3514 1183 3560 et
1209 3504 1402 3574 gratia:
1430 3501 1775 3572 colligentes.
1808 3497 1875 3553 Et
1910 3497 2050 3552 bene

445 3620 610 3663 nares
625 3604 747 3674 ejus
767 3602 909 3656 sicut
935 3599 1101 3654 turris
1122 3594 1333 3663 Libani;
1365 3593 1492 3665 quia
1521 3594 1573 3647 in
1601 3590 1890 3647 sacrificiis
1916 3589 2052 3644 odor

449 3700 631 3756 suavis
652 3695 914 3753 Ecclesiae
940 3700 1044 3758 est,
1065 3690 1117 3746 in
1147 3686 1345 3760 quibus
1371 3685 1609 3743 est'boni
1639 3683 1825 3742 odoris
1851 3682 2048 3748 hostia,

451 3791 706 3853 remissio
737 3797 1108 3861 peccatorum.

523 3885 613 3942 55.
638 3884 807 3941 Sume
837 3880 1002 3952 igitur
1030 3878 1126 3932 has
1158 3891 1342 3941 nares,
1376 3889 1410 3929 ο
1436 3873 1600 3928 homo
1636 3886 1651 3938 ;
1681 3879 1738 3926 ut
1766 3886 1794 3926 a
1827 3883 2059 3942 graveo-

454 3980 690 4037 lentibus
722 3975 1011 4030 florulenta
1068 3983 1362 4034 secernas;
1413 3976 1468 4022 et
1499 3975 1629 4021 tunc
1682 3961 1976 4019 vivificabit
2009 3971 2060 4016 te

459 4073 742 4129 Dominus.
770 4067 905 4123 Cum
930 4065 1074 4120 enim
1133 4060 1434 4116 adverterit
1461 4056 1605 4128 quod
1633 4056 1702 4112 de
1749 4055 1868 4126 ipso
1897 4052 2058 4125 petis,

459 4179 518 4222 ut
548 4172 757 4220 avertat
782 4159 970 4215 oculos
1001 4155 1200 4210 mentis
1223 4163 1328 4208 tuae
1370 4168 1402 4205 a
1446 4156 1706 4216 vanitate,
1739 4160 2064 4218 cooperator

461 4260 659 4314 animae
693 4262 800 4308 tua:
825 4266 840 4315 ;
869 4258 930 4305 ut
959 4248 1002 4303 si
1023 4245 1209 4316 specie
1253 4243 1432 4314 aliqua
1458 4241 1694 4311 capitur,
1724 4248 1816 4294 aut
1841 4238 2063 4304 duritia,

464 4359 559 4407 aut
586 4345 904 4404 infirmitate
934 4355 1044 4395 non
1077 4335 1340 4404 ﬂectitur,
1369 4334 1552 4389 flectat
1580 4347 1698 4388 eam
1719 4331 1850 4402 jugu
1890 4329 2064 4395 verbi,

469 4455 524 4501 et
550 4438 778 4497 habenis
799 4436 912 4492 suis
959 4440 1114 4504 regat
1137 4445 1154 4484 :
1178 4441 1236 4485 ut
1264 4427 1541 4484 voluntate
1587 4425 1681 4482 Dei
1709 4423 2011 4479 abducetur
2037 4437 2067 4477 a

2150 3222 2498 3278 simulacrum
2528 3219 2746 3291 aliquod
2797 3219 2850 3274 in
2883 3219 2998 3274 basi
3029 3217 3308 3282 statuitur,
3342 3225 3399 3272 et
3429 3224 3558 3270 tunc
3588 3212 3769 3282 majo-

2151 3333 2264 3374 rem
2292 3315 2456 3371 habet
2476 3314 2726 3386 gratiam,
2760 3328 2882 3368 cum
2910 3311 2963 3367 in
3011 3311 3128 3367 basi
3155 3320 3334 3366 statua
3374 3308 3540 3366 fuerit
3586 3306 3767 3363 collo-

2153 3419 2293 3479 cata,
2317 3409 2607 3478 standique
2628 3406 2901 3478 acceperit
2923 3406 3235 3462 firmitatem
3263 3405 3365 3460 :ita
3391 3403 3614 3460 verbum
3641 3401 3769 3467 Dei,

2156 3503 2239 3559 vel
2270 3512 2294 3539 ιι
2329 3501 2653 3557 rationabile
2680 3499 2774 3555 Dei
2807 3500 2859 3554 in
2890 3499 3086 3554 timore
3130 3507 3321 3553 sancto
3351 3495 3544 3551 melius
3570 3493 3776 3549 statui-

2157 3605 2264 3660 tur,
2301 3595 2496 3651 fortius
2547 3592 2843 3659 radicatur,
2877 3591 2980 3646 hoc
3024 3599 3128 3655 est,
3176 3590 3226 3644 in
3273 3597 3494 3660 pectore
3525 3585 3775 3642 timentis

2159 3688 2486 3754 Dominum;
2512 3702 2580 3742 nc
2607 3687 2820 3741 labatur
2853 3683 3079 3739 verbum
3125 3681 3194 3738 de
3219 3659 3385 3737 cerde
3409 3679 3543 3747 viri,
3581 3692 3648 3734 ne
3679 3693 3778 3732 ve-
3825 3659 3830 3665 ⁴

2161 3781 2315 3836 niant
2345 3779 2615 3846 volucres,
2647 3787 2703 3834 et
2731 3777 2984 3835 auferant
3015 3774 3148 3831 illud
3201 3775 3271 3832 de
3298 3772 3555 3830 incuriosi
3583 3780 3638 3828 et
3659 3771 3782 3828 dis-

2161 3875 2468 3931 simulantis
2488 3873 2706 3930 afl‘ectu.
2732 3873 2841 3930 Sed
2881 3873 3044 3930 etiam
3076 3870 3248 3927 verbo
3293 3869 3390 3926 Dei
3437 3869 3600 3924 timor
3654 3867 3782 3938 ipse

2164 3968 2339 4040 aptari
2364 3967 2431 4024 ad
2461 3965 2751 4023 utilitatem
2783 3975 2839 4022 et
2877 3964 3218 4022 conStabiliri
3269 3962 3519 4027 videtur;
3552 3969 3614 4015 ut
3664 3973 3783 4015 non

2163 4060 2235 4115 sit
2261 4060 2473 4116 alienus
2517 4059 2788 4125 scientiae,
2820 4058 2963 4114 sicut
2993 4056 3141 4114 basis
3187 4065 3407 4126 accepta
3439 4062 3616 4111 statua
3663 4068 3784 4110 non

2167 4162 2252 4208 est
2279 4152 2454 4208 aliena
2494 4150 2700 4223 gratiae.
2757 4149 2944 4206 Timor
2989 4165 3119 4221 ergo
3147 4148 3299 4205 verbi
3328 4159 3412 4205 est
3430 4147 3605 4212 locus,
3635 4146 3791 4202 sicut

2168 4244 2222 4300 iu
2254 4260 2384 4316 pace
2427 4244 2579 4300 locus
2623 4243 2743 4315 ejus
2769 4241 2820 4298 ι).
2853 4243 3041 4298 Timor
3068 4242 3314 4314 quaedam
3359 4239 3522 4296 statio
3574 4237 3736 4295 verbi
3769 4254 3785 4292 :

2171 4336 2396 4393 verbum
2433 4335 2642 4393 timoris
2671 4343 2755 4392 est
2805 4335 3094 4407 disciplina
3149 4352 3164 4400 ;
3196 4334 3388 4405 plenus
3431 4330 3579 4390 enim
3608 4329 3790 4388 disci-

2173 4429 2336 4500 plina:
2368 4428 2527 4485 titnor
2548 4444 2654 4485 non
2678 4435 2834 4484 nutat
2869 4427 2938 4484 ad
2965 4427 3200 4499 lapsum.

469 4542 618 4599 vitiis
653 4547 710 4594 et
748 4536 869 4591 vitae
895 4531 1121 4589 odorem
1169 4526 1348 4598 capiat
1392 4533 1634 4580 aeternae.
1667 4520 1784 4578 Non
1817 4521 1962 4577 enim
1985 4518 2072 4574 hic
2103 4530 2155 4592 ι)
2249 4521 2340 4578 38.
2399 4521 2470 4577 Et
2511 4521 2635 4592 quia
2683 4521 2855 4577 basim
2899 4521 3047 4578 verbi
3102 4521 3356 4577 timorem
3408 4518 3685 4582 diximus;
3718 4533 3798 4575 ne

470 4636 577 4692 vita
625 4627 868 4704 perfecta
913 4633 997 4683 est
1027 4640 1042 4680 :
1070 4621 1166 4679 sed
1205 4620 1323 4675 haec
1353 4618 1464 4675 vita
1498 4617 1551 4673 in
1604 4615 1818 4672 umbra.
1856 4613 1986 4671 ldeo
2017 4621 2076 4669 ut

470 4730 636 4782 homo
654 4721 905 4777 Christus
934 4716 1095 4773 Jesns
1125 4729 1192 4768 ex
1242 4711 1464 4782 Virgine
1504 4717 1848 4774 nasceretur,
1882 4707 2074 4762 obum-

472 4818 656 4874 bravit
679 4815 853 4869 virtus
881 4806 1144 4865 Altissimi
1168 4811 1398 4860 matrem
1423 4801 1656 4858 futuram
1684 4818 1697 4866 ;
1732 4801 1860 4872 quia
1888 4800 1941 4856 in
1959 4815 2075 4855 um-

2177 4617 2305 4688 quid
2361 4615 2600 4672 alienum
2640 4631 2670 4671 a
2713 4615 3016 4687 Scripturis
3063 4616 3312 4688 posuisse
3366 4629 3466 4671 nos
3495 4613 3798 4684 quisquam

2178 4717 2350 4782 putet,
2377 4709 2609 4782 accipiat
2650 4711 2851 4767 lectum
2883 4710 2951 4766 de
2980 4709 3078 4765 Dei
3104 4710 3273 4767 verbo
3303 4708 3358 4765 in
3384 4707 3626 4764 Cauticis
3652 4719 3801 4763 cau-

2177 4803 2452 4859 ticorum:
2501 4801 2671 4859 Crura
2722 4805 2836 4872 eius
2886 4803 3139 4859 columna:
3192 4818 3498 4858 marmorea:
3551 4800 3802 4872 fundata:

477 4912 576 4967 bra
607 4903 912 4967 descendit,
955 4900 1024 4956 ab
1059 4898 1248 4954 umbra
1278 4895 1545 4966 incipiens
1575 4893 1796 4965 operari
1844 4892 2073 4948 salutetn

477 5000 736 5065 hominis,
769 5005 826 5052 et
849 4997 1326 5050 consummaturus
1376 4988 1645 5044 charitate
1675 4987 1808 5042 solis
1861 4987 2072 5042 aeterni.

483 5097 682 5155 Umbra
725 5099 810 5148 est
836 5105 967 5159 ergo
993 5089 1102 5141 vita
1149 5085 1268 5139 haec
1297 5100 1309 5136 :
1343 5083 1539 5138 festina
1593 5081 1662 5136 ad
1715 5080 1910 5145 solem,
1936 5090 1994 5136 ut
2026 5089 2078 5136 tc

483 5185 739 5246 defendat
776 5184 846 5238 ab
887 5179 1095 5236 umbrae
1125 5177 1285 5246 hujus
1341 5176 1562 5245 frigore,
1590 5183 1645 5230 ct
1694 5174 1933 5229 calorem
1982 5171 2080 5228 tibi

2175 4913 2330 4968 super
2352 4898 2494 4954 bases
2522 4915 2706 4952 aureas
2748 4897 2924 4970 (Cant.
2950 4913 3006 4963 ν,
3037 4897 3160 4968 15),
3209 4895 3526 4968 significans
3576 4893 3806 4951 colum-

2182 5005 2280 5043 nas
2327 5003 2451 5046 cssc
2491 4989 2751 5045 Ecclesiae
2789 4989 3088 5058 apostolos,
3147 4989 3240 5060 qui
3288 4987 3498 5044 fundati
3555 4994 3687 5041 sunt
3742 4987 3803 5044 in

2185 5085 2381 5137 timore
2419 5092 2754 5138 sanctorum.
2810 5079 2945 5137 Nam
2994 5081 3137 5138 sicut
3180 5081 3398 5148 Petrus,
3423 5078 3684 5145 Iacobus,
3744 5089 3810 5136 et

2185 5177 2466 5243 Joannes,
2523 5185 2579 5232 et
2620 5176 2898 5232 Barnabas
2965 5175 3237 5232 columnae
3289 5189 3412 5231 esse
3467 5172 3811 5230 videbantur

487 5279 774 5354 profundat
802 5275 1079 5332 aestivum.
1112 5271 1180 5326 Et
1209 5269 1333 5324 ideo
1374 5268 1567 5323 suadet
1601 5267 1865 5322 orandum
1895 5283 1962 5324 ne
1991 5267 2085 5322 liat
2143 5265 2152 5350 ξ
2192 5269 2452 5325 Ecclesiae
2478 5311 2492 5335 ,
2540 5281 2595 5325 et
2643 5270 2971 5340 quicumque
3029 5267 3220 5324 vicerit
3264 5267 3368 5323 hoc
3421 5265 3716 5333 saeculum,
3745 5266 3815 5322 fit
3906 5287 3914 5294 -

486 5377 608 5446 fuga
632 5384 813 5429 nostra
837 5371 1032 5442 hyeme
1056 5365 1142 5421 vel
1170 5364 1397 5420 sabbato
1423 5361 1636 5435 (Matth.
1663 5378 1808 5428 ntv,
1828 5361 1945 5433 9.0),
1976 5378 2083 5417 non

2191 5365 2441 5420 columna
2492 5364 2607 5430 Dei,
2637 5379 2799 5434 quam
2827 5363 3118 5419 confirmat
3143 5366 3235 5435 qui
3259 5362 3389 5418 dicit
3415 5378 3428 5416 :
3457 5360 3570 5434 Ego
3600 5360 3815 5429 con/ir-

489 5479 703 5538 teuipus
729 5465 982 5533 diemque
1018 5456 1365 5530 significans,
1406 5453 1504 5511 sed
1548 5454 1750 5525 frigere
1792 5469 1892 5509 nos
1920 5455 2087 5511 meri-

2151 5491 2156 5528 !
2195 5459 2329 5513 utavi
2352 5458 2615 5514 columnas
2641 5460 2752 5531 ejus
2775 5454 2895 5527 (Ps.
2924 5473 3113 5526 Lntv,
3147 5459 3207 5527 4)
3238 5471 3254 5510 :
3287 5456 3359 5511 ita
3385 5464 3441 5510 et
3459 5453 3607 5509 basis
3627 5466 3818 5511 aurea

570 5617 591 5641 η
629 5599 973 5662 Rationabife,
996 5597 1049 5652 id
1071 5605 1174 5673 est,
1206 5596 1378 5673 ratio:
1403 5597 1566 5673 λργιον
1589 5594 1748 5673 cnim_
1772 5608 1839 5673 ac
1855 5595 2000 5673 λόγος
2030 5604 2083 5650 et

497 5677 717 5730 verbum
740 5683 796 5726 et
812 5673 1075 5726 rationem
1090 5667 1416 5737 significant.
1435 5664 1720 5722 Estautem
1734 5664 2085 5737 bellcni‘smus

490 5761 603 5822 quo
632 5755 883 5799 neutrum
911 5735 1239 5808 adjectiviim
1261 5739 1479 5808 ponitur
1505 5737 1626 5792 loco
1655 5735 2000 5794 substantivi.
2075 5799 2085 5808 _

2194 5596 2510 5736 verbgcgati
2539 5597 2664 5655 cod.
2703 5596 2992 5654 nonnulli.
3040 5595 3218 5651 Timor
3260 5592 3523 5666 quoddam
3566 5593 3820 5652 studium
