3988 6310
266 322 400 381 I265
1352 331 1420 387 IN
1457 330 1792 390 PSALMUM
1829 331 2042 391 CXVIII
2081 334 2472 395 EXPOSITIO.
3440 350 3584 406 I266

259 436 422 492 timor
444 435 651 509 plenus
680 436 1011 510 disciplinae,
1040 440 1165 510 quia
1214 439 1427 497 initium
1454 443 1737 514 sapientia:
1766 453 1876 502 est.
1903 450 1954 513 Α
1982 460 2142 518 quam
2170 447 2544 505 adversarium
2574 453 2808 524 repello,
2838 456 3098 512 saeculum
3129 459 3309 516 vinco.
3351 461 3478 516 Mihi
3502 476 3589 518 sa-

267 530 325 586 lu
374 529 578 586 timore
632 547 769 603 ergo
816 534 1139 603 sapientium
1206 534 1503 606 apostolica
1556 537 1874 608 praedicatio
1977 540 2203 611 pientia,
2260 556 2357 612 per
2397 558 2559 614 quam
2601 546 2926 616 iusipientim
2957 549 3181 621 laqueos
3228 553 3424 609 evado.
3468 552 3583 611 Hoc

273 632 545 695 tamquam
588 638 757 698 super
799 625 971 681 basim
1028 640 1248 682 auream
1314 627 1566 684 columna
1605 627 1871 686 ﬁrmatur.
1975 636 2326 706 opprobrium
2357 638 2630 696 tbe<auris
2660 641 3135 716 [Egypti‘Moyses
3173 647 3428 715 praetulit.
3463 647 3584 703 Ma-

270 717 469 774 Christi
491 718 660 789 igitur
701 718 922 792 eloquio
946 731 999 777 et
1025 721 1329 791 apostolico
1366 725 1604 780 sermoni
1636 724 1873 781 tribunal
1972 728 2080 798 ius,
2111 731 2317 800 inquit,
2365 734 2629 789 testimans
2660 735 2883 809 JEgypti
2938 739 3194 796 thesauris
3240 742 3581 813 opprobtittnt

270 819 351 867 est
374 811 542 866 timor
560 812 718 882 justi,
753 822 807 869 et
849 813 995 869 basis
1031 829 1194 895 aurea
1233 816 1394 887 plena
1427 817 1766 888 prudentiae:
1799 820 1876 876 si-

269 903 575 960 mulacrum
605 914 789 962 autem
816 906 1016 962 bonum
1052 918 1326 980 tamquam
1358 910 1564 983 elﬁgies
1605 913 1867 983 veritatis,

270 1011 450 1052 sermo
493 1010 836 1055 sanctorum.
867 1000 937 1055 Et
974 1000 1098 1057 vide
1127 1008 1405 1074 tamquam
1443 1003 1617 1061 basim
1648 1021 1868 1064 auream

268 1105 387 1147 esse
408 1099 731 1148 sanctorum
759 1092 1031 1151 timorem.
1064 1094 1210 1167 Lege
1243 1096 1455 1152 Esaiam
1490 1116 1502 1151 :
1530 1097 1655 1156 vide
1699 1115 1871 1169 quan-

269 1185 334 1240 tis
358 1184 661 1256 subiecerit
689 1189 939 1244 timorem
962 1230 977 1256 ,
1009 1198 1071 1245 ut
1108 1190 1310 1248 laceret
1331 1192 1866 1266 irrepreheusibilem

260 1289 313 1336 et
339 1278 546 1336 bonum
606 1280 856 1339 timorem
888 1302 902 1338 :
935 1283 1189 1356 Spiritus,
1239 1288 1449 1359 inquit,
1504 1293 1775 1362 sapientia:
1820 1303 1870 1349 et

258 1371 551 1429 intellectus
585 1416 601 1441 ,
645 1375 860 1447 spiritus
905 1379 1112 1433 consilii
1149 1389 1301 1452 atque
1354 1383 1554 1438 uirtutis
1583 1426 1599 1451 ,
1652 1385 1867 1456 spiritus

260 1465 579 1536 cognitionis
604 1475 759 1538 atque
779 1468 1008 1539 pietatis,
1024 1470 1242 1541 spiritus
1268 1474 1434 1529 sancti
1464 1476 1665 1532 timoris
1688 1474 1862 1547 (Esai.

261 1575 342 1626 st,
366 1561 447 1633 Ξ).
499 1560 727 1631 Quantis
760 1563 1011 1622 timorem
1065 1567 1328 1638 subjecit,
1357 1577 1417 1625 ut
1455 1568 1682 1626 haberet
1719 1571 1864 1643 quod

258 1656 410 1727 sequi
440 1659 672 1728 posset?
694 1656 1023 1716 Informatur
1073 1677 1171 1733 per
1205 1663 1550 1735 sapientiam,
1579 1666 1865 1723 instruitur

257 1762 355 1819 per
378 1749 740 1820 intellectum,
772 1753 1003 1810 consilio
1047 1754 1323 1827 dirigitur,
1365 1758 1567 1814 virtute
1593 1758 1858 1821 ﬁrmatur.

1975 818 2168 876 Christi
2191 822 2380 894 (Hebr.
2407 841 2481 891 ιι,
2501 825 2595 897 26;
2610 869 2622 880 .
2645 827 2700 884 Si
2725 830 3080 898 approbrium
3111 839 3259 887 tuum
3284 833 3453 902 gloria
3470 842 3578 904 est,

1974 913 2206 973 Domine
2232 916 2385 982 Jesu,
2410 931 2610 990 quanta
2637 932 2722 977 est
2748 922 2918 987 gloria
2952 924 3086 979 tua?
3115 925 3244 981 Tua:
3276 927 3439 998 igitur
3459 928 3582 1000 glo-

1972 1007 2069 1062 ria:
2111 1010 2526 1080 participatione
2570 1013 2698 1083 quid
2751 1014 2991 1081 erimus,
3041 1017 3196 1087 cujus
3243 1032 3436 1076 sumus
3479 1037 3580 1094 op-

1973 1104 2196 1173 probrio
2245 1106 2517 1177 gloriosi?
2545 1107 2779 1164 Dorsum
2823 1126 3003 1166 meum
3056 1112 3211 1182 posui
3234 1112 3287 1167 in
3341 1112 3576 1186 ﬂagella,

1973 1197 2223 1254 tuaxillas
2254 1214 2407 1255 meas
2433 1200 2486 1257 in
2519 1201 2748 1272 palmas,
2768 1217 2829 1257 es
2850 1214 3030 1260 autem
3060 1220 3238 1260 meum
3269 1221 3375 1262 non
3401 1208 3577 1264 averti

1969 1291 2351 1375 {confusione
2374 1302 2677 1363 sputorum.
2706 1294 2847 1351 Ecce
2886 1296 3235 1367 opprobrium
3259 1306 3434 1365 tuum,
3470 1300 3575 1355 Do-

1970 1376 2140 1451 mine,
2169 1385 2223 1440 in
2247 1400 2356 1457 quo
2383 1387 2532 1442 salus
2560 1398 2646 1444 est
2694 1390 3077 1447 universorum
3104 1433 3119 1457 ,
3164 1392 3217 1447 in
3249 1408 3357 1464 quo
3387 1393 3578 1450 mundi

1969 1476 2310 1548 redemptio:
2338 1495 2434 1550 per
2461 1480 2605 1551 quod
2634 1482 2988 1552 opprobrium
3010 1484 3278 1556 ctepimus
3307 1502 3415 1542 non
3447 1502 3574 1543 eru-

1968 1567 2193 1625 bescere
2220 1571 2311 1641 qui
2361 1572 2845 1639 erubescebamus,
2873 1590 2980 1631 non
3011 1575 3267 1632 confundi
3321 1578 3411 1649 qui
3440 1593 3573 1634 con-

1966 1659 2350 1719 l‘undebamur.
2377 1663 2621 1736 Denique
2636 1667 2899 1738 scriptum
2927 1678 3011 1724 est
3035 1686 3047 1722 :
3081 1668 3318 1724 Accedite
3337 1670 3406 1724 ad
3428 1687 3568 1736 eum,

1967 1761 2015 1807 et
2061 1753 2454 1823 illuminamini,
2488 1767 2534 1810 et
2590 1759 2757 1812 uultus
2796 1760 2951 1814 uestri
2984 1777 3089 1814 non
3114 1760 3411 1817 erubescent
3443 1761 3564 1835 (Ps.

256 1842 570 1913 cognitione
598 1844 825 1916 regitur,
886 1847 1084 1918 pietate
1130 1849 1440 1906 decoratur.
1474 1850 1628 1907 Tolle
1683 1852 1859 1908 timori
1891 1845 1938 1905 B
1966 1861 2160 1915 χχχιιι,
2190 1846 2268 1919 6).
2305 1847 2419 1905 lloc
2444 1850 2799 1921 opprobrium
2828 1853 3027 1908 auferri
3055 1868 3083 1909 a
3111 1853 3268 1909 nobis
3291 1854 3567 1924 uolumus,

255 1933 470 1991 Domini
504 1936 627 2007 ista,
659 1948 712 1994 et
737 1948 821 1995 est
844 1938 1231 1998 irrationabilis
1261 1951 1317 1998 et
1367 1943 1625 2016 insipiens
1673 1947 1855 2014 timor,

255 2043 400 2084 unus
423 2046 493 2087 ex
522 2030 630 2087 illis
662 2050 676 2086 :
707 2030 867 2088 Foris
888 2050 1094 2107 pugnat,
1110 2036 1253 2091 intus
1283 2038 1491 2093 timores
1523 2036 1588 2111 (ll
1615 2036 1734 2094 Cor.
1759 2054 1854 2105 vn,

252 2118 332 2194 5),
360 2122 559 2193 quibus
610 2121 847 2181 afﬂictus
898 2137 1044 2183 esset
1091 2136 1146 2183 et
1176 2126 1396 2196 Paulus,
1443 2129 1544 2185 nisi
1577 2129 1857 2187 habuisset

252 2214 517 2272 Dominus
538 2218 939 2275 censolantem.

323 2309 415 2367 59.
446 2309 559 2368 Nec
581 2312 818 2370 otiosum
849 2323 934 2371 est
957 2315 1013 2372 iu
1041 2314 1350 2373 Proverbiis
1382 2334 1396 2373 :
1426 2318 1578 2374 Tunc
1600 2319 1853 2391 intelliges

249 2409 487 2463 (iurarem
514 2407 726 2464 Domini
755 2408 941 2483 (Prov.
971 2427 1032 2478 ιι,
1062 2409 1139 2482 5).
1158 2409 1299 2479 Quid
1328 2420 1433 2478 est,
1458 2410 1600 2467 Tunc
1620 2413 1646 2466 ?
1671 2412 1723 2468 id
1743 2421 1849 2481 est,

248 2501 380 2557 Cum
407 2503 719 2576 sapientiam
747 2504 1081 2573 invocaveris,
1111 2515 1159 2560 et
1208 2506 1502 2579 prudentia:
1529 2506 1733 2562 dederis
1758 2521 1850 2560 uo-

247 2612 362 2650 cem
387 2606 527 2652 titan:
553 2615 574 2665 ;
602 2608 654 2652 et
708 2598 754 2653 si
803 2599 1065 2669 quaesieris
1092 2597 1239 2654 illam
1299 2610 1352 2653 ut
1402 2599 1692 2669 pecuniam,
1722 2608 1768 2655 et
1794 2608 1852 2654 ut

245 2692 516 2746 thesauros
542 2701 805 2747 scrutatus
829 2691 992 2763 fueris
1020 2709 1155 2759 eam,
1187 2702 1309 2747 tunc
1338 2693 1593 2766 intelliges
1617 2693 1849 2749 timorem

244 2782 463 2839 Domini
474 2783 669 2858 (lbid.,
693 2786 728 2841 5
752 2795 801 2842 et
822 2785 901 2859 4).
931 2786 999 2843 Et
1025 2786 1150 2843 ideo
1182 2797 1457 2858 tamquam
1484 2801 1651 2857 super
1673 2788 1846 2844 basim

243 2879 449 2935 bonam
474 2878 637 2934 dicit:
661 2878 848 2936 Statue
866 2897 1013 2936 servo
1033 2890 1123 2936 tuo
1143 2882 1407 2952 eloquium
1424 2889 1569 2935 tuum
1593 2882 1647 2935 in
1669 2881 1850 2937 timore

241 2981 357 3026 tuo.
390 2970 554 3027 Plena
567 2971 698 3027 disci
706 2972 868 3043 plina:
885 2972 1078 3040 oratio,
1098 2987 1367 3045 perquam
1383 2973 1645 3029 docemur
1658 2988 1849 3044 quem-

238 3065 540 3121 admodum
564 3065 865 3122 debeamus
890 3081 1086 3123 orare:
1121 3066 1495 3139 unusquisque
1541 3080 1723 3123 sermo
1752 3066 1849 3122 do-

240 3159 421 3214 ctrina
452 3166 541 3213 est
567 3157 916 3229 deprecandi.
952 3158 1017 3214 Et
1035 3158 1160 3229 quia
1186 3157 1375 3214 docuit
1400 3173 1499 3214 nos
1519 3173 1700 3224 orare,
1723 3159 1846 3232 quis

1961 1941 2317 2013 opprobrium
2348 1944 2528 1998 crucis
2556 1944 2771 2000 Domini
2822 1944 2949 2001 Jesu
2972 1988 2987 2014 ,
3018 1962 3127 2016 quo
3174 1956 3362 2004 nostra
3409 1946 3564 2004 aufe-

1960 2047 2156 2090 runtur
2184 2036 2498 2107 opprobria.
2530 2036 2686 2094 Sicut
2712 2038 2855 2094 enim
2884 2038 3234 2097 maledictum
3263 2041 3437 2098 lactus
3459 2051 3568 2109 est,

1958 2140 2016 2185 ut
2036 2138 2221 2185 nostra
2253 2129 2539 2185 maledicta
2598 2130 2827 2197 deleret,
2862 2133 3025 2189 homo
3054 2133 3228 2189 factus
3266 2141 3372 2197 est.
3399 2145 3453 2190 ul
3481 2135 3563 2190 le-

1958 2231 2110 2278 varet
2156 2219 2393 2276 heminis
2443 2220 2788 2279 inﬁrmitates
2823 2242 2836 2279 :
2870 2224 2941 2280 ita
2990 2225 3344 2297 opprobrium
3389 2225 3565 2283 lactus

1956 2324 2063 2382 est,
2094 2325 2153 2370 ut
2178 2315 2421 2370 omnium
2452 2314 2697 2372 auferret
2713 2318 3026 2388 opprobria.

2027 2405 2117 2461 62.
2143 2405 2259 2461 Non
2280 2421 2389 2463 uno
2405 2421 2511 2464 tem
2520 2422 2672 2478 pore,
2689 2424 2797 2465 non
2812 2410 2979 2466 semel
2995 2409 3221 2467 abstulit
3235 2412 3529 2483 opprobria
3546 2430 3561 2468 :

1954 2499 2135 2556 aufert
2163 2500 2430 2572 quotidie.
2456 2501 2747 2557 Peccatum
2779 2502 3092 2573 incidimus,
3115 2516 3224 2561 non
3247 2522 3434 2562 unum.
3457 2507 3557 2564 sed

1954 2591 2123 2648 multa
2149 2610 2162 2646 :
2195 2594 2440 2663 cooperti
2467 2608 2657 2649 sumus
2701 2596 2996 2665 opprobrio
3019 2605 3074 2652 et
3101 2597 3559 2655 coalusioneNe—

1954 2685 2136 2741 nimus
2163 2685 2231 2741 ad
2260 2685 2612 2755 baptismum,
2638 2686 2879 2742 deletum
2929 2698 3012 2744 est
3043 2704 3207 2746 omne
3251 2700 3556 2761 peccatum,

1953 2785 2012 2832 et
2052 2792 2175 2831 cum
2224 2788 2450 2846 peccato
2501 2778 2878 2849 epprobrium.
2910 2778 3152 2837 Abstulit
3198 2784 3553 2854 opprobrium

1953 2884 2133 2925 meum
2170 2870 2429 2927 Dominus
2448 2870 2605 2927 Jesus
2634 2873 2929 2942 opprobrio
2968 2890 3086 2940 suo,
3115 2876 3239 2946 quia
3263 2876 3556 2934 cruciﬁxus

1951 2973 2037 3019 est
2065 2962 2196 3019 mihi
2224 2980 2238 3029 ;
2264 2966 2386 3033 quia
2419 2964 2739 3037 Quicumque
2758 2966 3007 3039 baptizati
3034 2985 3212 3024 sumus
3248 2970 3304 3025 in
3325 2968 3554 3037 Christo,

1949 3057 2005 3112 in
2024 3066 2186 3112 morte
2203 3058 2371 3128 ipsius
2399 3058 2647 3129 baptizati
2666 3076 2845 3114 sumus
2889 3058 3066 3131 (Rom.
3094 3077 3168 3127 Vl,
3198 3062 3277 3133 3).
3302 3061 3417 3118 Non
3450 3061 3548 3118 ba-

1950 3152 2054 3209 beo
2081 3152 2224 3222 quod
2272 3151 2476 3209 auferri
2518 3161 2717 3220 petam.
2751 3153 2857 3211 Sed
2886 3164 3010 3226 post
3040 3156 3363 3226 baptismum
3387 3156 3552 3213 incidi

237 3253 310 3309 sit
330 3252 425 3308 isti
652 3254 663 3265 '
745 3253 758 3265 '
812 3252 1042 3309 eﬂ'eetus
1069 3252 1307 3309 ostendit
1338 3254 1607 3324 septimus
1626 3230 1838 3312 versus.
1871 3230 1916 3294 (ἶ
1949 3247 2302 3318 opprobrium
2327 3289 2342 3313 .
2390 3247 2565 3305 debeo
2588 3263 2750 3320 agere
2798 3250 3195 3320 ptenilomiam,
3244 3259 3301 3305 ut
3330 3250 3507 3308 dicam
3534 3270 3549 3306 :

307 3270 960 3424 ‘OjVerwAufer
981 3362 1108 3401 ante
1132 3346 1467 3419 opprobrium
1491 3363 1682 3415 meum,
1707 3347 1847 3417 quod
1950 3341 2114 3407 Aufer
2142 3355 2273 3393 ame
2301 3340 2635 3413 opprobrium
2681 3357 2871 3397 meum.
2919 3342 2977 3399 Si
3024 3358 3132 3398 non
3176 3357 3330 3414 agam
3379 3344 3549 3412 putui-

307 3344 618 3424 ωινετε.
650 3344 779 3429 59]
798 3348 960 3417 Aufer
981 3364 1013 3401 a
1028 3362 1108 3401 me
1132 3346 1467 3419 opprobrium
1491 3363 1682 3415 meum,
1707 3347 1847 3417 quod

232 3441 536 3512 suspicatus
554 3456 693 3494 sum.
723 3438 1071 3496 Subobscure
1112 3439 1315 3496 dictum
1338 3439 1550 3496 videtur
1583 3458 1595 3493 :
1623 3440 1720 3496 sed
1751 3456 1847 3496 ex-

234 3532 481 3599 planavit
506 3532 805 3603 Apostolus
830 3532 973 3603 quod
1001 3532 1088 3588 hic
1115 3531 1401 3588 videbatur
1421 3532 1844 3600 obscurum,ubi

232 3625 349 3679 ait:
380 3623 539 3680 Nihil
564 3624 693 3680 mihi
718 3625 924 3696 quidem
965 3626 1200 3681 conscius
1225 3642 1379 3683 sum:
1404 3628 1497 3682 sed
1531 3642 1634 3682 non
1672 3627 1727 3682 in
1748 3630 1845 3681 hoc

221 3719 549 3793 justi/ictum
575 3736 689 3774 sum
706 3719 754 3793 (l
773 3720 892 3776 Cor.
917 3735 993 3788 tv,
1025 3720 1100 3790 4).
1138 3720 1346 3795 1031
1366 3719 1584 3777 Sciebat
1608 3720 1753 3777 enim
1783 3735 1843 3776 se

228 3826 359 3867 esse
386 3810 692 3880 hominem,
719 3822 775 3869 et
795 3812 876 3869 sic
907 3813 1135 3869 cavebat
1153 3823 1210 3868 ut
1234 3822 1463 3884 poterat,
1490 3828 1558 3869 ne
1580 3822 1703 3884 post
1722 3826 1842 3869 sus-

228 3913 396 3976 cepta
418 3904 674 3978 baptismi
703 3914 1044 3962 sacramenta
1074 3913 1366 3977 peccaret;
1399 3905 1628 3977 ideoque
1658 3904 1840 3962 delicti

226 3998 490 4055 conscius
511 3997 618 4054 sibi
641 3999 777 4054 'non
809 4006 927 4054 erat
967 4017 978 4052 :
1009 3999 1105 4055 sed
1146 3999 1271 4071 quia
1302 3997 1466 4054 homo
1487 4007 1625 4063 erat,
1646 4012 1842 4069 pecca-

229 4098 411 4147 toretn
438 4104 501 4147 se
531 4090 826 4159 fatebatur,
858 4090 1041 4146 sciens
1077 4107 1240 4145 unum
1273 4104 1395 4147 esse
1440 4089 1627 4147 Iesum
1659 4088 1839 4145 lumen

229 4198 447 4248 verum,
481 4185 571 4255 qui
604 4195 885 4255 peceatum
912 4199 1020 4239 non
1063 4183 1211 4251 fecit,
1260 4199 1359 4239 nec
1384 4193 1464 4239 est
1502 4183 1756 4238 inventus
1782 4182 1837 4237 in

229 4291 328 4333 ore
358 4277 480 4346 ejus
531 4278 732 4343 dolus;
765 4277 941 4347 ipsum
994 4277 1169 4331 solum
1221 4275 1506 4348 justiﬁcari
1531 4318 1547 4344 ,
1578 4275 1672 4347 qui
1712 4289 1839 4330 vere

226 4371 444 4426 alienus
473 4378 626 4426 esset
649 4386 677 4423 a
712 4369 891 4441 lapsu.
916 4368 1180 4426 Similiter
1209 4384 1342 4441 ergo
1361 4376 1418 4425 et
1444 4369 1717 4440 Propheta
1736 4368 1837 4423 etsi

226 4472 521 4535 peccatum
569 4462 848 4518 declinare
896 4462 1183 4533 cupiebat;
1241 4470 1420 4518 tamen
1458 4461 1613 4531 quasi
1664 4461 1835 4516 Deum

224 4555 573 4628 repulsorem
601 4554 817 4627 peccati
842 4569 966 4610 esse
985 4555 1069 4609 sui
1099 4553 1611 4625 cupiebat.Volebat
1633 4552 1835 4609 auferri

1950 3341 2114 3407 Aufer
2142 3355 2273 3393 ame
2301 3340 2635 3413 opprobrium
2681 3357 2871 3397 meum.
2919 3342 2977 3399 Si
3024 3358 3132 3398 non
3176 3357 3330 3414 agam
3379 3344 3556 3412 patui-

1952 3429 2174 3486 tentiam
2206 3472 2223 3498 ,
2274 3430 2551 3503 quomodo
2608 3431 2787 3489 dicam
2821 3449 2834 3486 :
2867 3434 3030 3505 Aufer
3057 3450 3090 3489 a
3111 3450 3196 3489 me
3215 3436 3550 3504 opprobrium

1949 3542 2116 3581 meum
2140 3540 2161 3592 ;
2185 3540 2308 3581 cum
2340 3525 2442 3582 hoc
2470 3525 2648 3595 ipsum
2683 3527 2889 3595 peccati
2920 3526 3274 3600 opprobrium
3300 3528 3394 3595 sit,
3422 3528 3550 3599 quia

1946 3635 2056 3676 non
2106 3635 2209 3691 ago
2252 3619 2674 3692 paenitentiam?
2703 3619 2761 3676 Si
2810 3632 2991 3676 autem
3032 3622 3404 3692 paenitentiam
3431 3664 3448 3688 ,
3491 3631 3551 3678 ut

1946 3721 2184 3783 oportet,
2237 3728 2339 3783 ago
2373 3756 2388 3779 ,
2430 3722 2579 3769 recte
2626 3712 2749 3769 dico
2791 3715 2996 3786 :Aufer
3021 3734 3053 3771 a
3091 3732 3174 3771 me
3216 3716 3551 3788 opprobrium

1948 3823 2136 3873 meum,
2160 3807 2300 3878 quod
2319 3808 2614 3878 suspicatus
2638 3824 2750 3862 sum
2772 3825 2791 3874 ;
2805 3808 3015 3882 judicia
3034 3812 3171 3863 enim
3196 3820 3287 3864 tua
3303 3819 3328 3846 ι
3354 3811 3550 3866 dulcia.

2016 3901 2105 3956 4‘5.
2136 3900 2276 3969 Quid
2319 3900 2489 3957 timeo
2535 3899 2806 3966 conﬁteri,
2839 3900 2969 3967 qttid
3020 3899 3186 3955 timeo
3207 3901 3390 3957 dicere
3421 3906 3552 3971 pec-

1942 4001 2062 4047 cata
2106 3991 2437 4061 mea?Quid
2495 4006 2690 4047 vereor
2719 3993 3002 4062 opprobrii
3055 3992 3164 4049 moi
3212 3995 3550 4051 mentionem

1950 4088 2157 4162 1032
2186 4088 2365 4144 facere
2391 4089 2533 4159 apud
2566 4102 2712 4154 eum,
2745 4087 2900 4158 cujus
2933 4087 3136 4159 judicia
3168 4088 3345 4145 dulcia
3373 4092 3546 4147 sunt?

1941 4184 2096 4254 Quod
2125 4199 2374 4240 severum
2407 4183 2462 4239 in
2486 4184 2629 4249 aliis,
2650 4183 2704 4238 in
2726 4182 3115 4240 Christodulce
3127 4193 3232 4250 est,
3248 4184 3301 4240 iu
3326 4182 3547 4242 Christo

1941 4292 2110 4334 suave
2139 4287 2224 4334 est
2250 4295 2264 4344 ;
2294 4278 2421 4347 quia
2472 4276 2589 4348 ipse
2636 4277 2822 4333 suavis
2864 4285 2970 4333 est.
3011 4277 3276 4348 Denique,
3310 4272 3545 4348 Gustate,

1940 4380 1990 4426 et
2031 4372 2197 4427 videte
2219 4370 2464 4439 quoniam
2492 4371 2663 4424 suavis
2689 4380 2763 4424 est
2806 4368 3062 4425 Dominus
3087 4369 3208 4439 (Ps.
3242 4386 3436 4439 sum,
3462 4370 3542 4445 9).

1940 4463 2127 4519 Dulcia
2153 4462 2356 4533 judicia
2395 4463 2719 4529 conﬁtenti;
2766 4464 2892 4532 quia
2926 4463 3043 4532 ipse
3069 4463 3206 4518 dixit
3230 4481 3244 4518 :
3269 4462 3385 4535 Ego
3404 4481 3544 4531 sum,

1940 4574 2037 4628 ego
2061 4573 2174 4612 sum
2192 4556 2279 4626 qui
2301 4555 2450 4610 deleo
2475 4556 2772 4627 iniquitates
2796 4564 2983 4611 tuas...
3004 4564 3055 4609 et
3081 4571 3277 4610 memor
3293 4573 3397 4610 non
3418 4570 3506 4613 ero
3528 4573 3551 4613 ε

220 4618 764 4722 opprobrium-quod
792 4647 1099 4718 suspicatus
1123 4656 1228 4712 est,
1256 4647 1340 4703 vel
1358 4648 1483 4718 quia
1504 4648 1840 4718 cogitaverat
1862 4618 1919 4681 D
1943 4618 1997 4707 tu
2023 4659 2192 4706 autem
2246 4665 2441 4704 memor
2492 4660 2599 4704 esto
2624 4689 2639 4711 ,
2687 4658 2735 4702 et
2762 4648 3061 4721 judicemur
3084 4664 3102 4703 :
3123 4648 3210 4704 d'c
3247 4650 3548 4721 iniquitates

223 4745 281 4798 in
298 4742 494 4810 corde,
511 4751 688 4798 etnon
711 4743 946 4799 iecerat:
977 4751 1034 4797 et
1062 4741 1381 4811 pmnitentia
1400 4740 1527 4796 licet
1549 4740 1833 4807 abolitum,

222 4846 519 4907 suspectus
545 4845 727 4890 tamen
776 4842 917 4900 erat,
951 4849 1018 4889 ne
1045 4832 1185 4889 forte
1229 4832 1410 4889 adhuc
1447 4840 1692 4889 maneret
1717 4832 1837 4902 ejus

221 4930 630 5003 opprobrium;
674 4937 731 4983 et
771 4926 894 4982 ideo
922 4926 1093 4982 Deum
1125 4934 1381 4997 precatur
1400 4933 1461 4980 ut
1497 4924 1632 4980 illud
1681 4924 1837 4982 aule-

221 5033 329 5088 rat,
360 5023 456 5093 qui
498 5021 654 5078 solus
704 5019 862 5075 novit
886 5018 1030 5091 quod
1059 5019 1268 5075 nescire
1317 5027 1497 5090 potest
1523 5019 1687 5075 etiam
1715 5019 1837 5090 ipse

218 5115 317 5186 qui
342 5114 501 5172 fecit.
536 5113 783 5184 Denique
800 5111 932 5167 alibi
957 5111 1075 5182 ipse
1090 5109 1227 5167 dixit
1254 5109 1530 5181 Propheta
1558 5127 1571 5164 :
1597 5110 1716 5166 Scis
1739 5127 1833 5183 op-

218 5208 494 5282 probn'um
536 5222 708 5261 meum
752 5203 873 5277 (Ps.
922 5220 1108 5270 vaut,
1136 5203 1253 5276 20).
1298 5203 1637 5275 Quamquam
1687 5204 1836 5260 istud

215 5299 586 5375 opprobrium
621 5296 826 5355 Christi
870 5298 963 5365 sit,
995 5296 1141 5368 quod
1170 5311 1279 5354 non
1304 5306 1391 5353 est
1421 5312 1607 5353 verum
1637 5312 1837 5369 oppro-

217 5395 444 5461 brium,
494 5392 592 5449 sed
645 5390 822 5462 gloria
850 5390 1144 5456 Dei;crux
1191 5392 1337 5446 enim
1376 5390 1578 5448 Christi
1633 5390 1837 5449 Judaeis

212 5485 572 5552 scandalum,
597 5484 812 5542 Graecis
850 5484 1100 5539 stultitia.

285 5580 385 5637 41.
418 5578 534 5635 Illis
582 5591 721 5649 ergo
769 5575 1146 5646 opprobrium,
1195 5577 1328 5632 mibi
1376 5576 1549 5631 virtus
1599 5586 1705 5646 est,
1736 5592 1834 5648 per

290 5727 319 5757 ³
354 5716 493 5774 Voci
522 5715 726 5777 dulcia.
757 5713 894 5771 edit.
928 5726 1035 5772 vet.
1064 5727 1118 5772 et
1162 5715 1411 5785 quzedam
1443 5714 1617 5771 Paris.
1645 5714 1838 5785 adjun-

210 5788 441 5871 ζώει-ἐ
476 5786 759 5871 Quomodo
783 5787 1287 5871 oportetofonﬁateri.
1318 5786 1425 5843 Sed
1475 5786 1593 5842 lucc
1632 5800 1733 5842 nec
1782 5788 1837 5843 in

217 5855 360 5920 itas.
386 5855 514 5916 Vat.
550 5871 652 5914 nec
682 5858 737 5912 in
769 5855 974 5915 nostris
1001 5855 1366 5915 i'rive'niutitur.

15 6297 757 6310 ν--τ-τ-τ-τ-έέ

1942 4757 2078 4808 tuas,
2109 4754 2164 4799 ut
2179 4743 2485 4818 justiﬁceris
2511 4741 2685 4813 (Esai.
2722 4757 2871 4798 xLut.
2901 4740 2975 4796 25
3004 4750 3053 4796 et
3096 4742 3215 4808 26).
3253 4742 3432 4798 Dulcia
3457 4743 3545 4814 juo

1940 4837 2079 4894 dicia
2108 4837 2289 4909 agenti
2321 4835 2694 4907 pmnitentiam
2721 4849 2738 4899 ;
2767 4837 2893 4904 quia
2921 4835 3039 4898 ipse
3068 4833 3206 4889 dixit
3236 4853 3249 4889 :
3280 4832 3545 4892 Gaudium

1940 4932 2034 4987 erit
2063 4931 2118 4986 in
2146 4929 2286 4985 cmlis
2314 4945 2468 4999 super
2510 4944 2614 4981 uno
2640 4937 2911 4999 peccatore
2959 4925 3308 4998 paenitentiam
3341 4938 3544 4999 agente,

1939 5040 2094 5096 quam
2139 5024 2193 5079 in
2236 5023 2523 5096 nonaginta
2552 5031 2598 5076 et
2625 5036 2801 5074 novem
2845 5020 3023 5091 justis.
3049 5020 3141 5090 qui
3182 5035 3281 5074 non
3313 5020 3547 5090 indigent

1942 5117 2242 5188 paenitentia
2294 5115 2312 5179 (
2341 5114 2468 5169 Luc.
2515 5128 2604 5176 xv,
2638 5111 2740 5182 7).
2775 5110 2833 5167 Si
2864 5110 3053 5165 dulcia
3071 5120 3200 5166 sunt
3250 5111 3415 5180 igitur
3457 5111 3545 5183 Ῑιιε-

1942 5208 2083 5264 dicia
2139 5206 2385 5274 Domini,
2437 5205 2723 5262 suavitatis
2764 5203 2972 5259 fructus
3023 5203 3304 5275 percipere
3353 5202 3543 5259 elabo-

1942 5315 2218 5448 reII‘I'I.8.Vis
2240 5391 2382 5446 scire
2412 5404 2572 5461 quam
2602 5389 2783 5444 dulcia
2808 5388 3013 5458 judicia
3041 5387 3291 5444 Domini?
3313 5386 3436 5445 Non
3456 5407 3542 5445 re-

1939 5494 2161 5559 surgunt
2186 5486 2332 5555 impii
2356 5485 2411 5540 in
2433 5484 2636 5556 judicio
2658 5482 2778 5552 (Ps.
2804 5498 2842 5548 ι,
2871 5480 2947 5553 5).
2974 5481 3075 5551 Qui
3114 5491 3293 5538 autem
3325 5484 3378 5537 in
3400 5474 3547 5553 judi-

1938 5579 2025 5633 cio
2048 5588 2340 5649 resurgunt
2357 5575 2410 5643 δ,
2442 5574 2644 5631 habent
2681 5588 2835 5643 spem
2859 5572 3031 5629 veniae
3056 5589 3072 5639 ;
3095 5573 3347 5645 quoniam
3370 5574 3548 5631 credi-

1995 5717 2037 5756 ἰ’
2070 5716 2392 5775 Ambrosius
2413 5718 2616 5788 passim
2672 5717 2747 5771 ita
2777 5715 3061 5788 distinguit
3096 5717 3239 5772 inter
3266 5716 3462 5786 impios
3482 5733 3548 5773 ac

1942 5803 2304 5866 peccatores;
2338 5790 2562 5866 ut__i_llos
2611 5804 2736 5866 esse
2777 5787 3003 5846 deﬁniat
3039 5789 3140 5866 qui
3171 5803 3463 5866 numquam
3489 5789 3545 5866 in

1941 5859 2223 5917 Clit-istum
2273 5860 2597 5916 credidere:
2631 5859 2729 5915 bos
2776 5868 2929 5927 vero,
2962 5859 3273 5931 quiipsius
3325 5859 3545 5927 quidem
