3988 6390
400 367 539 426 i267

1743 363 1992 421 SANCTI
2032 365 2360 427 AMBROSII

3568 379 3717 435 1963

396 484 617 540 derunt.
650 482 807 553 ltnpii
864 496 970 537 non
1027 490 1176 545 sunt,
1207 487 1525 550 peccatores
1549 493 1674 536 esse
1725 489 1995 548 possunt:
2026 484 2073 542 Δ
2102 481 2324 540 Domine
2350 527 2367 551 ,
2423 488 2651 543 salutare
2706 497 2850 543 tuttm
2896 490 3177 545 secundum
3230 492 3485 561 eloquium
3538 504 3712 549 tuum.

399 576 562 632 iidem
611 573 836 640 habent,
868 582 924 628 et
964 573 1009 627 si
1042 572 1258 641 culpam
1287 587 1394 627 non
1418 572 1780 635 declinarunt,
1809 588 1907 644 per
1938 574 2002 627 li-

396 667 522 723 dem
548 666 778 723 credunt
809 683 823 718 :
852 665 945 736 qui
998 672 1181 720 autem
1221 664 1399 719 credit
1428 665 1480 719 in
1533 664 1674 732 ipso,
1709 679 1815 719 non
1858 664 2005 734 judi-

399 773 556 815 catur
581 757 759 831 (Joan.
784 774 864 825 ιιι,
895 755 1009 830 18).
1042 756 1226 811 Dulcia
1249 772 1379 828 ergo
1402 757 1604 827 judicia
1627 757 1999 813 credentibus.

395 854 498 921 Qui
528 862 708 907 autem
734 867 843 906 non
875 852 1127 915 credunt,
1160 864 1267 904 non
1307 850 1508 906 Christi
1530 849 1738 922 judicio
1757 850 2001 907 damnati

392 956 542 1012 sunt,
567 946 656 1017 qui
690 947 831 1000 venit
864 962 974 1000 non
1000 956 1057 998 ιιι
1080 945 1288 1014 judicet
1310 946 1596 1011 tnundum,
1624 944 1721 1001 sed
1751 954 1811 1001 ut
1830 946 2004 1001 salvat

394 1052 453 1097 et
495 1040 729 1095 redimat
769 1057 782 1093 :
815 1038 911 1095 sed
951 1039 1243 1109 impietatis
1299 1054 1415 1095 sua:
1446 1039 1663 1096 subiere
1711 1040 1999 1110 judicium,

388 1134 488 1206 qui
518 1135 571 1191 iu
622 1133 1004 1189 remissionem
1050 1142 1396 1200 peccatorum
1426 1133 1654 1189 credere
1684 1135 1998 1190 noluerunt.

392 1230 511 1284 Non
557 1229 707 1285 enim
761 1238 989 1298 possunt
1037 1228 1106 1283 ad
1158 1228 1281 1297 ejus
1328 1230 1603 1295 pertinere
1652 1228 1999 1296 beneﬁcium,

392 1340 553 1396 quem
583 1338 922 1395 cognoscere
951 1322 1278 1379 refutarttnt.
1310 1323 1457 1394 Ergo
1497 1323 1590 1394 qui
1619 1340 1726 1378 non
1754 1322 2005 1379 credide-

389 1418 707 1484 runtineo,
755 1417 963 1488 judicio
992 1417 1112 1488 ejus
1157 1418 1416 1473 videnlur
1446 1417 1671 1488 indigni.
1725 1417 2001 1473 iudicium

393 1514 542 1568 enim
566 1512 685 1577 ejus
716 1511 846 1580 quid
898 1514 988 1575 sit,
1018 1524 1273 1581 agnosce,
1326 1512 1544 1568 dicente
1576 1512 1731 1584 ipso:
1764 1511 1880 1566 Hoc
1906 1528 2005 1566 au-

389 1612 486 1657 tem
501 1600 765 1675 judicium
787 1600 1020 1671 est,qnia
1042 1600 1136 1654 lux
1156 1602 1293 1655 venit
1316 1602 1370 1656 iu
1385 1601 1525 1655 hunc
1546 1602 2000 1672 tttnndutn(lbid.,

390 1694 512 1764 19).
537 1696 700 1750 Dulce
727 1708 878 1765 ergo,
913 1693 1057 1764 quod
1087 1694 1175 1748 lus
1204 1705 1288 1749 est
1311 1694 1511 1749 adulce
1536 1694 1825 1763 judicium,
1855 1694 2003 1765 quod

390 1786 654 1858 przecedit
680 1786 1077 1841 misericordia.
1109 1786 1201 1841 Sic
1229 1785 1375 1841 enim
1396 1788 1660 1855 scriptum
1684 1797 1769 1842 est
1796 1806 1810 1841 :
1844 1787 2005 1842 Mise-

390 1879 936 1964 ricordigptvemt’udipi

461 1895 567 1935 'ora
652 1895 895 1964 renuunt.
1008 1896 1026 1932 t
1056 1895 1279 1933 rantaoo
1300 1895 1415 1944 ttot,
1442 1895 1666 1933 nomine
1690 1895 1808 1952 trs.
1831 1895 1885 1945 ε,
1914 1895 1934 1935 ι
1948 1895 1987 1951 ι.

461 1897 769 2089 diﬁc“.
798 1972 917 2044 40.)
943 1896 1008 2060 at
1029 1973 1154 2044 quia
1179 1975 1431 2043 cognovit
1452 1972 1629 2028 dulcia
1650 1972 1875 2042 judicia,
1906 1973 1992 2028 di-

493 2087 503 2089 _
543 2068 568 2089 L
594 2084 667 2089 -A-
702 2085 780 2089 -_“
799 2069 959 2089 _-.._2--.°
989 2068 1234 2089 -“___J-a_
1274 2077 1360 2089 Α---
1394 2083 1407 2089 -
1435 2069 1483 2089 Ξ--
1528 2076 1612 2089 1--..
1649 2069 1839 2089 f---..'s.'s_
1868 2068 1964 2089 --f--.'

388 2070 464 2126 cit
491 2087 506 2124 :
535 2053 668 2123 Hcce
692 2053 964 2139 idenim
986 2068 1235 2122 mandata
1272 2077 1361 2121 tua
1389 2083 1407 2121 :
1432 2069 1486 2122 in
1525 2076 1613 2121 tua
1631 2069 1840 2140 justitia
1866 2068 1995 2122 sivi-

390 2165 493 2235 fica
516 2180 614 2218 me.
644 2164 788 2218 Bona
828 2163 1032 2233 judicia
1080 2162 1408 2218 auctoritate
1437 2162 1534 2218 ait.
1564 2163 1705 2218 Ecce
1734 2173 1881 2217 amat
1934 2161 2000 2217 li-

388 2260 661 2316 bertatem
696 2260 857 2325 fidei,
890 2260 981 2329 qui
1013 2258 1322 2313 libertatem
1353 2256 1524 2313 dedit.
1579 2258 1734 2327 Ditigi
1783 2271 1843 2313 se
1866 2272 1999 2327 gau-

388 2353 504 2418 det,
544 2351 636 2422 qui
685 2352 806 2406 ideo
834 2351 984 2406 venit
1013 2352 1065 2405 iu
1124 2351 1267 2404 hunc
1317 2348 1579 2405 mundum
1610 2391 1627 2417 ,
1676 2350 1804 2419 quia
1855 2351 1998 2404 hunc

388 2446 656 2500 mundum
687 2444 903 2499 dilexit.
955 2444 1143 2498 Amari
1170 2459 1231 2498 se
1257 2441 1446 2509 exigit,
1473 2441 1567 2512 qui
1603 2455 1797 2496 omnes
1816 2450 1995 2507 amat;

300 2534 301 2537 “
392 2541 520 2608 quia
547 2537 790 2592 charitas
815 2545 919 2591 est.
952 2534 1274 2605 Concupivit
1302 2534 1558 2589 mandata
1584 2534 1701 2598 Dei,
1731 2546 1790 2588 ut
1821 2534 2000 2590 bonus

392 2642 610 2697 semis,
638 2639 695 2684 ut
717 2629 897 2684 cultor
923 2626 1170 2684 sedulus.
1207 2627 1536 2694 Concupivit
1569 2641 1678 2681 non
1701 2637 1758 2681 ιιι
1787 2637 2003 2682 amator

387 2723 758 2777 meretriciam
782 2724 1062 2792 copulam,
1094 2736 1202 2776 non
1231 2732 1285 2775 ut
1317 2734 1513 2775 avarus
1557 2720 1865 2788 pecuniam,
1889 2734 1999 2774 non

395 2826 458 2871 ut
503 2816 815 2871 luxuriosus
855 2815 1151 2871 lasciviam.
1187 2816 1262 2870 De
1310 2815 1421 2870 illis
1466 2814 1610 2870 enim
1658 2815 1766 2870 Lex
1819 2813 1998 2868 dicit:

395 2907 525 2963 Non
568 2908 922 2977 concupisces.
974 2908 1261 2961 Dominum
1302 2916 1485 2960 autem
1530 2906 1699 2962 Deum
1748 2907 2003 2977 pra-cepit

392 2999 730 3069 diligendum
756 3010 807 3066 τι,
826 3009 882 3055 ει
906 3008 1100 3054 tenero
1124 2999 1360 3068 quodam
1391 3012 1552 3068 atque
1576 3001 1794 3055 interno
1817 3014 2005 3054 aman-

393 3094 522 3147 dutn
550 3091 863 3163 cupiditatis
899 3090 1116 3146 allecto.
1155 3090 1224 3145 Et
1253 3093 1378 3161 quia
1408 3093 1617 3145 amicus
1647 3101 1732 3147 est
1759 3094 1852 3161 qui
1880 3092 2007 3147 dili-

396 3186 497 3255 git,
527 3199 721 3240 servus
772 3194 858 3239 cst
911 3184 1002 3254 qui
1038 3184 1232 3249 timet;
1263 3184 1417 3254 quasi
1464 3184 1670 3239 amicus
1697 3184 1788 3255 qui
1819 3187 2003 3241 oumia

2103 571 2245 640 Quid
2276 575 2546 645 signiﬁcet
2581 577 2966 647 interpretatio
3007 578 3238 647 litteras,
3280 583 3536 651 quoniam
3577 583 3718 639 sub-

2103 664 2337 721 obscura
2378 678 2495 736 est,
2541 684 2610 725 ex
2653 671 2847 740 psalmi
2891 673 3035 727 serie
3078 673 3446 745 colligendum
3494 678 3713 746 putavi.

2102 755 2234 812 Nam
2265 772 2388 813 cum
2422 760 2690 831 Propheta
2727 762 2995 832 postulet:
3043 762 3222 818 Veniat
3252 782 3408 836 super
3431 783 3512 822 me
3551 769 3719 823 mise-

2102 848 2328 904 ricordia
2355 860 2445 904 tua
2465 892 2480 917 ,
2512 851 2769 907 Domine:
2798 854 2965 909 ueniat
2996 854 3227 911 salutare
3255 868 3395 912 tuum
3417 876 3438 925 ;
3470 875 3580 915 nott
3622 870 3720 917 est

2102 941 2327 997 dubiant
2358 955 2380 983 ο
2413 960 2574 1014 quem
2621 946 2809 1003 videre
2847 949 3142 1019 deposcat,
3190 951 3292 1007 hoc
3332 967 3417 1008 est
3433 995 3455 1019 .,
3497 953 3551 1009 in
3597 970 3718 1027 quo

2104 1033 2310 1090 fructus
2340 1047 2395 1092 ct
2422 1040 2812 1096 misericordia:
2843 1044 3023 1098 veniat
3053 1053 3109 1099 et
3137 1044 3349 1100 salutis.
3383 1048 3623 1120 Denique
3652 1052 3718 1105 in

2103 1130 2479 1198 superioribus
2520 1131 2660 1186 idem
2707 1136 2956 1205 poposcit
2998 1134 3052 1189 iu
3112 1138 3322 1205 psalmo
3369 1144 3721 1207 octogesimo

2104 1232 2332 1291 quarto,
2364 1222 2417 1277 in
2449 1238 2557 1293 quo
2586 1225 2894 1281 evidentius
2937 1227 3153 1285 Domini
3192 1229 3319 1285 Jesu
3366 1232 3721 1301 prophetavit

2104 1313 2418 1370 adventum.
2477 1316 2611 1373 Nam
2664 1329 2865 1375 terram
2914 1338 3073 1387 quant
3130 1323 3376 1380 benedici
3425 1329 3720 1396 postulet,

2104 1405 2238 1461 satis
2279 1417 2465 1462 notum
2506 1421 2626 1478 est,
2673 1411 2818 1466 illam
2862 1415 3109 1471 videlicet
3154 1430 3276 1485 qua:
3324 1431 3602 1487 peccatum
3652 1422 3721 1477 iu

2104 1498 2275 1553 Adam
2306 1509 2657 1557 contraxi-rat
2676 1544 2692 1571 ,
2723 1505 2810 1560 cui
2842 1506 3041 1561 dicitur
3064 1526 3078 1560 :
3103 1507 3269 1565 Terra
3289 1527 3341 1565 es
3363 1520 3409 1565 et
3436 1513 3486 1567 in
3514 1522 3719 1569 terram

2107 1590 2204 1645 ibis
2236 1597 2252 1658 (
2282 1591 2413 1648 Gen.
2444 1609 2503 1649 ιιι
2526 1637 2539 1657 ,
2576 1596 2705 1664 19).
2760 1597 3114 1655 llialedixerat
3151 1613 3333 1657 autem
3368 1606 3505 1660 Deus
3535 1601 3562 1643 (³
3596 1621 3717 1662 ιιοιι

2105 1683 2433 1739 elementum
2466 1696 2673 1766 natura:
2703 1690 2916 1758 carnis,
2952 1692 3048 1747 sed
3079 1707 3300 1750 carnem
3346 1696 3724 1766 praevarican-

2106 1778 2262 1833 tium.
2299 1779 2647 1837 Bettedicitur
2674 1798 2803 1839 caro
2834 1785 2998 1856 igitur
3036 1788 3090 1842 in
3128 1788 3386 1858 Christo,
3429 1800 3488 1846 ιιι
3529 1792 3715 1851 male-

1008 1896 1026 1932 t
1056 1877 1279 1933 cantabo
1300 1877 1415 1944 tibi,
1442 1875 1666 1933 Domine
1690 1876 1808 1952 (Ps.
1831 1894 1885 1945 ε,
1914 1878 1987 1951 1).
2020 1889 2068 1950 ιιι
2095 1869 2243 1925 dicto
2296 1874 2580 1941 superiore
2632 1888 2762 1929 earo
2814 1877 3080 1932 solvatur.
3141 1879 3486 1938 Benedicitur
3537 1899 3668 1941 caro
3695 1928 3715 1953 ,

2096 1980 2258 2034 quam
2293 1963 2609 2022 benedictus
2639 1967 2810 2024 Filius
2838 1968 2971 2040 Dei,
3004 1981 3285 2044 assumpta
3314 1973 3548 2033 hominis
3570 1991 3718 2035 con-

2098 2056 2309 2125 ditique
2326 2101 2342 2126 ,
2373 2062 2637 2130 suscepit.

2169 2150 2224 2206 5.
2259 2150 2327 2205 Ει
2355 2151 2480 2207 ideo
2505 2152 2782 2210 subdidit:
2815 2153 2982 2224 Deus,
3008 2166 3065 2210 tu
3088 2170 3386 2216 convertens
3426 2161 3720 2232 eiriﬁeabis

2099 2258 2192 2296 nos
2212 2284 2225 2306 ,
2256 2252 2303 2296 et
2330 2241 2471 2314 plebs
2496 2253 2585 2298 tua
2610 2245 2869 2301 laetabitur
2906 2248 2960 2301 in
3001 2258 3069 2304 te.
3120 2248 3346 2306 Ostende
3384 2252 3567 2320 nobis,
3601 2253 3721 2310 Do-

2100 2335 2235 2389 mine
2253 2374 2269 2400 ,
2299 2336 2703 2391 miserimrdtam
2729 2348 2869 2392 tuam
2893 2379 2909 2406 ,
2940 2349 2988 2394 et
3011 2342 3243 2396 salutare
3271 2353 3416 2398 tuum
3442 2346 3510 2399 da
3535 2346 3712 2401 nobis.

2101 2429 2326 2484 Audiam
2348 2430 2476 2501 quid
2502 2433 2745 2501 loquatur
2768 2432 2822 2486 in
2848 2449 2927 2487 me
2954 2431 3209 2491 Dominus
3248 2436 3386 2492 Deus
3408 2454 3428 2505 ς
3465 2439 3719 2510 quoniam

2100 2521 2343 2587 loquetur
2364 2540 2544 2596 pacem
2571 2524 2625 2578 in
2655 2524 2857 2590 plebem
2879 2543 3029 2581 suam
3048 2568 3065 2595 ,
3089 2539 3137 2583 et
3163 2546 3318 2601 super
3338 2541 3536 2586 sanctos
3561 2548 3715 2601 suos,

2102 2627 2149 2671 et
2173 2619 2229 2671 in
2253 2635 2338 2673 eos
2360 2620 2448 2688 qui
2477 2630 2776 2674 convertunt
2802 2621 2870 2675 ad
2895 2623 3069 2689 ipsum
3110 2640 3198 2678 cor
3238 2641 3410 2679 suum.
3454 2623 3716 2682 Verania.

2102 2727 2218 2767 men
2243 2728 2402 2785 prope
2432 2714 2666 2767 timentes
2693 2731 2809 2768 eum
2836 2716 3066 2772 salutare
3104 2718 3313 2787 ipsius;
3354 2729 3411 2774 ιιι
3456 2720 3720 2777 inhabitet

2103 2807 2271 2875 gloria
2296 2807 2349 2860 in
2379 2817 2515 2860 terra
2543 2820 2719 2862 nostra
2749 2808 2935 2881 (Psal.
2967 2826 3184 2875 Lxxxw,
3216 2812 3243 2864 7
3272 2821 3319 2865 et
3346 2812 3499 2884 seq.).
3528 2812 3714 2871 Tutus

2105 2897 2196 2953 hic
2246 2899 2400 2954 locus
2448 2900 2638 2956 .lesum
2693 2902 2981 2957 Dominum
3027 2912 3223 2971 sooat,
3277 2907 3369 2977 qui
3419 2906 3725 2964 vividi-avis

2104 3001 2387 3048 mortuos:
2421 2994 2682 3049 Lazarum
2708 3003 2835 3051 ante
2877 2997 3222 3066 passionem,
3269 2999 3533 3070 plurimos
3574 3009 3722 3056 tent-

2106 3099 2236 3153 pore
2277 3087 2510 3156 propriae
2559 3088 2847 3157 passionis.
2900 3090 3018 3158 Ιρςε
3063 3099 3148 3145 est
3186 3092 3598 3159 misericordia,
3625 3103 3719 3147 ut-

2108 3185 2233 3246 pote
2288 3177 2541 3232 remi~sio
2597 3188 2964 3246 peccatorum.
3028 3180 3157 3237 ideo
3203 3182 3381 3238 dicit:
3438 3182 3664 3239 Ostende
3699 3227 3718 3249 ,

390 3278 628 3342 fecerit,
683 3292 805 3347 qua:
853 3275 1109 3347 praecepit
1139 3277 1188 3329 ei
1235 3275 1545 3330 Dominus:
1588 3276 1691 3330 Vos
1723 3315 1739 3343 ,
1800 3276 1995 3347 inquit,
2026 3276 2072 3338 C
2102 3288 2264 3341 quem
2307 3273 2489 3328 videre
2519 3276 2692 3343 pussit
2721 3277 3055 3344 incorpore.
3101 3275 3238 3332 Nam
3282 3278 3448 3333 Deum
3496 3279 3549 3333 in
3598 3294 3722 3335 tua-

393 3372 552 3425 antici
583 3358 691 3424 inci
730 3372 872 3435 estis,
901 3370 946 3424 si
995 3370 1222 3440 feceritis
1259 3384 1374 3440 qua:
1426 3386 1519 3440 ego
1570 3370 1820 3440 principio
1860 3370 2003 3426 vobis

394 3463 581 3536 (Joan.
617 3480 705 3529 xv,
738 3462 850 3534 M).

462 3555 553 3612 66.
586 3554 652 3609 lu
685 3566 772 3609 tua
788 3555 1001 3625 justitia
1044 3556 1249 3624 vivifica
1274 3572 1355 3609 me
1381 3572 1401 3611 :
1450 3554 1617 3610 audet
1645 3564 1699 3608 et
1728 3544 1900 3620 dicit;
1938 3571 2006 3611 eo

394 3650 538 3719 quod
565 3648 656 3702 illa
694 3648 767 3702 sit
789 3658 915 3702 Vera
941 3648 1073 3713 vita,
1105 3663 1227 3718 qua:
1258 3648 1391 3703 vivit
1419 3647 1717 3703 secundum
1750 3648 1843 3703 Dei
1890 3650 2005 3716 jus-

400 3743 598 3806 titiam,
630 3756 794 3812 quam
826 3740 1082 3797 vivebant
1113 3742 1376 3810 apostoli;
1411 3743 1581 3796 immo
1607 3758 1767 3812 quant
1799 3742 2004 3797 vivunt.

397 3834 540 3893 Sum
565 3836 709 3889 enim
731 3834 827 3903 qui
855 3835 1103 3890 viventes
1148 3836 1343 3889 mortui
1377 3844 1501 3890 sunt
1534 3853 1546 3888 :
1577 3846 1634 3891 et
1686 3835 1778 3905 qui
1808 3836 2006 3890 mortui

397 3930 611 3983 vivunt.
646 3927 888 3998 Donique
928 3927 1018 3983 alii
1067 3928 1409 3983 descendunt
1435 3930 1485 3982 in
1515 3927 1785 3984 infernum
1821 3929 2010 3984 viven-

398 4030 484 4076 tes
511 4020 641 4076 :slii
680 4037 803 4076 eum
833 4021 947 4076 sint
988 4035 1221 4090 corpore
1275 4023 1497 4084 mortui,
1530 4023 1742 4078 meritis
1770 4023 1881 4078 suis
1922 4022 2007 4079 vi.

401 4123 559 4168 vunt.
600 4112 737 4170 Sunt
762 4115 908 4169 eiiim
943 4114 1032 4184 qui
1064 4131 1175 4171 non
1204 4116 1503 4184 gustabunt
1549 4128 1805 4179 mortem,
1833 4115 2012 4171 donec

402 4203 628 4259 videant
693 4202 890 4259 Filium
936 4204 1173 4261 hominis
1218 4206 1307 4261 die
1362 4206 1558 4276 judicii
1616 4216 2006 4276 revertentem,

401 4294 623 4366 quando
653 4309 774 4350 cum
799 4296 971 4366 gloria
995 4296 1167 4351 sancti
1201 4308 1504 4367 resurgant.

805 4388 1015 4461 1033
1052 4389 1286 4447 SERMO
1318 4387 1614 4485 sanus.

1096 4484 1138 4536 ,Ἰ
1178 4479 1317 4535 Vnu.

474 4575 527 4631 1.
563 4573 726 4632 Sexta
766 4575 947 4631 littera
1001 4574 1153 4638 Vau,
1184 4572 1213 4612 ι)
1246 4573 1401 4643 cujus
1444 4573 1860 4645 interpretatio,
1906 4573 2010 4630 Ille

402 4679 476 4727 ut
496 4670 906 4740 μεωᾳῃβιὶιρ.
941 4668 1040 4725 Vel
1070 4669 1225 4736 cuius
1256 4669 1670 4740 interpretatio;
1701 4668 1773 4723 Et
1796 4669 1907 4726 ille.

514 4678 781 4740 manus
811 4672 822 4682 '
863 4687 906 4724 ιο

514 4764 530 4859 1r
576 4759 759 4832 (νει-ε.

746 4861 771 4866 ,ι
780 4858 843 4869 ..ιη

400 4888 573 4955 ﬁdem"
596 4888 831 4966 amplexi
863 4907 1009 4964 situt,
1038 4897 1132 4953 sed
1175 4894 1304 4951 victi
1335 4895 1794 4962 concupiscentire
1821 4895 2004 4951 illece-

403 4972 517 5024 bris
545 4980 762 5039 pcrcata
792 4974 972 5039 gravia
1020 4970 1720 5039 nerpetraruntlttempara
1748 4967 1897 5021 hunc
1925 4968 2001 5022 lo-

400 5037 556 5098 cura
583 5056 708 5096 cum
754 5037 819 5096 iis
864 5055 987 5098 utne
1016 5038 1075 5095 S.
1114 5040 1310 5095 Doctor
1347 5039 1397 5091 iu
1428 5037 1618 5092 Euarr.
1669 5038 2002 5093 Psatm.tad

399 5127 545 5167 vers.
573 5112 626 5173 5.
660 5128 809 5168 unm.
835 5108 925 5178 56,
953 5111 1113 5166 docet
1141 5130 1157 5177 ;
1190 5119 1247 5166 et
1287 5109 1409 5165 vide
1439 5108 1606 5164 etiam
1637 5124 1757 5179 quae
1779 5123 1879 5163 nos
1903 5109 2004 5163 ibi-

400 5179 527 5239 dem
555 5183 959 5237 anu'titavimus.

474 5261 502 5291 ι
530 5252 650 5309 νει.
669 5252 827 5313 ειΙίῑ..
874 5260 920 5306 et
967 5261 1161 5307 tenero.
1191 5252 1248 5305 id
1274 5261 1369 5317 est,
1412 5252 1577 5306 tenaci
1602 5250 1829 5322 quodam
1854 5260 2005 5315 atque

396 5325 600 5378 interno
638 5324 941 5386 amandum,
972 5337 1077 5378 etc.
1132 5322 1340 5376 Rom...
1369 5333 1520 5393 atque
1566 5333 1794 5377 materno
1825 5340 2007 5379 antan-

401 5394 547 5465 dum.
575 5394 697 5448 Mss.
730 5395 967 5465 denique
996 5404 1049 5447 ιιι
1073 5408 1171 5448 nos
1205 5395 1255 5448 in
1287 5402 1458 5450 textu.

474 5460 503 5503 δ
532 5464 628 5519 ilic
655 5466 851 5520 mirum
880 5456 1141 5535 quantum
1171 5465 1380 5520 varient
1408 5481 1538 5518 mss.
1585 5479 1649 5535 ac
1685 5463 1819 5521 edit.
1864 5456 2010 5521 Alibi

398 5536 547 5590 enim
565 5579 580 5599 ,
604 5534 1136 5607 cujusinterpretatio
1163 5547 1310 5590 sonat
1336 5536 1417 5592 vel
1442 5537 1514 5590 sic
1534 5552 1553 5590 :
1582 5534 1703 5590 Non
1727 5537 1817 5591 itte
1835 5550 1855 5590 :
1875 5536 2009 5592 alius

398 5606 693 5678 interpres:
724 5606 791 5661 Et
821 5625 923 5661 non
951 5619 1059 5673 est,
1087 5609 1180 5662 ait.
1208 5607 1347 5662 Alibi
1376 5619 1555 5662 autem
1576 5646 1590 5669 ,
1637 5648 1651 5663 .
1698 5644 1712 5658 .
1758 5644 1771 5662 .
1819 5624 1920 5660 non
1953 5618 2009 5663 ut

398 5676 493 5729 ille
513 5676 694 5747 {alius
723 5679 976 5746 interpres
995 5720 1011 5745 ,
1044 5692 1151 5732 etc.
1188 5679 1401 5733 Alicubi
1423 5720 1437 5741 ,
1464 5679 1616 5747 cujus
1650 5677 2008 5746 interpretatio

404 5757 520 5798 est:
551 5743 620 5797 Et
650 5748 782 5819 ille_(
802 5743 1187 5819 ἰιιξιιιιιζειιίιη
1218 5757 1273 5801 ιιι
1300 5747 1422 5819 ille)
1452 5743 1585 5803 alius
1613 5743 1867 5819 interpres
1891 5765 1910 5801 .”
1945 5748 2007 5801 Ει

402 5832 507 5890 rt_on
547 5825 664 5890 est,
700 5816 789 5869 ait.
809 5817 1052 5890 “Alicubi
1089 5821 1255 5890 etiam
1278 5857 1293 5882 ,
1325 5816 1477 5890 cujus
1503 5816 1862 5890 interpretatio
1889 5828 2007 5874 est:

406 5884 499 5950 Est
529 5892 579 5953 et
603 5886 694 5941 ille
716 5902 735 5941 :
764 5886 900 5959 alius
926 5887 1178 5959 interpres
1205 5889 1321 5944 ait:
1348 5884 1449 5945 non
1483 5898 1558 5948 est
1594 5884 1751 5947 alius.
1789 5888 2008 5949 Postre-

2100 3365 2302 3435 jestate
2329 3381 2425 3420 sua
2458 3367 2646 3422 videre
2674 3383 2780 3422 non
2811 3377 3062 3437 poterat;
3096 3371 3223 3439 quia
3256 3369 3423 3425 Deum
3448 3371 3570 3426 vidit
3597 3390 3718 3427 um-

2105 3474 2261 3526 quam
2293 3456 2481 3528 (Joan.
2517 3475 2566 3525 t,
2598 3458 2722 3529 18).
2760 3459 2967 3516 Avidus
3012 3460 3282 3530 Pmpheta
3319 3462 3597 3519 desiderat
3634 3465 3720 3518 vi-

2105 3550 2274 3609 dere.
2305 3567 2466 3621 quem
2494 3562 2677 3621 sperat
2724 3563 2947 3608 tenere:
2991 3569 3152 3625 quem
3194 3556 3241 3611 si
3284 3554 3518 3619 viderit,
3562 3555 3716 3611 desi-

2106 3643 2267 3699 derat
2293 3646 2526 3716 propriis
2553 3646 2806 3701 manibus
2827 3648 3318 3717 comprehendere.
3342 3649 3577 3721 ideoque
3597 3652 3677 3705 ait
3701 3670 3715 3706 :

2108 3735 2178 3789 Et
2206 3739 2433 3791 salutare
2458 3747 2601 3791 tuum
2640 3737 2709 3791 da
2738 3738 2904 3793 nobis.
2946 3739 3197 3796 Salutare
3239 3741 3337 3797 Dei
3377 3741 3550 3799 virtus
3589 3753 3715 3812 est,

2111 3830 2347 3885 salutare
2397 3831 2486 3885 Dei
2527 3831 2776 3886 Christus
2817 3843 2941 3896 est;
2989 3843 3044 3887 et
3086 3833 3208 3889 ideo
3245 3850 3415 3906 prope
3457 3836 3717 3893 timentes

2115 3924 2217 3977 hoc
2262 3923 2521 3979 salutare.
2573 3924 2756 3995 Longe
2797 3935 2918 3980 erat
2956 3926 3206 3983 Clnistus
3243 3943 3274 3983 a
3317 3928 3511 3992 nobis.
3553 3929 3720 4000 longe

2114 4024 2233 4072 erat
2275 4031 2305 4071 a
2351 4018 2706 4074 nationibus:
2747 4019 3027 4075 descendit
3067 4021 3122 4076 in
3164 4029 3372 4088 terras,
3418 4023 3589 4079 l‘actus
3629 4032 3722 4080 est

2115 4122 2316 4178 prape,
2345 4109 2614 4179 capimus
2641 4110 2990 4167 nontitnere.
3031 4111 3167 4169 Nam
3207 4115 3298 4187 qui
3340 4113 3617 4171 Cltrismm
3652 4116 3721 4170 ti-

2114 4212 2260 4266 met.
2293 4220 2397 4257 non
2428 4206 2606 4258 timori
2639 4213 2723 4259 est
2749 4204 2995 4260 subditus
3018 4246 3035 4271 ,
3060 4205 3155 4261 sed
3186 4206 3483 4261 devotioni.
3528 4205 3717 4262 Pietas

2117 4292 2186 4348 tis
2226 4293 2312 4347 hic
2359 4294 2557 4361 timor,
2605 4311 2712 4351 non
2772 4296 3104 4352 infirmitatis
3146 4309 3250 4354 est.
3302 4300 3541 4368 Denique
3581 4300 3720 4363 nihil

2115 4386 2268 4442 deest
2316 4387 2634 4445 timentibus
2677 4404 2823 4445 eum.
2871 4390 3157 4457 Quomodo
3201 4400 3382 4446 autem
3427 4393 3601 4448 lactus
3645 4394 3722 4451 sit

2115 4493 2323 4550 prope,
2369 4480 2531 4535 audi:
2579 4480 2649 4537 Ut
2681 4482 2963 4548 inhabitet,
3011 4482 3223 4554 inquit,
3273 4485 3439 4557 gloria
3484 4486 3538 4539 in
3577 4495 3720 4543 terra

2116 4582 2309 4628 nostra.
2351 4574 2485 4642 Quis
2519 4584 2605 4629 est
2635 4576 2809 4647 gloria
2832 4618 2847 4642 ,
2885 4575 2987 4631 nisi
3025 4578 3286 4633 Dominus
3321 4577 3522 4633 ειεξιιεῖ
3562 4576 3721 4638 Unde

2114 4674 2170 4723 et
2216 4668 2496 4736 apostolus
2547 4668 2749 4725 Paulus
2794 4672 2910 4725 ait:
2943 4670 3080 4728 Deus
3127 4671 3340 4727 Domini
3383 4672 3549 4735 nostri
3588 4671 3720 4727 Jesu

937 4758 1004 4816 Et
1030 4760 1199 4815 veniat
1227 4775 1383 4831 super
1407 4776 1488 4813 me
1510 4760 1861 4815 misericordia
1893 4769 2004 4829 tua,
2037 4751 2084 4812 ι)
2112 4758 2343 4829 Christi,
2372 4758 2533 4818 Pater
2556 4763 2737 4834 glorite
2774 4764 2855 4835 (ll
2882 4762 3003 4819 Cor.
3033 4780 3084 4833 ι,
3113 4764 3205 4835 5).
3241 4764 3433 4821 Merito
3471 4765 3721 4834 compla-

2109 4913 2199 4970 mo
2228 4898 2280 4950 in
2316 4913 2447 4952 mss.
2480 4899 2690 4970 aliquot
2718 4901 2975 4967 habetur,
3030 4908 3086 4953 ut
3118 4901 3169 4954 in
3207 4911 3377 4956 textu.
3427 4900 3601 4968 Quam
3642 4902 3721 4957 le-

2107 4969 2350 5043 ctionem
2381 4969 2650 5043 eorsecnti
2682 4988 2868 5027 sumus
2888 5012 2904 5038 ,
2932 4971 3074 5042 quod
3103 4986 3226 5027 eam
3261 4972 3431 5039 infra,
3462 4987 3612 5027 num.
3646 4973 3718 5043 4,

2108 5038 2430 5097 Ambrosius
2459 5042 2573 5110 ipse
2597 5043 2902 5098 conﬁrmat.

2183 5122 2205 5150 ο
2237 5111 2365 5166 Mss.
2405 5113 2663 5187 aliquot.
2689 5130 2840 5184 quem
2871 5112 3045 5169 videre
3071 5114 3350 5187 deposcat,
3383 5115 3434 5187 in
3461 5131 3565 5184 quo
3594 5119 3717 5185 fru-

2107 5192 2217 5237 ctus
2247 5193 2321 5236 est
2347 5184 2746 5252 misericordia,
2787 5190 2979 5249 venite,
3011 5195 3059 5239 et
3082 5184 3289 5239 salutis.
3323 5185 3543 5256 Aliquot
3585 5184 3717 5253 alii,

2110 5294 2125 5309 .
2163 5296 2176 5308 .
2210 5295 2222 5308 .
2256 5257 2457 5326 fruetus
2484 5267 2556 5310 est
2583 5257 2984 5323 misericordias,
3017 5267 3063 5311 et
3093 5258 3238 5312 venia
3265 5258 3469 5312 salutis.
3498 5257 3720 5328 Reliqui

2113 5340 2176 5381 ac
2203 5330 2337 5380 edit.
2369 5339 2426 5381 ut
2452 5330 2504 5381 in
2538 5343 2710 5383 texui.

2186 5393 2212 5470 ξι
2247 5396 2338 5453 Sic
2363 5398 2491 5451 edit.
2524 5408 2631 5454 vet.
2662 5414 2726 5454 ac
2760 5414 2891 5454 mss.
2934 5398 3039 5454 nisi
3075 5398 3220 5470 quod
3260 5400 3311 5454 itt
3349 5399 3539 5454 horum
3580 5416 3723 5456 non-

2114 5468 2278 5523 nullis
2306 5484 2406 5522 vox
2428 5509 2441 5528 ,
2473 5472 2677 5535 carnis,
2709 5473 3013 5538 omittitur;
3045 5468 3108 5523 et
3129 5475 3178 5524 in
3210 5470 3415 5525 eisdem
3454 5484 3587 5526 mss.
3622 5473 3723 5527 ita-

2115 5539 2295 5614 betur,
2344 5542 2653 5614 superiore,
2708 5543 3121 5614 u’biilegebatnr
3168 5541 3401 5614 incdit.
3453 5556 3724 5614 superato.

2116 5610 2261 5664 Edit.
2304 5618 2484 5682 atttetn
2520 5612 2677 5667 itum.
2711 5614 2784 5664 ita
2817 5610 3012 5674 liabet.
3044 5629 3146 5666 non
3188 5612 3493 5667 elementum
3516 5610 3682 5670 terra:
3707 5658 3724 5682 ,

2116 5696 2277 5750 neque
2305 5681 2678 5739 substantiam.
2709 5694 2800 5735 aut
2839 5692 3078 5737 naturam
3120 5684 3293 5737 carnis
3316 5724 3331 5748 ,
3379 5683 3468 5736 sed
3510 5683 3564 5737 in
3615 5685 3727 5739 ele-

2116 5761 2286 5831 mento
2333 5768 2539 5806 carnem
2562 5754 3068 5831 _prtevuricatricmn.
3117 5752 3447 5810 Benedicitur
3486 5770 3615 5831 ατο
3664 5758 3727 5817 in

2114 5820 2323 5877 Christo
2350 5834 2485 5879 terra
2508 5863 2522 5891 ,
2551 5820 2648 5878 hoc
2673 5834 2746 5880 est
2774 5840 2930 5896 caro,
2963 5835 3050 5887 etc
