3988 6410
271 360 381 416 H69

1359 365 1422 420 IN
1463 364 1789 422 PSALIUM
1824 365 2037 424 ωινιιι
2076 367 2326 425 EXPOSI
2342 369 2459 425 ΠΟ.

3422 376 3561 434 i970

266 484 336 530 cet
358 475 408 529 in
441 487 513 529 eo
547 472 758 544 Pater;
799 477 924 546 quia
962 476 1137 533 Patris
1168 477 1344 548 gloria
1379 487 1484 533 est.
1529 477 1684 534 Hunc
1709 479 1800 549 qui
1828 493 1857 534 θ
1886 481 1940 546 Δ
1963 479 2200 538 Jordane
2244 482 2299 537 in
2341 499 2558 539 crucem
2581 526 2595 550 ,
2643 485 2711 542 de
2753 498 2915 543 cviioe
2946 487 2998 542 in
3027 488 3328 552 tumulum.
3362 489 3414 542 iu
3445 504 3559 545 ca:-

266 568 405 623 Patre
439 578 699 638 separat,
735 574 995 639 majorem
1031 569 1178 625 Patri
1206 570 1462 639 injuriam
1497 569 1658 637 facit,
1691 587 1852 640 quem

263 663 365 714 vult
389 675 511 716 esse
536 661 658 718 sine
682 663 876 732 gloria.
908 662 1060 716 Hunc
1085 662 1331 733 quisquis
1359 661 1572 736 103A.
1598 665 1856 734 a-qualem

263 754 393 812 Patri
420 772 527 810 non
559 766 749 826 putat,
781 755 1097 812 inferiorem
1127 764 1184 811 et
1209 756 1426 814 Patrem
1459 758 1703 827 judicat;
1735 773 1856 812 cum

265 853 357 906 alio
391 852 563 905 verbo
602 851 820 905 Patrem
859 852 978 918 plus
1017 851 1239 906 laudare
1293 868 1400 907 non
1455 852 1658 921 possit,
1706 851 1861 922 cujus

263 959 462 999 summa
499 943 619 997 laus
647 953 698 997 et
737 943 910 1012 gloria
940 942 1192 998 Christus
1218 953 1318 999 cst.

325 1036 376 1091 4.
408 1037 655 1106 Rogatur
683 1050 812 1106 ergo
841 1044 898 1090 ιιι
925 1035 1104 1091 veniat
1129 1037 1364 1092 salutare
1387 1036 1505 1092 Dei.
1538 1037 1632 1092 Ille
1659 1047 1743 1092 est
1767 1038 1860 1108 qui

263 1142 494 1200 rogatur,
537 1128 643 1182 hoc
680 1137 792 1194 est,
835 1129 1098 1183 Dominus
1133 1128 1325 1194 Jesus,
1353 1140 1407 1184 et
1434 1148 1536 1184 non
1564 1139 1648 1184 est
1679 1131 1860 1196 alius;

264 1225 390 1280 sicut
421 1223 590 1277 habet
612 1222 808 1277 littera:
838 1223 1238 1292 interpretatio.
1267 1223 1336 1278 Et
1363 1224 1443 1277 vel
1472 1221 1550 1278 sic
1578 1241 1684 1278 non
1713 1223 1864 1277 solus

263 1317 417 1373 Pater
446 1325 700 1384 rogatur:
735 1315 825 1369 Est
857 1325 910 1369 et
937 1316 1060 1381 ille,
1092 1316 1194 1370 hoc
1221 1328 1344 1379 est,
1377 1326 1427 1370 et
1460 1315 1631 1371 Filios
1657 1317 1746 1386 qui
1777 1331 1864 1370 ro-

261 1422 432 1482 gatur,
468 1420 523 1464 et
553 1419 773 1480 rogatus
795 1409 1049 1473 advenit,
1088 1420 1143 1464 et
1177 1409 1414 1464 salutare
1448 1410 1652 1463 mundo
1691 1407 1862 1464 dedit.

264 1504 385 1560 Ideo
427 1510 630 1579 σωτήρ,
663 1505 764 1556 hoc
791 1513 869 1556 est
907 1503 1147 1556 Salvator
1175 1518 1191 1563 ;
1229 1503 1350 1556 ideo
1379 1502 1537 1556 Jesus
1559 1543 1574 1566 ,
1604 1503 1740 1556 sicut
1773 1518 1865 1556 an-

262 1597 409 1669 gelus
437 1598 611 1651 dixit:
649 1595 752 1660 Qui
780 1595 977 1649 salvum
1005 1597 1160 1665 faciet
1186 1595 1437 1666 populum
1465 1611 1614 1647 suum
1647 1593 1865 1665 (Jlattlt.

264 1706 316 1756 ι,
338 1690 398 1744 ΞΙ
427 1699 468 1756 ι.
511 1691 644 1744 Cum
686 1691 961 1744 invocaret
996 1692 1156 1758 igitur
1185 1689 1451 1759 propheta
1474 1731 1487 1754 ,
1537 1689 1724 1743 aderat
1753 1705 1767 1752 ;
1810 1698 1870 1744 ut

264 1786 522 1856 probaret
555 1783 689 1838 illud
712 1825 725 1846 ,
759 1783 881 1852 quia
913 1781 1092 1836 adhuc
1126 1783 1475 1852 loquentibus
1503 1783 1664 1838 nobis
1694 1782 1864 1838 dicit:

264 1882 458 1936 Adsum
493 1879 675 1951 (Esai.
708 1894 878 1942 LVIII,
912 1879 990 1948 9).

335 1977 390 2031 5.
425 1975 635 2038 Adest,
668 1973 792 2042 quia
825 1972 1120 2026 suscitatus
1149 1987 1177 2024 a
1211 1969 1425 2024 filiabus
1452 1969 1652 2026 Judara:
1676 2010 1690 2034 ,
1719 1971 1874 2040 quasi

265 2072 624 2128 resuscitatus
661 2083 691 2121 a
732 2065 954 2122 ﬁliabus
1005 2065 1370 2120 Hierusalem.
1412 2064 1581 2119 Audit
1633 2065 1875 2120 Ecclesia

265 2180 457 2220 sonum
489 2163 642 2217 vocis
668 2161 789 2230 ejus
810 2203 824 2223 ,
851 2169 903 2214 et
931 2160 1060 2214 dicit
1086 2178 1098 2215 :
1137 2158 1248 2216 Vos:
1270 2158 1565 2212 consobrini
1592 2159 1710 2213 mei.
1741 2159 1876 2213 Ecce

268 2257 349 2310 hic
375 2256 583 2310 advenit
611 2254 806 2308 saliens
831 2269 988 2318 super
1017 2260 1232 2315 montes,
1267 2252 1562 2306 transiliens
1586 2267 1740 2319 super
1765 2252 1875 2306 col-

267 2350 341 2403 les
381 2346 558 2420 (Cant.
592 2362 665 2412 ιι,
700 2346 781 2417 8).
824 2346 1174 2414 Manipularis
1211 2353 1297 2399 est
1335 2344 1496 2409 liber,
1539 2344 1740 2401 multas
1782 2345 1878 2398 lla-

269 2443 404 2498 bens
454 2454 726 2511 personas
776 2437 1022 2504 nobiles,
1066 2446 1091 2474 ⁸
1131 2439 1284 2492 velut
1332 2439 1636 2505 manipulus
1686 2440 1878 2493 trium-

269 2536 477 2606 phalis,
511 2536 825 2603 multosque
850 2543 1006 2588 artus
1035 2532 1373 2604 signiﬁcans,
1404 2549 1540 2604 quos
1567 2535 1877 2605 intelligere

270 2628 442 2697 magis
463 2667 480 2691 ,
507 2642 670 2695 quam
703 2640 997 2691 espressos
1027 2635 1212 2680 tenere
1242 2628 1531 2695 possimus.
1564 2625 1695 2680 Nam
1724 2629 1876 2697 quasi

271 2718 658 2775 advenientem
700 2717 973 2783 Sponsmn
1018 2717 1252 2772 audierit
1294 2733 1418 2771 cum
1467 2717 1737 2786 aliquibus
1789 2733 1881 2786 pa-

271 2812 406 2868 riter
449 2810 724 2864 viantibus
791 2807 1195 2878 colloquentem
1224 2851 1238 2875 ,
1289 2809 1421 2863 dicit
1470 2808 1729 2876 Sponsa:
1775 2807 1882 2863 Vox

268 2903 568 2957 consobrini
599 2902 717 2955 mei.
763 2899 898 2954 Dum
933 2902 1173 2967 loquitur
1211 2917 1334 2955 cum
1379 2900 1595 2956 tiliabus
1628 2900 1882 2954 l-lierusa-

269 2996 380 3050 lem
404 3039 419 3058 ,
462 3005 516 3049 et
555 3004 706 3062 rogat
747 3003 806 3046 ut
848 2994 1086 3048 excitent
1114 3002 1168 3048 et
1200 2994 1525 3048 re~usciteot
1564 2995 1876 3060 Sponsum,

267 3089 462 3141 subito
499 3097 778 3156 tamquam
819 3085 885 3138 de
927 3086 1219 3154 longinquo
1260 3085 1442 3138 missae
1482 3084 1634 3138 vocis
1685 3099 1878 3138 sonum

271 3180 558 3243 sentit-ns.
614 3179 788 3234 dicit:
847 3178 960 3232 Vox
1011 3179 1303 3232 consobrini
1361 3177 1496 3243 nu-i,
1554 3177 1881 3231 annuntians

1961 573 2073 629 luta
2123 575 2191 629 de
2236 576 2507 644 sepulcro.
2559 576 2735 632 Proba
2774 579 2948 645 mihi,
2995 575 3196 647 David,
3237 581 3563 649 salientem,

1964 665 2129 734 proba
2172 678 2526 732 currentem;
2573 680 2626 722 ιιι
2667 670 2815 724 enim
2855 671 3042 726 dixisti
3074 689 3086 725 :
3113 670 3564 727 Exsultarittam-

1963 775 2112 827 quam
2142 761 2286 832 gigas
2315 759 2383 814 ad
2414 763 2720 816 currendum
2745 765 2881 818 uiam
2904 783 2923 820 :
2952 781 2985 820 a
3014 780 3213 820 sttan
3244 769 3369 822 calo
3399 785 3567 840 egres-

1963 851 2038 904 sio
2067 851 2202 922 ejus,
2222 863 2270 906 et
2301 869 2548 907 occursus
2579 858 2690 926 ejus
2719 872 2881 925 usque
2909 859 2976 910 ad
3004 869 3262 911 sumntum
3291 861 3405 927 ejus
3429 878 3448 927 ;
3479 877 3568 914 nec

1965 953 2036 996 est
2066 944 2154 1013 qui
2184 961 2239 998 se
2268 943 2546 999 abscondat
2575 963 2608 1000 a
2635 947 2807 1001 calore
2835 952 2950 1018 ejus
2980 948 3288 1016 (Psalavm
3307 994 3320 1015 ,
3351 952 3387 1006 6
3416 963 3461 1006 ιι
3489 954 3565 1024 7).

1967 1035 2112 1104 Ergo
2149 1047 2204 1091 et
2235 1053 2377 1092 nunc
2407 1039 2567 1101 salit,
2600 1054 2648 1095 et
2679 1057 2828 1097 nunc
2857 1045 3029 1096 currit
3057 1044 3126 1097 de
3155 1046 3319 1100 corde
3356 1047 3568 1120 1035

1967 1129 2145 1185 Patris
2176 1148 2341 1200 super
2370 1143 2592 1187 sanctos
2621 1149 2752 1189 suos
2775 1178 2790 1201 ,
2822 1134 2892 1189 de
2935 1135 3165 1192 Oriente
3209 1155 3374 1207 super
3415 1139 3572 1194 Occi-

1967 1221 2188 1278 dentem
2215 1228 2283 1281 de
2311 1225 2695 1295 Septentrione
2716 1243 2881 1298 super
2901 1229 3200 1284 Meridiem.
3227 1229 3348 1301 Ipse
3371 1243 3454 1287 est
3483 1235 3572 1302 qui

1970 1317 2218 1370 ascendit
2249 1332 2412 1387 super
2437 1320 2705 1373 Occasuni
2727 1362 2742 1385 ,
2770 1321 2884 1388 ipse
2917 1336 3083 1391 super
3112 1324 3282 1377 oculos
3309 1326 3570 1379 cmlorum

1969 1407 2035 1461 ad
2091 1407 2392 1464 Orientem.
2457 1412 2578 1482 Ipse
2643 1413 2887 1468 ascendit
2935 1430 3097 1484 super
3152 1427 3405 1482 montes,
3459 1417 3575 1487 ipse

1969 1517 2136 1567 super
2165 1505 2352 1559 collus.

2049 1594 2099 1648 7.
2149 1593 2364 1650 Utinam
2417 1611 2520 1666 ego
2560 1598 2728 1653 miser
2774 1599 2948 1654 dicam
2975 1642 2990 1665 ,
3021 1599 3168 1655 dicat
3198 1605 3375 1657 anima
3416 1617 3577 1658 mea:

1973 1685 2110 1741 Ecce
2131 1689 2225 1742 iste
2247 1689 2482 1754 advenit,
2518 1697 2573 1744 et
2601 1692 2821 1746 advenit
2853 1709 2959 1746 non
2992 1708 3159 1762 super
3188 1704 3433 1760 terrena,
3468 1712 3573 1748 non

1973 1795 2140 1850 super
2171 1781 2340 1836 valles
2366 1797 2380 1847 ;
2414 1783 2508 1836 sed
2539 1783 2754 1838 advenit
2786 1787 2975 1840 saliens
3001 1803 3156 1858 super
3178 1799 3408 1851 montes;
3440 1788 3582 1842 Dens

1899 1885 1948 1947 Β
1977 1876 2122 1930 enim
2150 1917 2166 1942 ,
2222 1878 2362 1931 lleus
2402 1881 2670 1933 montium
2721 1889 2840 1946 est,
2877 1891 2900 1919 ο
2931 1890 2990 1934 et
3034 1896 3147 1936 non
3190 1881 3433 1937 vallium.
3479 1881 3580 1939 Ubi

1977 1984 2106 2036 ergo
2149 1970 2311 2024 salit?
2352 1972 2528 2039 Super
2566 1982 2780 2027 montes
2820 1972 2964 2027 salit.
3011 1972 3068 2028 Si
3111 1975 3188 2028 sis
3229 1989 3424 2040 mons,
3456 1977 3585 2030 Salit

1977 2074 2145 2130 super
2191 2071 2262 2117 te.
2309 2063 2446 2117 Solit
2495 2078 2662 2131 Super
2708 2064 2964 2129 Esaiam,
3011 2065 3140 2120 salit
3184 2079 3350 2136 super
3395 2067 3584 2121 llierc-

1979 2151 2178 2217 mium,
2227 2153 2351 2207 salit
2397 2169 2562 2224 super
2593 2156 2848 2222 Petrum,
2897 2155 3246 2222 Johanncm,
3295 2158 3580 2214 Jacobum.

1981 2245 2185 2302 Montes
2224 2248 2278 2301 in
2319 2248 2540 2303 circuitu
2566 2250 2677 2319 ejus
2705 2249 2876 2320 (Psal.
2907 2257 3099 2306 cxvlv.
3128 2251 3194 2322 Ξ)
3225 2268 3239 2304 :
3269 2252 3316 2306 si
3351 2269 3457 2306 non
3491 2268 3585 2321 po-

1982 2350 2061 2395 tes
2112 2357 2269 2396 mons
2319 2359 2476 2410 esse,
2532 2361 2630 2397 nec
2675 2348 2972 2414 pricvalcs.
3020 2357 3137 2401 esto
3170 2348 3251 2401 vel
3299 2349 3489 2412 collis,
3525 2360 3580 2404 ιιι

1979 2450 2145 2504 super
2166 2446 2216 2489 te
2235 2435 2482 2490 Christus
2509 2438 2788 2498 ascendat:
2816 2450 2869 2493 et
2893 2440 2936 2494 si
2969 2441 3230 2508 transilit,
3257 2439 3283 2478 ἀ
3311 2442 3382 2497 ita
3408 2452 3586 2497 trans-

1981 2527 2099 2581 iliat
2121 2569 2136 2593 ,
2171 2539 2225 2581 ut
2259 2538 2310 2582 te
2344 2531 2604 2583 transitus
2632 2530 2754 2600 ejus
2787 2532 2976 2585 umbra
3009 2533 3302 2586 custodiat.

2054 2621 2105 2676 8.
2152 2621 2397 2676 Diximus
2447 2623 2518 2676 dc
2553 2625 2774 2677 Chrism
2811 2634 2862 2677 el
2906 2623 3190 2678 Ecclesia:
3231 2625 3480 2680 dieamus
3516 2627 3582 2681 de

1981 2715 2158 2769 anima
2189 2724 2247 2769 et
2280 2713 2474 2770 Verbo.
2510 2715 2701 2770 Anima
2724 2715 2856 2785 justi
2886 2717 3093 2784 Sponsa
3124 2727 3208 2771 est
3239 2717 3423 2772 Verbi.
3457 2717 3582 2772 lltcc

1983 2807 2028 2862 si
2060 2808 2372 2873 desideret,
2405 2813 2449 2860 si
2481 2809 2665 2875 cupiat
2693 2849 2708 2872 ,
2741 2808 2786 2862 si
2815 2818 2933 2862 oret
2954 2847 2969 2872 ,
3003 2820 3052 2863 et
3085 2817 3205 2862 oret
3231 2811 3485 2875 assidue,
3530 2815 3586 2865 et

1984 2909 2101 2953 oret
2133 2899 2251 2953 sine
2282 2901 2385 2952 ulla
2414 2899 2828 2968 disceptatione.
2863 2910 2914 2952 et
2947 2909 3057 2954 tota
3093 2901 3334 2954 intendat
3367 2903 3420 2955 in
3455 2901 3580 2955 Ver-

1984 2990 2108 3045 bum
2131 3031 2147 3056 ,
2172 2991 2349 3043 subito
2374 3006 2557 3045 vocem
2581 2991 2682 3044 sibi
2705 2991 2917 3044 videtur
2936 2991 3054 3060 i-jus
3078 2993 3265 3047 audire
3287 3007 3445 3062 quem
3477 3007 3585 3046 non

1985 3086 2170 3150 videt,
2193 3095 2249 3139 et
2272 3087 2462 3140 intimo
2484 3100 2644 3139 sensu
2673 3087 2895 3140 odorem
2923 3087 3227 3140 divinitatis
3250 3087 3368 3155 eius
3415 3098 3582 3157 agno-

1990 3179 2123 3232 scit:
2153 3178 2295 3246 quod
2321 3179 2596 3245 patiuntur
2615 3178 2928 3246 plerumque
2949 3180 3037 3249 qui
3055 3181 3192 3233 bene
3213 3181 3460 3234 credunt.
3485 3180 3589 3233 Rc-

268 3288 433 3343 qucm
475 3273 714 3326 nuntiari
756 3269 858 3325 sibi
897 3281 1022 3326 ante
1060 3271 1378 3341 quaerebat,
1419 3287 1579 3339 quem
1629 3271 1882 3340 cupiebat
1911 3269 1955 3331 C
1990 3271 2205 3341 plentur
2227 3271 2406 3324 subito
2431 3285 2592 3324 nares
2619 3271 2819 3323 anima-
2845 3273 3074 3339 spiritali
3105 3273 3272 3336 gratia
3297 3313 3310 3334 ,
3341 3281 3395 3324 et
3424 3271 3590 3326 sentit

267 3363 340 3418 ab
383 3365 503 3418 aliis
539 3363 840 3418 snsi-ituri:
881 3378 977 3417 sua
1019 3379 1179 3431 prece
1221 3363 1606 3416 resuscitatum
1648 3381 1676 3414 a
1719 3364 1878 3418 Patre

272 3455 463 3510 venire
487 3456 602 3524 jam
638 3453 905 3521 credens,
939 3456 1062 3508 [avla
1092 3455 1262 3510 dicit:
1304 3453 1406 3510 Vos
1434 3453 1726 3508 consobrini
1758 3455 1876 3510 mei.

268 3550 420 3605 Bene
467 3548 721 3616 addidit,
773 3549 1063 3602 consobrini
1113 3549 1256 3614 mei;
1311 3557 1368 3601 ut
1417 3565 1522 3602 non
1573 3549 1731 3612 alite,
1780 3549 1879 3604 scd

269 3641 599 3697 cmisobriua
629 3641 746 3694 Sola
778 3639 881 3694 sibi
911 3641 1030 3709 ejus
1063 3640 1360 3695 vindicaret
1389 3641 1704 3695 adventum.

345 3739 398 3789 li.
459 3733 632 3800 Ecce,
687 3733 900 3804 inquit,
950 3735 1045 3787 iste
1090 3735 1316 3789 advenit.
1369 3733 1561 3789 Adhuc
1606 3751 1706 3805 ego
1753 3750 1878 3789 eum

267 3845 487 3900 quaero,
518 3837 577 3883 et
609 3827 702 3884 ille
729 3827 841 3896 jam
874 3827 1060 3881 venit:
1094 3827 1273 3882 adhuc
1306 3843 1406 3898 ego
1436 3827 1690 3899 soli‘ragia
1723 3839 1880 3894 capto

270 3933 332 3977 ut
374 3923 591 3988 veniat,
635 3932 688 3974 et
729 3921 822 3976 ille
859 3919 969 3989 jam
1012 3923 1293 3991 proximus
1331 3931 1434 3976 est.
1478 3923 1590 3991 Ego
1629 3923 1879 3977 suscitari

268 4016 406 4072 mihi
443 4017 771 4072 cliaritatem
809 4015 1004 4084 cupio,
1048 4031 1150 4084 ego
1193 4031 1278 4069 me
1317 4016 1657 4071 vulneratam
1702 4015 1882 4071 chari-

271 4118 402 4162 tat:s
429 4121 600 4178 puto;
633 4117 689 4161 ct
717 4107 785 4162 ad
817 4124 902 4164 me
935 4107 1053 4175 plus
1081 4109 1320 4162 cliaritas
1351 4108 1466 4175 ipsa
1500 4107 1738 4164 festinat.
1772 4109 1882 4178 Ego

269 4203 384 4259 disi
411 4221 424 4256 :
466 4202 642 4257 Veni:
677 4203 769 4256 ille
800 4203 927 4257 salit
957 4213 1010 4256 et
1044 4203 1300 4257 transilit.
1335 4203 1448 4272 Ego
1479 4218 1609 4272 μευ
1639 4217 1761 4256 eum
1793 4218 1884 4256 ve-

269 4298 392 4349 nire
421 4312 544 4348 rum
576 4294 748 4365 gratia
778 4311 790 4348 :
827 4297 916 4349 ille
941 4294 1242 4364 gratiarum
1271 4306 1526 4364 operatur
1553 4302 1879 4364 augmenta:

267 4396 326 4441 et
369 4387 495 4440 dum
543 4389 727 4449 venit,
770 4385 1108 4440 incrementa
1152 4383 1340 4455 gratio
1382 4401 1563 4440 secum
1606 4387 1784 4450 vehit,
1831 4395 1884 4439 et

268 4477 546 4544 veniendo
575 4478 849 4547 acquirit;
884 4479 1009 4546 quia
1050 4479 1235 4534 studet
1274 4480 1435 4533 etiam
1482 4481 1594 4548 ipsi:
1625 4495 1738 4532 suus
1771 4478 1885 4547 pla-

263 4587 400 4626 cere
442 4571 679 4625 dilectte.
725 4569 863 4626 Salit
911 4585 1077 4641 super
1121 4571 1373 4633 excelsa,
1419 4579 1477 4624 ιιι
1517 4573 1772 4624 asvcndat
1816 4568 1881 4623 ad

263 4664 482 4734 Sponsa
492 4682 542 4717 ιιι
578 4681 592 4728 ;

263 4758 497 4814 Christi.
535 4755 561 4794 ι)
587 4757 722 4812 Salit
767 4773 934 4825 super
975 4757 1187 4822 Adam,
1235 4756 1470 4810 transilit
1514 4773 1675 4824 super
1707 4757 1878 4827 Syna-

261 4866 492 4923 gogam.
521 4849 662 4906 Salit
690 4863 855 4918 super
894 4861 1120 4918 gentes,
1167 4849 1396 4904 transilit
1437 4863 1601 4911 super
1643 4847 1880 4902 ludicos.

263 4944 576 5000 Videamus
603 4942 912 4998 salientem.
945 4941 1088 4997 Salit
1114 4939 1182 4994 de
1213 4941 1352 4996 cwlu
1385 4941 1436 4994 in
1469 4939 1783 5010 Virginem,
1817 4940 1886 4994 de

266 5047 434 5092 utero
485 5038 541 5091 in
591 5049 871 5106 praesepe,
922 5033 989 5089 de
1037 5036 1303 5104 praesepio
1350 5034 1400 5087 in
1444 5032 1775 5099 Jordauem,
1819 5033 1885 5087 de

352 5275 377 5301 ⁸
411 5264 559 5320 Edit.
587 5271 643 5319 et
675 5276 804 5316 mss.
836 5276 944 5316 non
977 5264 1172 5330 pauci,
1209 5262 1344 5315 velut
1375 5261 1672 5328 manipulos
1704 5261 1884 5314 trium—

269 5337 462 5410 phales
488 5345 661 5410 ;_octo
700 5344 880 5410 tamen
909 5348 973 5401 ex
1021 5333 1136 5394 bis;
1186 5334 1320 5386 velut
1365 5332 1662 5410 manipulus
1704 5335 1885 5410 trium-

268 5403 474 5479 phalis.
505 5403 741 5474 Optime.
769 5405 972 5479 Dicitur
997 5415 1176 5456 autem
1210 5403 1885 5479 Irminphalismanipulus

271 5473 458 5533 turnia
501 5486 853 5543 senatorum,
898 5475 1236 5543 aliorumun
1278 5491 1515 5528 urorum
1555 5473 1882 5540 illustrium,

269 5551 481 5618 quibus
508 5541 996 5618 imperatoratium
1040 5541 1435 5618 triumpharet,
1477 5546 1886 5618 stipatusitice-

270 5614 464 5678 debat.
501 5619 635 5672 Vide
661 5616 882 5681 Jnseth‘
920 5616 1190 5670 Laurentii
1227 5614 1608 5686 Palmum/tiam
1629 5656 1642 5676 ,
1675 5615 1766 5667 lib.
1799 5627 1886 5678 ιιι,

270 5707 408 5763 Byn.
441 5692 499 5745 ll
561 5691 690 5763 Item
719 5689 881 5743 Juan.
912 5687 1125 5742 Prusini
1150 5684 1511 5751 Antiqiﬂom.
1543 5687 1634 5740 lib.
1665 5702 1694 5738 κ
1716 5725 1730 5751 ,
1768 5700 1887 5755 cap.

271 5762 361 5818 ﬂ
381 5799 400 5825 .
423 5773 482 5815 et
505 5762 664 5816 alios.

364 5849 495 5924 His
523 5865 658 5920 mss.
686 5849 999 5931 duodecim.
1033 5847 1177 5902 Edit.
1209 5865 1338 5906 vero
1387 5864 1509 5906 cum
1553 5848 1708 5916 aliis;
1759 5848 1896 5914 Salii

668 4665 899 4733 Sponsa:
953 4665 1098 4719 enim
1163 4664 1430 4718 thalamus
1487 4664 1722 4718 tribunal
1799 4652 1960 4718 estD

1983 3362 2087 3418 sibi
2119 3365 2425 3431 pt'tcse'ntia:
2451 3363 2568 3432 ejus
2596 3361 2780 3417 ﬂatum
2811 3364 3054 3430 astiirare
3079 3379 3239 3434 quem
3271 3365 3462 3434 quatrit
3488 3407 3502 3429 ,
3529 3363 3585 3420 et

1985 3455 2149 3509 dicit:
2189 3453 2328 3510 Ecce
2366 3455 2470 3510 iste
2509 3454 2626 3525 ipse
2661 3465 2746 3510 est
2781 3472 2942 3526 quem
2978 3472 3229 3526 reijniro,
3271 3459 3388 3529 ipse
3418 3471 3580 3528 quem

1983 3545 2255 3602 desidero.

2057 3644 2108 3695 9.
2143 3641 2332 3698 Nonne
2361 3658 2482 3697 cum
2515 3643 2716 3712 aliquid
2746 3643 2815 3698 de
2845 3642 3146 3714 Scripluris
3175 3643 3498 3716 cogitamus,
3525 3641 3584 3703 ei

1983 3737 2419 3806 explanationem
2470 3737 2586 3806 cjus
2628 3737 2870 3791 invenire
2919 3752 3026 3792 non
3078 3752 3399 3808 possumus,
3453 3741 3582 3794 dum

1985 3829 2294 3885 dubitamus
2315 3871 2329 3896 ,
2363 3829 2488 3884 dum
2520 3832 2811 3900 quievimus
2834 3872 2848 3895 ,
2879 3831 3064 3884 subito
3096 3831 3251 3886 nobis
3290 3833 3448 3902 quasi
3493 3849 3586 3888 su-

1987 3941 2083 3994 per
2136 3935 2350 3980 montes
2398 3923 2660 3979 altissima
2707 3923 2958 3993 dogmata
3003 3923 3218 3977 videtur
3247 3927 3583 3978 ascendere:

1984 4018 2181 4072 deinde
2222 4019 2372 4086 quasi
2405 4031 2570 4085 super
2597 4016 2765 4069 colles
2795 4029 3062 4083 apparens
3094 4015 3246 4068 nobis
3269 4055 3282 4080 ,
3317 4015 3588 4071 illuminat

1987 4118 2260 4172 Inmitem;
2297 4120 2347 4161 ut
2384 4107 2630 4162 infundat
2655 4107 2908 4161 sensibus
2930 4147 2944 4172 ,
2975 4107 3118 4176 quod
3149 4107 3398 4163 invenire
3427 4121 3587 4178 posse

1985 4202 2210 4256 difﬁcile
2252 4201 2575 4256 videbatur?
2615 4200 2758 4270 Ergo
2797 4200 2951 4270 quasi
2990 4217 3056 4255 ex
3099 4201 3323 4256 absente
3365 4201 3420 4256 ﬁt
3450 4217 3587 4272 pra:-

1985 4311 2114 4350 sens
2144 4294 2378 4349 Verbum
2413 4295 2466 4348 in
2494 4295 2751 4348 cordibus
2780 4293 2997 4348 llOrll‘iS.
3030 4295 3094 4349 Et
3125 4309 3312 4350 rursus
3336 4311 3460 4350 cum
3490 4297 3590 4351 ali-

1985 4387 2110 4457 quid
2157 4386 2310 4442 uobis
2349 4386 2747 4440 subobscurum
2790 4395 2913 4451 est,
2957 4398 3229 4456 tamquam
3273 4388 3592 4442 subducitur

1995 4481 2264 4546 Verbum,
2290 4489 2345 4534 ct
2376 4491 2647 4548 tamquam
2692 4479 2935 4532 absentis
2976 4480 3267 4534 adventum
3311 4481 3590 4536 desidera—

1987 4590 2145 4628 mus:
2196 4582 2248 4627 ct
2298 4572 2494 4626 iterum
2541 4587 2814 4642 apparens
2845 4571 3086 4624 ostendit
3127 4586 3190 4627 se
3226 4572 3381 4626 nobis
3405 4613 3419 4635 ,
3450 4583 3588 4627 tam-

1987 4681 2147 4735 quam
2181 4679 2423 4731 prresens
2453 4664 2522 4716 sit
2551 4663 2708 4718 nobis
2737 4664 2788 4717 in
2819 4663 2886 4715 iis
2907 4703 2920 4724 ,
2951 4677 3072 4732 qua:
3100 4664 3426 4732 requirimus
3451 4691 3462 4727 δ
3495 4679 3587 4720 co~

1988 4755 2332 4826 gnoscendis.
2372 4755 2509 4811 Salit
2539 4770 2670 4823 ergo
2713 4755 2765 4807 in
2813 4757 3240 4824 uniuscujusque
3276 4757 3444 4809 corde
3486 4757 3592 4812 tre-

1987 4857 2253 4917 quenter:
2289 4845 2522 4900 transilit
2547 4854 2601 4898 et
2628 4847 2740 4899 exit
2763 4887 2775 4908 ,
2807 4856 2859 4898 et
2892 4846 3204 4910 revertitur,
3242 4846 3288 4900 si
3317 4850 3588 4917 sequarls,

1989 4940 2036 4993 si
2084 4939 2361 5008 requiras,
2416 4937 2460 4990 si
2511 4936 2605 4991 tibi
2654 4935 2892 4991 tldclium
2941 4937 3148 5005 gratia,
3194 4937 3591 5008 disceptatione

1991 5032 2274 5086 doctorum
2317 5028 2550 5084 Verbum
2597 5028 2739 5098 quod
2785 5031 2997 5082 exierat
3043 5037 3204 5098 atque
3258 5033 3587 5094 transierat,

1992 5275 2146 5326 super
2181 5257 2481 5311 Ecclesium.
2511 5255 3065 5326 Qnamimutatlonem
3093 5266 3153 5304 ea
3192 5253 3364 5324 gratia
3404 5254 3591 5314 induc-

1995 5324 2099 5384 tam
2144 5339 2524 5389 autumamus;
2569 5335 2625 5379 ut
2672 5325 2910 5378 Ecclesia
2956 5324 3295 5394 Synagogau,
3344 5337 3464 5395 qua:
3508 5341 3593 5382 se-

1992 5404 2174 5470 quenti
2215 5399 2460 5454 membro
2497 5395 2830 5470 nominatur,
2867 5399 3253 5470 opponeretur.
3289 5395 3485 5452 Verum
3515 5398 3594 5453 id-

1994 5466 2087 5527 eiri
2109 5488 2140 5524 ο
2171 5472 2257 5524 hic
2292 5471 2482 5522 Adaiui
2515 5467 2728 5520 videtur
2758 5473 2890 5517 tacta
2921 5466 3161 5529 mentio,
3193 5477 3243 5518 ut
3277 5474 3597 5525 Ostentlatttr

1993 5544 2350 5604 ἰιιιιιιοιειιιιειι,
2383 5549 2439 5591 ιιι
2475 5549 2701 5600 vocant,
2740 5546 2976 5600 statum,
3016 5549 3079 5589 ac
3118 5537 3290 5607 lrgem
3328 5554 3535 5596 natura:
3563 5555 3594 5600 a

1995 5614 2210 5668 Christo
2241 5628 2344 5666 non
2376 5610 2542 5663 fuisse
2568 5610 2762 5661 aliena.

2074 5716 2093 5742 ο
2131 5705 2288 5758 litim.
2319 5698 2449 5754 odit.
2487 5699 2751 5753 reciderat
2786 5709 2949 5752 voces
2978 5709 3023 5752 et
3054 5713 3152 5751 non
3180 5699 3391 5754 vallium
3415 5741 3431 5769 ,
3463 5718 3598 5774 quas

2001 5787 2180 5832 tamen
2213 5773 2473 5828 exhibent
2498 5784 2690 5824 omnes
2721 5787 2850 5824 mss.
2881 5779 2934 5823 et
2961 5775 3071 5822 ant.
3100 5775 3231 5825 cdit.

2073 5847 2098 5885 ά
2136 5847 2190 5904 ln
2218 5843 2470 5902 otnnibus
2499 5840 2614 5898 fere
2643 5857 2779 5910 mss.
2802 5842 3063 5897 omissum
3092 5839 3194 5898 fuit
3218 5843 3291 5900 ita
3318 5844 3597 5906 transiliat.
