3988 6322
406 295 540 356 1271

1755 286 2003 345 SANCTI
2039 285 2369 345 AMBROSII

3577 287 3716 343 i272

398 394 645 481 postules
672 404 994 462 resuscitari
1022 421 1037 471 ;
1067 403 1209 461 sicut
1232 403 1321 459 illa
1348 418 1469 474 quae
1494 403 1747 475 quaesivit
1771 412 1827 460 et
1854 402 2005 460 inve-
2032 407 2086 469 Α
2108 419 2215 461 non
2244 403 2462 461 laedant.
2510 403 2752 477 Denique
2793 405 3023 461 eductus
3058 404 3128 463 de
3170 404 3409 461 latibulis
3449 405 3567 462 suis
3604 418 3718 461 ser-

403 501 522 564 uit,
565 514 691 571 quae
732 498 905 555 dixit:
946 496 1137 551 Frater
1163 513 1308 553 meus
1345 496 1623 552 transivit:
1661 496 1841 552 anima
1883 513 2004 553 mea

403 594 557 649 exivit
588 593 641 646 in
670 591 822 646 uerbo
847 591 958 656 eius
987 588 1165 662 (Cant.
1195 605 1250 653 v,
1277 587 1355 659 6).

483 684 571 740 10.
607 684 750 754 Ergo
780 690 833 736 et
863 682 909 737 si
939 697 1104 752 super
1133 691 1350 738 montes
1380 682 1539 749 salit,
1575 696 1846 755 sequere:
1879 690 1935 739 et
1961 683 2009 738 si

407 793 572 847 super
591 777 780 843 colles,
809 790 1059 847 sequere.
1086 776 1451 847 Reperiuntur
1476 777 1619 833 enim
1650 778 1702 831 in
1732 777 2012 833 montibus

405 880 461 926 et
512 869 566 924 in
610 868 844 928 collibus
895 878 1188 924 venatores
1228 868 1481 934 Domini,
1540 868 1633 940 qui
1682 868 2012 941 investigarit

404 977 501 1018 eos
532 963 624 1033 qui
654 961 947 1032 capiuntur
976 961 1044 1016 ad
1076 962 1265 1017 vitam.
1297 961 1389 1018 Sic
1416 962 1563 1019 enim
1593 962 1731 1018 dixit
1759 978 1859 1033 per
1887 963 2013 1019 Ilie-

406 1056 633 1111 remiam
664 1055 808 1110 Deus
838 1072 851 1108 :
885 1053 1018 1109 Ecce
1045 1057 1190 1109 mitto
1221 1055 1412 1111 multos
1435 1055 1720 1128 piscatores
1743 1097 1757 1122 ,
1785 1097 1801 1112 .
1830 1094 1845 1110 .
1879 1097 1892 1110 .
1923 1097 1935 1110 .
1968 1068 2015 1111 et

408 1149 600 1203 multos
648 1159 948 1215 venatores,
1010 1157 1059 1203 et
1112 1150 1435 1203 uenabuntur
1487 1164 1574 1203 eos
1614 1165 1772 1220 super
1813 1164 2016 1202 omnem

408 1251 635 1297 montem
658 1283 672 1305 ,
700 1252 746 1296 et
774 1257 930 1313 super
955 1256 1157 1295 omnem
1182 1241 1367 1296 collem
1399 1237 1614 1313 (Jerem.
1642 1256 1731 1295 xvt
1752 1281 1765 1304 ,
1794 1239 1906 1312 16).
1937 1238 2016 1295 Ibi

407 1350 540 1404 ergo
568 1334 802 1406 populus
828 1334 926 1390 Dei
951 1345 1250 1404 quzeratur,
1281 1342 1337 1389 et
1365 1335 1676 1390 inveniatur
1702 1333 1756 1388 in
1788 1333 1933 1390 Petri
1964 1342 2020 1391 et

412 1430 465 1483 in
497 1428 648 1483 Pauli
680 1427 927 1483 doctrina
952 1468 966 1493 ,
994 1429 1164 1498 gratia
1186 1469 1200 1493 ,
1230 1427 1519 1497 disciplina
1546 1444 1561 1494 ;
1591 1435 1650 1481 ut
1679 1442 1784 1482 nou
1812 1426 1865 1481 in
1890 1442 2022 1481 con-

415 1521 556 1576 valle
599 1521 739 1585 sint,
791 1520 879 1576 ubi
926 1519 1124 1576 fletus:
1174 1521 1271 1577 sed
1315 1522 1368 1576 in
1413 1521 1721 1588 montibus,
1764 1537 1793 1576 a
1824 1520 2021 1593 quibus

417 1629 860 1686 unumquemque
887 1612 1140 1671 Christus
1180 1614 1472 1671 illuminat.
1520 1614 1587 1670 Et
1631 1630 1754 1670 cum
1798 1614 2020 1671 Petrum

417 1709 649 1779 legimus
670 1750 685 1776 ,
712 1707 967 1764 Christus
995 1707 1286 1763 illuminat.
1311 1707 1381 1762 Et
1408 1722 1531 1763 cum
1556 1707 1779 1762 Paulum
1814 1707 2026 1779 1036

2111 513 2244 570 pens
2266 541 2280 566 ,
2314 501 2402 570 qui
2433 499 2836 570 producebatur
2870 514 2937 556 ex
2978 499 3201 557 homine
3222 542 3237 568 ,
3273 499 3532 557 dicebat:
3584 499 3718 568 Quid

2109 594 2291 648 venisti
2318 603 2438 649 ante
2467 603 2669 667 tempus
2697 602 2930 665 torquere
2954 610 3047 650 nos
3075 593 3294 667 (Matth.
3325 588 3449 661 vnt,
3476 592 3615 666 29)?

2182 687 2270 743 i3.
2321 687 2517 758 (Vers.
2546 686 2680 759 42.)
2712 688 3039 759 Spectemus
3067 703 3199 759 ergo
3237 689 3527 746 salientem
3573 690 3714 746 hunc

2116 780 2401 836 hinnulum
2422 822 2437 847 ,
2474 790 2530 835 ut
2561 796 2668 836 non
2699 780 2973 852 possimus
3004 781 3199 838 timere
3228 790 3560 851 serpentem.
3604 780 3719 840 Non

2115 873 2339 929 timebat
2367 872 2559 929 David.
2602 872 2849 943 Denique
2876 873 2945 929 de
2975 873 3061 930 his
3088 874 3306 930 dicebat
3333 873 3719 946 serpentibus:

2118 964 2184 1020 Et
2212 964 2528 1038 respondebo
2556 965 2986 1037 exprobrantibus
3017 965 3145 1021 mihi
3175 969 3385 1023 verbum
3407 1011 3421 1034 ,
3450 967 3578 1038 quia
3602 984 3722 1039 spe-

2116 1058 2226 1111 ravi
2251 1058 2305 1112 in
2331 1057 2654 1113 sermonibus
2680 1062 2801 1113 tuis.
2832 1057 2996 1124 Quasi
3030 1059 3206 1114 bonus
3233 1073 3427 1115 cervus
3447 1102 3461 1124 ,
3503 1060 3601 1132 qui
3638 1060 3721 1117 bi-

2119 1149 2288 1205 bisset
2316 1149 2385 1205 de
2415 1148 2656 1207 fontibus
2682 1165 2966 1225 aquarum,
2994 1164 3333 1222 nequaquam
3364 1150 3725 1209 humanorum

2119 1242 2454 1315 serpentium
2485 1246 2694 1313 spiras,
2733 1252 2791 1300 et
2831 1242 3221 1299 maledicorum
3258 1259 3469 1301 venena
3508 1255 3726 1302 metue-

2121 1334 2236 1389 bat.
2268 1333 2503 1390 Colubcr
2538 1334 2616 1390 illi
2656 1351 2763 1390 non
2804 1343 2923 1392 erat
2963 1349 3137 1404 noxa,
3176 1334 3274 1392 sed
3318 1336 3520 1407 praeda.
3560 1337 3728 1392 Cibus

2122 1437 2242 1485 erat
2266 1428 2562 1499 serpentini
2588 1428 2736 1484 virus
2760 1427 3015 1499 alloquii,
3050 1437 3103 1483 et
3132 1428 3287 1483 cibus
3318 1428 3494 1484 laudis
3522 1428 3593 1484 de
3622 1444 3729 1501 quo

2124 1519 2337 1577 dicebat
2362 1537 2376 1576 :
2404 1518 2543 1575 Deus
2560 1562 2575 1587 ,
2606 1519 2814 1575 laudent
2839 1535 3004 1575 nteant
3028 1536 3093 1574 ne
3120 1519 3341 1576 tacueris
3364 1537 3382 1587 ;
3405 1521 3651 1590 quoniam
3675 1537 3732 1575 os

2124 1613 2433 1686 peccatoris,
2474 1625 2523 1668 et
2563 1629 2621 1669 os
2652 1612 2822 1667 dolosi
2859 1628 3015 1682 super
3045 1628 3124 1666 me
3152 1620 3386 1683 apertum
3421 1623 3496 1668 est
3541 1610 3726 1684 (Psuf.

2128 1720 2290 1771 cvm,
2340 1705 2433 1777 2).
2488 1704 2855 1777 Saginabatur
2912 1714 3304 1762 venenatorum
3365 1705 3731 1762 sermonibus.

414 1799 647 1870 legimus
668 1841 682 1865 ,
735 1798 985 1855 Christus
1017 1799 1305 1854 illuminat.
1340 1797 1563 1854 Curavit
1592 1798 1791 1855 Paulus
1813 1841 1829 1867 ,
1863 1799 2019 1854 Chri-
2050 1808 2099 1868 Β
2127 1808 2149 1837 ο
2182 1798 2259 1853 Illi
2288 1797 2445 1853 sibila
2475 1797 2932 1854 obtrectationum
2956 1812 3050 1854 ora
3081 1797 3364 1864 tollebant,
3388 1806 3443 1854 et
3467 1798 3737 1854 sermOui-

421 1901 536 1947 stus
568 1890 932 1958 illuminavit;
962 1892 1222 1963 quOuiam
1254 1892 1503 1947 invocato
1537 1892 1749 1947 Domini
1780 1892 1909 1949 Jesu
1932 1906 2031 1948 no-

424 1984 602 2049 mine,
640 1984 971 2049 resurrexit,
1004 1984 1162 2055 cujus
1191 1994 1412 2041 sanatus
1439 1994 1523 2040 est
1552 1998 1798 2041 munere.
1831 1985 2025 2041 Susci-

422 2079 556 2131 tavit
587 2085 856 2131 mortuam
887 2076 1114 2142 Petrus,
1145 2074 1396 2133 Christus
1433 2077 1799 2145 illuminavit;
1826 2088 1882 2134 et
1907 2079 2028 2135 ideo

424 2171 542 2223 ait:
587 2165 905 2225 Itiuminans
960 2179 1017 2224 tu
1068 2169 1378 2225 mirabiliter
1432 2187 1464 2224 a
1517 2171 1775 2227 montibus
1825 2174 2032 2228 aeternis

427 2258 603 2335 (Psal.
632 2275 814 2329 Lxxv,
843 2261 925 2333 5).

502 2354 590 2410 11.
616 2353 728 2410 Nos
754 2354 917 2425 igitur
937 2354 1031 2426 qui
1058 2364 1274 2413 montes
1303 2370 1427 2413 esse
1451 2371 1559 2412 non
1588 2371 1899 2428 possumus,
1925 2368 2032 2413 Ste-

429 2464 550 2505 mus
590 2449 642 2504 iu
684 2449 960 2506 montibus
1003 2450 1089 2506 vel
1131 2450 1184 2506 in
1232 2451 1503 2519 collibus;
1548 2461 1605 2507 ut
1649 2466 1773 2507 cum
1822 2452 2036 2507 miserit

430 2543 734 2615 piscatores
761 2560 892 2600 suos
920 2545 1182 2602 Dominus
1202 2588 1216 2613 ,
1244 2555 1295 2602 et
1328 2552 1620 2602 venatores
1638 2588 1653 2613 ,
1683 2555 1742 2603 ut
1770 2558 2034 2603 venentur

430 2650 524 2692 eos
545 2636 635 2707 qui
658 2651 823 2706 super
843 2652 1064 2694 omnem
1087 2647 1327 2694 montem
1353 2647 1500 2706 sunt,
1525 2639 1607 2695 vel
1629 2654 1794 2711 super
1815 2654 2035 2696 omnem

427 2729 658 2794 collem,
692 2729 744 2785 id
774 2738 888 2798 est,
919 2730 971 2785 in
1004 2730 1163 2802 Legis
1193 2739 1249 2787 et
1277 2732 1669 2803 prophetarum
1700 2734 1991 2804 praeceptis
2016 2773 2032 2798 ,

430 2831 487 2877 et
515 2822 644 2877 novi
668 2831 723 2878 et
750 2825 951 2879 veteris
981 2824 1314 2881 Testamenti
1345 2825 1656 2898 cognitione
1685 2841 1906 2883 omnem
1940 2827 2037 2883 ha-

434 2914 1171 2985 bentcs'conversationcm,
1219 2917 1504 2974 inveniant
1545 2935 1644 2974 uos
1685 2929 1938 2991 paratos,
1981 2931 2037 2977 et

434 3007 585 3063 velut
614 3007 784 3064 bonas
825 3007 1087 3080 colligant
1125 3010 1304 3080 spicas
1323 3053 1340 3080 ,
1371 3021 1681 3083 opportuno
1711 3014 1864 3068 missi
1895 3029 2031 3070 mes-

432 3113 592 3156 sores
621 3112 907 3172 tempore;
941 3103 1069 3174 quia
1096 3103 1141 3158 si
1169 3104 1292 3174 quis
1321 3116 1478 3160 extra
1515 3114 1754 3162 montem
1789 3115 1884 3162 aut
1917 3108 2034 3164 col-

2132 1892 2233 1949 bus
2267 1891 2375 1948 odii
2422 1891 2836 1948 circumdabant
2881 1893 3254 1950 innocentem.
3306 1893 3491 1949 Bonus
3540 1908 3733 1949 cervus

2132 1987 2273 2042 inter
2307 1985 2507 2041 multos
2546 1985 2802 2042 colubros
2836 1985 3046 2057 positus
3083 2000 3190 2041 non
3233 1985 3500 2051 timebat,
3537 1998 3736 2041 cervus

2131 2077 2417 2143 amicitia,
2460 2086 2515 2132 et
2550 2077 2730 2149 pullus
2762 2078 3084 2148 gratiarum.
3121 2076 3463 2133 Simulabant
3500 2076 3738 2132 charita—

2134 2181 2242 2228 tem
2259 2212 2275 2239 ,
2303 2170 2601 2227 fundebant
2626 2171 3080 2228 obtrectationem
3106 2189 3120 2226 :
3151 2169 3265 2243 Ego
3291 2180 3464 2225 autem
3481 2212 3498 2237 ,
3526 2170 3735 2241 inquit,

2135 2266 2345 2321 orabam
2385 2263 2558 2337 (Ibid.
2576 2263 2614 2336 ).
2655 2264 2838 2321 Bonus
2879 2279 3075 2321 cervus
3112 2265 3168 2320 in
3207 2264 3389 2321 medio
3423 2265 3736 2337 viperarum

2133 2357 2400 2415 innocuus
2438 2358 2783 2430 pascebatur.
2825 2357 2906 2413 Illi
2946 2358 3186 2414 trisulcis
3218 2373 3313 2414 ora
3343 2358 3544 2430 linguis
3573 2360 3741 2415 mica-

2134 2451 2264 2508 bant
2291 2470 2305 2507 :
2337 2451 2484 2508 hunc
2530 2461 2713 2509 autem
2757 2462 2943 2509 sancta
2979 2451 3189 2524 1037
3221 2451 3479 2523 pascebat
3525 2454 3735 2518 oratio,

2136 2544 2305 2600 immo
2332 2544 2514 2600 cibqu
2543 2544 2975 2602 obtrectantibus
3000 2544 3283 2600 offerebat.
3312 2544 3614 2617 Respondit
3636 2546 3739 2601 ob-

2137 2638 2495 2695 trectantibus
2511 2638 2611 2694 sibi
2635 2637 2856 2694 verbum
2879 2654 2895 2704 ;
2925 2639 3152 2693 verbum
3169 2637 3314 2694 enim
3337 2637 3490 2693 cibus
3513 2646 3623 2694 est.
3642 2637 3740 2695 De-

2134 2733 2297 2803 nique
2332 2750 2433 2789 non
2459 2734 2515 2788 in
2542 2751 2678 2807 pane
2706 2734 2816 2789 solo
2853 2733 2976 2787 uiuit
3011 2730 3163 2787 homo
3181 2773 3198 2800 ,
3225 2732 3317 2786 sed
3339 2732 3394 2786 in
3419 2732 3563 2787 omni
3587 2732 3738 2787 verba

2137 2826 2235 2882 Dei
2266 2826 2509 2900 (Matth,
2539 2842 2619 2892 tv,
2638 2825 2718 2899 4).
2747 2825 3004 2881 Viderunt
3034 2842 3144 2889 me,
3169 2826 3371 2896 inquit,
3402 2834 3451 2880 et
3474 2835 3740 2880 mouerunt

2137 2921 2309 2990 capita
2334 2936 2432 2976 sua
2464 2918 2649 2991 (Psal.
2677 2933 2848 2983 cvm,
2872 2916 2994 2988 25).
3028 2917 3457 2985 Maledicebant,
3490 2930 3595 2987 ego
3644 2931 3739 2971 au-

2137 3020 2246 3067 tem
2291 3010 2700 3068 benedicebatu.
2752 3009 3150 3065 Maledicebant
3184 3010 3278 3081 qui
3322 3009 3737 3066 obtrectabant:

2138 3104 2555 3170 benedicebam,
2585 3104 2677 3175 qui
2706 3103 2927 3160 verbum
2956 3102 3170 3159 Domini
3200 3103 3587 3174 prmdicabam.

437 3193 545 3248 lem
573 3191 737 3248 fuerit
762 3203 1043 3265 repertus,
1075 3195 1254 3267 colligi
1283 3197 1432 3253 velut
1458 3197 1597 3253 bona
1624 3198 1770 3269 spica
1802 3215 1912 3256 non
1941 3216 2037 3271 po-
2064 3187 2110 3251 C
2212 3197 2300 3252 M.
2333 3196 2506 3265 Quam
2546 3196 2746 3252 bonum
2793 3206 2877 3252 est
2919 3194 3063 3253 ferre
3090 3195 3396 3252 convicium
3423 3238 3439 3263 ,
3469 3204 3525 3251 et
3552 3196 3743 3252 convi-

437 3285 569 3343 tarit
591 3287 661 3341 ab
689 3286 756 3343 iis
775 3329 789 3355 ,
817 3288 911 3359 qui
941 3289 1036 3362 (ut
1063 3291 1490 3362 comparationis
1521 3292 1785 3349 faciamus
1813 3294 2037 3351 alterius

441 3378 809 3450 mentionem)
861 3381 1101 3438 triticum
1145 3398 1175 3438 a
1222 3382 1392 3453 paleis
1432 3399 1688 3455 separare
1733 3386 2035 3442 mittentur.

440 3472 802 3529 Plurimarum
848 3474 1014 3546 igitur
1060 3476 1434 3547 operationum
1476 3478 1710 3536 solertes
1757 3480 2038 3537 ministros

441 3564 705 3621 Dominus
732 3566 915 3624 habet.
944 3568 1112 3625 Iidem
1141 3571 1473 3642 piscatores,
1499 3572 1661 3630 iidem
1687 3574 1851 3632 etiam
1877 3591 2041 3632 vena-

438 3666 587 3714 tores
617 3670 776 3726 sunt,
807 3669 973 3732 atque
1003 3676 1298 3718 messores.

514 3752 603 3808 12.
631 3752 687 3808 Si
727 3753 780 3808 iu
821 3762 1066 3825 tempore
1103 3757 1329 3823 messis,
1357 3767 1381 3794 ἰ
1419 3772 1527 3829 quo
1562 3758 1871 3831 diriguntur
1910 3760 2037 3830 isti,

445 3848 625 3904 meriti
671 3856 918 3905 maturus
963 3846 1280 3920 exspectes,
1329 3851 1612 3908 salientem
1663 3853 1717 3909 in
1764 3856 2043 3911 montibus

443 3943 650 4013 poteris
678 3943 908 4008 intueri,
937 3953 992 3999 et
1018 3944 1228 3999 videbis
1253 3943 1539 4001 Dominum
1579 3945 1764 4003 Jesum
1805 3948 2040 4006 similem

438 4035 730 4107 capreolo,
762 4046 855 4091 aut
884 4035 1111 4091 hinnulo
1151 4050 1434 4092 cervorum
1479 4053 1642 4110 super
1682 4050 1896 4097 montes
1937 4041 2041 4098 Be—

441 4126 554 4181 tltel
583 4124 760 4197 (Cant.
789 4140 859 4191 tt,
889 4126 971 4194 9).
1005 4125 1142 4181 Salit
1182 4128 1327 4181 enim
1354 4143 1518 4196 super
1558 4127 1856 4186 Ecclesium
1880 4173 1894 4197 ,
1924 4148 2044 4203 qua:

443 4226 527 4273 est
553 4215 750 4270 domus
779 4216 934 4285 panis
958 4230 973 4280 ;
1004 4230 1071 4271 eo
1099 4216 1246 4286 quod
1278 4216 1515 4272 ﬁdelium
1547 4220 1711 4275 corda
1736 4220 2043 4279 conﬁrmet.

444 4309 640 4366 Merito
668 4309 809 4363 sicut
838 4309 1094 4379 capreola
1118 4324 1134 4374 ;
1165 4309 1291 4380 quia
1319 4325 1513 4380 caprea
1542 4311 1595 4366 in
1632 4312 1756 4369 altis
1786 4314 2043 4385 pascitur.

444 4403 651 4458 Dorcas
692 4401 893 4458 dicitur
932 4418 962 4457 a
1001 4402 1259 4458 videndo.
1301 4402 1330 4441 δ
1362 4402 1665 4461 Dorcadion
1706 4408 1852 4464 enim
1898 4409 2049 4466 visus

444 4497 686 4552 auctoris
710 4504 815 4552 est.
846 4495 985 4565 Quid
1012 4498 1221 4552 acutius
1251 4495 1502 4562 Christo,
1531 4499 1622 4570 qui
1653 4499 1869 4556 Patrem
1901 4502 2050 4558 videt

2141 3290 2282 3345 cium
2328 3305 2437 3345 non
2480 3288 2726 3345 referre?
2774 3288 2941 3344 Deum
2988 3287 3278 3359 praesulem
3326 3286 3590 3359 acquirit,
3649 3285 3742 3359 qui

2141 3382 2469 3440 convicianti
2511 3380 2684 3439 nescit
2722 3380 2908 3437 irasci.
2946 3380 3191 3452 Denique
3238 3389 3437 3451 quanta
3465 3379 3745 3451 patientia:

2141 3476 2310 3549 gratia
2365 3475 2598 3532 dicentis
2648 3492 2662 3529 :
2711 3473 3032 3530 Maledicent
3082 3473 3219 3543 ipsi,
3274 3481 3322 3527 et
3373 3481 3428 3526 tu
3482 3471 3748 3528 benedice:

2143 3567 2339 3642 (Ibid.,
2382 3566 2482 3640 2)?
2518 3567 2716 3624 Beatus
2745 3565 2839 3638 qui
2875 3564 3163 3621 maledicta
3194 3578 3300 3620 non
3327 3563 3515 3620 sentit.
3548 3564 3747 3619 Beatus

2143 3676 2302 3733 quem
2344 3659 2626 3715 maledicta
2668 3673 2775 3714 non
2821 3665 3158 3727 permovent.
3205 3654 3321 3712 Non
3369 3656 3515 3711 enim
3565 3663 3750 3726 potest

2144 3751 2432 3809 maledicto
2478 3749 2722 3818 moveri,
2761 3750 2851 3819 qui
2900 3747 3183 3804 maledicta
3225 3746 3504 3803 hominum
3544 3745 3748 3803 divinae

2145 3859 2373 3902 munere
2413 3842 2811 3900 benedictionis
2855 3840 3111 3898 excludit.
3160 3838 3278 3895 Non
3327 3848 3503 3908 potest
3543 3838 3750 3895 sentire

2148 3936 2517 4004 maledictum,
2537 3933 2630 4006 qui
2652 3933 2814 3989 habet
2838 3932 3094 3988 verbum:
3126 3942 3178 3986 et
3206 3946 3313 3986 non
3345 3938 3522 4000 potest
3542 3929 3750 3987 referre

2149 4030 2517 4098 maledictum,
2548 4029 2634 4085 cui
2663 4030 2717 4084 in
2745 4042 2840 4083 ore
2866 4041 3084 4097 semper
3110 4034 3199 4081 est
3224 4023 3470 4081 verbum.

2222 4124 2309 4179 15.
2348 4122 2455 4180 Sed
2485 4132 2566 4176 est
2592 4121 2755 4176 etiam
2783 4119 2958 4175 bonus
2989 4132 3247 4188 serpens,
3292 4131 3454 4188 quem
3487 4117 3589 4172 iste
3632 4131 3753 4173 cer-

2149 4237 2246 4278 vus
2289 4236 2395 4276 non
2439 4220 2618 4275 hedat.
2652 4216 2867 4285 Estote,
2900 4217 3106 4287 inquit,
3137 4217 3293 4270 astuti
3335 4217 3467 4271 sicut
3492 4226 3751 4287 serpentes

2152 4313 2370 4386 (Matth.
2408 4329 2466 4379 χ,
2504 4311 2615 4384 iii).
2650 4310 2718 4367 Et
2746 4327 2759 4366 :
2789 4308 2936 4366 Sicut
2962 4309 3168 4381 Moyses
3193 4308 3437 4363 exultauit
3461 4304 3749 4374 serpentem

2149 4408 2205 4462 in
2234 4405 2435 4460 deserto
2465 4419 2484 4459 :
2512 4404 2585 4459 ita
2610 4402 2829 4459 exaltari
2853 4409 3049 4475 Oportet
3078 4398 3273 4455 Filium
3309 4398 3534 4454 hominis
3564 4396 3747 4472 (Joan.

2155 4518 2233 4569 tu,
2286 4499 2394 4574 M).
2450 4498 2509 4554 In
2559 4507 2813 4567 serpente
2860 4511 3004 4552 :ereo
3051 4494 3314 4566 figuratus
3338 4502 3422 4549 cst
3456 4507 3612 4548 meus
3637 4508 3754 4548 ser-

442 4602 606 4659 quem
633 4588 778 4644 videt
805 4589 1014 4644 nemo?
1039 4589 1148 4645 Aut
1173 4589 1218 4644 si
1245 4589 1369 4661 quis
1399 4588 1533 4645 vidit
1563 4590 1617 4646 in
1646 4588 1894 4662 Christo,
1930 4595 2049 4666 ipse
2073 4608 2126 4669 ι)
2153 4609 2306 4666 pens.
2344 4592 2401 4648 lu
2453 4592 2597 4663 ligno
2625 4590 2719 4647 illo
2748 4590 3017 4646 exaltatus
3045 4598 3128 4646 est
3171 4604 3324 4644 meus
3349 4602 3596 4658 serpens.
3625 4586 3753 4644 Scr-

442 4679 615 4736 Filius
634 4682 916 4738 revelavit.
935 4681 1127 4739 Merito
1147 4682 1286 4739 sicut
1307 4682 1565 4740 hinnulus
1585 4699 1868 4743 cervorum
1890 4706 1902 4741 :
1931 4690 2051 4743 hin-

446 4776 609 4830 nulus
629 4775 783 4846 quasi
807 4774 949 4831 lilius
966 4817 980 4842 ,
1007 4776 1091 4832 cui
1113 4786 1353 4847 paternas
1375 4776 1660 4834 iuoleverit
1687 4778 1770 4834 vis
1796 4791 2002 4836 naturae
2027 4800 2040 4848 ;

440 4877 500 4924 ut
519 4881 643 4925 eum
665 4870 876 4925 occulta
901 4884 1009 4926 non
1031 4871 1257 4937 lateant,
1277 4878 1561 4942 serpentes
1583 4870 1810 4943 fugiant,
1831 4889 2038 4930 venena

515 5016 542 5043 ⁸
571 5006 733 5061 Rom.
762 5005 896 5061 edit.
926 5006 1042 5062 sola
1062 5045 1077 5071 ,
1105 5022 1208 5077 quo
1238 5006 1537 5079 diriguntur
1566 5007 1653 5062 isti
1687 5016 1903 5074 metere,
1941 5024 2050 5063 mae

439 5087 588 5132 turus
617 5088 897 5149 exspectes.

496 5169 544 5238 ,δ
577 5171 720 5226 Edit.
762 5183 983 5233 omnes,
1010 5168 1302 5225 Dorcadam
1340 5171 1477 5222 enim
1523 5169 1664 5222 uisus
1701 5169 1906 5223 acutior
1951 5182 2045 5227 est.

440 5242 573 5298 Mss.
625 5249 772 5308 tres,
817 5241 1160 5305 Dioraticon;
1205 5240 1468 5312 totidem,
1516 5238 1821 5294 Diorcation
1846 5242 2050 5312 ;quin-

437 5328 577 5382 que,
621 5312 997 5377 Diorcaticon;
1037 5327 1210 5376 unus,
1250 5308 1608 5382 Dorcaticon;
1640 5325 1748 5366 non
1787 5308 1928 5368 male
1953 5352 1968 5374 ,
2002 5314 2048 5370 si

439 5380 885 5450 subintelligatur
921 5398 1093 5453 genus
1136 5383 1224 5438 vel
1271 5380 1495 5435 animal.
1538 5380 1675 5453 Nam,
1714 5397 1907 5437 omnes
1950 5383 2047 5438 ha-

437 5453 604 5514 bent,
638 5454 776 5507 risus
810 5454 1057 5508 acutioris
1091 5463 1183 5507 est.
1223 5456 1473 5507 Attamen
1502 5454 1632 5522 quin
1664 5452 1948 5522 legendum
1976 5457 2047 5509 sit

437 5522 738 5601 Bcpxadtov,
762 5524 814 5577 id
852 5535 972 5590 est,
996 5526 1313 5601 capreolus,
1350 5523 1561 5601 dubitet
1597 5537 1793 5601 nemo,
1832 5527 1923 5601 qui
1958 5540 2047 5579 se-

438 5594 577 5649 riem
618 5596 778 5663 paulo
815 5594 1081 5649 attentus
1109 5594 1429 5666 inspexerit.
1460 5594 1667 5649 Rursus
1694 5596 1785 5649 ubi
1814 5597 1949 5649 edit.
1981 5610 2045 5651 ac

440 5679 572 5735 mss.
605 5666 844 5734 aliquot,
880 5667 1018 5732 Quid
1048 5667 1144 5719 hoc
1172 5664 1345 5735 aptius
1374 5664 1613 5731 Christo,
1643 5665 1725 5721 vel
1754 5674 1813 5720 ιιι
1840 5666 2007 5735 aliqui
2028 5705 2043 5729 ,

440 5732 713 5857 ghChrtsto
731 5735 754 5787 ?
785 5736 890 5790 Alii
923 5737 1115 5805 majori
1147 5732 1372 5792 numero
1401 5735 1641 5791 habent:
1675 5735 1815 5800 Quid
1844 5732 2045 5791 acutius

523 5806 692 5857 nuo"

523 5806 646 5859 riuo
669 5806 692 5826 "

2158 4704 2292 4761 pens
2339 4687 2534 4752 bonus,
2566 4686 2744 4742 bonus
2790 4699 3039 4755 serpens,
3067 4682 3160 4754 qui
3204 4681 3273 4737 de
3310 4696 3406 4737 ore
3449 4694 3550 4737 suo
3579 4695 3755 4738 reme—

2152 4783 2261 4849 dia,
2305 4797 2411 4837 non
2454 4796 2660 4838 venena
2701 4777 2975 4835 fundebat.
3018 4776 3206 4832 Potest
3255 4790 3363 4832 non
3400 4776 3593 4832 timere
3634 4786 3753 4831 scr-

2150 4884 2370 4946 pentes,
2416 4875 2507 4946 qui
2541 4874 2686 4930 hunc
2726 4873 2877 4928 novit
2908 4870 3139 4926 adorare
3181 4879 3511 4940 serpentem.
3544 4869 3621 4924 De
3653 4866 3755 4924 hoc

2231 5021 2253 5050 ε
2289 5009 2519 5067 Videtur
2550 5012 2654 5066 hoc
2679 5011 2800 5066 loco
2828 5006 3152 5063 Ambrosius
3183 5016 3370 5063 noster
3412 5006 3661 5064 alludere
3687 5006 3754 5063 ad

2155 5097 2373 5139 versum
2405 5083 2558 5139 illum
2578 5097 2610 5138 e
2638 5081 2733 5138 lib.
2768 5095 2824 5136 Ill
2850 5078 3049 5149 Georg.
3079 5078 3149 5133 de
3178 5087 3474 5148 serpente:

2371 5172 2752 5235 Tollentemque
2775 5169 2955 5233 minas,
2982 5176 3035 5219 et
3054 5167 3195 5220 sibila
3215 5166 3341 5218 colla
3363 5175 3660 5220 tumentem.

2153 5275 2261 5401 Sest
2301 5274 2451 5401 inflet;
2482 5274 2644 5330 etiam
2687 5272 3028 5329 manifestius
3069 5269 3249 5327 reddit
3287 5271 3453 5327 alium
3486 5271 3649 5327 istum
3690 5287 3754 5328 ex

2153 5363 2217 5401 eo
2257 5362 2344 5401 em
2400 5363 2412 5400 ι
2456 5361 2553 5400 ro:

2151 5361 2344 5403 eodem
2378 5361 2516 5401 ΙΙΙ)Γο
2541 5364 2553 5398 ἒ

2369 5438 2564 5489 Arduus
2589 5434 2647 5485 ad
2669 5435 2844 5499 solem,
2867 5447 2920 5486 et
2939 5434 3117 5499 linguis
3138 5432 3285 5485 micat
3305 5445 3391 5484 ora
3415 5431 3643 5484 trisulcis.

2153 5519 2354 5574 Micare
2395 5529 2570 5575 autem
2620 5519 2764 5577 idem
2804 5529 2890 5575 est
2927 5533 2990 5575 ac
3025 5518 3324 5589 producere
3359 5526 3416 5572 ct
3450 5517 3715 5574 reducere
3738 5560 3754 5585 ,

2150 5603 2364 5660 sumpta
2395 5591 2713 5661 metaphora
2739 5607 2805 5647 ex
2830 5587 3203 5657 quodamludi
3231 5603 3464 5661 genere,
3492 5589 3641 5661 quod
3661 5604 3757 5661 ex-

2152 5658 2319 5715 tensis
2342 5672 2396 5716 et
2421 5658 2716 5717 contractis
2736 5661 2921 5733 digitis
2939 5658 3271 5717 exercebant
3293 5674 3308 5724 ;
3336 5659 3404 5713 de
3422 5666 3531 5782 (ΨΟ
3555 5658 3757 5717 videsis

2152 5730 2363 5782 Erasmi
2403 5732 2605 5782 Adaeia
2651 5733 2782 5782 chilt
2813 5740 3047 5782 Licent.
3078 5727 3144 5782 8.
3187 5729 3381 5782 adauio
3407 5723 3444 5782 2
3507 5747 3520 5782 :
3551 5726 3755 5782 Diutius

2150 5730 2363 5803 Erasmi
2403 5732 2623 5803 Atlagia,
2651 5723 2827 5803 chilft
2850 5740 3047 5797 ,icent.
3078 5727 3144 5797 8,
3187 5723 3381 5800 adagio
3407 5723 3479 5784 27
3507 5747 3520 5784 :
3551 5726 3755 5795 Dignus

2145 5798 2354 5871 quicum
2383 5804 2435 5859 in
2468 5796 2689 5859 tenebris
2716 5796 2892 5857 mices.
