3988 6374
164 391 282 446 1275

1241 384 1307 441 IN
1347 382 1671 443 PSALMUM
1707 378 1915 440 CXVIII
1956 382 2342 441 EXPOSITIO.

3297 387 3438 442 ιιι-ιι

163 511 382 576 serpente
404 502 534 558 dicit
563 502 657 556 illa
679 517 801 573 qum
827 499 1000 572 diligit
1027 517 1040 554 :
1067 497 1202 555 Ecce
1232 501 1313 555 hic
1341 511 1456 572 post
1485 501 1727 571 parietem
1755 501 1806 562 Α
1833 516 1956 557 cum
1983 499 2182 558 dicitttr
2213 502 2386 574 (fiant.
2422 519 2459 568 ι,
2493 503 2549 577 1)
2585 521 2598 560 :
2638 504 2915 560 Oscutetur
2942 521 3022 560 me
3044 505 3108 560 ab
3136 506 3313 560 osculo
3336 505 3442 560 oris

165 607 388 662 nostrum,
428 595 754 667 prospiciens
799 611 890 665 per
920 598 1194 666 fenestras,
1221 595 1448 649 eminens
1473 611 1627 665 super
1654 611 1736 649 re-

163 694 241 748 tia.
271 690 547 762 Respondet
586 689 926 744 consobrinus
951 705 1091 744 meus
1127 698 1172 744 et
1199 689 1323 743 dicit
1348 689 1472 742 mihi
1494 704 1513 743 :
1543 688 1732 762 Surge,

165 785 258 838 teni
274 825 288 848 ,
312 784 544 852 proxima
568 798 682 836 mea
699 824 713 847 ,
744 787 974 854 formosa
1005 799 1116 836 mea
1136 825 1152 849 ,
1179 782 1413 836 columba
1439 799 1587 850 mea;
1617 784 1737 853 quia

164 893 259 931 ecce
283 875 452 946 hyems
479 876 764 944 prteteriit,
794 875 951 929 imber
978 877 1138 942 abiit,
1167 877 1401 932 discessit
1423 877 1553 945 sibi,
1579 879 1733 948 ﬂores

164 969 242 1022 risi
275 977 379 1022 sunt
415 968 466 1021 in
506 977 647 1022 terra
678 966 854 1036 (Cant.
880 982 952 1034 tt,
992 969 1048 1034 9,
1076 968 1187 1038 ιε).
1227 967 1463 1038 Serpens
1492 968 1733 1039 profecto

164 1070 259 1126 est,
306 1061 389 1131 qui
414 1059 643 1114 decursa
671 1059 895 1132 hyeme,
925 1059 1126 1114 amictu
1156 1061 1401 1131 corporis
1431 1075 1490 1115 se
1517 1061 1734 1116 volebat

128 1161 136 1166 ‘
165 1167 366 1218 exuere,
405 1161 464 1207 ut
503 1152 758 1224 specioso
793 1153 993 1208 decore
1019 1160 1289 1208 vernaret.
1321 1151 1465 1207 Idem
1494 1167 1624 1223 ergo
1650 1163 1733 1208 est

163 1267 326 1308 cervus
361 1262 413 1308 et
462 1267 714 1322 serpens.
754 1252 959 1310 Cervus
1004 1251 1207 1308 habens
1244 1267 1447 1308 cornua
1479 1253 1638 1324 Legis
1677 1263 1731 1310 et

160 1347 317 1414 gratia:
361 1345 599 1420 (cornua
649 1347 769 1418 ejus
809 1347 918 1402 duo
967 1355 1096 1402 sunt
1138 1347 1522 1418 Testamenta)
1571 1348 1729 1404 velox

160 1453 341 1508 gressu,
372 1439 600 1510 impiger
628 1440 866 1506 incessu,
891 1441 982 1511 qui
1013 1449 1184 1496 totum
1211 1440 1367 1496 facile
1389 1439 1576 1496 orbem
1607 1456 1727 1511 per-

160 1544 312 1588 cumt
357 1549 459 1588 uno
505 1542 814 1599 momento,
848 1533 1051 1604 ubique
1082 1534 1441 1590 celebrabilis.
1491 1535 1728 1606 Serpens

159 1640 346 1696 quoque
392 1626 600 1694 honus,
651 1627 806 1698 cujus
848 1628 1028 1698 priora
1055 1628 1220 1683 dente
1251 1627 1409 1699 Legis
1440 1643 1546 1682 non
1577 1644 1726 1684 mor-

158 1717 332 1785 deant,
365 1720 666 1789 posteriora
709 1735 818 1775 non
850 1719 1137 1775 vulnerent
1167 1720 1446 1791 Evangelii
1480 1721 1724 1776 leuitate.

153 1809 301 1880 Caput
326 1811 566 1867 defendit
590 1827 619 1865 a
654 1811 900 1879 vulnere,
939 1813 1032 1885 qui
1062 1813 1259 1885 Legem
1290 1815 1442 1869 venit
1481 1830 1585 1868 non
1618 1815 1722 1869 sol-

1837 595 1967 667 sui),
1993 595 2194 652 deinde
2213 612 2402 667 preces
2427 597 2654 670 Sponsae
2678 598 3076 672 blanditiasque
3093 615 3200 655 non
3224 614 3444 671 spreve-

1837 690 1930 756 rit,
1960 689 2155 747 dilecta
2182 691 2282 747 sibi
2314 691 2479 748 ubera
2511 691 2884 764 praedicantis,
2913 701 3075 763 atque
3101 693 3153 748 in
3183 693 3442 749 interiora

1837 782 2031 839 domus
2079 799 2198 840 eam
2243 784 2512 856 benignus
2552 787 2867 852 induxerit;
2898 787 3133 859 denique
3165 796 3438 859 tamquam

1836 873 2136 930 lascivienti
2189 875 2380 931 ludens
2410 892 2596 932 amore
2623 920 2638 944 ,
2666 878 2793 949 quia
2823 877 2955 934 velit
2978 887 3289 950 pertentare
3310 894 3438 934 sen-

1834 980 1928 1021 sus
1956 967 2210 1030 amantis.
2249 982 2397 1037 saepe
2423 983 2676 1039 egressus
2709 978 2765 1023 ιιι
2786 979 3123 1039 quaereretur
3150 985 3180 1024 a
3205 971 3443 1039 Sponsa,

1834 1075 1980 1130 smpe
2006 1077 2284 1132 regressus
2311 1070 2371 1117 ut
2401 1063 2724 1118 invitaretur
2744 1063 2810 1119 ad
2833 1063 3039 1131 oscula,
3068 1063 3296 1119 astiterit
3322 1073 3442 1135 post

1836 1155 2095 1224 parietem
2123 1197 2136 1221 ,
2172 1155 2511 1227 prospexerit
2543 1171 2639 1226 per
2670 1155 2933 1212 fenestras
2954 1197 2970 1223 ,
3001 1158 3250 1213 eminens
3277 1172 3441 1228 super

1833 1249 1996 1314 retia;
2029 1259 2086 1304 ut
2116 1264 2221 1304 non
2265 1259 2412 1305 totus
2433 1249 2669 1316 abesset,
2703 1264 2803 1305 nec
2831 1250 2984 1322 quasi
3013 1259 3154 1305 totus
3191 1251 3439 1317 intraret,

1831 1351 1882 1397 et
1913 1342 2030 1411 ipse
2055 1343 2122 1397 ad
2155 1357 2214 1398 se
2241 1343 2508 1414 Sponsam
2543 1353 2792 1409 vocaret,
2822 1353 2880 1398 ut
2914 1343 3163 1399 veniendi
3186 1343 3252 1399 ad
3279 1358 3337 1399 se
3361 1343 3441 1398 iu-

1831 1435 2006 1492 vicem
2033 1437 2478 1508 fierentgratiora
2497 1437 3167 1509 comtucrcia,amorisque
3189 1440 3295 1493 vim
3323 1454 3440 1493 mu—

1833 1526 1937 1582 tuis
1979 1526 2007 1564 ι)
2039 1526 2325 1583 adolerent
2367 1529 2711 1584 sermonibus
2740 1546 2753 1581 :
2791 1526 3048 1600 Exsurge,
3080 1529 3283 1599 inquit,
3305 1530 3442 1593 veni,

1830 1621 2067 1691 proxima
2089 1637 2218 1688 mea,
2240 1626 2467 1688 formosa
2489 1639 2622 1688 mea,
2646 1622 2882 1677 columba
2907 1638 3017 1677 utea
3041 1620 3217 1695 (Cant.
3243 1639 3303 1690 tt,
3324 1622 3434 1694 10).

1903 1713 1990 1769 19.
2025 1714 2089 1768 Ει
2122 1724 2176 1769 ιιι
2203 1715 2247 1770 si
2287 1715 2488 1770 habeas
2518 1715 2801 1770 fundatum
2827 1717 3115 1787 parietem,
3147 1730 3252 1771 nou
3285 1715 3436 1770 illum
3512 1717 3519 1723 “

1830 1806 2064 1862 medium
2094 1806 2184 1877 qui
2216 1805 2410 1861 domus
2446 1807 2603 1861 unius
2630 1815 2848 1878 separet
2888 1806 3152 1869 membra,
3181 1804 3278 1860 sed
3314 1805 3436 1860 tedi-

154 1915 265 1956 vere
287 1944 300 1966 ,
343 1902 433 1958 sed
484 1904 624 1959 tueri
676 1904 744 1959 ab
790 1905 1328 1974 interpretationibus
1373 1905 1724 1973 perfidorum.
1760 1899 1808 1959 Β
1837 1900 2049 1956 ficatum
2079 1916 2242 1972 supra
2286 1899 2690 1956 fundamentum
2722 1899 3091 1971 apostolorum
3121 1908 3176 1954 et
3205 1901 3440 1971 prophe-

152 1991 364 2048 Caudam
393 1994 446 2050 in
477 1994 695 2066 ﬂagella
725 1995 976 2052 difiundit
1007 1997 1259 2064 liberam,
1284 1999 1508 2068 cupiens
1529 1999 1723 2055 adver-

152 2086 303 2140 sarios
347 2089 515 2159 magis
559 2087 858 2159 ﬂagellare,
888 2105 1050 2161 quam
1081 2090 1330 2161 perdere.
1374 2090 1555 2146 Bonus
1579 2092 1729 2148 colu-

150 2176 236 2233 ber
274 2179 322 2234 in
352 2181 616 2250 gremium
661 2181 908 2246 dilectze,
937 2191 1101 2254 atque
1133 2184 1185 2236 in
1219 2184 1394 2253 ipsum
1425 2185 1630 2238 intimae
1655 2185 1728 2238 si-

151 2286 264 2326 num
304 2278 496 2328 mentis
534 2273 712 2330 facilis
757 2275 1036 2340 illabitur,
1065 2288 1114 2331 et
1146 2283 1347 2332 attactu
1377 2278 1524 2332 nullo
1552 2278 1730 2348 impli-

151 2376 265 2416 cans
285 2364 450 2434 ignem
482 2366 723 2430 ossibus,
753 2366 1052 2435 praecordia
1079 2368 1190 2436 ipsa
1215 2368 1544 2436 depascitur.

217 2454 291 2510 16.
338 2463 365 2494 ⁸
393 2455 627 2513 Pulchre
670 2457 870 2511 lectum
918 2469 1000 2512 est
1050 2457 1248 2514 hodie:
1281 2459 1416 2514 Ecce
1454 2477 1546 2531 ego
1587 2462 1730 2515 mitto

152 2562 227 2600 res
249 2548 367 2602 sicut
388 2566 546 2621 agnos
571 2551 627 2602 in
654 2551 825 2605 medio
849 2550 1093 2620 luporum
1117 2550 1332 2623 (Matth.
1353 2569 1406 2617 x,
1433 2554 1545 2624 16).
1571 2551 1728 2609 Cele-

153 2637 352 2693 branms
365 2641 504 2695 enim
527 2640 673 2696 diem
697 2652 1008 2697 sanctorum
1033 2658 1141 2713 quo
1165 2645 1400 2699 revelata
1424 2656 1545 2699 sunt
1565 2661 1733 2716 popu-

154 2729 213 2783 lis
225 2732 432 2800 Corpora
445 2744 761 2787 soncwrum
776 2743 1093 2806 martyrum,
1110 2735 1200 2804 qui
1217 2736 1360 2790 velut
1378 2735 1502 2791 boui
1516 2752 1732 2806 serpen-

153 2829 246 2888 tes,
272 2822 522 2894 depositis
551 2825 733 2879 earnis
762 2826 988 2892 exuviis,
1021 2827 1372 2882 teutatiomuu
1402 2828 1730 2898 hycmalium

153 2913 310 2982 rigore
324 2925 597 2986 superato,
619 2927 675 2972 et
703 2917 934 2988 Spiritus
958 2921 1130 2974 sancti
1153 2921 1396 2976 renovati
1415 2921 1606 2991 gratia,
1633 2938 1734 2978 aes-

155 3007 246 3059 tiva
260 3008 452 3062 mundo
471 3011 587 3064 luce
611 3010 897 3076 fulserunt,
915 3011 1229 3078 missivcrc,
1247 3025 1304 3068 ιιι
1320 3015 1463 3083 agni,
1484 3015 1533 3068 in
1555 3015 1734 3070 medio

157 3096 396 3167 luporum.
432 3101 566 3172 Lupi
592 3111 719 3157 sunt
743 3103 884 3158 enim
923 3114 1326 3174 persecutores,
1352 3105 1459 3176 lupi
1481 3116 1606 3161 sunt
1625 3107 1734 3162 haec

157 3190 285 3246 rrtici
313 3209 496 3250 omnes
524 3213 536 3247 :
568 3195 769 3251 docere
796 3197 1063 3265 nesciunt,
1085 3200 1292 3255 ululare
1312 3209 1731 3258 consueverunt.

1834 2003 2050 2061 tantm;
2102 2003 2161 2049 ut
2207 1994 2582 2064 compaginata
2639 1993 2756 2063 ejus
2802 2001 3072 2048 structura
3121 2000 3334 2047 crescat
3383 1992 3437 2047 in

1833 2088 2111 2156 templum,
2142 2102 2244 2142 nec
2271 2086 2612 2142 disterminet
2644 2087 2764 2157 ejus
2804 2086 3037 2150 interna,
3065 2083 3160 2140 sed
3192 2084 3399 2140 muniat
3425 2102 3438 2140 :

1833 2180 1876 2234 si
1921 2177 2122 2234 habeas
2163 2194 2291 2250 ergo
2320 2179 2372 2234 in
2405 2187 2456 2235 te
2485 2178 2901 2234 aedificationem
2932 2177 3060 2245 Dei,
3087 2187 3140 2232 et
3166 2177 3232 2232 ad
3260 2178 3442 2232 orien-

1835 2284 1943 2330 tem
1983 2283 2202 2346 pateant
2250 2289 2465 2344 semper
2508 2273 2762 2330 fenestrte
2802 2283 2943 2337 ture,
2990 2271 3138 2327 venit
3183 2270 3440 2339 Verbum,

1835 2376 1941 2421 stat
1990 2375 2114 2437 post
2161 2376 2308 2420 tuum
2361 2365 2626 2434 parietem
2678 2365 2838 2435 (oculi
2873 2363 3018 2420 enim
3049 2361 3259 2418 Domini
3285 2378 3440 2432 super

1827 2458 2020 2531 justas)
2040 2459 2207 2528 (Psal.
2241 2475 2429 2524 xxxnt,
2447 2458 2558 2529 16),
2583 2459 2845 2531 prospicit
2873 2473 2971 2529 per
2998 2457 3269 2512 fenestras
3297 2466 3436 2511 tuas.

1905 2553 1999 2610 20.
2047 2554 2179 2623 Quae
2227 2563 2352 2607 sunt
2391 2551 2646 2609 fenestrae
2675 2553 2824 2608 istae?
2856 2550 3108 2621 Legimus
3136 2548 3438 2613 fenestras,

1835 2649 1903 2703 de
1947 2648 2143 2719 quibus
2189 2648 2318 2702 dicit
2363 2646 2660 2701 Hieremias
2694 2665 2706 2699 :
2745 2643 2964 2698 Intravit
2995 2657 3132 2696 mors
3158 2657 3248 2711 per
3299 2639 3442 2708 ferte-

1835 2738 2196 2813 stras(Jerem.
2229 2755 2309 2805 ix,
2336 2737 2452 2809 21),
2479 2754 2575 2808 per
2595 2751 2730 2807 quas
2754 2735 2974 2790 intravit
2997 2731 3243 2796 avaritia,
3270 2731 3439 2786 intra-

1837 2834 1912 2888 vit
1935 2833 2122 2887 libido.
2150 2832 2353 2888 Oculus
2385 2841 2507 2885 tuus
2541 2832 2773 2884 fenestra
2802 2837 2906 2892 est,
2933 2825 3145 2881 intravit
3175 2838 3323 2879 mors
3346 2837 3443 2892 per

1835 2926 2052 2982 oculum
2086 2936 2258 2980 tuum.
2291 2923 2349 2979 Si
2379 2922 2581 2978 videris
2625 2919 2908 2976 mulierem
2955 2917 3020 2972 ad
3053 2915 3442 2986 concupiscen-

1835 3017 1963 3074 dum
2005 3033 2157 3086 eam,
2188 3017 2408 3072 intravit
2440 3031 2588 3071 mors
2623 3030 2716 3086 per
2760 3013 2974 3069 oculum
3005 3020 3174 3066 tuum.
3205 3010 3262 3064 Si
3293 3008 3444 3063 vide-

1836 3115 1911 3169 ris
1941 3112 2342 3185 possessionem
2381 3109 2558 3166 vidua:
2597 3111 2677 3166 vel
2710 3109 2936 3164 minoris
2959 3149 2974 3173 ,
3007 3115 3062 3162 et
3100 3104 3444 3175 concupieris

1836 3205 2112 3272 invadenc,
2142 3203 2475 3259 indefensum
2506 3213 2700 3273 putans
2727 3211 2940 3257 {etatem
2972 3213 3114 3264 esse,
3137 3197 3218 3252 vel
3247 3210 3439 3250 sexum

221 3285 415 3358 1038
450 3289 534 3342 l7.
585 3287 692 3344 Sed
738 3305 896 3344 nemo
941 3299 1242 3359 moveatur,
1273 3293 1398 3346 siin
1439 3294 1618 3349 medio
1649 3295 1730 3348 lu-
1756 3291 1798 3352 C
1834 3299 1952 3371 (sed
2005 3314 2110 3354 non
2167 3308 2294 3353 sunt
2342 3295 2649 3361 indefensi,
2689 3311 2826 3366 quos
2867 3291 3128 3348 Dominus
3171 3290 3284 3343 vult
3320 3301 3443 3343 esse

160 3389 326 3440 porum
370 3378 622 3433 mittitur.
657 3380 931 3436 Beneficio
961 3382 1164 3438 Christi
1197 3394 1250 3438 et
1276 3385 1434 3454 lupus
1466 3385 1583 3457 ipse
1611 3403 1731 3442 tnu-

160 3475 280 3522 tatus
321 3482 421 3525 est.
468 3471 756 3541 Benjatuin
803 3473 957 3542 lupus
1005 3489 1169 3544 rapax
1214 3477 1491 3545 apostolus
1534 3476 1730 3534 Paulus

158 3557 310 3616 factus
349 3576 457 3626 est.
501 3581 610 3620 non
645 3567 755 3636 jam
804 3568 1087 3623 insidiator
1116 3569 1342 3625 ovilium
1367 3571 1597 3637 Christi,
1631 3573 1728 3628 sed

157 3651 389 3713 defensor
414 3669 466 3714 et
493 3670 701 3716 custos.
733 3661 868 3716 Cum
899 3661 1002 3718 hoc
1033 3663 1159 3733 lupo
1195 3665 1400 3720 versari
1429 3665 1559 3721 libet
1587 3682 1600 3720 :
1634 3683 1730 3737 per

159 3746 284 3802 hunc
311 3750 502 3820 lupum,
533 3755 737 3808 factum
762 3764 844 3809 est
871 3763 928 3809 ut
957 3758 1129 3814 simus
1161 3757 1258 3811 ltiti
1289 3759 1340 3812 in
1371 3757 1550 3813 medio
1578 3761 1732 3829 lupo-

156 3852 283 3894 rum.
330 3842 490 3899 Νειηο
530 3845 644 3914 jam
691 3857 908 3901 veretur
944 3848 1118 3918 lupos,
1166 3864 1286 3903 cum
1321 3849 1403 3903 his
1436 3851 1726 3919 pascimur,

154 3931 285 3987 sicut
306 3938 555 4006 scriptum
583 3949 670 3995 est
701 3959 712 3992 :
753 3939 895 3993 Tunc
919 3941 1030 4012 lupi
1050 3952 1097 3995 et
1125 3944 1248 4014 agni
1272 3943 1428 3998 simul
1459 3957 1731 4013 pascentur

160 4026 178 4093 (
186 4025 616 4119 [ἔδοξέ-χχι.

225 4111 670 4202 1855738712.)
711 4128 816 4186 Sed
854 4131 966 4202 jam
1020 4131 1429 4188 consideremus
1479 4131 1608 4202 quid
1663 4134 1732 4188 sit

151 4216 288 4283 quod
307 4216 676 4292 'a‘il‘Pfo'pheta
711 4241 722 4276 :
757 4221 825 4277 Et
851 4241 913 4278 ne
948 4229 1156 4292 auferas
1188 4227 1251 4280 de
1276 4242 1362 4280 ore
1389 4243 1499 4281 meo
1526 4230 1732 4282 verbum

154 4309 364 4363 veritatis
382 4329 743 4384 usquequaque
757 4317 907 4381 ;quia
931 4318 983 4370 in
1001 4317 1222 4387 judiciis
1243 4319 1342 4371 tuis
1352 4335 1411 4372 su
1418 4321 1711 4389 perspernvi
1717 4360 1729 4372 .

155 4400 360 4459 Viderat
389 4407 624 4462 Ecclesia
660 4409 741 4464 vel
774 4411 954 4464 anima
975 4410 1106 4481 justi
1137 4410 1418 4466 salientem
1451 4413 1588 4466 sicut
1611 4412 1731 4466 ltiti-

153 4496 330 4552 nulum
381 4514 541 4572 super
590 4511 836 4569 montes,
869 4514 1095 4574 repente
1125 4503 1431 4574 proximum
1463 4505 1733 4574 aspiciens

153 4602 274 4658 post
309 4594 553 4662 parietem
591 4595 786 4650 domus
811 4610 956 4663 suae,
999 4597 1417 4668 prospicientem
1444 4613 1538 4668 per
1561 4601 1732 4653 fenes-

1833 3389 2114 3461 defensos)
2147 3390 2366 3445 intravit
2397 3404 2545 3443 mors
2573 3403 2669 3458 per
2694 3389 3006 3442 fenestram.
3040 3382 3095 3439 Si
3129 3379 3327 3436 videris
3346 3379 3443 3433 de-

1833 3499 2016 3540 corem
2050 3483 2315 3549 mulieris,
2345 3490 2437 3536 aut
2468 3480 2754 3535 thesauros
2786 3477 3033 3544 minoris,
3067 3483 3121 3530 et
3147 3483 3267 3527 tuas
3297 3470 3444 3528 exci-

1834 3579 2037 3634 taveris
2056 3575 2650 3648 cupiditates,'iutravit
2683 3587 2832 3628 mors
2859 3586 2950 3642 per
2977 3569 3293 3625 feucSIram.
3326 3563 3443 3621 Sic-

1834 3679 1894 3726 ut
1939 3685 2069 3742 ergo
2113 3685 2211 3740 per
2262 3669 2378 3723 bare
2411 3669 2574 3722 intrat
2608 3681 2753 3721 mors
2776 3709 2790 3732 ,
2827 3666 2989 3721 intrat
3017 3672 3070 3718 et
3101 3664 3231 3716 vita.
3261 3660 3320 3715 Si
3349 3658 3446 3714 dc-

1833 3778 2016 3819 corcm
2059 3774 2080 3802 ο
2113 3761 2306 3833 puellm
2333 3760 2602 3831 aSpiciens
2628 3775 2818 3823 sacrm,
2848 3756 3120 3812 venereris
3155 3753 3440 3808 Dominum

1834 3856 2040 3922 Jesum,
2071 3855 2214 3928 quod
2241 3855 2293 3909 in
2319 3853 2520 3910 teneris
2551 3854 2708 3907 annis
2736 3852 2940 3906 venerit
2971 3860 3101 3904 artas
3123 3846 3441 3908 senectutis,

1836 3952 1942 4005 vita
1965 3950 2310 4006 immaculata
2343 3966 2357 4002 :
2392 3957 2448 4003 et
2473 3948 2587 4016 ipse
2614 3945 2826 4019 1039
2855 3944 3018 3997 filiam
3052 3952 3198 3995 tuam
3220 3938 3440 4001 offeras,

1837 4053 1895 4098 ut
1920 4043 2010 4113 pio
2035 4049 2390 4096 consecretur
2414 4038 2680 4094 velamine
2710 4053 2724 4101 ;
2757 4037 2800 4089 si
2835 4031 3239 4104 possessionem
3270 4029 3444 4083 mino~

1836 4137 1914 4192 ris
1962 4151 2066 4190 non
2123 4143 2393 4204 tamquam
2442 4131 2712 4186 sollicitus
2761 4130 2981 4183 iuvasor
3032 4125 3296 4196 aspicias,
3347 4122 3442 4178 sed

1835 4231 1986 4301 quasi
2033 4243 2230 4299 parens
2278 4226 2497 4282 sedulus
2541 4225 2800 4296 religioso
2838 4221 3042 4277 tuearis
3085 4221 3316 4285 affectu;
3345 4234 3444 4289 per

1840 4325 1936 4379 has
1968 4322 2234 4379 fenestras
2284 4320 2546 4393 proSpicit
2567 4318 2818 4376 Christus
2840 4359 2854 4384 ,
2882 4325 2940 4370 ut
2969 4324 3123 4371 vocet
3151 4314 3442 4384 Sponsam,

1841 4420 2065 4472 eminens
2093 4433 2248 4488 super
2277 4417 2427 4470 retia.

1909 4509 2001 4564 21.
2049 4510 2195 4564 Bene
2226 4512 2454 4563 eminens
2481 4549 2494 4570 ,
2525 4507 2649 4578 quia
2691 4507 2842 4560 solus
2869 4513 2950 4558 est
2979 4517 3139 4573 quem
3170 4499 3304 4554 retia
3336 4513 3443 4552 non

1841 4602 2168 4657 iuvolverint
2220 4609 2585 4670 peccatorum.
2641 4600 2840 4653 Omnes
2890 4597 3028 4650 intra
3071 4592 3205 4648 retia
3245 4599 3442 4656 erant,

156 4691 271 4735 iras
292 4725 304 4748 ,
347 4687 671 4742 eminentem
715 4703 878 4758 super
919 4691 1052 4744 retia
1080 4732 1094 4754 ,
1138 4692 1370 4744 exsultat
1416 4701 1468 4746 et
1509 4692 1734 4762 gaudet;
1764 4688 1818 4747 D
1845 4695 2010 4751 immo
2031 4693 2210 4750 adhuc
2241 4693 2380 4748 intra
2411 4692 2547 4748 retia
2578 4706 2799 4755 sumus,
2833 4690 2956 4760 quia
2989 4701 3150 4742 nemo
3171 4684 3288 4739 sine
3315 4698 3443 4754 pee-

151 4774 277 4843 quia
315 4777 464 4832 etiam
505 4779 622 4849 ipsa
671 4789 884 4836 amatur
927 4795 955 4835 a
984 4781 1200 4852 Sponso
1224 4797 1238 4835 :
1266 4784 1354 4850 qui
1389 4791 1657 4853 tamquam
1682 4794 1736 4837 ct

149 4866 265 4933 ipse
287 4871 588 4926 vulneratus
617 4871 894 4928 charitatis
921 4873 1142 4940 decore,
1171 4873 1384 4930 dilecta:
1415 4875 1587 4944 primo
1613 4890 1736 4928 cum

145 4959 380 5030 abesset,
419 4963 484 5018 ad
535 4964 722 5020 oscula
772 4974 992 5035 rogatus
1037 4965 1272 5021 adfuerit
1313 4967 1560 5037 (rogatur
1588 4969 1734 5023 enim

216 5127 242 5155 ⁸
271 5116 395 5173 Cum
423 5118 503 5174 hae
529 5133 714 5185 voces,
749 5119 985 5176 Gervasii
1015 5131 1061 5176 et
1082 5120 1366 5186 Prol/utsii,
1395 5121 1533 5176 tituli
1563 5122 1737 5178 instar

147 5189 234 5244 hic
263 5190 317 5263 in
340 5191 578 5263 pluribus
614 5204 746 5246 mss.
775 5192 1180 5262 super-scriptae,
1217 5201 1328 5246 tum
1358 5209 1479 5262 quae
1502 5209 1737 5263 sequun-

147 5271 255 5327 tur,
282 5259 595 5316 Cefcbramus
619 5263 777 5326 enim,
801 5259 936 5327 etc.,
960 5259 1270 5318 sermonem
1301 5259 1445 5318 hunc
1470 5264 1559 5320 die
1582 5259 1740 5321 reve-

145 5331 330 5405 lationi
357 5333 666 5389 earumdem
699 5334 798 5390 SS.
823 5344 1120 5405 martyrum
1153 5349 1309 5389 sacro
1337 5337 1736 5404 pronuntiatum

145 5403 528 5475 fuisse_aperte
569 5405 900 5474 significant.
933 5403 1103 5460 Porro
1127 5406 1270 5475 quod
1302 5403 1462 5474 paulo
1491 5407 1740 5473 superius

140 5474 218 5527 ait
250 5473 356 5548 :_Et
382 5486 571 5548 attactu
594 5473 742 5530 nullo
766 5478 1043 5548 implicans
1065 5473 1254 5545 ign—em,
1283 5473 1416 5540 ctc.,
1439 5477 1570 5532 illud
1589 5477 1739 5548 Virg.

146 5561 225 5599 vit
244 5543 451 5601 IEueid.
470 5547 540 5602 de
563 5554 821 5616 serpente
839 5543 890 5599 in
919 5543 1101 5602 sinum
1125 5550 1329 5602 Amatm
1353 5548 1537 5602 uxoris
1561 5543 1732 5604 Latini

139 5617 292 5687 regis
316 5617 582 5684 illabente,
612 5618 757 5672 haud
781 5617 947 5673 dubie
972 5619 1211 5673 imitatur
1245 5637 1256 5671 :

386 5734 473 5798 Ille
487 5739 623 5788 inter
646 5742 821 5786 vestes
839 5741 894 5785 et
910 5734 1053 5798 levia
1063 5742 1259 5798 pectora
1284 5734 1450 5798 lapsus

298 5857 300 5859 μ
384 5797 605 5868 Volvitur
627 5803 813 5871 attactu
838 5798 998 5861 nullo,
1037 5795 1254 5859 fallitque
1273 5795 1544 5855 furentem.

144 5900 248 5963 [ibi
277 5883 458 5962 attactu
486 5907 631 5962 ttulio
669 5905 814 5961 idem
854 5913 1033 5970 sonat,
1063 5916 1124 5958 ac
1160 5905 1359 5960 sensim
1391 5904 1508 5960 sine
1549 5916 1730 5958 sensu.

1844 4798 1986 4854 cato,
2020 4785 2122 4841 nisi
2153 4786 2302 4840 solus
2329 4783 2506 4846 Jcsus,
2544 4799 2705 4854 quem
2739 4797 2842 4835 non
2867 4787 3286 4849 cognoscentem
3320 4792 3446 4848 pec-

1843 4889 2054 4943 catum,
2089 4886 2365 4948 peccatum
2406 4891 2504 4948 pro
2542 4876 2698 4930 nobis
2731 4874 2853 4930 fecit
2882 4873 3061 4928 Pater.
3101 4871 3309 4925 Etenim
3339 4879 3446 4924 tra-

1849 4972 1985 5027 didit
2005 4986 2129 5028 eum
2160 4971 2388 5042 laqueis,
2421 4967 2638 5024 tradidit
2665 4983 2787 5024 eum
2817 4966 3044 5031 rctihtts,
3075 4964 3295 5018 mittens
3323 4977 3445 5016 eum

1842 5127 2027 5199 Neque
2068 5143 2200 5186 vero
2242 5130 2421 5185 minus
2460 5128 2715 5198 exprimit
2744 5125 2912 5198 quod,
2941 5134 3170 5197 quatuor
3199 5123 3445 5180 versibus

1844 5200 2168 5270 interiectis,
2199 5201 2392 5271 legitur
2426 5219 2438 5253 :

1946 5300 2205 5351 Pertentat
2223 5313 2422 5362 sensus,
2447 5306 2598 5364 atque
2623 5300 2814 5349 ossibus
2834 5299 3049 5360 implicat
3067 5299 3253 5358 ignem.

1917 5401 1944 5439 ι)
1975 5401 2284 5466 Adolerent,
2315 5399 2366 5454 id
2399 5409 2477 5455 est
2501 5441 2515 5466 ,
2550 5400 2720 5470 magis
2747 5399 3121 5464 incenderent,
3148 5399 3262 5452 sive
3294 5411 3449 5465 augc~

1847 5481 1988 5529 rent.

1918 5556 1940 5584 ο
1987 5543 2227 5599 Puellam
2279 5557 2487 5598 sacram
2531 5550 2708 5606 vocat,
2755 5556 2873 5596 eam
2917 5556 3035 5610 quae
3069 5551 3196 5595 veto
3236 5539 3447 5609 publice

1842 5617 2042 5672 eruisse
2064 5615 2367 5669 castitatem
2395 5612 2769 5682 profitebatur.
2797 5612 2891 5667 Illa
2915 5613 3058 5666 enim
3081 5628 3107 5663 a
3131 5612 3448 5683 parentibus

1840 5687 2048 5743 solebat
2099 5684 2315 5752 offerri,
2365 5695 2424 5739 ιιι
2453 5685 2521 5737 ah
2547 5683 2804 5753 episcopo
2835 5698 3045 5737 sacrum
3083 5683 3280 5753 capitis
3301 5683 3447 5737 vela-

1841 5775 1962 5815 men
1988 5800 2004 5824 ,
2038 5768 2309 5826 tamquam
2363 5755 2719 5826 professionis
2763 5770 2876 5810 sua:
2915 5755 3122 5823 insigne
3153 5754 3443 5826 acciperet.

1842 5827 2145 5898 Aliquando
2170 5825 2366 5884 tamen
2419 5827 2609 5895 invitis
2644 5827 2807 5898 etiam
2857 5826 3174 5898 parentibus
3202 5825 3446 5898 solemne

1845 5891 1976 5957 lllt‘td
2030 5901 2292 5956 castitatis
2347 5891 2533 5956 votttth
2582 5891 2948 5969 nuncupabant.
2986 5895 3091 5954 Sed
3127 5896 3196 5954 de
3234 5891 3336 5954 hoc
3369 5895 3449 5952 vi-
