3988 6300
506 275 649 335 i275

1848 278 2092 336 SANCTi
2133 276 2466 339 AMBROBII

3675 274 3828 330 1276

508 407 615 446 non
647 391 699 449 in
724 398 969 465 peccato,
998 390 1051 446 in
1084 405 1191 465 quo
1217 401 1375 463 erant
1396 408 1588 453 omnes
1619 390 1888 456 homines.
1916 393 2114 451 sedin-
2142 394 2200 462 Α
2224 390 2345 455 illa.
2388 391 2433 447 si
2472 405 2781 463 possumus,
2814 390 2900 453 vel
2940 389 2970 430 ι)
3005 390 3150 448 linea
3194 390 3504 449 intueamur
3538 397 3823 445 extrema.

507 482 863 539 similitudine
902 482 1082 538 carnis
1108 484 1313 555 peccati
1340 526 1356 549 ,
1388 488 1446 539 ut
1477 483 1546 542 de
1577 493 1801 556 peccato
1821 483 2112 547 damnaret

509 571 791 648 peccatum
825 576 874 635 in
904 589 1091 630 carne.
1118 574 1404 633 Peccatum
1436 587 1555 639 erat
1576 592 1703 639 caro
1729 579 2025 639 secundum
2048 578 2113 637 il-

511 664 765 733 lud,quia
795 665 1138 722 hatreditario
1165 679 1280 724 erat
1310 667 1561 725 damnata
1587 669 2113 729 maledicto.Pecca-

512 769 623 815 tum
643 768 759 814 erat
789 758 1045 827 illecebra
1067 768 1124 817 et
1145 760 1392 818 mtnistra
1420 762 1825 834 peccati.Venit
1855 763 2117 821 Dominus

512 850 691 915 Jt-sus.
716 860 741 888 ³
766 861 821 907 et
847 856 899 907 in
921 868 1086 908 carne
1109 864 1339 926 peccato
1360 855 1593 912 obnoxia
1624 857 1871 912 militiam
1901 858 2119 919 virtutis

515 943 779 1001 exercuit.
806 942 966 1000 Facta
980 958 1105 1001 sunt
1124 948 1369 1003 membra
1389 960 1573 1004 nostra
1585 949 1694 1018 jam
1713 964 1817 1004 non
1831 964 1979 1007 arma
1999 948 2121 1006 libi-

514 1036 681 1104 ditiis,
715 1037 810 1093 sed
838 1054 989 1097 arma
1018 1041 1255 1096 virtutis.
1281 1039 1526 1112 Namque
1556 1043 1646 1100 ubi
1669 1052 1823 1099 erant
1852 1042 2121 1098 incentiva

517 1131 782 1200 libidinis,
811 1132 885 1187 ibi
919 1149 1063 1189 nunc
1089 1144 1216 1189 sunt
1246 1134 1517 1191 domicilia
1548 1135 1832 1199 castitatis.
1867 1137 1964 1192 ilic
1991 1151 2126 1208 ergo

518 1223 669 1279 venit
718 1224 786 1279 ad
828 1223 1053 1299 laqueos
1076 1268 1092 1293 .
1121 1228 1217 1283 sed
1250 1227 1588 1284 voluntarius
1619 1246 1633 1284 :
1676 1229 1827 1289 venit
1854 1229 1922 1285 ad
1948 1230 2081 1285 retia
2105 1268 2125 1300 ,

522 1316 619 1372 scd
657 1332 906 1374 securus.

593 1408 686 1465 22.
723 1408 885 1465 Plena
927 1419 1087 1468 erant
1125 1411 1305 1469 omnia
1350 1415 1557 1486 laqueis
1589 1456 1603 1480 .
1654 1412 1853 1471 referta
1900 1414 2127 1472 retibus.

523 1500 660 1558 Audi
693 1503 962 1559 dicientem
988 1521 1001 1557 :
1027 1501 1092 1558 In
1118 1505 1199 1561 via
1227 1504 1326 1561 hac
1351 1523 1453 1577 qua
1478 1507 1824 1571 ambulabant.
1846 1508 2132 1563 absconde-

526 1604 648 1649 ruut
699 1593 940 1666 laqueum
992 1598 1120 1651 mihi
1150 1596 1326 1666 (Psal.
1366 1615 1511 1667 cxu,
1555 1599 1635 1674 4).
1671 1602 1735 1659 Ει
1766 1601 1819 1657 itt
1867 1601 2007 1657 libro
2036 1602 2134 1659 Sa-

526 1678 750 1757 pientiae
777 1688 982 1761 Syrach
1017 1691 1283 1757 moueris,
1312 1703 1371 1749 ut
1392 1710 1693 1766 cognosras
1719 1696 1843 1767 quia
1868 1696 1925 1752 itt
1955 1696 2136 1753 medio

2283 486 2375 542 24.
2402 485 2636 543 Sedebat
2662 488 2805 541 intra
2827 485 3048 543 domum
3074 484 3283 555 Sponsa
3294 520 3309 549 ,
3330 482 3527 542 demta
3559 483 3825 547 Domina,

2212 576 2356 632 intra
2388 579 2649 650 parietem
2676 577 2837 649 Legis
2860 588 2913 633 et
2942 580 3353 651 prephetarum.
3382 576 3712 645 spiritalium
3739 575 3830 631 la-

2216 668 2403 740 pidum
2431 670 2860 727 cxzrdificatioue
2895 669 3201 734 fundatum,
3230 670 3319 741 qui
3347 667 3633 725 claudebat
3661 681 3836 739 atque

2219 761 2453 817 vallabat
2489 762 2711 817 domum
2760 764 2998 832 regiam.
3030 762 3249 833 plenam
3282 760 3640 832 iucunditatis
3665 762 3836 832 atque

2222 852 2448 908 laetitiae.
2500 853 2796 909 Mirabatur
2836 853 3129 913 thesauros
3172 854 3386 924 regios,
3413 864 3469 909 et
3512 852 3838 911 intuebatur

2224 944 2457 1001 sollicite
2481 988 2495 1005 .
2534 945 2759 1016 cupiens
2786 946 3142 1017 sapientiam,
3168 961 3293 1016 qun
3337 948 3434 1000 bas
3476 945 3578 1001 sibi
3608 945 3836 1001 divitias

2225 1027 2644 1099 demonstraret.
2665 1041 2989 1100 adsciscere.
3018 1041 3077 1099 In
3098 1051 3319 1098 secreto
3341 1052 3478 1106 erat,
3508 1041 3605 1098 sed
3633 1041 3836 1097 secreti

2229 1126 2396 1198 ipsius
2426 1127 2775 1197 interpretem
2808 1129 3138 1200 requirebat.
3182 1127 3346 1186 Venit.
3386 1129 3645 1184 Dominus
3672 1128 3841 1184 Jcsus

2228 1221 2433 1276 saliens
2477 1235 2640 1292 super
2685 1234 2918 1279 montes.
2952 1221 3120 1279 Nobis
3164 1237 3290 1278 sero
3319 1223 3598 1279 ridebatur
3625 1223 3841 1288 venire,

2230 1315 2325 1370 sed
2354 1314 2445 1369 ille
2475 1316 2816 1387 properabat.
2846 1315 3089 1372 Saliebat
3118 1315 3357 1386 denique
3381 1324 3437 1369 et
3465 1314 3839 1381 trausilicbat;

2232 1418 2291 1463 ut
2317 1407 2626 1465 Jlltlm‘tl‘ltll‘l
2653 1411 2958 1482 corporalia
2997 1421 3052 1467 et
3080 1424 3272 1465 saxosa
3320 1410 3571 1480 dogmata
3603 1409 3849 1464 transitio

2235 1510 2338 1557 ret.
2372 1500 2597 1557 Adstittt
2621 1511 2741 1573 post
2768 1502 3027 1573 parietem
3052 1502 3266 1568 domus,
3299 1518 3419 1572 qua:
3446 1511 3560 1559 erat
3584 1502 3637 1557 iu
3672 1502 3847 1557 veteri

2236 1595 2280 1651 Τ
2283 1604 2623 1663 estamentc,
2671 1596 3009 1671 prospiciens
3052 1610 3148 1667 per
3193 1595 3354 1665 Legis
3402 1593 3724 1658 fenestram.
3756 1608 3852 1662 per

2240 1688 2625 1759 prophetarum
2675 1701 2956 1743 cavernas.
3006 1686 3255 1742 Nondum
3287 1694 3442 1741 erant
3480 1685 3676 1741 domus
3706 1685 3854 1741 illius

528 1778 851 1847 laqueorum
904 1780 1147 1837 ambulas
1196 1783 1389 1855 (Eccti.
1438 1801 1513 1854 ix,
1547 1787 1662 1859 20).
1690 1788 1828 1855 Quot
1868 1789 2025 1854 vitia,
2060 1798 2140 1851 tot
2169 1783 2214 1844 Β
2242 1788 2426 1851 aperta
2469 1780 2733 1834 WSlibllla
2769 1798 2782 1836 τ
2814 1780 3054 1837 “nntium
3091 1780 3270 1835 CIW’S
3307 1779 3547 1834 εείυιιιίω
3575 1788 3853 1848 Formm!“

530 1875 668 1929 retia
699 1894 713 1929 :
752 1882 884 1945 quot
913 1886 1131 1946 peccata
1154 1919 1170 1942 ,
1201 1885 1283 1932 tot
1328 1877 1505 1950 laquei
1539 1897 1553 1934 :
1584 1879 1913 1937 hmreditarii
1950 1882 2057 1952 iam
2090 1889 2143 1937 te

533 1981 705 2021 nexus
758 1968 1034 2025 tenebant.
1074 1967 1237 2026 Venit
1272 1970 1338 2026 ad
1387 1972 1608 2043 laqueos
1650 1973 1838 2042 Jesus,
1885 1984 1944 2031 ut
1966 1974 2141 2032 Adam

535 2057 774 2113 solveret
805 2076 819 2113 :
864 2060 1015 2115 venit
1054 2059 1291 2117 liberare
1318 2062 1461 2134 quod
1493 2066 1750 2134 perierat.
1784 2065 1986 2124 Omnes
2015 2070 2146 2124 reti-

535 2151 636 2207 bus
665 2153 1014 2222 tenebamur,
1047 2155 1229 2219 nullus
1249 2156 1414 2213 alium
1445 2174 1638 2215 eruere
1661 2169 1905 2227 poterat.
1930 2175 2052 2217 cum
2087 2176 2146 2219 se

538 2246 716 2314 ipsum
760 2261 867 2301 non
918 2258 1106 2320 posset
1155 2263 1380 2304 exuere.
1429 2248 1575 2305 Talis
1624 2265 1756 2322 ergo
1808 2252 2145 2307 necessarius

536 2336 658 2405 fuit,
689 2352 849 2407 quem
894 2337 1106 2393 vincula
1137 2341 1506 2411 generationis
1534 2344 1784 2397 humanm
1811 2340 2029 2399 delictis
2052 2343 2148 2399 ob-

538 2424 697 2483 noxia
741 2445 848 2483 non
879 2438 1143 2498 tenerent,
1178 2448 1284 2493 non
1310 2435 1545 2503 cepisset
1574 2434 1823 2497 avaritia.
1853 2449 1961 2490 non
1991 2434 2150 2505 ligas-

540 2535 624 2575 set
669 2519 848 2575 dolus.
896 2519 945 2576 ιε
977 2522 1130 2578 solus
1158 2535 1276 2578 crat
1301 2521 1484 2592 .Iesus,
1515 2523 1608 2597 qui
1636 2539 1758 2580 cum
1786 2524 1945 2597 hujus
1969 2525 2151 2584 carnis

540 2630 600 2670 se
629 2615 1080 2674 circumdediSset
1110 2618 1359 2688 vinculis,
1386 2630 1578 2693 captus
1601 2637 1707 2678 non
1737 2632 1874 2689 erat,
1902 2639 2011 2679 non
2035 2632 2153 2678 erat

542 2708 794 2783 alligatus
820 2726 833 2764 :
867 2708 964 2766 Sed
995 2711 1314 2782 dirumpens
1355 2729 1417 2768 ea
1446 2725 1611 2784 atque
1641 2714 1968 2782 dtssolwns.
1999 2716 2064 2771 ad
2092 2731 2152 2773 se

549 2799 720 2870 magis
771 2804 989 2857 vocavit
1039 2800 1371 2872 Ecclesiam,
1404 2806 1742 2877 prospiciens
1773 2822 1870 2879 per
1899 2809 2150 2881 laqueos,

549 2892 796 2948 etninens
827 2910 993 2965 super
1023 2897 1189 2962 retia;
1215 2907 1347 2951 utet
1376 2900 1489 2968 ipsa
1523 2899 1764 2957 disceret
1792 2900 2019 2959 vinculis
2047 2914 2152 2963 non

550 2989 747 3043 teneri.
802 2987 1045 3057 Denique
1071 3004 1139 3045 co
1163 3003 1336 3061 usque
1360 3006 1466 3044 non
1495 2990 1652 3063 longe
1689 3007 1720 3045 a
1748 2992 1977 3053 vinculis
2017 2991 2148 3058 fuit,

547 3088 608 3135 ut
639 3095 735 3150 pro
763 3080 919 3135 nobis
944 3083 1153 3137 subiret
1179 3092 1235 3136 et
1265 3089 1495 3138 mortem
1523 3100 1536 3137 :
1567 3083 1661 3139 sed
1692 3094 1873 3139 tamen
1904 3098 2010 3138 non
2038 3097 2154 3138 ser-

2247 1876 2480 1932 claustra
2513 1873 2901 1946 patefeceram.
2928 1874 3124 1944 quibus
3166 1873 3325 1947 Legis
3352 1871 3748 1929 claudebantur
3768 1871 3854 1925 itt-

2252 1978 2422 2025 tcrua.
2477 1968 2552 2023 De
2601 1967 2880 2037 superiore
2922 1977 3100 2022 tamen
3154 1965 3257 2021 hoc
3297 1963 3674 2035 est,espiritali
3706 1974 3857 2033 parte

2252 2067 2626 2132 prospectans,
2658 2059 2958 2115 Ecclesiant
2990 2070 3186 2127 vocat;
3221 2069 3276 2113 ut
3308 2074 3406 2130 per
3436 2058 3630 2129 Legem
3653 2067 3710 2112 et
3733 2071 3857 2127 pro-

2251 2154 2442 2225 phetas
2471 2152 2743 2223 Evangelii
2767 2152 2973 2208 vertice
2994 2151 3237 2227 sublimis
3259 2166 3571 2222 assurgens.
3602 2150 3735 2206 retia
3766 2150 3863 2206 Ju-

2251 2246 2419 2301 daiem
2462 2245 2923 2314 interpretationis
2971 2253 3026 2299 et
3068 2244 3239 2299 nodos
3271 2242 3537 2313 intrepido
3562 2243 3733 2299 calt-et
3767 2256 3858 2298 re—

2254 2337 2432 2409 stigio.
2458 2337 2689 2408 Ideoque
2711 2338 2950 2409 proxima
2976 2347 3222 2403 vocatur,
3248 2345 3305 2391 nt
3327 2336 3600 2391 adhatreat
3620 2332 3859 2400 Christo,

2258 2430 2526 2486 mundana
2572 2445 2683 2487 non
2727 2437 2982 2500 quaerat:
3028 2429 3151 2484 idco
3198 2434 3452 2500 (annosa,
3482 2436 3541 2480 ιιι
3587 2427 3863 2496 speciosos

2254 2525 2741 2596 evangelizantium
2791 2524 2957 2595 pedes
3002 2524 3290 2595 proferat:
3332 2523 3457 2579 ideo
3504 2518 3781 2585 columba,
3812 2527 3866 2572 ut

2254 2618 2518 2691 spiritalia
2551 2626 2715 2689 petat,
2744 2617 3025 2673 terrestria
3055 2616 3419 2684 derelinquat.

2329 2712 2421 2769 25.
2457 2711 2622 2776 Ecce,
2651 2712 2844 2781 inquit,
2868 2711 3046 2781 ligatus
3076 2708 3326 2780 pra'teriit
3358 2721 3378 2762 :
3406 2704 3568 2760 imber
3587 2702 3738 2769 abiit,
3764 2702 3867 2756 dic-

2258 2805 2404 2859 cessit
2436 2804 2532 2858 sibi
2555 2845 2569 2867 ,
2593 2804 2750 2875 ﬂores
2778 2803 2871 2857 visi
2896 2810 3014 2856 sunt
3035 2800 3090 2854 iu
3115 2809 3254 2853 terra
3280 2796 3458 2870 (Cant.
3489 2812 3550 2862 tt,
3581 2795 3640 2851 il
3676 2804 3728 2848 et
3753 2792 3864 2865 12).

2260 2899 2402 2953 Ante
2424 2896 2715 2953 adventqu
2741 2892 2942 2950 Christi
2964 2893 3152 2965 byems
3167 2902 3316 2947 erat:
3338 2890 3479 2947 venit
3500 2887 3769 2954 Christus,
3794 2887 3868 2940 fe-

2260 2994 2337 3047 cit
2364 2998 2633 3047 aestatem.
2674 2988 2828 3043 Tunc
2872 2986 3051 3043 omnia
3093 2989 3249 3039 erant
3272 2982 3464 3039 llornm
3490 2981 3703 3049 indiga.
3731 2977 3868 3033 nuda

2259 3084 2522 3139 virtutum
2558 3099 2572 3136 :
2628 3094 2821 3152 passus
2858 3088 2943 3135 est
2976 3075 3258 3141 Christus,
3297 3082 3355 3130 et
3388 3074 3567 3128 omnia
3588 3076 3873 3142 ι’(ερειίιιιι

556 3187 656 3227 vus
706 3173 896 3228 mortis
940 3172 1196 3241 effectus,
1234 3173 1327 3229 sed
1376 3173 1514 3229 liber
1555 3175 1696 3230 inter
1720 3186 1991 3241 mortuos;
2021 3174 2158 3231 liber
2187 3167 2233 3231 C
2269 3192 2422 3232 nova:
2448 3174 2640 3246 gratia:
2670 3171 2951 3228 fecundari
2975 3168 3329 3242 germinibtts.
3363 3165 3542 3222 Imber
3564 3165 3698 3219 abiit
3720 3163 3871 3216 lusu-

557 3266 701 3319 cnim
735 3273 875 3333 erat,
905 3265 997 3335 qui
1029 3267 1305 3321 solvendae
1332 3268 1527 3321 mortis
1559 3275 1879 3337 potestatem
1904 3265 2159 3322 habebat.

561 3357 802 3428 Denique
829 3358 945 3428 ipse
975 3367 1027 3413 te
1048 3358 1263 3423 doceat.
1288 3359 1382 3430 qui
1411 3360 1520 3415 ait:
1554 3360 1748 3414 Solvite
1771 3361 1867 3414 hoc
1894 3357 2163 3428 templum,

561 3461 609 3505 et
638 3452 693 3505 iu
719 3446 888 3505 triduo
917 3453 1231 3506 resuscitabo
1262 3453 1393 3507 illud
1421 3452 1605 3524 (Joatt.
1638 3468 1699 3520 ιι,
1729 3451 1843 3524 19).

635 3539 726 3596 25.
775 3541 1072 3597 Audiamus
1119 3541 1302 3614 itaque
1353 3544 1483 3616 quid
1511 3543 1655 3598 dicat
1689 3561 1702 3597 :
1735 3538 2000 3614 Exsurge,
2030 3540 2165 3611 ueni,

566 3636 805 3707 proxima
834 3652 945 3691 mea
978 3634 1153 3709 (Cant.
1182 3652 1238 3705 ιι,
1276 3635 1384 3708 l0),
1416 3638 1519 3693 hoc
1545 3646 1650 3703 est,
1678 3653 1839 3708 surge
1862 3652 1892 3691 a
1917 3636 2167 3701 mortuis.

567 3743 797 3801 exsitrge
844 3744 874 3784 a
913 3729 1173 3789 vinculis.
1230 3728 1430 3801 quibus
1476 3731 1807 3785 circumdata
1872 3727 2169 3785 tencbaris.

568 3818 843 3896 Exsurge,
886 3821 1009 3894 quia
1061 3837 1163 3894 ego
1210 3826 1491 3897 resurrexi
1537 3823 1631 3878 tibi
1662 3841 1674 3879 :
1704 3823 1856 3879 solve
1903 3823 2171 3879 vinculum

567 3916 895 3989 iniquitatis,
934 3916 1058 3991 quia
1105 3933 1205 3989 ego
1232 3920 1342 3989 jam
1372 3919 1508 3974 solvi
1546 3919 1661 3974 tibi.
1718 3915 1847 3973 chi
1867 3960 1882 3986 ,
1912 3919 2034 3990 quia
2064 3917 2175 3985 jam

570 4010 705 4066 retia
750 4008 924 4066 soluta
964 4019 1112 4066 sunt.
1146 4002 1308 4083 Virgo
1337 4011 1586 4083 peperit,
1617 4026 1750 4082 puer
1782 4020 1938 4065 natus
1964 4026 2029 4066 ex
2058 4008 2176 4065 Vir-

573 4107 699 4175 gine
727 4116 831 4160 est.
863 4104 1009 4163 Nhil
1046 4106 1210 4162 debet
1247 4106 1494 4161 muliebri
1529 4104 1837 4162 litercditati
1867 4122 1882 4161 :
1930 4104 2085 4179 quasi
2119 4104 2181 4158 fi—

576 4198 682 4252 lius
724 4196 966 4253 mulieris
1015 4214 1124 4254 non
1156 4207 1393 4254 tenetur.
1418 4198 1596 4253 Cerne
1641 4198 1879 4253 medium
1913 4199 2178 4268 parietem

580 4289 832 4345 maceria:
852 4288 965 4360 jam
992 4290 1253 4356 solutum,
1283 4290 1372 4360 qui
1398 4288 1717 4345 interiorum
1741 4288 2029 4344 all'ectuum
2052 4303 2185 4345 con-

580 4383 820 4437 cordiam
854 4381 1166 4450 dividebat,
1208 4391 1262 4438 et
1288 4383 1339 4437 in
1371 4381 1645 4438 diversum
1674 4380 1946 4438 excitabat
1972 4379 2186 4438 dissen-

579 4477 764 4533 siones
804 4475 1169 4548 corporalium
1218 4476 1549 4548 passionum.
1602 4473 1736 4532 Veni
1787 4489 1919 4548 ergo
1969 4489 2183 4542 seettra,

2269 3269 2363 3325 riae
2396 3268 2732 3339 prandentis.
2761 3273 2817 3321 et
2854 3264 3034 3319 nubila
3067 3263 3223 3317 tetris
3252 3272 3370 3315 ιιι-ιιι
3402 3258 3654 3328 ﬂagitiis,
3689 3255 3871 3310 aestiva

2264 3363 2376 3433 jam
2410 3377 2556 3434 parte
2597 3359 2949 3416 conscientia:
2979 3357 3273 3413 serenitate
3303 3353 3574 3408 laxantur.
3609 3350 3736 3405 Ideo
3769 3363 3873 3402 non

2271 3458 2507 3512 evadunt
2529 3494 2544 3515 .
2572 3467 2799 3526 quorum
2831 3450 2952 3521 fttga
2987 3450 3182 3522 hyeme
3213 3447 3306 3512 fit;
3346 3446 3470 3517 quia
3502 3460 3609 3499 non
3637 3458 3876 3513 Sequun-

2275 3560 2360 3607 tur
2394 3547 2603 3604 Domini
2635 3544 2974 3616 passioncnt,
3008 3556 3115 3597 non
3143 3539 3339 3594 tollunt
3364 3551 3580 3592 crucem
3610 3551 3761 3591 suam
3785 3575 3800 3598 .
3824 3543 3878 3589 et

2273 3642 2545 3701 Christum
2584 3650 2906 3713 sequuntur.
2952 3636 3130 3692 Imber
3160 3633 3388 3705 impedit
3413 3631 3578 3688 liores
3609 3648 3623 3686 :
3649 3640 3705 3686 at
3735 3643 3879 3684 nunc

2276 3737 2440 3795 liores
2478 3735 2725 3791 videntur
2753 3734 2805 3788 in
2836 3741 3000 3795 terra.
3033 3728 3167 3785 Boni
3196 3728 3362 3783 liores
3389 3723 3643 3795 apostoli,
3672 3722 3767 3793 qui
3798 3721 3879 3777 di-

2281 3845 2561 3886 versorum
2615 3827 2960 3898 scriptorum.
2987 3832 3151 3894 atque
3186 3836 3410 3892 operum
3447 3833 3669 3875 suorum
3711 3815 3882 3872 fude-

2281 3934 2407 3981 runt
2435 3923 2677 3979 odorem.

2353 4019 2443 4073 2έὶ.
2500 4016 2720 4088 Tempus
2748 4012 2957 4071 secandi
2994 4011 3201 4067 advenit
3241 4007 3435 4080 (Ibid.,
3471 4004 3600 4078 19.);
3628 4007 3881 4076 quoniam

2284 4122 2489 4169 matura
2520 4111 2571 4165 in
2601 4106 2812 4169 horreis
2840 4106 3109 4162 frumenta
3137 4102 3443 4161 (tenduntur
3462 4117 3480 4154 τ
3508 4108 3563 4154 et
3582 4101 3675 4169 qui
3708 4097 3883 4164 metit.

2286 4203 2594 4260 mercedem
2643 4200 2861 4273 accipit.
2920 4200 3033 4256 Vox
3079 4199 3296 4254 turturt's
3337 4197 3517 4253 audita
3553 4191 3885 4264 est(lbid.):

2287 4299 2410 4371 quia
2459 4297 2661 4354 invenit
2700 4296 2802 4355 sibi
2846 4294 3030 4352 nidum
3057 4335 3073 4361 ,
3109 4292 3347 4349 Ecclesia
3397 4291 3540 4349 enim
3585 4288 3778 4345 domus
3807 4293 3888 4340 est

2288 4389 2570 4449 castitatis.
2601 4387 2763 4443 Ficus
2784 4402 2904 4457 quae
2936 4396 3158 4457 propter
3186 4381 3626 4440 infecunditatem
3653 4376 3889 4450 jubeba-

2292 4494 2379 4539 tur
2406 4480 2613 4546 excidi,
2651 4478 2863 4535 fructus
2887 4479 2999 4547 jam
3032 4476 3172 4532 ferre
3208 4475 3396 4544 cmpit.
3441 4472 3604 4527 Vinea
3632 4471 3888 4527 translata

582 4569 744 4641 cupio
788 4569 975 4626 videre
1024 4568 1217 4625 faciem
1263 4577 1407 4625 tuam
1430 4611 1445 4636 ,
1479 4579 1533 4625 ct
1556 4568 1743 4624 audire
1770 4584 1956 4625 vocem
1989 4578 2135 4624 tuam
2168 4586 2183 4624 :
2215 4561 2264 4620 D
2291 4590 2359 4631 ex
2405 4572 2642 4644 Λῑεγριο
2667 4611 2682 4638 ,
2720 4570 2833 4639 jam
2866 4583 2973 4624 non
3006 4567 3254 4629 maceriis
3283 4566 3555 4620 destructa
3581 4561 3851 4632 depnsilis
3872 4604 3885 4627 ,

583 4664 741 4730 veni,
793 4671 850 4717 ut
901 4661 1016 4736 jam
1075 4679 1163 4718 me
1205 4678 1311 4718 non
1356 4678 1451 4734 per
1506 4663 1642 4720 retia
1698 4661 1906 4728 videas.
1969 4660 2197 4739 ιοω
2291 4668 2652 4724 iucurSatura
2686 4664 2897 4732 bestiis,
2918 4676 3020 4719 nec
3046 4660 3290 4716 informis
3317 4657 3584 4725 sentibus.
3607 4655 3700 4711 sed
3722 4653 3892 4709 odora

588 4755 682 4812 sed
728 4754 866 4813 facie
910 4756 977 4812 ad
1025 4752 1215 4815 faciem
1256 4757 1499 4814 vultibus
1542 4762 1805 4814 amatoris
1847 4757 2043 4813 dilecta
2089 4772 2184 4826 po.

594 4847 769 4906 tiaris.
826 4848 1021 4907 Ethice
1054 4850 1181 4906 ista
1241 4851 1472 4907 decursa
1530 4851 1659 4906 sint.
1711 4842 1936 4924 Mystica
2003 4860 2183 4919 autem

587 5002 749 5059 vendi
779 5017 977 5072 genere
1005 5000 1148 5072 quod
1191 5010 1337 5057 tanta
1369 5016 1497 5058 cura
1528 5015 1592 5055 ac
1625 4997 1994 5072 sollicitudine
2020 4996 2190 5055 italia:

588 5068 1035 5142 Mauritaniaeque
1074 5074 1385 5138 regionibus
1415 5074 1699 5127 invexerat
1731 5068 2048 5125 Ambrosius
2088 5084 2188 5123 no-

590 5154 723 5207 ster.
756 5146 894 5200 alius
919 5145 1023 5198 erit
1046 5144 1258 5198 dicendi
1284 5148 1452 5198 locus.
1733 5157 1745 5168 '

665 5224 691 5254 α
726 5215 876 5271 Hunc
929 5215 1105 5271 locum
1150 5214 1477 5271 Cathariuus
1512 5214 1717 5282 Opusc.
1763 5212 1830 5267 de
1869 5209 2094 5281 Concep.
2125 5211 2187 5266 Β.

594 5286 804 5353 Mariis,
837 5286 1014 5342 laudat
1040 5302 1056 5353 ;
1088 5286 1184 5341 sed
1214 5287 1285 5340 ita
1315 5286 1480 5341 refert
1508 5305 1521 5335 :
1558 5285 1623 5340 Et
1652 5286 1703 5337 in
1728 5299 1882 5339 carne
1906 5324 1921 5351 ,
1949 5299 2046 5354 que
2072 5299 2192 5353 pec.

594 5366 709 5413 cato
749 5360 804 5413 in
851 5370 1011 5413 matre
1056 5362 1223 5429 fuerat
1265 5358 1509 5423 obnoxia,
1547 5370 1654 5412 etc.
1689 5354 1887 5411 Verum
1920 5355 2030 5422 jattt
2062 5355 2194 5419 viris

592 5430 767 5484 doctis
794 5431 1146 5486 obserVatutn
1175 5438 1256 5484 est
1290 5430 1403 5484 lucc
1431 5429 1592 5485 verba
1618 5429 1670 5481 iu
1701 5437 1882 5492 matre,
1927 5438 2190 5492 nusttttatn

596 5501 736 5570 apud
772 5503 1116 5570 Ambrosium
1148 5500 1399 5556 inveniri.
1435 5500 1501 5557 Et
1519 5510 1663 5556 certe
1684 5496 1744 5553 S.
1780 5490 1976 5570 Doctor
2000 5490 2053 5570 id
2077 5503 2197 5551 tau-

597 5560 711 5629 ttittt
743 5574 844 5626 hoc
887 5568 1008 5627 loco
1047 5572 1337 5644 significat,
1366 5570 1565 5647 Christi
1610 5584 1827 5627 cat-netu
1860 5560 2103 5647 ejusdem
2135 5580 2199 5629 ac

603 5647 862 5705 nostrain,
906 5658 1028 5712 qua!
1076 5653 1297 5714 peccato
1344 5643 1582 5697 obnoxia
1631 5643 2002 5714 ςξιλιι-ιιιιιτιῐξ
2028 5648 2197 5714 esse:

607 5702 940 5793 neutiquam'
968 5702 1096 5793 vere
1143 5713 1412 5775 inllciatttr
1439 5714 1609 5793 beata:
1631 5702 1868 5793 Virginis
1896 5707 2203 5793 imtttunita-

609 5788 735 5866 tetu-
763 5770 831 5851 ab
880 5777 1047 5866 omni
1072 5785 1561 5876 peccatq;quippe
1605 5770 1767 5862 quatit
1811 5770 1919 5853 non
1971 5770 2207 5859 obscure

2287 4761 2398 4832 jam
2441 4760 2664 4817 tioribus
2681 4799 2698 4826 ,
2725 4771 2846 4827 qua:
2870 4753 3080 4811 solebat
3100 4753 3283 4811 facere
3314 4752 3498 4822 spinas
3520 4787 3538 4817 ,
3566 4748 3739 4804 fructu
3763 4761 3894 4801 eur-

2292 4856 2463 4911 vescit
2487 4868 2713 4910 uvarum
2741 4850 2933 4923 (lbid.,
2967 4850 3077 4919 15).

2290 5010 2501 5058 astrttat
2548 5000 2602 5055 in
2651 4999 2902 5072 ultimum
2946 4993 3107 5063 hujus
3132 4993 3303 5072 ipsius
3334 4990 3528 5061 psalmi
3568 4988 3894 5072 versiculum

2290 5074 2400 5130 illis
2444 5071 2624 5131 verbis
2654 5088 2669 5125 :
2720 5067 2937 5137 Suscipe
2974 5059 3055 5120 me
3080 5059 3183 5120 nou
3196 5064 3263 5137 in
3292 5059 3450 5120 carne
3469 5104 3487 5137 .
3514 5061 3705 5137 quatit:
3729 5059 3899 5137 ddunt

2293 5129 2443 5214 lapsa
2469 5129 2566 5199 est.
2604 5142 2829 5214 Suscipe
2855 5129 2934 5195 me
2964 5152 3154 5214 uouit;
3183 5133 3368 5197 Sarra.
3394 5134 3488 5188 sed
3510 5149 3579 5214 ea:
3607 5129 3810 5214 Maria;
3841 5140 3898 5213 ut

2293 5203 2592 5288 incorrupta
2619 5214 2685 5268 sit
2719 5203 2872 5288 Virgo
2892 5251 2908 5276 ,
2940 5208 3030 5264 sed
3076 5207 3237 5279 Virgo
3274 5222 3366 5276 per
3387 5205 3640 5279 gratiam,
3669 5203 3731 5257 ab
3753 5203 3898 5256 omni

2293 5283 2629 5359 ἱιιιρργρτηῡε
2659 5283 2872 5359 peccati.
2943 5348 2994 5359 __
3275 5348 3285 5359 '
3884 5344 3895 5354 ,

2367 5348 2684 5412 δνΕκινεηια
2724 5355 2859 5409 linea
2883 5395 2899 5419 .
2943 5348 2995 5407 id
3045 5358 3149 5412 est.
3181 5348 3396 5404 eminus
3423 5362 3521 5402 seu
3552 5362 3582 5400 e
3619 5348 3897 5401 remotiori

2298 5430 2437 5485 loco.
2486 5426 2618 5483 Nam
2647 5426 2790 5496 quod
2837 5426 2889 5496 in
2928 5436 3140 5494 quaque
3187 5432 3246 5475 re
3293 5423 3897 5496 pttslft’tlttttnl_esl..ex°

2302 5509 2533 5555 tremum
2587 5484 2800 5573 dicitur.
2857 5484 2960 5573 Est-
2998 5484 3175 5548 att'tem
3221 5484 3824 5573 prqverltialis.locutio
3869 5502 3898 5539 a

2633 5550 2764 5623 varii
2790 5550 2991 5632 gradus
3015 5574 3068 5619 et
3097 5550 3268 5633 Spatia
3303 5550 3462 5633 lineis
3484 5559 3900 5633 distingueban-

2304 5649 2411 5705 tur.
2463 5625 2719 5695 translata
2746 5654 2762 5705 ;
2795 5625 2869 5693 de
2909 5652 3012 5706 qua
3041 5625 3164 5688 vide
3191 5632 3394 5702 Adagia
3426 5630 3637 5699 Erasmi
3660 5625 3799 5686 'chil.
3832 5625 3898 5696 4,

2305 5721 2451 5771 cent.
2476 5711 2532 5782 5,
2559 5710 2720 5767 Prov.
2748 5707 2842 5790 ιϐ.
2874 5716 2929 5764 et
2956 5706 3103 5785 alibi.
3228 5718 3233 5723 ’
3464 5710 3467 5715 ‘
3632 5712 3633 5715 ‘
3858 5708 3859 5713 ‘
