3988 6348
493 328 632 386 1279

1825 329 2074 388 SANC'I'I
2112 330 2438 390 AMBROSII

3652 327 3674 385 1
3691 327 3791 384 9.80

494 448 885 522 probrantihus
937 448 1040 505 sibi
1077 449 1309 521 regibus
1347 449 1663 507 cruciﬁxum
1713 450 1929 519 Jesnm,
1972 466 2080 508 non
2109 461 2161 525 Α
2186 467 2308 524 qure
2338 453 2441 507 nisi
2484 452 2605 524 quis
2635 450 2818 523 diligat
2846 494 2861 520 ,
2895 452 3122 522 implere
3143 465 3257 508 non
3286 451 3486 523 poterit
3519 469 3532 506 ε
3572 465 3673 507 nec
3703 464 3790 506 so-

486 545 852 605 ernbescebat
883 563 896 601 :
943 544 1037 601 sed
1066 545 1236 616 magis
1255 545 1596 615 gloriabatur
1623 547 1676 603 in
1707 561 1872 602 cruce
1903 547 2090 604 Chris-

488 641 566 707 ti,
597 648 653 697 et
681 640 825 695 illam
855 638 1040 694 mundi
1070 637 1301 694 salutem
1332 655 1454 696 esse
1503 639 1831 697 testimoniis
1853 642 2090 698 caelesti-

492 735 591 790 bus
617 732 916 788 astruebat.
955 730 1064 786 llos
1094 741 1256 788 vocat
1277 732 1530 789 Christus
1576 735 1628 790 in
1660 733 1872 802 Sponsa
1901 734 2090 790 dicens

487 829 542 884 in
571 826 814 882 Canticis
834 823 1182 880 Canticorum
1211 842 1226 880 :
1259 824 1326 880 Et
1356 827 1471 880 veni
1495 835 1549 880 tu
1572 869 1586 891 ,
1622 825 1857 880 columba
1879 825 2090 885 mea.'in

488 929 785 992 legumento
815 929 996 991 petrw,
1014 924 1172 994 juxta
1196 921 1644 991 pra-munitionem
1665 919 1849 994 (Cant.
1871 938 1929 988 tt,
1962 921 2030 976 M
2049 923 2089 989 );

489 1011 592 1069 hoc
623 1019 740 1078 est,
765 1010 891 1067 veni
929 1011 1085 1081 juxta
1118 1011 1494 1084 Evangelium.
1522 1011 1932 1082 Propugnacula
1963 1010 2091 1067 fidei

491 1114 598 1160 tua:
629 1113 784 1173 gesta
813 1114 938 1159 sunt
961 1102 1160 1159 Christi
1199 1123 1211 1159 :
1238 1104 1379 1160 muri
1405 1104 1478 1158 tui
1508 1103 1747 1160 subsidia
1779 1103 1942 1159 verba
1970 1113 2097 1160 sunt

492 1195 708 1252 Domini
764 1197 993 1266 :passio
1041 1197 1312 1254 Dominici
1361 1196 1607 1269 corporis
1633 1205 1722 1252 tua
1775 1197 1947 1252 virtus
1985 1204 2092 1252 est.

495 1287 726 1344 Ostende
755 1289 884 1342 mihi
915 1289 1107 1360 faciem
1158 1299 1336 1356 tuam,
1369 1300 1416 1346 et
1454 1291 1666 1346 insinua
1704 1306 1876 1345 vocem
1917 1299 2094 1356 tuam;

488 1385 612 1452 quia
642 1399 744 1439 vox
772 1393 862 1439 tua
891 1386 1066 1440 suavis
1097 1395 1171 1439 est
1195 1427 1210 1452 ,
1240 1394 1289 1440 et
1309 1385 1472 1456 facies
1507 1394 1596 1439 tua
1632 1385 1855 1457 pulchra
1879 1383 2093 1457 (lbid.).

491 1474 687 1531 Suavis
717 1484 801 1531 est
828 1491 932 1531 vos
956 1518 970 1542 ,
1001 1477 1126 1548 quia
1157 1491 1253 1532 ore
1293 1475 1569 1532 confessio
1598 1477 1657 1531 lit
1686 1476 1752 1531 ad
1801 1475 2031 1532 salutem
2081 1493 2094 1530 :

492 1579 548 1625 et
568 1569 768 1626 decora
799 1569 986 1634 facies,
1015 1585 1138 1642 qua:
1163 1585 1270 1627 non
1300 1571 1576 1628 erubescit
1613 1570 1938 1636 Auctorem,
1987 1584 2096 1626 non

491 1664 846 1723 confunditur
900 1665 1344 1737 Redemptorem.
1397 1665 1651 1722 Ostendit
1713 1681 1846 1737 ergo
1901 1665 2096 1722 faciem

493 1771 692 1824 suam,
743 1757 1080 1829 signaculum
1131 1758 1311 1814 crucis
1361 1757 1660 1829 praeferens
1717 1765 1820 1814 :et
1864 1757 2101 1812 insinuat

2192 545 2303 601 lum
2333 545 2563 616 diligat,
2588 545 2682 601 sed
2710 545 2873 601 etiam
2903 546 3058 600 nimis
3080 546 3294 616 diligat.

2263 640 2352 695 56.
2395 639 2523 695 Ideo
2555 641 2703 710 prius
2732 641 2912 711 posuit
2942 659 2954 694 :
3006 638 3072 694 Et
3101 641 3390 696 meditabar
3434 642 3488 694 in
3519 641 3789 712 pra'ceptis

2192 734 2316 798 tuis,
2339 748 2452 804 qua:
2479 733 2640 788 dilexi
2683 733 2858 787 nimis.
2908 733 2974 787 Et
3002 725 3229 802 subjecit
3259 750 3270 786 :
3305 731 3369 786 Et
3397 732 3560 787 levavi
3608 749 3790 787 manus

2193 841 2331 878 meas
2363 824 2430 878 ad
2453 833 2712 892 prtrcepta
2735 834 2843 890 tua,
2879 841 2993 896 quae
3021 825 3184 880 dilexi
3209 825 3382 879 nimis.
3410 825 3540 880 Post
3559 825 3790 880 medita-

2194 917 2396 971 tionem
2447 917 2648 972 etenim
2695 917 2896 972 bonum
2927 931 3011 973 est
3059 918 3243 974 levare
3283 926 3438 973 actus
3478 926 3702 974 nostros
3728 919 3788 974 ad

2195 1017 2462 1080 praecepta
2496 1010 2625 1072 Dei,
2678 1020 2842 1082 atque
2899 1011 2950 1066 id
2978 1013 3159 1068 facere
3203 1026 3325 1067 cum
3355 1011 3644 1078 charitate,
3669 1028 3789 1069 cum

2194 1103 2419 1175 gaudio;
2451 1113 2507 1159 ut
2543 1119 2650 1160 non
2683 1120 2749 1160 ex
2783 1105 3111 1160 necessitate
3155 1106 3226 1160 sit
3270 1105 3469 1160 bonum
3514 1114 3788 1175 nostrum,

2196 1211 2303 1252 non
2351 1212 2472 1252 cum
2503 1212 2737 1253 maerore
2763 1210 2928 1268 atque
2959 1199 3238 1265 maestitia,
3268 1199 3362 1254 sed
3394 1199 3792 1266 voluntarium;

2197 1288 2320 1358 quia
2362 1302 2555 1343 servus
2586 1289 2785 1344 invitus
2835 1287 2997 1357 facit,
3045 1290 3251 1345 amicus
3294 1289 3655 1348 voluntarius.
3690 1290 3796 1347 Nos

2197 1390 2376 1436 autent
2400 1380 2718 1436 studeamus
2750 1391 2805 1436 ut
2831 1381 3044 1437 dicatur
3075 1381 3233 1437 nobis
3277 1400 3291 1437 :
3335 1381 3455 1437 Jam
3496 1399 3600 1438 non
3628 1383 3796 1438 dicam

2197 1493 2285 1530 vos
2333 1492 2524 1542 servos,
2573 1476 2662 1530 sed
2703 1475 2898 1530 amicos
2935 1474 3120 1546 (Joan.
3169 1491 3256 1539 xv,
3292 1476 3426 1548 15),
3470 1478 3594 1546 quia
3644 1477 3796 1548 quasi

2198 1569 2362 1623 amici
2387 1567 2698 1624 mandatum
2721 1569 2813 1624 Dei
2843 1583 2906 1625 ex
2929 1569 3208 1625 voluntate
3231 1568 3456 1624 fecistis.
3489 1569 3590 1638 Qui
3617 1577 3795 1624 autem

2203 1662 2496 1718 meditatur
2525 1671 2579 1718 ct
2608 1661 2819 1734 diligit,
2873 1671 2927 1719 et
2971 1672 3125 1718 actus
3157 1677 3286 1718 suos
3319 1663 3495 1732 levat,
3552 1671 3611 1718 ut
3642 1662 3799 1719 faciat

2200 1772 2320 1826 qua:
2350 1755 2596 1827 placeant
2622 1754 2769 1810 Deo:
2802 1755 2848 1811 is
2869 1754 3031 1810 debet
3051 1770 3159 1810 non
3186 1755 3483 1826 negligere,
3508 1769 3608 1810 nec
3626 1763 3801 1810 trans-

496 1866 686 1907 vocem
727 1867 902 1918 suam,
935 1851 1318 1908 auctoritatem
1349 1851 1757 1923 pra-dicatiouis
1786 1865 2095 1907 assumens.
2129 1861 2176 1920 Β
2203 1862 2422 1903 currere
2455 1846 2704 1903 mandata
2728 1847 2912 1902 divina
2947 1864 2959 1902 :
2991 1846 3085 1903 sed
3107 1847 3430 1904 exerceri-iu
3464 1847 3571 1913 his,
3605 1847 3800 1903 immo-

499 1942 560 2000 In
593 1951 910 2016 legumento
936 1944 1082 2002 enim
1123 1946 1372 2016 corporis
1401 1943 1633 2011 Christi,
1667 1960 1776 2016 quo
1823 1944 2104 2016 redempta

502 2043 587 2091 est
613 2051 642 2090 a
672 2045 896 2106 peccato
913 2079 928 2101 ,
955 2038 1356 2094 munimentum
1379 2037 1568 2109 gratiae
1589 2037 1852 2108 spiritalis
1875 2038 2102 2095 invenit:

497 2137 556 2182 ut
587 2128 846 2185 salutaria
889 2130 992 2185 sibi
1042 2139 1098 2187 et
1123 2131 1326 2186 sentiat
1345 2140 1400 2187 et
1443 2132 1721 2202 loquatur.
1752 2130 1946 2187 Suavis
1976 2145 2104 2204 ergo

496 2238 603 2278 vox
642 2238 766 2295 qua:
797 2224 852 2279 in
880 2223 1079 2280 divinis
1133 2225 1460 2281 testimoniis
1503 2224 1830 2296 loquebatur
1861 2242 1873 2278 :
1905 2225 2102 2281 decora

498 2316 695 2380 facies.
727 2333 850 2388 quae
878 2319 929 2374 in
953 2329 1252 2392 conspectu
1289 2335 1480 2392 regum
1508 2336 1616 2376 non
1643 2319 2100 2378 confundebatur.

578 2408 789 2484 1043
815 2411 905 2468 54.
950 2411 1252 2468 Possumus
1302 2423 1357 2469 et
1389 2413 1516 2469 illos
1566 2428 1725 2486 reges
1765 2413 2102 2484 intelligere,

501 2505 702 2575 quibus
722 2506 926 2562 dicitur
963 2523 993 2562 a
1020 2507 1225 2564 Petro:
1268 2507 1372 2564 Vos
1420 2519 1591 2564 autem
1638 2525 1803 2581 genus
1851 2509 2103 2576 electum,

495 2599 675 2671 regale
700 2600 1070 2668 sacerdotium,
1105 2617 1229 2672 gens
1273 2610 1488 2666 sancta,
1519 2601 1745 2672 populus
1771 2602 1824 2655 in
1863 2600 2105 2671 adoptio-

498 2710 616 2748 nem
645 2692 687 2763 (1
744 2692 858 2748 Pet.
891 2710 963 2758 ιι,
991 2693 1071 2765 9).
1104 2695 1245 2752 Sunt
1271 2697 1417 2751 enim
1460 2711 1620 2767 reges
1661 2695 1750 2766 qui
1791 2693 2022 2750 offerunt
2047 2693 2102 2749 in

503 2784 845 2841 Hierusalem
887 2787 1171 2858 sapientiae
1202 2804 1316 2843 sua:
1347 2803 1595 2854 munera,
1644 2788 1842 2859 quibus
1871 2787 1996 2843 data
2021 2795 2105 2843 est

502 2878 676 2947 gratia
726 2879 956 2935 verbum
1008 2882 1189 2952 loqui,
1239 2890 1293 2935 et
1327 2883 1560 2952 quadam
1611 2889 1883 2952 potestate
1931 2880 2102 2950 regali

503 2971 723 3028 ﬂectere
773 2973 1032 3044 populos,
1095 2983 1147 3028 et
1194 2976 1406 3030 animas
1449 2976 1690 3031 mulcere
1739 2985 2098 3029 sanctorum:

505 3080 612 3120 non
647 3065 1034 3122 erubescentes
1081 3067 1134 3121 in
1165 3081 1265 3133 eo;
1311 3068 1436 3138 quia
1471 3067 1601 3122 nihil
1641 3068 1882 3123 alienum
1907 3067 1977 3122 ab
2007 3065 2105 3120 ho-

503 3167 715 3214 nestate
743 3158 1117 3230 loquerentur,
1149 3175 1286 3229 quos
1311 3175 1472 3216 nemo
1502 3160 1798 3228 redargnat
1829 3168 1884 3216 et
1928 3160 2104 3228 repel-

2206 1939 2311 1994 rari
2347 1939 2662 2009 plurimum,
2693 1939 3114 2010 justificatioues
3147 1940 3245 1997 Dei
3275 1940 3471 1996 crebro
3511 1940 3800 1999 revolvens

2206 2030 2453 2086 sollicitte
2482 2031 2682 2086 mentis
2707 2031 2927 2088 aﬂ‘ectu.

2687 2166 2923 2225 SERMO
2961 2168 3324 2227 SEPTIMUS.

2869 2286 2915 2336 ,τ
2955 2280 3111 2337 Zain.

2279 2408 2331 2462 1.
2374 2405 2579 2462 Littera
2611 2407 2908 2463 secundum
2942 2407 3204 2464 Hebraeos
3225 2407 3359 2464 Zain
3395 2409 3669 2481 significat
3707 2409 3810 2466 La-

2209 2499 2343 2566 tine,
2372 2499 2474 2553 duc
2521 2510 2608 2555 te:
2662 2499 2793 2554 alibi
2844 2500 3144 2570 signiﬁcat,
3195 2501 3316 2556 huc.
3359 2503 3498 2569 Quid
3536 2503 3640 2559 sibi
3681 2505 3811 2560 velit

2208 2591 2308 2648 ista
2340 2594 2716 2663 interpretatio
2745 2608 2851 2649 non
2877 2593 3011 2648 satis
3040 2595 3204 2665 liquet
3231 2638 3246 2661 ,
3272 2595 3376 2650 nisi
3405 2595 3545 2652 forte
3568 2607 3621 2651 ut
3647 2613 3811 2652 unus-

2207 2688 2436 2758 quisque
2466 2703 2524 2744 se
2551 2697 2733 2758 regat,
2771 2697 2825 2744 et
2855 2689 2969 2759 ipse
2999 2689 3081 2744 sui
3109 2689 3305 2746 ductor
3330 2692 3422 2747 sit.
3459 2691 3555 2746 Vel
3600 2692 3724 2756 huc,
3760 2692 3812 2748 id

2207 2789 2289 2836 est
2317 2823 2332 2845 ,
2365 2795 2475 2850 quo
2503 2779 2698 2836 litterze
2726 2780 2886 2851 hujus
2915 2783 3168 2838 versiculi
3195 2792 3386 2839 vocant
3416 2827 3430 2849 ,
3462 2783 3659 2856 dirigat
3684 2786 3807 2840 iter.

2207 2872 2508 2945 Meritoque
2537 2877 2588 2930 in
2621 2877 2794 2943 primo
2821 2876 3004 2931 statim
3038 2891 3200 2932 versu
3231 2878 3472 2947 requiem
3527 2894 3679 2934 suam
3721 2895 3814 2951 po-

2207 2968 2370 3021 stulat
2398 2984 2412 3031 ;
2446 2969 2568 3038 quia
2598 2969 2714 3038 ipse
2758 2969 2956 3025 littera:
2984 2970 3254 3041 septimus
3297 2971 3512 3046 10M
3548 2989 3814 3030 numerus

2207 3070 2291 3117 est
2325 3061 2542 3132 quietis.
2591 3063 2722 3131 Quae
2760 3073 2942 3119 autem
2974 3065 3148 3133 major
3171 3070 3410 3136 requies,
3459 3083 3619 3138 quam
3653 3077 3712 3122 ut
3761 3070 3812 3123 in

2207 3157 2377 3212 verbo
2407 3156 2500 3212 Dei
2529 3158 2865 3229 requiescat,
2898 3168 3063 3230 atque
3090 3158 3211 3229 ejus
3236 3174 3296 3216 se
3323 3161 3494 3230 gratia
3529 3170 3582 3215 et
3611 3176 3814 3216 conso-

504 3251 581 3305 lat
609 3295 623 3315 ,
657 3252 814 3322 quasi
848 3251 971 3323 quia
1006 3268 1114 3308 non
1163 3252 1274 3308 sint
1301 3253 1482 3324 digni.
1515 3269 1652 3322 quos
1685 3254 1916 3310 idoneos
1949 3253 2107 3310 Chri-
2132 3249 2177 3312 C
2211 3249 2760 3326 lationgﬂﬁmnlcettl.

503 3355 622 3400 stus
652 3346 934 3401 ministros
961 3347 1086 3402 novi
1117 3347 1309 3403 fecerit
1329 3347 1688 3417 Testamenti,
1722 3358 1774 3402 et
1798 3349 1908 3419 jam
1935 3349 1988 3402 in
2014 3349 2109 3404 illo

503 3452 612 3491 non
645 3437 1066 3504 erubescentes;
1094 3453 1162 3494 eo
1192 3439 1336 3510 quod
1369 3455 1476 3494 non
1521 3449 1831 3495 metuerent
1874 3456 1944 3497 ne
1976 3456 2111 3496 cou-

502 3530 862 3587 fuuderentur
877 3531 1293 3603 disceptantium
1311 3534 1584 3590 contraria
1618 3535 1924 3592 assertione
1946 3551 2109 3606 supe-

505 3628 630 3680 rati.
682 3623 796 3680 Rex
833 3625 996 3695 igitur
1023 3637 1109 3682 est
1133 3628 1225 3698 qui
1261 3643 1368 3683 non
1415 3628 1742 3696 erubescat,
1791 3645 1860 3684 ne
1890 3629 1944 3684 in
1985 3639 2106 3685 actu

505 3716 966 3788 reprehendatur,
991 3717 1352 3790 redarguatur
1383 3721 1438 3776 in
1467 3721 1850 3788 sermonibus;
1875 3738 1942 3778 eo
1962 3725 2106 3794 quod

504 3818 560 3864 et
591 3811 702 3864 vita
733 3810 934 3866 debeat
956 3826 1078 3867 esse
1111 3811 1368 3868 fundatus
1398 3823 1450 3869 et
1481 3813 1674 3870 verbo.
1700 3814 1889 3886 itaque
1919 3831 2103 3883 qtlatnv

503 3903 586 3958 vis
612 3904 888 3975 perfectus
914 3906 983 3961 ita
1012 3915 1162 3964 esset
1200 3907 1470 3979 Propheta
1490 3945 1514 3975 ,-
1537 3919 1596 3965 ut
1625 3925 1730 3965 non
1758 3910 2110 3967 erubesceret

507 3999 558 4052 in
583 4009 882 4067 conspectu
915 4015 1105 4071 regum
1133 4043 1148 4067 ,
1185 4011 1365 4058 tamen
1401 4001 1770 4058 meditabatur
1797 4003 1849 4058 in
1872 4019 2107 4074 praecep-

505 4090 573 4145 tis
603 4091 698 4145 Dei
725 4091 876 4146 omni
907 4092 1031 4146 vitre
1056 4109 1169 4147 sua:
1195 4104 1446 4162 tempore
1471 4136 1486 4158 ,
1520 4106 1573 4151 et
1602 4110 1769 4166 opera
1801 4109 1897 4150 sua
1925 4096 2108 4152 eleva-

503 4180 618 4243 bat,
635 4181 768 4235 nihil
785 4197 949 4251 agens
963 4183 1108 4252 qund
1131 4185 1364 4239 terrenis
1373 4187 1766 4254 cupiditatibus
1779 4187 2104 4243 adhaereret.

574 4271 666 4326 35.
701 4269 882 4340 (Vers.
925 4273 1019 4336 4³1,
1046 4272 1165 4344 48.)
1191 4273 1424 4345 Ideoque
1450 4275 1520 4330 ait
1579 4294 1593 4328 :
1648 4275 1717 4330 Et
1741 4277 2031 4333 meditabar
2052 4279 2106 4334 in

503 4363 768 4419 mandatis
791 4365 893 4419 tuis
911 4406 926 4431 ,
949 4382 1066 4436 qua:
1087 4367 1250 4421 dilexi
1272 4368 1449 4423 nimis.
1474 4366 1542 4422 Et
1571 4368 1736 4424 levavi
1755 4385 1944 4424 manus
1969 4387 2108 4425 meas

504 4459 574 4512 ad
599 4459 848 4514 mandata
894 4469 1005 4527 tua,
1054 4477 1170 4530 qua:
1209 4461 1373 4516 dilexi
1411 4463 1565 4518 nimis
1593 4478 1612 4517 :
1661 4473 1712 4519 et
1742 4463 2016 4519 exercebar
2055 4465 2109 4518 in

493 4552 1138 4622 jttstiﬁcationibus-tuis.
1201 4553 1615 4611 Pnlcherrimus
1659 4556 1797 4612 ordo
1846 4557 1987 4623 iste,
2052 4568 2112 4612 ut

2282 3315 2734 3450 2.)
2786 3345 3044 3402 Memento
3071 3389 3085 3410 ,
3128 3348 3335 3418 inquit,
3371 3348 3616 3412 Domine,
3673 3352 3817 3406 verbi

2211 3438 2286 3491 tui
2314 3438 2458 3492 servo
2488 3447 2595 3506 tuo,
2635 3441 2688 3492 in
2713 3456 2814 3510 quo
2841 3441 2967 3494 milii
3009 3457 3152 3511 spem
3199 3442 3406 3496 dedisti.
3442 3442 3677 3498 Verbum
3716 3444 3814 3500 Dei

2211 3531 2452 3603 dejectns
2483 3547 2581 3588 nos
2607 3543 2768 3606 atque
2799 3535 3094 3605 depressos
3143 3536 3210 3591 ad
3256 3536 3533 3592 cmlestem
3581 3538 3816 3608 gratiam

2210 3627 2564 3697 provocavit;
2617 3638 2673 3681 ut
2725 3627 3101 3684 desideremus
3137 3630 3529 3693 aeternitatem,
3577 3638 3602 3666 α
3633 3629 3818 3701 despi-

2209 3716 2419 3774 ciamus
2441 3721 2757 3791 praesentia,
2807 3722 3192 3790 temporalium
3248 3722 3507 3778 incuriosi
3549 3722 3729 3777 futura
3764 3735 3817 3780 et

2210 3811 2498 3866 invisibilia
2542 3814 2904 3884 requiramus.
2941 3814 3112 3870 Vocat
3153 3815 3314 3886 igitur
3369 3830 3467 3870 nos
3509 3815 3578 3870 ad
3624 3831 3681 3870 se
3717 3815 3816 3871 Dei

2210 3903 2472 3970 Verbum,
2494 3905 2633 3960 sicut
2657 3905 2826 3962 habes
2857 3907 3118 3977 scriptum
3147 3927 3160 3962 :
3199 3905 3383 3962 Venite
3409 3907 3479 3961 ad
3505 3923 3608 3973 me,
3638 3924 3816 3960 omnes

2207 3999 2299 4067 qui
2321 3998 2567 4052 laboratis
2589 4008 2637 4052 et
2659 4001 2858 4054 onerati
2887 4001 3026 4066 estis,
3049 4011 3096 4055 et
3125 4016 3216 4071 ego
3236 4001 3466 4065 reﬁciam
3480 4017 3569 4056 vos
3595 4000 3814 4070 (Matth.

2209 4105 2263 4144 χι
2286 4133 2301 4158 ,
2325 4090 2440 4162 28).
2473 4090 2709 4161 Ideoque
2737 4107 3032 4161 sequamur
3066 4102 3350 4150 vocantem
3397 4093 3687 4149 Dominum
3725 4094 3819 4148 Je-

2208 4198 2357 4248 sum;
2389 4192 2444 4236 ut
2476 4199 2502 4236 a
2537 4184 2887 4240 saicnlaribus
2909 4185 2975 4240 ad
2999 4195 3260 4257 perpetua
3293 4195 3663 4254 transeamus,
3688 4202 3820 4241 nuso

2209 4291 2314 4346 que
2341 4277 2489 4346 ipsos
2519 4291 2710 4346 regere
2746 4279 3086 4335 noverimus.

2279 4371 2334 4424 ’5.
2362 4369 2390 4409 ι)
2419 4370 2560 4441 Ergo
2583 4371 2748 4427 David
2770 4413 2784 4440 ,
2811 4373 3068 4444 quoniam
3099 4389 3245 4446 sa-pe
3272 4374 3557 4446 reSponsis
3585 4383 3703 4430 erat
3737 4375 3820 4431 in—

2211 4462 2410 4518 vitatus
2439 4463 2780 4531 caelestibus,
2807 4466 3002 4536 quibus
3022 4468 3515 4524 remunerationem
3548 4467 3671 4522 fidei
3701 4484 3821 4524 tne-

2213 4553 2553 4624 ritorumque
2581 4567 2826 4626 speraret
2853 4556 2999 4622 fore,
3031 4560 3173 4614 sicut
3214 4559 3380 4615 babes
3409 4560 3692 4630 scriptum,
3727 4559 3821 4614 di-

506 4645 683 4716 primo
710 4646 1055 4714 meditemur,
1090 4657 1144 4704 et
1175 4663 1362 4703 eorum
1393 4655 1791 4722 praeceptorum
1835 4666 1955 4722 qua:
1982 4649 2106 4705 dili-
2133 4641 2188 4702 D
2212 4657 2369 4703 conte
2402 4647 2518 4702 Deo
2547 4664 2645 4720 per
2674 4648 2886 4705 Nathan
2918 4651 3238 4721 prophetam
3273 4654 3496 4724 :Accepi
3525 4663 3574 4708 te
3602 4655 3665 4706 de
3690 4652 3820 4706 ovili

502 4743 707 4810 gimus,
733 4744 804 4798 sit
835 4743 992 4798 nobis
1026 4755 1241 4800 assueta
1261 4746 1563 4802 meditatio.
1588 4747 1939 4803 Meditatione
1959 4747 2105 4803 enim

505 4834 884 4890 mandatorum
935 4837 1242 4892 caelestium
1273 4840 1458 4910 operis
1492 4839 1622 4895 boni
1673 4855 1803 4896 usus
1835 4840 2106 4898 inolescit.

503 4925 637 4982 Nam
668 4929 808 4984 sicut
833 4930 1178 4988 meditationi
1224 4933 1512 4989 verborum
1545 4934 1668 4989 linis
1699 4936 1960 4990 memoria
1990 4945 2106 5003 est,

507 5029 564 5074 ut
593 5035 715 5089 qute
747 5021 1072 5079 meditamur
1097 5023 1261 5080 verba
1285 5032 1572 5080 teneamus
1599 5043 1612 5081 :
1636 5025 1715 5080 sic
1736 5026 2105 5081 meditationis

502 5122 900 5182 praeceptorum
955 5115 1260 5170 ctelestium
1306 5117 1539 5172 intentio
1586 5116 1673 5172 vel
1707 5116 1830 5170 linis
1858 5116 2105 5186 operatio

503 5214 619 5273 est,
644 5216 907 5277 actusque
934 5207 1174 5264 directus
1203 5209 1268 5263 ad
1293 5208 1571 5279 implenda
1596 5219 1861 5281 praecepta
1893 5208 2101 5277 divina,

575 5411 602 5440 ⁸
621 5405 778 5484 .Edit.
813 5405 1118 5484 Rom.__cum
1149 5403 1362 5460 duobus
1395 5417 1554 5484 mss...
1579 5400 1945 5484 Despiciamus
1960 5416 2102 5484 prae-

498 5477 688 5543 sentia,
735 5477 1040 5548 temporalia
1075 5491 1394 5548 recusemus,
1442 5477 1648 5543 futura,
1696 5482 1801 5548 etc.
1849 5477 2100 5539 Antiqua}

498 5561 621 5620 cum
668 5548 790 5603 aliis
837 5544 1052 5620 aliquot
1089 5566 1101 5601 :
1142 5544 1810 5620 Despiciamusprtesentia
1840 5552 2094 5614 tempora-

501 5617 1046 5684 liumincursionum,
1079 5621 1125 5673 si
1153 5619 1354 5688 futura.
1385 5627 1494 5673 etc.
1520 5617 1692 5686 Major
1721 5623 1900 5671 autem
1924 5629 1988 5669 ac
2012 5627 2102 5685 po-

502 5690 926 5760 tior‘pars'mss.
955 5700 1015 5745 ut
1046 5706 1144 5745 nos
1172 5690 1226 5745 in
1261 5697 1435 5745 textu.

508 5803 537 5849 ε
572 5777 599 5816 δ
631 5778 792 5842 Edita
823 5777 1058 5842 Omnes,
1085 5776 1455 5849 VErgoLDavid
1506 5777 1741 5849 [vocatus
1764 5786 1908 5849 erat
1937 5778 2105 5849 verbo

501 5845 598 5903 Det
623 5891 636 5914 ,
665 5860 713 5902 et
738 5864 879 5919 spem
909 5849 960 5902 in
992 5865 1052 5903 eo
1073 5845 1287 5919 habuit]
1314 5845 1580 5917 quoniam.
1620 5857 1729 5904 etc.
1755 5847 1862 5906 Sed
1895 5845 2104 5906 inclusa

2213 4757 2279 4796 ex
2305 4758 2409 4797 uno
2450 4757 2604 4813 grege
2624 4783 2639 4809 ,
2670 4751 2725 4797 ut
2770 4745 2843 4799 sis
2873 4745 2926 4799 in
2959 4745 3241 4814 principem
3268 4746 3320 4799 in
3345 4746 3597 4818 papulum
3643 4762 3818 4800 meum

2209 4831 2411 4901 Israel;
2433 4845 2480 4890 et
2510 4853 2650 4891 eram
2678 4847 2844 4892 tecum
2873 4837 2925 4892 in
2962 4837 3196 4894 omnibus
3220 4839 3403 4910 quibus
3439 4837 3820 4910 iugrediebaris

2210 4937 2258 4981 et
2304 4932 2632 4985 exterminavi
2683 4947 2859 4987 omnes
2909 4933 3144 4987 inimicos
3193 4943 3305 4988 tuos
3349 4952 3381 4988 a
3430 4934 3566 5007 [acie
3603 4943 3692 4987 tua
3735 4931 3819 5004 (11

2209 5020 2344 5094 Reg.
2378 5040 2447 5079 vn
2472 5065 2489 5092 ,
2522 5025 2556 5079 8
2587 5036 2634 5080 et
2662 5025 2741 5097 9).
2774 5027 2840 5082 Et
2867 5026 3004 5082 infra
3035 5045 3048 5082 :
3098 5026 3163 5081 Et
3204 5029 3430 5098 requiem
3459 5027 3551 5082 tibi
3579 5027 3722 5082 dabo
3749 5029 3817 5082 ab

2210 5117 2446 5171 omnibus
2490 5118 2717 5172 inimicis
2757 5121 2858 5174 tuis
2887 5119 3052 5192 (Ibid.
3103 5121 3164 5174 11
3201 5122 3244 5190 ).
3275 5120 3397 5186 Quo
3428 5133 3696 5192 responso
3723 5133 3831 5174 aea

2208 5219 2386 5280 cepto,
2416 5213 2493 5264 ait
2515 5210 2682 5266 David
2709 5229 2721 5266 :
2758 5210 2897 5279 Quid
2923 5229 3034 5266 sunt
3061 5228 3176 5284 ego,
3224 5210 3444 5266 Domine
3475 5209 3615 5265 Deus
3638 5227 3784 5265 meus
3803 5254 3818 5276 ,

2209 5403 2421 5476 uncinis
2445 5416 2637 5476 _neque
2667 5401 2718 5458 in
2745 5402 3076 5476 Yat._neque
3111 5404 3164 5460 in
3207 5404 3344 5476 Galli.
3395 5405 3518 5461 cod.
3571 5406 3825 5476 reperire

2209 5485 2315 5529 est.
2344 5472 2540 5546 Addita
2570 5489 2700 5528 vero
2725 5472 3011 5546 ah_aliquo
3037 5476 3285 5546 videntur
3315 5475 3482 5532 fuisse
3505 5517 3522 5544 ,
3546 5472 3651 5546 qui
3684 5492 3820 5533 cum

2211 5545 2542 5618 intelligeret
2583 5560 2744 5618 voces
2766 5543 2932 5618 (Ergo
2959 5545 3148 5617 Dat-id)
3180 5546 3370 5602 referri
3407 5547 3472 5602 ad
3520 5543 3821 5605 inferiores

2211 5615 2334 5672 illas
2355 5657 2370 5682 ,
2399 5615 2514 5669 Hoc
2536 5617 2696 5687 igitur
2710 5615 2978 5689 responso,
3001 5615 3374 5689 ctc.,'gput.a'vit
3395 5634 3616 5682 sensum
3649 5621 3822 5685 nimis

2211 5701 2336 5743 esse
2365 5686 2715 5757 suspensum.
2749 5686 2906 5757 Unde
2928 5697 3003 5752 ut
3033 5689 3080 5743 ei
3112 5687 3242 5744 vitio
3285 5686 3616 5754 mederetur,
3650 5705 3824 5746 vcces

2211 5773 2241 5812 a
2273 5755 2429 5814 nobis
2460 5755 2740 5814 resecatas
2761 5756 2982 5826 adjecit.
