3988 6374
143 316 244 373 ΗΜ

1198 310 1262 366 ΙΝ
1305 310 1631 370 PSALMUM
1671 311 1884 369 CXVIII
1927 311 2307 371 EXI’OSI'IIO.

3262 318 3285 370 1
3295 317 3397 374 ’282

161 441 190 481 ct
213 441 293 494 qutt’
332 421 507 475 donius
549 438 699 488 mea;
727 421 966 493 quoniam
1011 421 1243 477 dilexisti
1289 439 1368 478 me
1395 423 1448 477 in
1487 423 1600 488 his,
1642 433 1690 478 et
1719 427 1772 489 Α
1799 431 1941 478 tatur
1966 424 2209 490 oraculo,
2243 431 2357 477 toto
2387 438 2481 493 per
2511 432 2703 494 gentes
2732 423 2866 481 orbe
2897 425 3253 483 fundendum.
3288 428 3401 483 Hoc

159 525 369 572 numerata
389 523 508 568 sunt
539 513 760 568 miniata
784 515 838 569 in
879 524 1154 585 conspectu
1195 522 1315 581 tuo,
1357 512 1607 579 Domine,
1642 524 1687 567 et

163 613 310 666 locutus
326 626 368 664 es
394 624 485 678 pro
506 608 669 662 domo
695 608 828 664 serui
849 608 925 662 tui
946 608 997 661 in
1019 607 1298 679 longinquo
1324 606 1517 679 (lbitl.,
1543 608 1617 664 18
1642 617 1692 662 et

161 705 256 775 l9)?
280 703 334 758 Et
357 700 497 756 infra
520 701 596 756 ait
627 719 641 756 :
675 699 746 754 Et
777 718 931 768 nunc,
979 699 1200 754 Domine
1240 716 1405 768 meus,
1437 699 1655 755 Domine
1677 741 1691 764 ,

161 809 198 851 tn
216 812 254 852 es
276 793 408 850 Deus.
444 792 515 847 Et
544 793 702 850 verba
743 804 834 848 tua
865 803 984 850 sunt
1015 811 1159 860 vera,
1189 803 1238 849 et
1282 794 1485 848 locutus
1507 811 1558 848 es
1601 810 1695 866 pro

156 907 264 948 serto
283 900 354 944 tuo
374 893 506 944 bona
537 890 649 943 Itth
677 904 696 944 :
725 899 772 944 et
790 906 929 944 nunc
959 889 1126 960 incipe
1167 889 1464 945 benedicere
1485 889 1697 945 domum

158 985 260 1040 serui
280 984 368 1051 tui,
395 993 450 1037 ut
476 983 574 1037 sim
611 984 665 1038 in
713 994 965 1039 wternum
1013 985 1068 1038 in
1108 994 1383 1054 conspectu
1418 994 1544 1051 tuo;
1569 1003 1698 1057 quo-

157 1081 263 1132 niam
284 1088 356 1146 tu,
384 1075 609 1131 Domine
655 1093 814 1145 meus,
841 1075 1062 1131 Domine
1089 1075 1288 1132 locutus
1315 1095 1400 1146 es,
1433 1095 1465 1132 a
1491 1079 1699 1134 benedi-

159 1173 286 1225 ctione
301 1181 372 1224 tua
391 1169 720 1225 benedicetur
743 1169 927 1225 domus
949 1170 1082 1225 servi
1109 1171 1183 1224 tui
1205 1172 1260 1225 in
1283 1180 1566 1226 teternum:
1596 1169 1702 1226 hoc

158 1265 284 1332 igitur
322 1277 580 1334 responso
605 1271 662 1318 et
688 1263 811 1318 aliis
840 1274 1062 1320 vocatus
1094 1263 1262 1319 David
1284 1305 1300 1331 ,
1333 1278 1561 1335 sperare
1591 1278 1699 1318 non

159 1356 339 1423 desinit,
359 1366 408 1412 et
441 1356 782 1426 prophetica:
806 1355 933 1412 fidei
953 1357 1279 1412 auctoritate
1305 1355 1564 1411 convenit
1591 1354 1702 1410 Do-

155 1452 346 1516 minum;
369 1460 422 1506 ut
444 1451 758 1506 meminerit
780 1451 1176 1521 promissorum
1203 1465 1450 1518 suorum,
1474 1465 1703 1521 quorum

159 1544 386 1601 immemor
405 1560 534 1602 esse
559 1561 668 1600 non
694 1546 893 1600 soleat.
919 1546 1136 1601 Sanctis
1165 1545 1311 1601 enim
1348 1559 1707 1616 quaecumque

156 1639 475 1709 spoponderit,
500 1639 733 1710 implere
760 1638 1065 1705 consuevit,
1088 1647 1395 1694 nostrarum
1421 1638 1708 1694 immemor

157 1733 494 1804 iuiquitalum,
554 1747 778 1788 suarum
831 1748 940 1788 non
998 1733 1286 1787 immemor
1322 1731 1702 1804 sponsionum.

1795 533 1923 588 ergo
1949 529 2278 574 surrectura:
2299 517 2564 573 Ecclesiae
2588 519 2916 588 promissum
2946 520 3116 576 David
3138 536 3401 577 verecun-

1795 610 1898 665 dus
1925 610 2044 675 sui,
2078 611 2366 680 impatiens
2393 625 2527 666 vero
2547 615 2853 669 communis
2880 613 3156 684 profectus
3185 627 3403 670 moran-

1797 703 1895 770 tis,
1925 702 2408 790 @gggﬁvidetur.

2429 796 2671 853 addidit:
2704 797 2833 854 Hcce
2855 814 2936 853 me
2961 799 3227 854 consolata
3257 799 3410 853 estin

1799 889 2087 944 humilitate
2115 906 2229 944 mea
2253 931 2270 957 ,
2299 891 2543 961 quoniam
2572 890 2781 945 verbum
2827 901 2970 946 tuum
3001 892 3275 962 viviﬁcauit
3303 908 3402 947 me.

1800 981 1927 1037 11ωο
1955 991 2040 1036 est
2065 997 2194 1053 spes
2209 1024 2223 1048 ,
2258 982 2374 1038 haec
2395 999 2514 1054 quae
2537 984 2706 1040 verbo
2727 994 2820 1040 tuo
2838 985 3058 1041 obvenit
3079 984 3210 1041 mihi
3232 1027 3249 1053 ,
3271 999 3404 1040 con-

1799 1074 1972 1130 solata
1995 1085 2077 1131 est
2100 1091 2187 1131 me
2207 1117 2222 1143 ,
2249 1085 2307 1131 ut
2334 1077 2623 1132 tolerarem
2646 1077 2840 1134 acerba
2868 1079 3239 1150 praesentium.
3268 1078 3405 1134 Dum

1802 1165 1932 1222 facit
1963 1167 2162 1223 Paulus
2191 1177 2383 1224 contra
2412 1183 2609 1225 nomen
2631 1211 2647 1236 ,
2684 1186 2792 1226 non
2816 1170 2979 1227 habet
3010 1171 3126 1241 spei
3155 1171 3408 1226 consola-

1802 1258 2005 1315 tionem
2039 1279 2053 1315 :
2083 1261 2211 1318 dum
2244 1262 2449 1332 patitur
2476 1279 2574 1333 pro
2606 1264 2863 1329 nomine,
2895 1262 2923 1302 ι’
2955 1264 3138 1320 haurit
3163 1279 3316 1335 spem
3341 1265 3410 1320 de

1803 1351 2202 1408 consolatione.
2238 1354 2299 1407 ιςι
2333 1353 2512 1409 fidelis
2541 1356 2716 1409 lactus
2758 1354 3035 1426 quomodo
3079 1369 3182 1410 nos
3210 1369 3409 1410 conso-

1803 1445 1978 1513 letur,
2009 1447 2196 1516 accipe
2221 1463 2235 1500 :
2269 1446 2398 1513 Quis
2421 1464 2515 1502 nos
2535 1448 2826 1519 separabit,
2852 1450 3058 1520 inquit,
3085 1467 3117 1503 a
3136 1449 3412 1506 dilectione

1807 1537 2052 1593 Christi?
2089 1538 2380 1595 Tribulatio
2402 1581 2418 1605 ,
2453 1557 2520 1595 an
2558 1544 2800 1611 angustia
2823 1582 2838 1608 ,
2875 1558 2943 1595 an
2985 1543 3306 1612 persecutio,
3345 1559 3416 1596 an

1809 1635 1993 1702 fames,
2025 1649 2094 1687 an
2121 1634 2430 1702 periculum,
2459 1651 2528 1688 an
2550 1634 2761 1705 gladius
2783 1634 2810 1687 ?
2837 1633 2986 1690 Sicut
3016 1635 3263 1703 scriptum
3293 1642 3366 1688 est
3394 1649 3414 1688 .'

1812 1723 1948 1790 Quia
1979 1735 2189 1795 propter
2214 1735 2261 1779 te
2283 1726 2439 1780 morti
2478 1727 2739 1780 tradimur
2779 1735 2886 1781 tota
2915 1727 3019 1791 die,
3053 1727 3293 1781 wstimati
3322 1743 3413 1780 su-

156 1823 352 1894 Itrnique
374 1824 638 1895 scriptum
680 1833 768 1880 est
801 1842 814 1876 :
851 1823 964 1896 Ego
991 1841 1124 1888 sunt,
1154 1840 1246 1895 ego
1275 1840 1411 1891 sum,
1440 1825 1529 1895 qui
1557 1823 1702 1878 deleo
1730 1835 1782 1896 Β
1807 1833 1918 1872 mus
1945 1828 1999 1870 ut
2031 1833 2146 1872 oves
2173 1819 2446 1873 occisionis
2477 1818 2658 1891 (Rom.
2688 1835 2801 1874 vttt.
2835 1860 2851 1889 ,
2885 1820 2955 1876 55
2986 1830 3033 1874 et
3065 1819 3182 1890 56).
3217 1819 3282 1876 Et
3315 1834 3422 1892 qua

157 1916 397 1984 iniquitates
416 1926 632 1971 tuas....
669 1926 717 1972 et
741 1933 934 1972 memor
961 1933 1065 1971 non
1096 1932 1222 1972 ero:
1247 1926 1304 1970 tu
1327 1926 1498 1972 autent
1516 1934 1711 1973 memor

154 2020 238 2062 esto
273 2017 316 2063 et
343 2011 646 2083 judicemur
693 2009 868 2082 (Esai.
901 2025 1068 2076 XLIII,
1095 2009 1166 2065 25
1191 2019 1242 2065 et
1270 2007 1386 2081 26).
1418 2010 1712 2068 Vult‘obli-

153 2100 260 2156 visi-i
298 2118 649 2176 quascumque
681 2103 962 2160 minitatus
1005 2103 1167 2158 luerit
1199 2103 1615 2173 peccatoribus,
1665 2104 1714 2160 si

158 2194 254 2250 vias
273 2195 550 2268 aliquando
575 2205 899 2253 convertant
929 2215 942 2251 :
976 2199 1092 2253 vult
1116 2199 1285 2254 etiam
1312 2196 1618 2265 conveniri,
1652 2207 1713 2252 ut

151 2288 187 2342 si
231 2291 334 2358 quis
373 2292 654 2362 proposita
704 2298 926 2348 secutus
968 2291 1258 2346 virtutibus
1296 2291 1541 2361 praemia,
1572 2290 1714 2346 bene

152 2387 424 2450 certaverit,
458 2385 699 2439 fructum
742 2386 1207 2441 remunerationis
1245 2394 1559 2456 exspectet,
1583 2385 1713 2456 quin

152 2478 286 2530 etiam
329 2479 538 2550 exigat,
588 2479 733 2535 sicut
759 2480 929 2537 habes
973 2481 1234 2552 scriptum
1270 2499 1284 2536 :
1332 2480 1602 2536 Certamen
1626 2479 1714 2536 bo-

153 2584 252 2621 nunt
278 2573 482 2637 certari;
510 2590 724 2627 cursura
767 2576 1117 2630 consummavi
1161 2576 1430 2646 :reposita
1467 2586 1542 2632 est
1591 2576 1716 2630 mitti

149 2678 314 2718 corona
330 2669 548 2738 justitia:
579 2666 649 2739 (11
694 2660 831 2722 Tim.
867 2685 948 2737 ιν,
984 2669 1063 2742 't').
1107 2668 1225 2726 Non
1277 2679 1362 2726 est
1387 2670 1531 2727 enim
1561 2685 1716 2725 arro-

149 2769 263 2825 gans
287 2761 578 2830 usurpatio,
606 2759 708 2816 sed
737 2761 942 2828 fidelis;
991 2762 1115 2834 quia
1167 2777 1354 2818 verum
1404 2761 1576 2818 Deum
1609 2777 1716 2818 non

151 2863 284 2916 posse
305 2851 486 2908 fallere
516 2853 836 2910 confitetur.
894 2853 1132 2926 Ideoque
1171 2855 1429 2911 admonet
1463 2863 1517 2911 et
1550 2853 1718 2910 David

151 2942 310 3000 dicens
330 2986 345 3008 ,
375 2958 434 3001 nt
458 2948 773 3004 meminerit
819 2949 1078 3005 Dominus
1107 2950 1259 3005 verbi
1291 2950 1406 3016 sui;
1467 2966 1575 3020 quo
1621 2967 1720 3006 nos

148 3038 201 3092 ad
236 3043 553 3110 sperandum
595 3053 889 3113 provocat,
927 3055 986 3100 ut
1022 3045 1256 3102 terrenis
1308 3047 1718 3115 renuntiemus,

151 3128 482 3193 inbzereamus
517 3137 861 3194 coelestibus.

1812 1911 2025 1966 ratione
2072 1909 2162 1964 illa
2200 1910 2470 1980 patienter
2501 1912 2719 1968 tolerari
2752 1913 2998 1982 possint,
3029 1911 3236 1968 addidit
3263 1929 3276 1966 :
3309 1912 3419 1968 Sed

1813 2005 1867 2058 in
1899 2004 1979 2058 Itis
2007 2003 2246 2059 omnibus
2265 2021 2570 2076 superamus
2596 2017 2806 2077 propter
2833 2022 2947 2060 eum
2966 2047 2979 2073 ,
3009 2007 3094 2077 qui
3121 2022 3213 2061 nos
3238 2005 3421 2061 dilexit

1817 2098 1983 2171 (ibid.
2012 2141 2027 2166 ,
2052 2101 2168 2172 37).
2207 2099 2350 2172 Ergo
2379 2101 2423 2156 si
2468 2103 2590 2172 quis
2631 2103 2746 2157 vult
2785 2101 3011 2158 adversa
3040 2117 3343 2172 superare,
3375 2100 3422 2157 si

1813 2202 1899 2249 est
1937 2195 2282 2264 persecutio,
2315 2195 2362 2249 si
2395 2203 2480 2250 est
2511 2194 2845 2265 periculum,
2879 2193 2930 2249 si
2963 2211 3148 2261 mors,
3179 2195 3226 2250 si
3257 2193 3421 2264 agri-

1819 2283 1950 2339 tudo
1999 2287 2218 2356 gravis,
2258 2287 2305 2342 si
2359 2286 2608 2342 incursus
2661 2287 2968 2354 latronum,
3006 2286 3052 2343 si
3105 2285 3424 2343 facultatqu

1816 2381 2150 2452 proscriptio
2172 2423 2187 2449 ,
2221 2381 2269 2437 si
2299 2382 2564 2454 quidquid
2592 2398 2780 2439 eorum
2805 2400 2926 2454 quae
2960 2394 3217 2455 putantur
3241 2384 3295 2438 in
3324 2383 3429 2439 isto

1815 2475 2046 2530 adversa
2091 2477 2326 2543 sucula,
2359 2476 2520 2532 facile
2551 2486 2916 2548 superantur,
2949 2478 2995 2533 si
3021 2479 3092 2532 sit
3131 2491 3258 2548 spes
3304 2491 3428 2547 quae

1819 2570 2150 2626 consoletur.
2197 2571 2331 2627 Nam
2371 2572 2471 2628 etsi
2515 2571 2606 2626 illa
2655 2572 2982 2639 acciderint,
3018 2582 3198 2628 tamen
3241 2573 3427 2644 gravia

1821 2677 1942 2719 esse
1963 2680 2071 2718 non
2098 2673 2332 2734 possunt
2355 2663 2560 2722 dicenti
2579 2682 2591 2718 :
2610 2663 2870 2720 Existimo
2885 2666 3020 2721 enim
3042 2665 3182 2736 quod
3202 2666 3430 2738 indigna:

1819 2758 1922 2811 sint
1975 2759 2245 2828 passiones
2301 2759 2459 2830 hujus
2512 2759 2756 2831 temporis
2804 2761 2875 2814 ad
2924 2761 3154 2830 futuram
3205 2762 3430 2835 gloriam

1823 2850 1989 2922 (Ibid.
2005 2895 2021 2921 ,
2043 2851 2161 2924 58).
2186 2852 2442 2923 Quisquis
2461 2854 2606 2910 enim
2631 2853 2858 2910 meliora
2883 2864 3074 2927 Sperat
3092 2896 3106 2922 ,
3133 2871 3428 2929 numquam

1823 2946 2120 3003 levioribus
2145 2947 2437 3019 frangitur.

1897 3041 1951 3096 7.
1994 3041 2050 3096 ln
2083 3049 2330 3113 tempore
2361 3042 2525 3114 igitur
2556 3043 2877 3101 humilitatis
2909 3055 3113 3102 nostra:
3140 3061 3264 3118 spes
3301 3061 3434 3103 con-

1825 3135 2084 3192 solatoria
2107 3146 2220 3202 est,
2248 3153 2368 3212 qua:
2392 3153 2498 3193 non
2519 3139 2805 3196 confundit
2828 3157 2841 3195 :
2868 3148 3086 3212 tempus
3109 3151 3288 3197 autem
3315 3150 3433 3198 ten-

206 3224 253 3279 4.
293 3227 427 3284 Dicit
484 3245 620 3302 ergo
654 3230 821 3286 David
872 3249 886 3287 :
939 3231 1232 3288 Certamen
1283 3243 1522 3290 certatus
1563 3247 1716 3301 sum,
1746 3235 1791 3300 C
1827 3229 2123 3299 talionum,
2150 3241 2361 3302 tempus
2385 3231 2707 3289 humilitatis
2728 3234 2923 3290 animae
2947 3243 3149 3291 nostra:
3169 3235 3433 3292 arbitror.

150 3315 364 3377 bravium
388 3332 521 3394 peto
552 3324 706 3380 verbi
740 3324 814 3380 tui
839 3365 853 3391 ,
884 3325 1028 3397 quod
1055 3325 1355 3397 promisisti
1396 3325 1529 3381 mihi
1558 3344 1572 3381 :
1609 3342 1722 3382 me-

149 3429 249 3469 mor
289 3427 400 3474 esto
456 3418 860 3492 promissorum
911 3431 1161 3489 tuorum,
1213 3437 1335 3492 qum
1383 3421 1722 3492 Spopondisti

151 3517 290 3562 servo
313 3517 420 3566 tuo.
463 3511 589 3568 Non
633 3513 1233 3585 usurpatoriesperavi
1291 3530 1411 3584 qua:
1444 3524 1502 3569 ut
1536 3529 1726 3584 spera-

149 3615 245 3656 rem
289 3604 398 3674 ipse
440 3605 647 3662 fecisti.
680 3605 884 3664 Servus
924 3625 1076 3675 sum,
1123 3618 1383 3678 exspecto
1412 3607 1725 3664 alimentum

151 3708 177 3746 a
207 3695 416 3755 Domino
446 3719 461 3754 :
490 3701 658 3758 miles
687 3717 808 3758 sum
830 3743 844 3770 ,
878 3703 1036 3772 exigo
1060 3702 1130 3758 ab
1161 3703 1493 3770 imperatore
1522 3704 1729 3773 stipen-

148 3788 308 3846 dium:
336 3806 570 3851 vocatus
589 3811 735 3863 sum,
762 3797 978 3868 postulo
999 3798 1068 3853 ab
1090 3797 1352 3853 invitante
1376 3799 1725 3868 promissum.

153 3878 445 3945 Verecunde
492 3899 684 3946 autem
732 3891 1115 3946 auctoritatem
1181 3888 1391 3963 1045
1445 3905 1558 3946 sure
1607 3890 1731 3947 fidei

150 3983 452 4047 temperavit
472 4025 490 4050 ,
518 3983 762 4040 dicendo
793 3999 853 4041 se
872 4000 1118 4049 servum;
1152 3986 1277 4054 quia
1297 3985 1450 4040 Oculi
1473 4001 1734 4040 servorum

150 4068 194 4121 in
220 4075 443 4130 manibus
474 4078 811 4133 dominorum
845 4095 1061 4133 suorum
1084 4078 1263 4151 (Psal.
1291 4095 1436 4135 cxxn
1455 4121 1469 4146 ,
1495 4078 1574 4152 2).
1608 4079 1736 4136 Haec

146 4178 203 4218 ex
230 4182 451 4234 persona
475 4171 655 4227 David
684 4171 901 4245 propria
922 4173 1059 4229 bene
1086 4182 1338 4243 prompta
1360 4182 1509 4228 sunt.

300 4260 573 4321 Caeterum
597 4266 644 4321 si
673 4266 796 4337 quis
823 4265 1264 4322 informationem
1285 4266 1547 4338 cujusque
1567 4267 1742 4322 homi-

147 4351 225 4406 nis
266 4358 620 4427 considerat,
673 4367 855 4428 potest
899 4359 1079 4415 levitls
1120 4360 1430 4416 communia
1479 4360 1742 4429 promissa

149 4443 361 4517 librare,
384 4451 533 4507 sicut
554 4450 728 4508 habes
759 4469 772 4505 :
807 4450 946 4507 Date
970 4451 1094 4506 Levi
1119 4453 1255 4507 viros
1279 4453 1393 4522 ejus
1413 4494 1427 4518 ,
1455 4451 1575 4506 date
1621 4451 1745 4507 Levi

149 4543 433 4611 manifestos
479 4543 601 4615 ejus
629 4542 810 4613 (Deut.
836 4560 1037 4611 χχχιιι,
1066 4542 1145 4615 8).
1177 4552 1203 4582 ⁸
1232 4543 1420 4600 Potest
1445 4543 1610 4599 etiam
1645 4558 1744 4615 po-

1827 3325 2153 3382 llumiliatur
2179 3328 2323 3385 enim
2367 3330 2548 3385 anima
2589 3342 2806 3400 nostra,
2838 3332 2965 3388 dum
2992 3332 3222 3389 traditur
3253 3341 3430 3389 tenta.

1828 3422 1962 3490 tori,
1992 3422 2142 3478 duris
2164 3422 2522 3480 examinanda
2549 3425 2826 3482 laboribus
2855 3442 2870 3493 ;
2903 3435 2961 3483 ut
2989 3427 3292 3485 lucteturet
3315 3442 3437 3486 cer-

1828 3525 1932 3586 tet,
1966 3533 2320 3590 congressum
2353 3521 2642 3575 contrarim
2664 3523 2953 3593 experiens
2986 3524 3274 3594 potestatis
3301 3521 3434 3580 :sed

1831 3607 1886 3664 in
1911 3610 1995 3665 his
2023 3610 2420 3668 tentationibus
2452 3611 2758 3670 vivificatur
2781 3616 3024 3686 alloquio
3056 3617 3171 3672 Dei.
3201 3616 3328 3674 Hmc
3353 3626 3440 3673 est

1833 3703 1979 3758 enim
2010 3705 2206 3760 animae
2247 3715 2450 3762 nostra:
2497 3707 2679 3763 vitalis
2719 3708 3058 3774 substantia,
3092 3725 3194 3780 qua
3236 3710 3438 3777 alitur,

1834 3805 1888 3850 et
1920 3797 2159 3864 pascitur
2180 3838 2195 3862 ,
2227 3807 2283 3853 et
2309 3798 2662 3869 gubernatur.
2713 3799 2824 3856 Nec
2852 3801 3145 3873 quidquam
3177 3802 3320 3857 aliud
3359 3811 3445 3858 est

1835 3888 1978 3958 quod
2009 3890 2198 3946 vivere
2221 3890 2383 3946 faciat
2410 3892 2792 3947 rationabilem
2821 3893 3060 3948 animam
3083 3935 3099 3960 ,
3125 3910 3285 3965 quam
3308 3894 3445 3950 allo-

1837 3981 2022 4051 quium
2057 3982 2171 4038 Dei.
2218 3983 2372 4039 Sicnt
2400 3984 2544 4039 enim
2574 3993 2804 4056 augetur
2834 4000 3017 4041 sermo
3046 3985 3142 4042 Dei
3173 3987 3227 4042 in
3259 3987 3441 4044 anima

1840 4083 2055 4155 nostra,
2089 4075 2217 4130 dum
2246 4074 2576 4146 suscipitur,
2601 4076 2728 4132 dum
2755 4077 3076 4150 intelligitur
3096 4121 3111 4147 ,
3137 4079 3266 4136 dum
3293 4095 3444 4137 com-

1843 4167 2199 4239 prehenditur
2222 4185 2238 4236 ;
2267 4169 2337 4224 ita
2363 4166 2525 4225 etiam
2545 4171 2653 4226 vita
2675 4170 2793 4242 ejus
2815 4182 3044 4244 augetur
3069 4193 3082 4229 :
3107 4185 3160 4230 et
3183 4175 3447 4246 quemad-

1845 4259 2064 4314 modum
2095 4275 2126 4316 e
2153 4261 2431 4317 contrario
2475 4261 2772 4334 alloquium
2818 4263 2916 4319 Dei
2952 4264 3137 4322 deﬁcit
3167 4266 3220 4322 in
3268 4266 3448 4326 anima

1848 4362 2065 4420 nostra,
2095 4354 2167 4409 ita
2207 4363 2264 4410 et
2290 4355 2521 4412 incurrit
2546 4355 2665 4426 ejus
2694 4355 2802 4411 vita
2835 4355 3130 4414 defectum.
3180 4359 3362 4432 Itaque
3393 4371 3452 4416 ut

1847 4446 2118 4500 connexio
2145 4446 2247 4501 ista
2278 4446 2477 4502 anima:
2505 4456 2563 4505 et
2587 4448 2834 4520 corporis
2865 4451 3042 4506 nostri
3072 4450 3269 4521 spiritu
3299 4452 3452 4508 vitali

1850 4539 2151 4606 animatur,
2183 4549 2346 4611 atque
2386 4540 2586 4608 alitur,
2628 4552 2684 4598 et
2731 4551 2946 4599 tenetur
2979 4561 2992 4598 :
3027 4544 3100 4600 ita
3142 4545 3312 4602 verbo
3353 4545 3452 4602 Dei

151 4632 246 4698 puli
274 4635 559 4692 credentis
581 4637 772 4694 electis
794 4637 1092 4710 alloquium
1124 4637 1268 4693 istud
1291 4638 1468 4710 aptari
1496 4656 1508 4691 :
1539 4638 1624 4694 cui
1649 4653 1746 4708 per
1772 4637 1823 4698 1)
1849 4642 1901 4687 et
1923 4632 2154 4703 spiritali
2176 4633 2346 4704 gratia
2367 4635 2551 4689 anima
2574 4644 2758 4691 nostra
2783 4636 3102 4693 vivificatur.
3130 4637 3284 4695 Unde
3302 4639 3452 4696 omni

149 4729 318 4793 typum
360 4727 608 4801 .Ioseph,
648 4731 826 4802 primo
865 4732 919 4786 in
947 4739 1077 4802 typo
1113 4729 1233 4802 ejus
1260 4730 1529 4799 nominis,
1553 4729 1750 4786 deinde
1855 4740 2054 4796 genere
2098 4725 2322 4780 studere
2347 4724 2646 4791 debemus,
2679 4735 2736 4782 ut
2770 4727 2979 4800 reliqua
3024 4729 3205 4786 omnia
3242 4730 3456 4805 1043

151 4833 238 4886 per
259 4823 458 4880 tribum
484 4824 546 4880 in
573 4825 764 4894 prima
791 4825 1075 4882 electionis
1100 4824 1346 4882 haeredes
1379 4823 1648 4880 transfusa
1670 4831 1756 4880 est
1857 4819 2278 4891 posthabentes,
2310 4833 2703 4892 congregemus
2748 4819 2904 4877 nobis
2949 4822 3186 4894 alloquia
3233 4824 3329 4880 Dei
3354 4866 3369 4893 ,
3401 4834 3459 4884 et

148 4912 312 4971 divina
340 4919 685 4989 promissio,
709 4919 924 4976 dicente
943 4919 1129 4992 Moyse
1161 4937 1174 4973 :
1209 4917 1592 4990 Primogenitus
1621 4920 1759 4974 tauri
1857 4928 2216 4986 congeramus
2249 4925 2270 4953 ο
2304 4914 2358 4970 in
2390 4913 2690 4986 principale
2736 4921 2979 4970 nostrum
3000 4956 3016 4982 ,
3050 4915 3105 4972 in
3147 4930 3372 4983 sensus,
3400 4916 3454 4974 in

151 5005 292 5064 decus
327 5016 448 5085 ejus
478 5030 501 5068 :
530 5030 733 5068 cornua
778 5014 1052 5069 unicornui
1105 5030 1302 5069 cornua
1342 5016 1455 5088 ejus
1490 5014 1587 5068 :in
1631 5013 1758 5083 ipsis
1861 5007 2291 5074 sollicitudines,
2330 5007 2837 5076 considerationes,
2878 5016 3139 5082 actusque
3187 5017 3404 5066 nostros
3440 5025 3454 5077 ;

148 5113 308 5170 gentes
358 5107 642 5164 eentilabit
687 5109 844 5164 simul
894 5124 1056 5179 usque
1098 5107 1166 5162 ad
1211 5107 1558 5162 summitatem
1608 5114 1758 5160 terra:
1865 5112 1921 5157 ut
1951 5102 2204 5174 alloquiis
2250 5101 2660 5173 Scripturarum
2707 5101 2846 5158 facta
2880 5112 3069 5159 nostra
3099 5103 3459 5171 conveniant,

153 5191 300 5259 (Ibid.
331 5239 345 5263 ,
381 5198 502 5272 I7).
546 5199 779 5257 Unicum
806 5201 953 5258 enim
983 5199 1219 5257 Verbum
1255 5200 1351 5256 Dei
1393 5199 1498 5256 hoc
1525 5201 1760 5272 prophe-
1862 5211 1963 5252 nec
1991 5210 2021 5251 a
2053 5196 2198 5252 serie
2228 5204 2624 5267 praeceptorum
2653 5195 2962 5252 caelestium
2984 5205 3138 5252 actus
3158 5197 3331 5252 nostri
3351 5196 3466 5252 dis--

218 5344 254 5413 1
280 5337 443 5394 Rom.
478 5340 618 5406 edit,
652 5356 776 5398 cum
822 5342 1009 5413 paucis
1041 5355 1173 5413 mss.
1198 5383 1213 5407 ,
1253 5336 1432 5413 Potest
1465 5339 1618 5393 etiam
1668 5355 1764 5413 ρει-

157 5405 282 5473 pulis
337 5405 714 5474 credentibus.
760 5405 971 5485 populis
1027 5405 1239 5485 electis.
1281 5409 1408 5466 Ant.
1467 5426 1589 5485 cum
1639 5405 1763 5485 aliis

155 5488 563 5554 mss....populi
589 5482 842 5541 credentis
866 5485 1061 5540 electis.
1087 5483 1244 5554 Quod
1271 5490 1453 5554 autem
1479 5482 1533 5537 in
1554 5482 1766 5537 cunctis

157 5551 281 5628 edit.
328 5551 632 5628 sequitur,
689 5556 863 5628 Potest
889 5567 934 5611 et
955 5551 1266 5628 surrectura:
1292 5553 1544 5609 Ecclesia:
1585 5569 1768 5628 conve-

157 5623 343 5753 niqu
369 5623 556 5702 aptari
584 5623 623 5696 ,ί
649 5627 992 5686 desideratur
1022 5627 1074 5682 in
1132 5643 1263 5683 mss.
1320 5636 1378 5682 et
1435 5624 1767 5695 superfluum

157 5709 202 5749 τι
297 5716 382 5753 111⁵.

155 5709 382 5756 νιαθιιιτ.

219 5763 248 5804 ¹³
278 5770 353 5824 1ι;ι
375 5781 494 5830 vet.
509 5771 654 5831 edit.
679 5771 839 5828 Rom.
864 5785 993 5829 vero
1014 5773 1296 5829 conversis
1319 5770 1499 5828 verbis
1513 5767 1767 5823 emenda-

160 5848 337 5914 verat,
364 5843 434 5901 de
454 5861 558 5920 spe
587 5844 1018 5902 consolationem.
1049 5844 1174 5907 Mss.
1207 5851 1387 5902 autem
1418 5849 1594 5900 totum
1627 5840 1769 5898 hunc

1865 5335 2321 5414 locumlexhibent
2344 5337 2400 5414 in
2424 5335 2542 5414 haec
2562 5337 2782 5414 verbm:
2803 5337 2939 5414 Dum
2961 5341 3088 5414 facit
3109 5350 3156 5394 et
3177 5339 3359 5414 fideles
3381 5345 3465 5414 [u-

1867 5420 2007 5464 turos
2035 5407 2548 5483 (nonnttllifuturis,
2571 5420 2664 5464 attt
2690 5410 2852 5483 etiam
2876 5407 3065 5483 futuri)
3093 5407 3350 5482 quomodo
3373 5407 3465 5469 nos

1866 5480 2188 5545 consoletur,
2213 5479 2410 5553 accipe.
2453 5479 2570 5553 Non
2598 5482 2823 5536 omnino
2850 5479 3155 5552 spernenda
3187 5483 3351 5538 lectio
3371 5527 3386 5550 ,
3417 5487 3462 5539 si

1870 5553 2048 5626 legas,
2091 5551 2336 5624 futuros,
2353 5561 2410 5607 et
2448 5551 2709 5626 verbum,
2736 5553 2893 5626 facit,
2926 5553 2994 5608 ad
3042 5569 3196 5626 spem
3238 5555 3465 5612 referas.

1871 5623 1971 5680 Hic
2001 5623 2184 5696 tamen
2214 5634 2478 5696 praestare
2502 5624 2753 5679 videntur
2781 5623 3075 5681 editiones.

1948 5707 1970 5735 ο
1999 5695 2052 5750 Id
2075 5703 2160 5769 est
2178 5696 2415 5751 animam
2438 5706 2758 5769 partemque
2783 5707 3024 5769 nostran
3046 5696 3377 5769 spiritalem,
3401 5700 3473 5757 de

1948 5712 1970 5735 ε
1999 5712 2052 5750 ltl
2075 5712 2160 5778 88}
2178 5712 2758 5822 antmam‘fartemque
2783 5712 3024 5752 nosuam
3046 5712 3377 5769 sptrttatem,
3401 5712 3473 5757 (10

1873 5782 2244 5843 qttaproxnne
2265 5777 2393 5843 ante
2456 5767 2632 5824 ixerat
2655 5783 2669 5821 :
2695 5777 2750 5826 et
2771 5783 2838 5826 eo
2865 5768 3035 5826 verbo
3063 5770 3265 5843 saepius
3306 5773 3474 5834 utitur

1875 5837 1930 5896 S.
1965 5837 2170 5898 Praesul
2198 5839 2393 5898 eodem
2421 5854 2606 5900 sensu.
