3988 6312
531 244 668 303 128Ἶ

1864 230 2111 292 SANCTI
2148 228 2470 289 AMBROSII

3634 305 3640 310 ι
3694 222 3807 279 ms

532 363 676 418 Nam
704 379 766 419 ea:
792 362 956 418 multa
982 359 1312 417 tribulatione
1345 365 1391 412 et
1437 353 1679 427 angustia
1733 352 1902 408 cordis
1946 350 2131 421 scripsi
2160 353 2210 411 Λ
2239 348 2364 415 ι·ἱιιι,
2400 356 2580 403 tamen
2603 356 2765 401 causa
2797 343 2877 399 illi
2906 342 3099 398 fuerim
3130 339 3318 409 lapsus
3343 339 3487 408 ejus,
3510 335 3654 409 quod
3678 335 3811 391 inno-

529 457 669 511 vobis
700 455 1002 526 permultas
1031 455 1284 521 lacrymas
1315 447 1382 521 (ll
1412 446 1535 502 Cor.
1563 462 1623 510 ιι,
1652 443 1729 517 lt).
1757 443 1823 498 Et
1863 458 1985 498 cum
2016 442 2131 510 ipse

530 549 968 613 contristaretur,
999 559 1094 600 eos
1125 543 1273 612 ipsos
1301 554 1438 612 quos
1487 536 1772 608 arguebat,
1819 531 2131 589 contristari

531 641 767 698 nolebat.
802 638 1045 708 Denique
1075 634 1322 691 addidit:
1355 630 1478 688 Non
1507 641 1564 684 ut
1593 624 1996 692 contristemini,
2043 623 2134 677 sed

532 745 586 789 ut
623 733 798 789 sciatis
817 747 966 802 quam
1007 729 1311 785 cltaritatem
1340 725 1499 779 habeo
1524 723 1578 777 in
1606 719 1744 776 vobis
1786 716 2134 774 abundantius

529 825 743 899 (Ibid).
775 822 1102 881 Contristari
1136 821 1283 878 enim
1309 819 1529 875 volebat
1555 811 1823 886 usqueoad
1867 810 2136 883 paeniten-

530 919 658 975 tiam
682 918 888 989 lapsos,
919 931 1028 971 non
1049 928 1219 985 usque
1245 911 1314 967 ad
1340 908 1656 967 maestitiam
1681 903 2093 977 profundiorem
2118 917 2130 964 ;

531 1020 737 1067 tantum
764 1021 820 1066 ut
844 1026 1033 1067 eorum
1060 1009 1151 1080 qui
1185 1005 1573 1079 arguebantur,
1592 998 1851 1057 maestitia
1877 996 2134 1069 gaudium

533 1104 686 1160 fieret
711 1103 983 1174 arguenti.
1015 1099 1173 1158 Unde
1202 1099 1277 1153 ait
1303 1115 1318 1151 :
1353 1096 1413 1151 Si
1441 1095 1577 1148 enim
1613 1109 1706 1164 ego
1732 1090 1982 1146 contristo
2025 1101 2133 1153 vos,

531 1198 645 1267 quis
672 1207 746 1253 est
775 1198 862 1265 qui
886 1212 966 1250 me
1018 1194 1263 1265 lwtiﬁcet,
1319 1191 1422 1245 nisi
1457 1189 1543 1260 qui
1572 1186 1900 1242 contristatur
1942 1199 2005 1236 ex
2061 1197 2139 1236 me

536 1287 730 1358 (Ibid.,
760 1289 872 1362 ‘2)?
923 1288 1119 1359 Arguit
1147 1287 1332 1356 itaque
1374 1292 1436 1338 ut
1484 1282 1682 1337 allevet
1726 1277 2135 1334 diuturnitatem

533 1383 832 1449 tumstitiee,
852 1397 959 1452 quo
981 1378 1304 1452 pmnitentia
1333 1377 1486 1432 fieret
1513 1376 1566 1430 in
1595 1373 1864 1430 salutem:
1898 1369 2137 1434 damnat,

535 1485 598 1530 ut
624 1475 870 1531 absolvat
905 1492 918 1526 :
969 1471 1232 1537 excludit,
1261 1478 1321 1525 ut
1344 1466 1575 1540 recipiat
1603 1483 1618 1521 :
1665 1481 1770 1520 non
1802 1462 2052 1534 ignoscit,
2085 1468 2142 1515 ut

536 1566 758 1625 liberet.
791 1566 916 1622 ldeo
944 1565 1067 1620 talis
1100 1563 1321 1628 Paulus,
1353 1561 1478 1632 quia
1507 1560 1646 1615 bene
1675 1559 1883 1629 peritus
1913 1556 1966 1610 in
1998 1556 2136 1625 lege,

529 1667 864 1730 cognoverat
888 1664 1224 1728 praeceptum
1253 1650 1525 1709 dicentis:
1563 1647 1986 1704 Pusillanimitas
2009 1645 2141 1700 deti-

2235 448 2448 496 centcm
2477 436 2729 494 Iredendo
2754 434 3060 504 delinquat,
3083 432 3226 505 quod
3261 431 3435 488 factus
3462 427 3564 485 sim
3593 427 3642 483 ei
3671 437 3812 483 mate-

2238 534 2318 588 ria
2347 531 2577 601 peccati.

2305 624 2396 680 2l.
2423 623 2537 679 Hoc
2566 637 2701 694 ergo
2722 621 2872 678 dolet
2902 619 3092 685 David,
3117 626 3172 676 et
3199 617 3324 674 ideo
3371 614 3523 672 dolet
3549 613 3671 685 quia
3706 627 3811 668 cum

2234 733 2400 772 unum
2429 716 2731 772 membrum
2768 715 2988 785 patitur,
3019 721 3073 768 et
3115 723 3314 768 cmtera
3343 708 3590 767 membra
3617 719 3815 775 compa-

2237 812 2461 868 tiuntnr.
2498 810 2625 867 Ideo
2653 811 2792 867 forte
2835 809 3046 866 etillud
3093 807 3327 880 positum
3375 812 3498 861 est:
3550 799 3728 856 Justus
3771 799 3814 852 in

2236 905 2450 960 exordio
2479 903 2730 958 sermonis
2776 912 3050 956 accusator
3082 911 3155 955 est
3182 900 3264 953 sui
3313 897 3500 970 (Prov.
3533 909 3686 959 xvut,
3718 891 3813 960 l'l).

2237 999 2369 1054 Nam
2403 999 2503 1054 etsi
2532 998 2701 1068 possit
2723 997 2902 1066 justus
2934 1004 2958 1032 ο
2993 994 3194 1049 habere
3223 992 3275 1046 in
3307 1006 3368 1046 se
3403 987 3550 1060 quod
3595 993 3815 1048 accuset,

2238 1101 2293 1150 ct
2315 1092 2495 1164 justus
2515 1105 2638 1148 esse
2666 1090 2813 1162 (quia
2835 1103 2996 1144 nemo
3018 1088 3136 1144 sine
3164 1093 3389 1156 peccato
3434 1089 3630 1152 prmter
3670 1092 3815 1132 unum

2242 1185 2432 1254 Deum)
2464 1193 2519 1239 et
2549 1184 2717 1254 possit
2744 1184 2909 1237 etiam
2933 1188 3184 1250 peccator
3210 1177 3311 1234 hoc
3333 1174 3648 1247 ipsojustus
3689 1183 3816 1235 esse,

2239 1279 2364 1351 quia
2391 1286 2676 1334 accusator
2699 1287 2779 1330 est
2805 1275 2912 1341 sui,
2933 1272 3230 1328 secundum
3262 1268 3392 1324 illud
3425 1285 3438 1320 :
3471 1265 3568 1320 Dic
3590 1262 3818 1333 iniquita-

2240 1380 2312 1426 tes
2339 1381 2476 1437 tuas,
2507 1379 2562 1424 ut
2596 1369 2946 1440 justiﬁceris;
2975 1374 3214 1420 attamen
3250 1362 3479 1418 forsitan
3535 1359 3693 1415 etiam
3737 1353 3822 1408 ali-

2240 1465 2439 1536 quibus
2469 1479 2576 1519 non
2603 1462 2850 1518 videatur
2871 1459 3191 1526 absurdum,
3229 1455 3475 1513 utetiam
3524 1452 3593 1509 de
3618 1450 3708 1506 illo
3751 1448 3820 1503 di-

2241 1566 2388 1614 ctum
2417 1557 2508 1625 sit,
2537 1555 2679 1628 quod
2721 1555 2901 1626 justus
2942 1555 3013 1610 sit
3049 1552 3140 1624 qui
3191 1566 3249 1606 se
3299 1555 3521 1604 accusat
3566 1558 3663 1616 pro
3706 1540 3820 1604 alio,

2243 1651 2454 1706 etiamsi
2489 1651 2542 1704 in
2565 1664 2624 1704 se
2653 1647 2784 1703 nihil
2819 1647 3017 1703 habeat
3039 1644 3181 1716 quod
3211 1649 3450 1698 accuset.

536 1753 649 1808 nuit
680 1769 758 1808 me
781 1769 813 1806 a
835 1725 1194 1824 peccatoribus
1241 1743 1710 1816 derelinquentibus
1737 1743 1900 1813 legem
1939 1749 2101 1794 tuam.
2169 1747 2219 1808 Β
2316 1741 2408 1796 22.
2450 1741 2622 1811 Quam
2653 1741 2814 1812 igitur
2855 1741 2909 1795 in
2941 1738 3027 1793 his
3053 1736 3307 1794 omnibus
3329 1743 3520 1790 sancto
3542 1727 3707 1786 David
3739 1725 3822 1782 viri

613 1848 702 1903 l9.
746 1846 975 1902 Dolebat
1003 1843 1199 1912 David,
1227 1857 1337 1898 non
1361 1841 1484 1912 quia
1507 1836 1984 1904 contemnebatur,
2031 1848 2138 1888 non

537 1942 661 2016 quia
686 1943 802 2013 ipse
833 1940 1190 2012 appetebatur
1215 1979 1231 2006 ,
1262 1936 1358 1992 sed
1379 1935 1504 2007 quia
1533 1933 1624 1990 lex
1655 1930 1752 1987 Dei
1800 1928 2142 1999 relinqueba-

539 2044 666 2102 tur;
705 2035 918 2108 1050
940 2042 995 2090 et
1045 2047 1235 2089 eorum
1266 2030 1359 2101 qui
1411 2029 1514 2083 hoc
1551 2025 1841 2090 faciebant,
1884 2022 2141 2077 damnum

539 2130 780 2195 dolebat,
810 2128 956 2200 quod
997 2127 1244 2199 perirent
1270 2125 1403 2181 Deo.
1461 2121 1612 2178 Sicut
1657 2119 1837 2175 bonus
1882 2122 2040 2186 pater
2088 2113 2140 2166 in

541 2224 798 2297 phrenesi
826 2221 1104 2279 constituti
1132 2218 1248 2284 lilii,
1275 2232 1398 2274 cum
1422 2215 1490 2270 ab
1515 2229 1582 2270 eo
1613 2209 1991 2274 maledicatur,
2019 2220 2140 2261 ver-

540 2320 785 2385 beretur,
816 2316 1088 2372 afficiatur
1120 2312 1355 2384 injuriis,
1412 2323 1520 2365 non
1576 2322 1753 2371 suam,
1815 2302 1912 2360 sed
1951 2299 2140 2372 aegroti

543 2409 706 2466 deﬂet
731 2423 1071 2472 arumnam;
1126 2414 1181 2462 et
1224 2399 1609 2459 contumeliam
1661 2397 1831 2461 dolet,
1883 2409 1992 2450 non
2034 2406 2142 2464 quo

539 2502 646 2559 sibi
670 2502 745 2558 sit
786 2502 1047 2572 irrogata,
1102 2495 1200 2554 sed
1229 2496 1355 2568 quia
1387 2509 1484 2566 per
1513 2493 1753 2548 furorem
1793 2486 1924 2560 quid
1980 2486 2143 2542 faciat

542 2612 687 2668 aeger
713 2595 966 2667 ignorat:
1011 2594 1081 2649 ita
1109 2592 1192 2647 vir
1220 2591 1395 2648 bonus
1432 2603 1555 2643 cum
1601 2583 1752 2641 videt
1799 2589 2141 2655 peccatorem

547 2705 654 2746 non
678 2688 940 2756 revereri,
988 2701 1097 2742 non
1124 2685 1398 2740 honorare
1457 2679 1619 2735 etiam
1667 2691 1836 2732 canos
1887 2674 2140 2740 senioris,

545 2796 654 2852 quo
682 2787 976 2850 praesente,
1003 2776 1161 2832 faciat
1196 2772 1400 2845 aliquid
1449 2771 1728 2842 indignum
1761 2787 1777 2835 ς
1837 2783 1945 2823 non
1979 2781 2147 2837 agno-

545 2889 723 2935 scere,
744 2872 976 2945 quadam
999 2868 1261 2941 peccandi
1283 2867 1516 2931 insania,
1531 2880 1695 2936 quam
1714 2861 1970 2918 indecora
1993 2869 2048 2916 et
2064 2860 2141 2914 iu-

544 2965 775 3022 honesta
823 2964 1154 3026 committat,
1191 2959 1344 3032 quasi
1389 2958 1712 3013 moriturum
1765 2954 1946 3020 dolet,
1990 2952 2144 3023 quasi

543 3059 892 3128 desperatum
919 3071 949 3108 a
974 3053 1201 3110 medicis
1232 3049 1541 3122 ingemiscit
1570 3064 1586 3113 ;
1639 3055 1695 3103 ct
1735 3056 1795 3101 ut
1827 3045 2005 3100 bonus
2031 3058 2146 3098 me-

2240 1836 2370 1908 justi
2394 1835 2566 1907 prima
2596 1850 2826 1907 persona
2862 1830 3177 1897 conveniat,
3211 1825 3636 1883 consideremus.
3672 1823 3824 1876 Accu-

2243 1929 2383 1986 savit
2412 1944 2494 1996 se,
2526 1929 2676 1984 nullo
2716 1937 3051 1984 accusante:
3105 1933 3387 1994 peccatum
3428 1915 3710 1974 confessus
3752 1921 3823 1968 est

2245 2023 2552 2094 proprium,
2575 2020 2792 2093 quando
2825 2031 3110 2091 percussus
3141 2024 3225 2071 est
3254 2013 3441 2079 corde,
3469 2024 3536 2066 eo
3577 2005 3720 2079 quod
3741 2021 3824 2060 nu-

2245 2114 2532 2172 meraverit
2560 2113 2904 2185 plebcm.Qui
2935 2122 2987 2166 et
3011 2109 3145 2164 dixit
3170 2107 3237 2162 ad
3264 2106 3578 2161 Doruinum.
3602 2097 3820 2161 Peccavi,

2245 2208 2488 2277 Domine,
2521 2209 2661 2280 quod
2689 2209 2898 2281 fecerim
2921 2207 3018 2260 hoc
3041 2203 3288 2260 verbum:
3322 2211 3367 2255 et
3389 2215 3545 2263 nunc,
3602 2193 3822 2257 Domine,

2244 2305 2396 2373 aufer
2420 2303 2745 2373 iniquitatem
2771 2301 2903 2356 servi
2953 2300 3052 2366 tui,
3099 2296 3237 2368 quod
3289 2293 3484 2364 deliqui
3529 2289 3826 2344 vehementer

2246 2396 2339 2468 (Ill
2368 2395 2499 2469 Reg.
2526 2412 2674 2464 xxiv,
2702 2394 2815 2468 10).
2837 2395 3022 2465 Itaque
3043 2390 3294 2463 quamvis
3314 2387 3593 2458 Scriptura
3626 2381 3823 2438 habeat.

2244 2489 2390 2559 quod
2422 2489 2666 2559 apposita
2697 2497 2783 2544 est
2807 2488 2886 2542 ira
2912 2485 3031 2550 Dei,
3081 2492 3138 2539 ut
3171 2483 3500 2538 irasceretur
3550 2478 3604 2532 in
3653 2473 3826 2536 Israel,

2253 2581 2460 2654 1051
2490 2597 2598 2654 quo
2636 2583 2781 2653 regis
2811 2578 3087 2651 prolapsio
3116 2574 3370 2631 excusari
3401 2570 3681 2626 videretur
3708 2584 3722 2621 :
3763 2575 3832 2620 ta-

2247 2690 2372 2731 men
2400 2690 2524 2731 cum
2556 2673 2779 2730 vidisset
2799 2671 3049 2744 angelum
3090 2667 3181 2739 qui
3230 2679 3464 2738 stragem
3515 2661 3690 2734 plebis
3729 2657 3830 2713 elli-

2247 2767 2445 2834 ciehat,
2475 2767 2831 2838 percutientis
2879 2765 3008 2819 ictui
3063 2777 3124 2818 se
3156 2761 3330 2833 ipsum
3382 2756 3583 2829 objecit
3619 2754 3831 2808 dicens:

2250 2858 2384 2915 Ecce
2419 2877 2515 2932 ego
2541 2859 2764 2930 peccavi,
2795 2869 2842 2913 et
2872 2874 2965 2928 ego
2991 2865 3170 2928 pastor
3197 2854 3479 2925 malignum
3508 2850 3606 2920 feci
3637 2863 3654 2902 :
3690 2856 3740 2900 et
3764 2844 3834 2896 hic

2247 2970 2374 3027 grex
2401 2954 2524 3023 quid
2550 2954 2672 3024 fecit
2701 2953 2726 3006 ?
2751 2949 2875 3005 Fiat
2905 2965 3086 3004 manus
3105 2957 3195 3002 tua
3217 2948 3272 3000 in
3298 2961 3399 3011 me,
3447 2951 3495 2996 et
3540 2943 3593 2995 in
3639 2938 3835 2993 domum

2249 3025 2412 3115 patris
2438 3045 2536 3097 mei
2558 3041 2750 3116 (lbid.,
2777 3040 2890 3114 l7).
2917 3040 3081 3109 Quasi
3106 3038 3282 3110 justus
3310 3049 3442 3107 ergo
3461 3038 3741 3089 accusator
3764 3025 3837 3082 sui

545 3150 702 3208 dicus
733 3149 910 3220 primo
941 3154 1148 3213 monet,
1176 3141 1376 3199 deinde
1397 3140 1614 3198 etiamsi
1661 3137 1846 3210 gravia
1888 3135 2143 3208 patiatur,
2175 3147 2221 3208 ο
2252 3135 2432 3192 fuitin
2463 3137 2581 3208 ipso
2628 3135 2899 3192 sermonis
2952 3132 3209 3199 exordio,
3262 3140 3317 3187 et
3362 3137 3644 3201 peccatum
3692 3138 3836 3180 suum

546 3253 728 3301 tamen
759 3254 1032 3314 tamquam
1063 3240 1154 3296 ille
1175 3252 1404 3310 aegrum,
1431 3235 1534 3290 etsi
1581 3231 1844 3298 caedatur,
1876 3229 2110 3285 sustinet
2130 3272 2143 3293 ,

545 3347 603 3395 et
631 3337 677 3393 si
706 3335 1094 3399 maledicatur,
1116 3349 1223 3389 non
1252 3329 1514 3400 relinquit
1547 3345 1559 3381 :
1591 3336 1646 3382 et
1673 3323 1935 3398 quidquid
1968 3331 2148 3394 potest

548 3431 836 3488 medicina:
893 3428 1174 3494 adhibere,
1225 3441 1334 3481 non
1381 3424 1658 3494 denegat:
1718 3436 1819 3476 nec
1875 3427 2146 3489 tamquam

546 3532 925 3582 contmnacem
952 3520 1176 3588 deserit,
1211 3517 1309 3576 sed
1337 3527 1610 3588 tamquam
1642 3514 1782 3571 bene
1807 3513 1877 3568 de
1903 3527 1963 3568 se
1986 3511 2151 3567 meri-

548 3629 662 3677 tum
720 3619 866 3674 omni
907 3615 1092 3673 studio
1137 3629 1335 3670 sanare
1385 3609 1687 3674 contendit,
1733 3621 1999 3665 exercens
2040 3622 2151 3662 non

551 3712 729 3770 solum
783 3710 917 3767 artis
962 3707 1251 3782 peritiam,
1307 3703 1402 3762 sed
1451 3703 1614 3761 etiam
1667 3700 1868 3758 mentis
1906 3697 2152 3770 benigni-

553 3816 720 3864 tatem
733 3847 746 3860 .

620 3902 712 3959 20.
755 3900 831 3956 Ita
854 3912 984 3969 ergo
1021 3897 1182 3954 etiam
1211 3894 1390 3965 justus
1429 3899 1488 3947 et
1544 3903 1666 3945 cum
1710 3885 2078 3943 contemnitur
2121 3898 2151 3938 a

550 4003 867 4067 peccatore,
901 4006 1008 4046 non
1036 3987 1300 4044 avertitur
1332 4002 1347 4040 :
1397 3991 1453 4040 et
1503 3997 1626 4038 cum
1664 3979 1902 4047 laeditur,
1954 3974 2154 4033 furoris

523 4072 529 4077 ’
554 4087 684 4144 illud
710 4093 861 4156 putat
880 4098 1028 4150 esse,
1058 4097 1166 4136 non
1197 4076 1562 4148 improbitatis
1590 4116 1605 4142 ,
1630 4072 1911 4145 magisque
1942 4067 2154 4126 vulneri

556 4179 676 4250 ejus
703 4174 1028 4233 medicinam
1053 4169 1254 4227 afferre
1283 4167 1581 4231 desiderat,
1631 4173 1684 4218 et
1727 4162 2079 4233 compatitur,
2102 4167 2160 4215 et

553 4270 707 4327 dolet
728 4281 836 4322 non
862 4274 1086 4335 propter
1109 4276 1189 4328 se,
1209 4258 1304 4315 sed
1329 4264 1553 4329 propter
1579 4255 1730 4310 illum
1760 4253 1851 4324 qui
1873 4252 2158 4323 desperato

559 4363 773 4420 laborat
795 4353 1137 4415 incommodo
1167 4369 1179 4406 :
1214 4360 1269 4408 et
1289 4349 1586 4407 dicithunc
1610 4362 1776 4402 unum
1810 4360 1873 4401 ex
1904 4345 2160 4400 fratribus

556 4456 638 4513 sic
665 4455 934 4517 laborare,
967 4449 1047 4504 sic
1075 4446 1244 4512 affici,
1268 4455 1326 4500 ut
1356 4442 1521 4499 faciat
1568 4439 1700 4497 mihi
1723 4439 1973 4511 injuriam
2001 4456 2015 4505 ;
2066 4439 2156 4510 qui

2249 3229 2487 3301 agnovit,
2520 3239 2574 3283 et
2600 3227 2939 3298 iniquitatem
2967 3226 3240 3298 propriam
3261 3221 3612 3289 confitendo,
3654 3215 3840 3291 justifi-

2249 3333 2401 3378 catus
2427 3321 2579 3378 estin
2602 3319 2919 3392 semetipso.
2958 3321 3098 3376 Alibi
3131 3335 3348 3391 quoque
3401 3317 3470 3373 de
3501 3315 3648 3372 Urbe
3677 3319 3840 3368 morte

2248 3425 2539 3488 coargutus
2565 3431 2595 3470 a
2621 3414 2885 3486 propheta
2915 3417 3026 3469 ait:
3062 3412 3283 3469 Peccavi
3325 3411 3550 3467 Domino
3593 3407 3660 3483 (Il
3721 3405 3838 3477 Reg.

2249 3511 2514 3581 xn,13);
2582 3509 2669 3564 cui
2715 3523 3037 3580 responsum
3082 3517 3167 3564 est
3209 3516 3431 3578 propter
3478 3501 3840 3578 paenitentiam

2248 3602 2489 3658 ablatum
2519 3617 2548 3656 a
2578 3603 2808 3658 Domino
2830 3601 2947 3672 ejus
2971 3617 3093 3658 esse
3120 3611 3423 3673 peccatum.

2322 3697 2414 3756 25.
2459 3697 2590 3754 Item
2623 3698 2732 3753 alio
2760 3697 2881 3752 loco
2909 3711 3032 3752 cum
3057 3695 3237 3752 Semei
3289 3693 3643 3750 malediceret
3686 3691 3756 3756 ei,
3797 3697 3844 3744 et

2256 3790 2522 3860 lapidaret
2550 3805 2673 3847 eum
2701 3800 2913 3861 septum
2946 3789 3324 3856 bellatoribus,
3367 3805 3464 3858 per
3491 3801 3631 3860 quos
3674 3783 3842 3840 vindi.

2254 3898 2384 3938 care
2412 3898 2472 3940 se
2493 3892 2696 3954 posset,
2733 3882 3001 3954 patienter
3023 3882 3232 3940 ferebat
3261 3901 3276 3946 ;
3331 3897 3398 3937 ne
3439 3880 3607 3936 verbo
3637 3877 3844 3951 quidem

2257 3977 2503 4034 referens
2523 3978 2906 4034 contumeliam
2941 3994 2953 4030 :
2998 3976 3313 4046 quinetiam
3340 3991 3463 4032 cum
3511 3973 3718 4029 Ahessa
3749 3971 3847 4025 dux

2257 4073 2375 4143 ejus
2401 4082 2562 4142 caput
2585 4072 2965 4129 maledicentis
2989 4071 3152 4126 vellet
3178 4070 3416 4134 auferre,
3445 4068 3522 4123 ait
3539 4067 3652 4121 Rex
3678 4085 3689 4119 :
3720 4059 3847 4129 Quid

2259 4169 2386 4223 mihi
2412 4177 2460 4222 et
2491 4169 2580 4222 tibi
2611 4177 2714 4234 est,
2766 4169 2846 4238 fili
2888 4167 3137 4223 Sarviaz?
3193 4165 3344 4232 Quod
3395 4161 3658 4217 maledicit
3708 4157 3847 4221 mihi,

2264 4260 2517 4315 Dominus
2544 4260 2677 4316 dixit
2707 4261 2751 4314 ei
2781 4260 3090 4315 maledicere
3136 4243 3310 4312 David
3340 4255 3407 4328 (ΙΙ
3441 4256 3570 4325 Reg.
3604 4270 3715 4318 va,
3747 4249 3851 4320 10).

2262 4352 2503 4408 Primum
2531 4352 2694 4424 igitur
2721 4351 2936 4423 culpam
2962 4351 3081 4422 ejus
3111 4347 3411 4413 excusavit,
3445 4356 3500 4402 et
3544 4361 3764 4402 causam
3793 4343 3854 4396 ad

2264 4444 2478 4502 Domini
2511 4445 3073 4500 retulitvoluntatem.
3122 4441 3375 4498 Secundo
3415 4439 3468 4494 in
3510 4453 3669 4494 suum
3703 4433 3856 4492 mei-io

560 4552 605 4608 Si
632 4552 959 4622 agnosceret
986 4558 1096 4609 me.
1123 4541 1419 4596 Ιιοηοτπθῐ
1440 4536 1646 4608 utique.
1703 4545 1853 4591 cel'le
1902 4549 2012 4589 non
2066 4532 2158 4588 ιω-
2181 4539 2238 4601 D
2264 4548 2374 4592 tum
2398 4538 2660 4604 retorsit;
2694 4544 2754 4592 ut
2782 4551 2891 4592 non
2915 4536 3063 4592 illum
3094 4549 3334 4599 errasse,
3358 4531 3455 4588 sed
3493 4547 3554 4587 se
3599 4528 3859 4585 meruisse

554 4644 731 4702 deret.
763 4638 906 4709 Quid
936 4637 1082 4695 enim
1130 4635 1295 4690 laesus
1347 4639 1432 4688 est
1472 4645 1594 4687 meo
1651 4627 1816 4698 facto,
1872 4635 1929 4683 ut
1971 4626 2164 4680 habeat

557 4735 808 4794 laedentis
839 4728 1142 4788 allectum?
1173 4727 1318 4798 Ergo
1367 4739 1491 4780 cum
1545 4739 1653 4778 non
1708 4720 1948 4793 suppetit
2001 4732 2162 4775 causa

558 4827 812 4895 lazdendi,
848 4840 955 4882 non
986 4830 1167 4895 potest
1209 4819 1368 4890 culpa
1412 4831 1537 4875 esse
1602 4815 1881 4888 prepositi.
1931 4812 2076 4884 Ergo
2119 4812 2164 4867 si

549 4921 736 4993 justus
764 4933 910 4985 sum,
934 4914 1146 4972 afficior
1174 4922 1398 4984 prapter
1435 4909 1780 4974 charitatem,
1824 4916 2046 4978 propter
2081 4905 2165 4961 di-

551 5015 870 5077 lectionem,
906 5017 1128 5081 propter
1151 5004 1414 5063 Ecclesia:
1463 5002 1742 5068 damnum,
1794 5009 2020 5070 propter
2044 5014 2165 5055 cor-

557 5108 709 5180 poris
735 5104 1152 5161 detrimentum.
1182 5099 1414 5154 Possum
1438 5095 1600 5151 etiam
1630 5092 1764 5150 illud
1789 5092 1998 5158 dolere,
2021 5091 2164 5162 quod

551 5203 716 5258 etiam
740 5198 787 5254 si
813 5212 916 5268 ego
945 5193 1232 5250 [cedentem
1255 5205 1362 5246 non
1388 5189 1644 5255 laeserim,
1672 5188 1740 5258 ζει
1770 5202 1878 5243 non
1909 5186 2010 5241 sim
2034 5185 2167 5241 mihi

551 5293 806 5350 conscius
831 5287 976 5362 quod
1003 5302 1126 5344 eum
1156 5285 1214 5340 in
1244 5299 1332 5340 me
1353 5281 1625 5354 aliquibus
1655 5279 1867 5350 injuriis
1895 5279 2169 5336 excitave-

629 5463 654 5490 τι
686 5451 829 5508 Edit.
864 5450 1024 5504 Rom.
1048 5460 1176 5502 cum
1209 5443 1396 5515 paucis
1421 5455 1580 5515 mssL,
1635 5435 1822 5491 habere
1847 5434 2080 5515 _niliil__in
2106 5452 2160 5490 se

553 5507 950 5595 quodiaccuset,
975 5527 1020 5575 et
1039 5507 1355 5595 justus_nort_
1377 5529 1509 5595 cite.
1523 5507 1862 5595 orteyquod
1889 5507 2158 5595 credituri:

549 5579 958 5651 s'it'allusionen
986 5579 1108 5646 es's'e
1132 5586 1199 5641 ad
1227 5585 1359 5641 illud
1405 5584 1597 5640 Pauli:
1656 5579 1810 5634 Nihil
1857 5580 1984 5634 mihi
2030 5595 2161 5651 conf

549 5649 1238 5730 sciussum,evc.,Melius
1284 5668 1464 5730 tamen
1514 5661 1628 5730 aut.
1672 5652 1804 5730 edit.
1856 5665 1921 5706 ac
1949 5649 2159 5730 reliqui

552 5721 688 5794 mss.
712 5744 772 5791 ut
792 5721 1051 5790 intexta.
1110 5727 1206 5783 Hic
1255 5727 1520 5796 siquidem
1570 5722 1908 5793 signiﬁcatur
1953 5721 2157 5791 iustos,

2262 4632 2614 4703 significaret.
2646 4629 2832 4686 Tertio
2857 4628 3301 4686 maledictionem
3326 4627 3471 4682 illius
3510 4623 3614 4680 sibi
3644 4638 3753 4678 non
3779 4635 3860 4674 so.

2265 4725 2374 4781 lum
2403 4740 2512 4780 non
2539 4739 2762 4793 nocere,
2791 4724 2885 4781 sed
2909 4725 3072 4780 etiam
3103 4721 3368 4792 prodesse
3396 4715 3721 4775 memoravit
3765 4713 3862 4769 sic—

2267 4830 2325 4874 ut
2362 4820 2623 4890 scriptnm
2663 4825 2748 4875 est
2778 4838 2790 4873 :
2826 4817 2888 4873 Et
2928 4817 3062 4871 dixit
3104 4814 3276 4870 David
3321 4813 3390 4867 ad
3433 4812 3654 4878 Abessa,
3712 4817 3762 4863 et
3801 4804 3862 4858 ad

2265 4932 2442 4970 omnes
2472 4931 2659 4986 pueros
2687 4915 2802 4987 ejus
2834 4928 2853 4968 :
2888 4912 3020 4967 Ecce
3047 4910 3193 4981 ﬁlius
3221 4925 3363 4964 meus
3387 4908 3478 4978 qui
3510 4907 3665 4962 exivit
3691 4903 3758 4957 de
3792 4916 3864 4955 se-

2270 5010 2409 5064 mine
2435 5026 2572 5076 meo,
2594 5010 2780 5080 quwrit
2809 5008 3036 5061 animam
3063 5021 3229 5060 meam
3259 5021 3278 5070 ;
3307 5013 3504 5075 quanto
3533 5001 3701 5074 magis
3729 4998 3866 5068 ﬁlius

2271 5100 2713 5171 .lemineiﬂtlbid“
2747 5098 2886 5172 ll)?
2924 5097 3214 5154 Granditer
3234 5097 3493 5167 impetum
3536 5093 3756 5162 infregit
3787 5089 3867 5145 ul-

2274 5194 2428 5249 toris.
2459 5193 2742 5261 Quomodo
2765 5193 2909 5249 enim
2939 5191 3289 5248 maledictum
3316 5188 3569 5246 extranei
3603 5202 3701 5258 pro
3731 5183 3872 5256 regis

2275 5285 2471 5358 injuria
2493 5287 2814 5352 vindicaret,
2843 5300 2965 5341 cum
2990 5284 3084 5340 filii
3107 5283 3286 5339 adhuc
3339 5280 3690 5353 parricidium
3734 5276 3874 5334 inul-

2265 5442 2367 5496 etsi
2401 5448 2619 5524 peccata
2647 5439 2831 5511 gravia
2866 5439 3322 5524 quibus‘justitia
3368 5439 3662 5524 amittitur,
3712 5438 3772 5494 in
3818 5452 3875 5493 se

2266 5529 2372 5595 non
2402 5510 2624 5568 videant
2650 5510 2686 5594 ξ,
2706 5527 2770 5595 ea
2800 5510 2993 5566 saltem
3016 5510 3200 5566 videre
3219 5525 3340 5580 quae
3362 5512 3660 5595 sufficiant,
3717 5519 3782 5565 ut
3811 5525 3870 5564 se

2266 5583 2369 5650 ipsi
2387 5598 2516 5640 vere
2545 5586 2754 5654 possint
2794 5596 3056 5639 accusare
3089 5599 3123 5654 ςΔ
3145 5581 3605 5651 quemadmodum
3640 5581 3797 5638 locus
3849 5596 3878 5636 c

2266 5655 2430 5711 l’rov.
2458 5651 2711 5711 laudatus
2749 5655 2883 5710 satis
2912 5651 3172 5710 ostendit.
