3988 6376
182 282 304 342 1289

1252 275 1319 333 ΙΝ
1358 273 1688 335 PSALMUM
1725 272 1942 334 CXVIII
1980 273 2370 335 EXPOSI'I'IO.

3327 278 3473 339 {290

180 407 274 452 tum
304 394 598 451 maneret?
641 392 760 451 Non
790 392 974 465 utique
999 393 1247 450 extranei
1291 393 1664 460 maledictum,
1712 402 1767 450 et
1791 400 1847 460 Α
1872 394 2154 457 Salomon,
2184 396 2276 465 qui
2301 403 2417 450 toto
2443 393 2635 466 spiritu
2669 393 3004 463 inquirendae
3057 396 3353 466 cognitioni
3383 400 3472 454 di-

177 488 256 545 ﬁlii
304 487 657 557 parricidium
704 500 857 555 aequa
905 496 1051 540 esset
1091 486 1247 542 lance
1294 486 1651 555 pensandum.
1704 488 1771 542 Et

178 580 367 636 addidit
397 598 412 634 :
441 579 572 636 Sine
622 578 774 634 illum
818 578 1177 640 maledicere;
1225 582 1470 647 quoniam
1524 578 1655 632 diuit
1688 578 1771 633 illi

178 675 440 738 Dominus,
468 673 634 728 donec
658 672 829 727 videat
857 671 1195 725 humilitatem
1217 685 1403 736 meam,
1452 679 1502 724 et
1520 669 1772 725 retribuat

181 768 291 821 alibi
324 765 586 820 Dominus
614 765 748 819 bona
776 781 873 835 pro
895 762 1170 818 maledicto
1196 760 1391 833 (Ibid.,
1423 761 1536 833 12).
1589 762 1689 818 Est
1715 771 1772 819 et

176 858 307 916 aliud
322 858 462 929 justi
487 858 822 930 propositum
855 857 1015 928 longe
1065 855 1318 911 omnibus
1363 854 1658 925 perfectius
1692 863 1770 910 'et

179 960 466 1027 potentius,
501 951 837 1009 intervenire
862 966 963 1023 pro
1002 949 1476 1022 persequentibus,
1520 958 1577 1005 et
1602 963 1768 1005 excu-

178 1062 288 1104 sare
308 1055 603 1116 peccantes
628 1062 644 1101 :
669 1044 812 1115 quod
847 1044 1077 1114 legimus
1106 1044 1158 1097 iu
1188 1041 1514 1111 Evangelio,
1551 1040 1770 1097 dicente

179 1136 394 1194 Datuiuo
418 1136 551 1193 lesu
578 1151 703 1192 cum
731 1134 1025 1191 cruciﬁxus
1045 1136 1192 1190 esset
1215 1149 1243 1188 a
1273 1132 1497 1203 perlidis
1524 1146 1540 1187 :
1582 1129 1767 1198 Pater,

178 1232 361 1286 dimitte
401 1230 560 1294 illis;
613 1245 717 1284 non
767 1230 907 1283 enim
953 1226 1129 1282 sciunt
1175 1225 1301 1297 quid
1356 1224 1556 1296 faciunt
1613 1221 1767 1294 (Luc.

178 1339 319 1391 xxut,
348 1321 473 1394 54).

232 1416 320 1472 24.
346 1417 548 1487 Liquet
568 1416 730 1487 igitur
752 1413 837 1470 his
864 1411 1191 1485 magisteriis
1219 1409 1485 1466 doctrinae
1506 1407 1767 1474 caelestis,

177 1508 303 1580 quod
328 1508 890 1578 justusseaccusare
938 1504 1113 1571 malit,
1168 1518 1329 1574 quam
1381 1501 1545 1557 alium
1587 1500 1772 1557 defor-

180 1618 335 1659 mare.
368 1602 619 1673 Denique
648 1600 717 1657 de
742 1598 947 1667 Josepb
966 1640 982 1665 ,
1009 1596 1099 1653 cui
1128 1597 1457 1669 desponsata
1511 1605 1630 1652 erat
1658 1592 1771 1649 Ma-

177 1695 246 1751 ria
270 1706 451 1751 mater
480 1692 719 1759 Domini,
750 1691 1014 1762 scriptum
1046 1698 1130 1746 est
1149 1690 1295 1761 quod
1326 1704 1448 1745 cum
1481 1702 1600 1743 eam
1643 1700 1768 1759 gra-

1869 488 2108 545 vinitatis
2134 489 2516 554 intenderent;
2559 504 2627 543 ne
2647 488 2946 558 psallentes
2980 488 3237 546 deessent
3281 491 3471 545 Ειοιρο

1867 580 1965 636 sia:
1989 595 2127 643 sum.
2160 596 2391 653 quorum
2436 590 2597 636 cantu
2637 595 2865 652 nequam
2917 582 3142 651 spiritus
3186 582 3470 653 fugare‘ur

1866 672 1936 745 (ll
1963 672 2149 728 Paral.
2184 688 2237 739 v,
2267 674 2360 744 12)
2391 690 2405 727 :
2437 675 2576 728 sicut
2605 671 2773 727 David
2805 673 2974 728 sancti
2997 673 3256 728 docemur
3283 689 3474 729 exem-

1871 765 1980 834 plo,
2007 780 2116 836 quo
2143 765 2429 836 psallente,
2458 765 2632 821 malus
2673 764 2765 819 ille
2810 765 3032 832 Spiritus
3070 763 3467 833 expellebantur,

1867 858 1959 927 qui
1981 855 2112 913 Saul
2136 857 2279 928 regis
2296 856 2460 912 corda
2491 853 2806 928 vexabat“
2848 854 2979 927 Reg.
3012 870 3124 916 xvi.
3171 854 3287 925 25).
3338 854 3472 911 Pro-

1869 946 2047 1019 pheta:
2070 964 2286 1019 quoque
2327 957 2389 1004 ut
2440 948 2858 1020 prophetarent,
2922 946 3184 1016 psallendi
3237 948 3471 1017 peritum

1862 1040 2127 1112 iubebant
2154 1041 2405 1112 psallere,
2433 1056 2543 1112 quo
2565 1041 2715 1095 suavi
2756 1040 2982 1096 invitata
3020 1038 3309 1095 dulccdine
3363 1039 3477 1111 spi-

1865 1135 2044 1191 ritalis
2072 1135 2452 1193 infuntlerctur
2474 1137 2643 1206 gratia
2695 1134 2798 1208 (IV
2842 1135 2973 1206 Reg.
3025 1150 3104 1199 lll,
3156 1136 3269 1205 is).
3312 1134 3381 1190 Et
3418 1135 3474 1189 in

1869 1228 2171 1300 Evangelia
2197 1230 2427 1301 legimus
2455 1229 2509 1284 in
2531 1229 2696 1284 domo
2721 1228 2891 1300 patris
2923 1228 3068 1282 illius
3099 1227 3265 1283 lilium
3318 1242 3478 1282 recu-

1869 1324 2112 1392 perantis
2142 1323 2537 1392 praeerepuisse
2580 1320 2984 1393 symphoniam,
3037 1333 3142 1389 qua
3189 1318 3478 1385 epulantes

1868 1411 2285 1469 delectabantur
2331 1413 2551 1479 ﬁdeles,
2611 1412 2849 1483 perfidus
2891 1421 3073 1468 autem
3126 1412 3478 1482 impatienter

1870 1506 2129 1562 audiebat
2158 1505 2312 1579 (Luc.
2344 1523 2440 1573 xv,
2470 1507 2588 1580 28).
2625 1507 2809 1564 Dulcis
2833 1507 2996 1579 igitur
3046 1515 3131 1562 est
3181 1507 3471 1574 cantilena,

1870 1614 1992 1670 quae
2024 1615 2130 1653 non
2162 1615 2364 1668 corpus
2389 1600 2689 1665 etieminat,
2722 1600 2820 1655 sed
2843 1608 3082 1657 mentem
3119 1602 3477 1669 animumque

1871 1690 2179 1747 conﬁrmat.
2215 1692 2451 1764 Ideoque
2472 1694 2747 1749 canticum
2780 1694 2982 1751 dicitur
3026 1694 3240 1751 Domini
3293 1694 3479 1752 Testa-

178 1804 280 1845 νοω
310 1795 473 1844 utero
521 1784 769 1880 vidisset,
824 1798 947 1880 cum
984 1793 1130 1839 esset
1168 1782 1380 1880 iustus,
1430 1779 1607 1880 noluit
1647 1794 1769 1880 eam
1798 1794 1849 1856 Β
1875 1792 2119 1839 mentum
2152 1801 2167 1851 ;
2217 1787 2342 1857 quia
2378 1790 2760 1848 remissionem
2806 1797 3050 1853 omnium
3104 1816 3481 1880 peccatorum,

177 1882 455 1938 inducere
487 1878 703 1952 (Matth.
732 1894 773 1944 ι,
815 1876 908 1949 i9)
940 1893 957 1945 ;
1013 1885 1071 1932 et
1110 1874 1296 1946 utique
1354 1872 1565 1928 nullum
1595 1870 1775 1926 adhuc

183 1979 418 2037 audierat
444 1977 746 2034 oraculum.
775 1974 851 2029 lta
878 1988 987 2029 non
1038 1971 1215 2028 solum
1259 1969 1329 2024 ab
1359 1968 1583 2024 ultionis
1627 1975 1777 2021 atro-

180 2072 346 2135 citate,
381 2071 479 2127 sed
508 2071 675 2127 etiam
702 2068 773 2123 ab
805 2065 1174 2123 accusationis
1220 2063 1513 2120 severitate
1543 2074 1777 2132 persona

176 2163 295 2234 justi
322 2164 503 2220 aliena
531 2170 618 2219 est
644 2179 659 2218 :
690 2162 982 2233 potiusque
1002 2156 1154 2213 ducit
1205 2169 1359 2211 suam
1390 2153 1775 2210 remissionem

180 2259 438 2325 accusari,
465 2256 611 2330 quod
635 2266 663 2295 ι
693 2270 803 2311 non
836 2252 1181 2316 iudicaverit,
1213 2264 1375 2322 quam
1407 2249 1643 2304 alienum
1670 2244 1779 2302 cri-

182 2366 295 2407 men
324 2365 547 2422 urgere.
571 2348 679 2406 Sed
701 2347 852 2403 dices
880 2364 895 2401 :
924 2342 1212 2414 Quomodo
1248 2340 1387 2398 dixit
1417 2341 1532 2412 ipse
1566 2338 1774 2393 David:

182 2441 465 2498 Lanabitur
509 2442 690 2513 justus
738 2454 856 2494 cum
920 2435 1107 2492 uiderit
1158 2433 1440 2489 uindictam
1496 2430 1780 2501 impiorum

182 2534 345 2605 (Ptol.
377 2549 509 2600 Lm,
552 2533 694 2605 II)?
748 2530 877 2586 Mihi
905 2529 1121 2586 videtur
1173 2526 1298 2599 quia
1356 2525 1594 2590 laetetur,
1633 2521 1778 2594 quod

178 2627 294 2700 ime
312 2628 572 2694 evaserit,
599 2640 708 2682 non
739 2625 862 2697 quia
889 2622 1041 2692 impii
1090 2620 1407 2692 puniantur.
1458 2618 1781 2687 Quaeramus

178 2718 828 2817 aliudjggtimmit‘um
850 2730 917 2772 ex
937 2712 1313 2817 sequentibus.

246 2798 569 2893 25.]r(—Vers.
591 2798 930 2893 Sbiytaque
951 2805 1122 2862 dicit:
1158 2802 1453 2860 Cantabiles
1481 2800 1608 2856 mihi
1638 2807 1784 2856 erant

180 2883 788 2971 ἱκεεέρἓπὸῑιῖῒΐῆἶη
819 2900 933 2955 loco
955 2895 1392 2969 peregrinationis
1420 2908 1566 2949 mete.
1589 2890 1784 2948 Merito

180 2993 714 3066 peregrinationibus
738 3008 847 3049 non
881 2991 1254 3062 frangebatur,
1306 2986 1572 3058 superbos
1613 2984 1785 3041 decli-

178 3087 357 3155 nabat,
386 3102 690 3157 eorumque
738 3085 1016 3156 prosperis
1056 3082 1403 3140 successibus
1439 3096 1549 3136 non
1595 3093 1784 3134 move-

1878 1875 2205 1949 Dominique
2243 1878 2492 1951 justitias
2535 1882 2589 1938 in
2639 1884 2941 1957 Scripturis
3001 1892 3281 1968 Evangelii
3331 1875 3487 1959 suavi

1877 1969 2080 2025 mentis
2103 1973 2472 2029 exsultatione
2501 1978 2863 2050 concinimus.
2888 1982 3011 2053 Ipse
3056 2004 3272 2060 quoque
3300 1992 3485 2049 Domi-

1878 2075 1983 2116 nus
2012 2077 2118 2116 non
2147 2062 2478 2135 dedignatus
2494 2077 2581 2124 est
2605 2071 2789 2130 dicere
2820 2092 2833 2130 :
2867 2075 3201 2137 Cantavimus
3230 2087 3395 2154 vobis,
3432 2099 3485 2145 et

1879 2171 1982 2210 non
2006 2158 2235 2214 saltastis
2261 2159 2416 2234 (Luc.
2445 2179 2541 2230 vn,
2567 2165 2685 2240 52).
2719 2170 2973 2229 Cantavit
3003 2178 3159 2233 nobis
3203 2182 3256 2236 in
3302 2183 3485 2241 Evan-

1877 2249 2019 2320 gelio
2047 2251 2263 2307 veniam
2285 2254 2610 2314 delictorum
2645 2276 2659 2317 :
2689 2261 2999 2322 debuerunt
3024 2268 3200 2328 Judaei
3247 2285 3489 2335 mentem

1878 2342 2131 2400 attollere
2153 2361 2259 2400 non
2286 2346 2606 2408 histrionico
2634 2358 2883 2426 corporis
2922 2371 3074 2417 motu
3095 2404 3110 2429 ,
3162 2366 3260 2423 sed
3290 2384 3484 2427 sancto

1878 2431 2109 2506 Spiritu.
2137 2436 2257 2494 Non
2284 2439 2555 2507 fecerunt,
2601 2446 2725 2502 ideo
2762 2453 3262 2519 reprehenduntur.

1950 2527 2043 2585 27.
2085 2531 2194 2589 Sed
2224 2533 2388 2590 etiam
2415 2547 2471 2591 et
2499 2542 2747 2610 corporis
2778 2540 2806 2580 δ
2847 2545 3070 2604 saltatio
3117 2550 3173 2605 in
3218 2550 3485 2614 honorem

1881 2619 1981 2677 Dei
2006 2622 2297 2682 laudabilis
2318 2626 2571 2684 habetur.
2602 2630 2849 2703 Denique
2898 2637 3116 2695 saltavit
3145 2641 3312 2699 David
3358 2659 3488 2705 ante

1880 2730 2062 2773 arcam
2092 2718 2331 2786 Domini,
2360 2731 2415 2778 et
2443 2723 2577 2778 vidit
2606 2741 2730 2781 eum
2757 2726 2958 2786 Michol
2986 2731 3091 2787 ﬁlia
3124 2734 3256 2793 Sani
3282 2740 3491 2799 saltan—

1883 2820 2017 2878 tem,
2043 2820 2099 2868 et
2125 2814 2518 2882 percutientem
2550 2828 2572 2857 ο
2624 2819 2678 2874 in
2722 2823 2943 2893 organis
2989 2824 3382 2892 harmonizatis
3433 2838 3490 2892 in

1882 2911 2177 2976 conspectu
2208 2905 2443 2975 Domini,
2469 2917 2525 2964 et
2544 2911 2621 2965 ait
2649 2912 2715 2967 ad
2740 2929 2887 2983 eum,
2921 2928 3276 2992 posteaquam
3312 2941 3373 2983 se
3396 2929 3493 2983 dc-

1884 3010 2031 3051 mum
2058 2997 2299 3067 recepit:
2330 2997 2469 3065 Quid
2498 3003 2671 3072 utique
2687 3003 3063 3076 Itonoriﬁcatus
3088 3025 3162 3068 est
3189 3032 3281 3071 rea:
3300 3016 3495 3086 Israel;

1883 3089 2009 3158 quia
2035 3090 2327 3146 denudatus
2353 3102 2431 3148 est
2457 3095 2612 3151 hodie
2640 3098 2693 3151 in
2741 3101 2905 3156 oculis
2939 3106 3227 3173 puellarum
3279 3130 3491 3170 suarum

175 3180 353 3237 batur.
372 3180 777 3238 Consolabatur
795 3194 856 3236 se
877 3180 931 3234 in
954 3176 1173 3248 judiciis
1199 3174 1533 3242 caelestibus,
1570 3172 1782 3245 1052

1887 3183 2219 3249 ancillarum,
2248 3185 2379 3239 sicut
2407 3202 2542 3242 unus
2567 3206 2631 3244 ea:
2651 3172 2983 3251 saltatoribus
3005 3198 3032 3251 γ
3062 3198 3129 3254 Ει
3158 3201 3293 3258 dixit
3325 3205 3491 3262 David

178 3275 482 3345 angebatur
508 3275 567 3328 in
613 3273 810 3329 alienis
841 3270 1118 3342 peccatis;
1170 3270 1295 3341 quia
1349 3267 1650 3324 cantabiles
1694 3266 1790 3319 ha-

174 3366 336 3423 bebat
356 3366 784 3439 iustiﬁcationes
812 3366 929 3422 Dei.
957 3366 1090 3432 Quae
1116 3364 1263 3419 enim
1317 3361 1461 3419 bene
1518 3371 1789 3428 tenemus,

177 3471 398 3519 cantare
418 3463 810 3517 consuevimus
835 3477 848 3514 :
872 3470 927 3517 et
951 3474 1077 3531 qua:
1118 3466 1427 3525 cantantur,
1467 3457 1661 3513 melius
1692 3470 1793 3510 no-

176 3553 889 3612 strisadbmrentsensibus.
916 3551 1033 3608 Non
1056 3551 1201 3607 enim
1224 3549 1587 3621 perlunctorie
1612 3556 1789 3602 trans-

174 3659 366 3700 eamus
406 3660 533 3718 quae
568 3642 845 3716 legimus;
875 3652 933 3699 ut
959 3653 1085 3699 tunc
1109 3650 1316 3698 tantum
1371 3656 1495 3696 eum
1553 3636 1787 3708 legimus

179 3753 263 3806 ea,
291 3740 348 3797 in
377 3742 705 3798 memoriam
733 3755 924 3796 eorum
950 3737 1132 3795 redire
1155 3737 1433 3794 videamur
1457 3753 1471 3788 :
1502 3734 1596 3790 sed
1618 3732 1783 3789 etiam

176 3847 299 3889 cum
325 3835 493 3891 abest
520 3834 699 3891 codex
721 3833 993 3900 manibus,
1039 3842 1312 3903 tamquam
1339 3827 1634 3887 animantia
1665 3843 1788 3899 quae

174 3926 486 3996 probantur
511 3936 567 3984 et
592 3925 793 3982 munda
819 3924 1085 3982 habentur
1112 3926 1163 3980 in
1192 3924 1357 3996 Lege,
1378 3923 1540 3979 etiam
1571 3920 1788 3993 quando

175 4038 288 4078 non
312 4032 618 4094 pascuntur
647 4023 926 4078 ruminare
951 4027 1371 4083 consueverunt,
1418 4032 1487 4073 ex
1535 4013 1788 4085 semetip-

171 4114 255 4170 sis
272 4113 540 4172 alimenta
567 4113 674 4175 sibi
702 4112 979 4170 recondita
1011 4110 1380 4183 proferentia:
1413 4107 1487 4164 ita
1509 4114 1566 4162 et
1592 4121 1693 4163 nos
1720 4105 1789 4162 de

171 4217 382 4265 nostra:
411 4209 699 4265 memoriae
745 4205 1035 4272 thesauro,
1075 4203 1146 4260 de
1188 4201 1542 4260 interioribus
1585 4198 1789 4256 nostris

172 4301 575 4358 ruminandum
626 4298 787 4356 nobis
840 4299 1094 4370 pabulum
1160 4295 1406 4367 spiritale
1451 4306 1785 4365 promamus.

170 4392 378 4467 Dymni
408 4394 592 4463 nobis,
614 4391 884 4449 canticum
908 4392 1086 4459 nobis,
1115 4390 1308 4462 psalmi
1333 4388 1493 4445 nobis
1523 4385 1789 4460 iustiﬁca-

170 4485 360 4542 tiones
389 4485 610 4542 Domini
643 4486 778 4540 sint.
815 4483 1116 4541 Psallamus
1161 4482 1379 4553 spiritu,
1410 4479 1708 4551 psallamus
1734 4485 1791 4533 et

1888 3273 1915 3315 ἀ
1936 3277 2004 3333 ad
2028 3278 2226 3335 Michol
2257 3280 2312 3334 in
2338 3293 2634 3352 censpcctu
2665 3284 2880 3343 Domini
2905 3308 2917 3343 :
2969 3289 3279 3351 Benedictus
3310 3297 3492 3357 Domi-

1886 3383 1985 3459 nus
2008 3369 2100 3436 qui
2126 3370 2279 3442 elegit
2307 3387 2388 3425 me
2416 3389 2570 3445 super
2597 3384 2796 3446 patrem
2822 3388 2986 3446 tuum,
3017 3394 3067 3438 et
3111 3403 3267 3459 super
3294 3408 3496 3449 onlnem

1889 3458 2100 3556 domum
2124 3460 2270 3516 illius
2298 3464 2611 3521 constituere
2649 3468 2704 3522 in
2756 3471 3043 3543 principem
3099 3458 3255 3548 super
3294 3485 3494 3556 plebem

1887 3568 2035 3608 suam
2057 3552 2229 3609 Israel
2252 3565 2301 3610 et
2328 3555 2525 3613 ludam
2552 3573 2575 3616 :
2607 3560 2809 3617 saltabo
2850 3565 2905 3619 in
2954 3583 3226 3640 conspectu
3256 3552 3493 3645 Domini,

1888 3653 1935 3699 et
1960 3646 2259 3701 denudabor
2285 3648 2458 3704 adhuc
2479 3651 2579 3719 sic,
2596 3663 2644 3707 et
2672 3670 2761 3708 ero
2790 3672 2965 3729 nugax
2991 3660 3044 3713 in
3070 3679 3347 3737 conspectu
3378 3681 3488 3738 tuo,

1886 3747 2077 3792 etcum
2106 3740 2296 3807 puellis
2324 3757 2438 3796 cum
2464 3742 2647 3813 quibus
2678 3745 2857 3802 dixisti
2889 3765 2969 3804 me
3016 3755 3290 3824 nudatum,
3332 3762 3497 3831 glori-

1884 3831 2100 3900 ﬁcabor.
2136 3831 2203 3887 Et
2228 3831 2448 3899 Michol,
2482 3837 2687 3906 inquit,
2714 3839 2843 3908 ﬁlia:
2885 3841 3019 3896 Saut
3058 3861 3162 3900 non
3207 3861 3318 3904 erat
3349 3856 3492 3919 ﬁlius

1886 3938 2050 3993 usque
2062 3924 2118 3979 in
2134 3923 2269 3981 diem
2288 3927 2469 3982 mortis
2481 3930 2594 3999 ejus
2613 3927 2679 4000 (ll
2701 3930 2910 4004 Regm,
2924 3934 2995 3989 20
3009 3947 3060 3991 et
3079 3939 3230 4011 seq.).
3259 3938 3494 4003 Evideus

1890 4014 2074 4085 itaque
2099 4017 2409 4088 exemplum
2449 4021 2593 4089 quod
2619 4030 2677 4077 et
2708 4023 2918 4097 1053
2946 4026 3211 4100 Propheta
3245 4038 3335 4104 qui
3368 4055 3493 4109 per-

1888 4109 2128 4165 cutiebat
2180 4110 2234 4165 in
2282 4111 2521 4182 organis,
2552 4120 2611 4167 et
2635 4116 2999 4175 saltavitante
3038 4137 3222 4182 arcam
3254 4127 3489 4200 Domini,

1881 4201 2213 4273 iustiﬁcatus
2241 4212 2362 4261 est:
2390 4213 2446 4260 et
2468 4204 2560 4261 illa
2584 4222 2705 4278 qua:
2729 4210 3082 4280 reprehendit
3116 4233 3263 4287 eum,
3295 4228 3496 4283 stet-ili-

1886 4302 1999 4351 tate
2026 4296 2277 4353 damnata
2305 4307 2407 4353 est.

1957 4388 2050 4446 28.
2091 4388 2198 4446 Sed
2236 4404 2342 4445 non
2371 4391 2503 4447 satis
2547 4400 2632 4448 est
2657 4402 2718 4449 ut
2746 4396 2943 4469 aliquis
2968 4402 3265 4462 cantabiles
3294 4407 3494 4470 habeat

1880 4481 2300 4553 iustiﬁcationes
2327 4483 2453 4550 Dei,
2498 4484 2599 4540 nisi
2630 4494 2970 4545 terrenarum
2996 4505 3163 4550 exuat
3187 4512 3248 4553 se
3268 4505 3493 4563 servitio

165 4588 407 4644 mente;
445 4593 514 4633 ne
531 4578 577 4632 si
598 4575 755 4631 obliti
787 4575 1066 4641 fuerimus,
1094 4574 1150 4629 in
1180 4585 1425 4643 tempore
1446 4570 1786 4628 necessitatis
1809 4594 1865 4655 Β
1890 4572 2341 4629 sollicitudinum.
2385 4573 2619 4646 Ideoque
2647 4577 2894 4633 addidit:
2928 4579 2996 4634 In
3036 4584 3148 4638 loco
3190 4593 3492 4661 peregrina-

166 4670 396 4728 dicatur
463 4671 752 4743 unicuique
831 4678 1076 4725 nostrum
1130 4685 1146 4724 :
1210 4665 1457 4739 Abjecisti
1531 4679 1788 4720 sermones

163 4780 313 4821 meos
344 4773 479 4837 post
497 4775 545 4819 te
561 4761 737 4836 (Psal.
778 4777 924 4825 λιιι,
953 4759 1061 4834 l7).

234 4855 336 4913 26.
383 4855 633 4926 Ideoque
655 4864 711 4911 ut
730 4854 1100 4925 expelleretur
1124 4861 1182 4909 et
1226 4852 1606 4909 eliminaretur
1644 4848 1787 4904 obli-

158 4950 305 5009 vio:
334 4951 520 5009 domo
547 4960 737 5008 sancta
785 4965 914 5019 sua,
959 4958 1269 5006 cantatores
1312 4949 1417 5006 sibi
1459 4948 1587 5004 fecit
1627 4960 1790 5003 verus

232 5086 463 5146 ‘Edit.
516 5097 627 5144 ant.
658 5103 787 5145 cum
840 5088 1072 5143 maxima
1105 5093 1259 5155 parte
1296 5100 1455 5149 mss..
1507 5082 1644 5151 quod
1686 5098 1790 5137 non

149 5158 708 5233 Mritﬁom.
748 5174 1031 5233 cummss.
1067 5160 1368 5233 aliquot....
1421 5172 1524 5210 non
1554 5156 1794 5233 uindica—

159 5225 314 5301 ὅρια.
351 5230 512 5287 Cod.
530 5229 843 5301 κωπῆεν...
869 5230 1195 5296 indicaverit,
1224 5228 1279 5284 id
1300 5238 1405 5294 est,
1433 5225 1791 5301 accttsaverit,

156 5298 283 5373 sive
300 5302 539 5358 crisin-tt
558 5296 842 5373 detulerit,
870 5318 977 5373 quo
995 5315 1158 5373 sensu
1180 5314 1301 5373 non
1326 5299 1496 5373 semel
1522 5299 1622 5353 hoc
1643 5296 1797 5373 verbi

158 5372 458 5445 εῳνὶωτ
492 5374 632 5445 apud
680 5369 1027 5445 Ciceronem.
1061 5370 1131 5427 Et
1179 5370 1267 5427 hic
1307 5370 1527 5440 quidem
1567 5369 1794 5439 optime,

160 5440 245 5499 uti
266 5440 570 5499 cincinnis
587 5444 751 5501 docet
771 5444 964 5499 series.

228 5512 269 5555 δ
290 5514 557 5573 saltatio
578 5517 595 5570 i
619 5525 719 5570 :tet'
750 5523 903 5571 actus
934 5512 1211 5583 religionis
1241 5510 1423 5565 habita
1448 5519 1546 5583 est
1571 5522 1792 5583 noneo-

155 5582 277 5657 lj-
296 5589 464 5657 aptati
499 5585 782 5657 ﬂetu-ams,
806 5601 993 5657 verum
1023 5580 1185 5657 etiam
1211 5580 1634 5657 apudgentiles.
1661 5580 1796 5657 [line

1894 4669 2050 4723 tionis
2080 4682 2205 4721 uteie
2235 4665 2409 4738 (Psal.
2444 4682 2670 4733 xxxvm,
2704 4670 2824 4738 I5).
2867 4668 3134 4731 Convenit
3161 4678 3292 4746 sibi;
3325 4685 3495 4755 siqui-

1893 4758 2019 4816 dem
2041 4765 2094 4813 et
2120 4756 2249 4813 alibi
2272 4756 2381 4813 ait:
2411 4757 2622 4813 Advena
2647 4775 2763 4813 sum
2785 4778 2878 4832 ego
2902 4764 2958 4816 in
2981 4771 3121 4820 terra
3140 4768 3239 4823 Itac
3267 4771 3490 4846 (Ep/tes.

1894 4869 1955 4917 ιι,
1988 4851 2102 4920 19).
2135 4850 2289 4906 Unde
2307 4857 2367 4905 et
2389 4849 2685 4922 Apostolus
2706 4867 2812 4909 non
2835 4856 2942 4909 vult
2976 4872 3073 4912 nos
3103 4860 3153 4914 in
3180 4860 3343 4921 domo
3368 4867 3491 4936 Dei,

1895 4942 2132 5015 ﬁdeique
2160 4943 2447 4999 vocatione
2482 4941 2725 5000 advenas
2763 4961 2885 5002 esse
2915 4955 2971 5003 et
3005 4954 3326 5024 peregrinos
3353 4975 3367 5013 :
3397 4962 3493 5018 sed

1894 5093 2003 5136 non
2030 5078 2085 5134 in
2108 5078 2254 5134 libro
2276 5079 2340 5132 de
2364 5078 2644 5132 Orchestra
2668 5079 2783 5135 fuse
2803 5080 3093 5140 Meursius.

1971 5162 1994 5190 c
2019 5151 2147 5238 Era,
2173 5160 2367 5238 quisq.
2391 5149 2525 5232 edit.
2560 5152 2612 5203 in
2638 5165 2836 5233 marg.
2862 5155 2913 5207 in
2935 5159 3143 5238 organis
3165 5164 3491 5237 ἠμοσμένοις.

1896 5222 2119 5287 Amerb.
2152 5231 2208 5275 et
2235 5219 2362 5275 Gill.
2394 5219 2447 5274 iu
2470 5235 2653 5297 corp._,
2684 5219 3489 5297 iriorganis'armniugig':m;§:

2112 5306 2364 5382 nutriere,
2397 5292 2684 5346 armizutis.
2716 5292 2934 5363 Optime
2957 5303 3197 5357 omnium
3255 5292 3493 5382 Meurig:

1897 5373 2255 5418 armamentis.

1972 5431 2000 5471 ὰ
2042 5432 2393 5518 paulu-filia,
2424 5434 2515 5518 ad“
2539 5432 2764 5518 Melo/tot
2792 5452 2811 5501 ;
2837 5435 3089 5518 “saltabo
3123 5443 3176 5498 in
3220 5462 3498 5518 conspectu

1906 5505 2132 5581 Domini.
2188 5504 2293 5581 Et:
2323 5501 2659 5581 Benedictus,
2681 5515 2766 5559 etc
2836 5506 3041 5564 Habt-nt
3096 5501 3499 5581 qttitit°mjleii

1899 5578 2124 5651 verbum
2192 5576 2495 5651 ὀρχήσομαι
2518 5591 2532 5639 ;
2557 5575 2804 5651 sulcum
2840 5580 2992 5651 apud
3029 5575 3372 5644 Anihrnsinm

156 5646 881 5731 Ms‘aﬁi‘sacerdotes
909 5655 1093 5731 Martis
1146 5646 1309 5722 atque
1337 5646 1605 5731 tlercnlis.
1647 5651 1799 5731 ⁸11ἱηιιῑ
1903 5649 1959 5731 in
1989 5663 2118 5731 mss:
2154 5646 2253 5700 nec
2277 5664 2328 5699 Ill
2359 5646 2473 5731 aut...
2503 5646 2634 5700 edit.
2665 5648 3000 5731 inveniatur,
3058 5661 3350 5718 verisimile
3392 5646 3500 5731 est:

153 5730 321 5785 “rh
344 5724 730 5784 auctionum
756 5742 957 5797 genera
988 5728 1040 5782 in
1066 5725 1325 5797 honorem
1374 5726 1597 5777 deorum
1647 5722 1800 5776 insti-

1903 5718 2036 5799 i_|lutl
2067 5718 2135 5771 ab
2165 5717 2459 5787 exemplari
2505 5730 2611 5789 quo
2665 5716 2755 5773 Vir
2804 5732 3024 5779 sanctus
3073 5743 3200 5784 usus
3253 5716 3356 5799 est,
3398 5716 3509 5795 ait}:

158 5808 327 5869 tota;
360 5799 452 5858 de
482 5799 685 5871 quibus
717 5790 985 5855 Lucianus
1014 5798 1068 5853 in
1100 5796 1194 5852 lib.
1215 5799 1336 5874 περί
1361 5796 1671 5870 ὀρχήσεωςς
1703 5808 1782 5850 net

1906 5790 2101 5848 fuisse.

650 5894 930 5956 Ρηιωι.
982 5889 1127 5952 XV.

2916 5885 2954 5948 lt-
