3988 6304
456 224 592 281 1991

1807 212 2055 274 BANCTI
2093 207 2415 274 AMBROSII

3619 215 3760 274 {299.

455 342 607 398 cives
627 342 938 422 sanctorum
969 340 1024 388 et
1055 331 1380 390 domesricos
1409 329 1528 387 Dei.
1560 327 1660 398 Qui
1693 329 1835 384 enim
1865 329 2055 385 dome-
2085 343 2134 402 Α
2164 332 2309 387 illam
2340 333 2625 401 caliginem
2658 335 2830 388 noctis
2861 347 2966 389 non
2997 333 3331 404 opertorium
3353 374 3366 399 ,
3399 335 3494 391 sed
3528 335 3761 392 iacenti-

457 431 628 488 sticus
655 429 750 483 Dei
793 434 896 494 est,
935 424 1091 479 ex~ul
1125 434 1208 478 est
1238 423 1438 477 tnuudo
1464 441 1478 476 :
1509 424 1599 491 qui
1627 432 1978 477 cenversatur
2007 426 2059 476 in

461 523 815 582 etelesdbus,
870 517 1188 588 peregrinus
1237 527 1320 570 est
1361 514 1539 570 terris.
1575 513 2064 584 Peregrinabantur

463 617 518 670 in
562 613 664 670 hoc
705 611 904 668 mundo
948 603 1196 675 llehraei,
1244 620 1490 664 naturam
1524 607 1754 662 incendii
1793 623 1898 661 non
1939 622 2067 661 sen-

467 710 662 766 tientes
686 724 699 760 :
729 704 1027 763 cantabiies
1056 703 1324 758 ltabcbattl
1354 701 1768 769 justiﬁrntiones
1795 701 1912 767 Dei,
1941 716 2063 755 cum

465 803 723 872 hymnum
752 799 863 853 Deo
887 799 954 852 de
985 806 1359 852 creaturarum
1388 796 1695 850 laudatione
1724 803 2027 849 cenitarent.

533 897 625 954 29.
667 889 872 952 Deinde
900 895 992 959 qui
1023 903 1240 958 cantat,
1271 909 1471 948 vacuus
1499 903 1612 958 est,
1647 901 1702 948 et
1727 893 2066 948 diversarum

461 989 849 1062 cogitatiOnum
873 1001 1036 1042 curas
1056 986 1285 1055 relegat,
1317 995 1624 1056 sequestrat
1653 985 1971 1050 avaritiam,
2011 993 2068 1041 et

462 1098 576 1140 non
604 1083 779 1137 solum
811 1081 1059 1148 corporis
1097 1095 1262 1142 voce,
1297 1080 1392 1134 sed
1436 1081 1601 1135 etiam
1642 1081 1839 1134 mentis
1866 1079 2071 1134 vivaci-

461 1182 573 1230 tate
604 1188 663 1230 se
705 1174 928 1229 mulcet.
958 1171 1075 1230 Non
1117 1173 1261 1227 enim
1294 1183 1566 1241 tamquam
1607 1181 1832 1228 mlestus
1874 1173 2070 1242 inopia:

463 1267 863 1332 sollicitudine,
892 1267 986 1322 sed
1020 1275 1295 1337 tamquam
1330 1268 1465 1322 liber
1491 1269 1559 1322 ab
1598 1268 1850 1324 omnibus
1877 1282 2070 1336 corpo-

463 1360 657 1416 ralium
683 1361 972 1416 allectihus
995 1362 1304 1428 paSsionnm
1335 1362 1563 1414 canebat
1597 1361 1736 1416 idem
1765 1361 2068 1430 i’rOpheta:

463 1453 703 1510 Psallam
733 1454 844 1518 tibi,
883 1451 1039 1510 Deus.
1070 1455 1124 1506 in
1153 1454 1375 1517 cit/tura,
1410 1464 1619 1516 sanctus
1643 1453 1835 1508 Israel.
1866 1451 2074 1507 Gaude-

465 1547 587 1612 lzttnt
618 1547 754 1604 labia
795 1565 905 1601 mea
929 1589 945 1612 ,
988 1563 1107 1600 cum
1136 1558 1411 1603 cantavero
1453 1548 1543 1601 tibi
1571 1564 1589 1601 :
1637 1559 1687 1603 et
1722 1549 1897 1602 anima
1924 1564 2069 1612 mea,

465 1658 619 1712 quam
644 1641 910 1696 redemisti
935 1639 1112 1711 (Psal.
1144 1656 1266 1704 Lxx,
1294 1640 1366 1694 22
1387 1651 1434 1695 et
1459 1640 1576 1712 23).
1631 1641 1900 1696 Cantabat
1953 1640 2074 1694 haec

2168 442 2290 480 vum
2319 442 2440 481 esse
2472 426 2716 496 peccati?
2759 425 2891 481 Cum
2922 441 3114 482 somno
3141 435 3197 482 et
3239 427 3363 481 cibo
3406 423 3617 482 fervent
3642 442 3763 484 cor-

2165 533 2320 588 pora.
2349 531 2473 573 tunc
2495 522 2656 574 etiam
2681 520 2837 585 vigor
2855 521 3055 576 mentis
3075 529 3273 588 separe
3298 520 3536 585 laxatur,
3568 533 3762 576 somno

2165 612 2504 667 resolvitur:
2553 622 2678 665 tunc
2729 613 2915 682 irrepit
2959 613 3158 680 impuri
3205 612 3371 666 libido
3398 613 3761 672 eonmhitus:

2169 712 2194 740 ιι
2218 713 2344 758 tunc
2377 704 2722 770 perturbatur
2752 718 2877 769 cor,
2911 705 3132 774 sqiralor
3160 703 3514 757 inununditinc
3545 720 3652 758 non
3686 705 3766 760 vi-

2167 794 2356 856 detur.
2380 795 2647 850 castitatis
2673 796 2882 865 puritas
2909 809 3015 850 n0n
3046 795 3428 850 consideratur
3447 837 3462 861 ,
3491 795 3767 865 pudicitia:

2167 886 2336 955 gloria
2367 901 2473 942 non
2517 897 2852 942 recensetnr.
2903 887 3020 942 Nox
3046 898 3168 944 erat
3195 886 3413 958 quando
3439 887 3610 943 ludas
3643 905 3770 959 pro-

2169 977 2327 1039 didit,
2356 977 2570 1046 qnando
2601 979 2791 1033 Petrus
2817 979 3049 1049 negarit.

2243 1072 2332 1128 δὲ.
2381 1072 2475 1126 Illo
2525 1073 2688 1142 igitur
2736 1074 3006 1142 praecipue
3059 1081 3302 1142 tempore
3350 1071 3769 1141 iustiﬁcationes

2173 1166 2267 1218 Dei
2299 1167 2482 1220 animo
2510 1166 2821 1221 retexenda:
2846 1176 2990 1227 sunt.
3028 1166 3312 1232 relegenda
3341 1165 3592 1219 mandata
3639 1167 3772 1218 hor-

2174 1260 2390 1312 tatoria.
2438 1258 2530 1311 Illa
2564 1259 2630 1311 de
2660 1257 2908 1314 castitate
2952 1266 3218 1328 prazcepta
3260 1273 3364 1312 non
3414 1257 3636 1312 absint:
3689 1256 3773 1312 his

2174 1358 2433 1418 occupata
2465 1364 2619 1404 mens
2661 1348 2997 1419 nigrantium
3036 1347 3302 1406 libidinis.
3351 1350 3534 1402 carnis
3575 1349 3774 1404 restin-

2174 1452 2303 1509 guat
2327 1444 2600 1495 ardorem.
2635 1440 2783 1496 Tene
2814 1440 2946 1495 illud
2988 1441 3209 1494 animo:
3245 1439 3449 1494 Lavabo
3481 1457 3570 1509 per
3595 1442 3780 1511 tinguo

2179 1535 2256 1589 las
2285 1545 2458 1590 noctes
2488 1536 2675 1590 lectum
2708 1549 2874 1588 meum
2905 1534 3081 1605 (Psal.
3112 1549 3184 1600 vi,
3216 1535 3294 1603 7).
3326 1535 3458 1601 Quis
3483 1534 3632 1588 enim
3663 1545 3779 1588 stu-

2180 1630 2292 1698 pris
2321 1629 2564 1692 deditus,
2609 1630 2826 1697 ﬂagitiis
2878 1631 3180 1692 involutus,
3215 1629 3358 1681 lavat
3405 1641 3501 1697 per
3522 1628 3780 1692 singulas

467 1731 621 1785 Ianus
643 1772 658 1796 ,
709 1739 983 1797 tamquam
1031 1729 1118 1786 his
1163 1731 1478 1786 melioribus
1515 1733 1692 1801 epulis
1739 1738 2070 1802 pasceretur.
2104 1723 2153 1784 Β
2179 1735 2365 1780 noctes
2395 1724 2594 1778 lectum
2619 1723 2820 1778 smmi?
2846 1723 3024 1778 NeSt-it
3051 1722 3181 1777 ﬂere
3206 1722 3296 1792 qui
3323 1722 3498 1776 nenda
3527 1723 3782 1776 commit-

466 1824 804 1894 Ep‘ulabatur
843 1823 987 1878 enim
1030 1824 1244 1879 animus
1293 1824 1396 1892 piae
1441 1824 1751 1879 devotionis
1789 1823 2070 1879 alimento.

464 1907 582 1969 Non
615 1915 791 1968 solum
826 1915 1006 1982 itaque
1038 1916 1221 1985 hymni
1253 1922 1310 1970 et
1349 1916 1566 1984 psalmi,
1592 1917 1688 1971 sed
1719 1917 1882 1970 etiam
1915 1915 2076 1986 Legis

469 2018 740 2079 praecepta
782 2007 1076 2062 catttabilia
1121 2011 1324 2064 sanctis
1369 2019 1514 2062 sunt.
1547 2008 1792 2078 Denique
1821 2009 2078 2063 cantabat

464 2100 679 2176 Moyses
702 2102 792 2174 qui
825 2101 1027 2173 Legem
1054 2103 1284 2172 accepit,
1327 2118 1450 2158 cum
1475 2111 1899 2173 pratergressus
1923 2101 2076 2171 pedi-

463 2198 566 2254 bu’s
601 2208 772 2258 mare.
806 2196 1007 2250 servati
1053 2196 1238 2266 populi
1282 2195 1475 2252 ductor
1513 2194 1936 2267 iustiﬁcationes
1966 2195 2072 2249 Do-

471 2291 601 2346 mini
637 2286 979 2359 pra-dicaret.

534 2374 842 2478 ὂθὲξζνᾳιοε.
872 2366 1012 2458 55..)θ
1039 2382 1304 2451 Superest
1332 2381 1510 2436 adhuc
1551 2382 1888 2452 propositum
1916 2393 2076 2450 egre-

467 2463 752 2551 gium‘viri
779 2477 946 2546 justi,
971 2476 1094 2547 quia
1124 2477 1273 2532 omni
1307 2487 1554 2550 tempore
1579 2480 1724 2532 circa
1753 2476 1850 2531 Dei
1892 2477 2080 2530 laudes

463 2587 585 2632 esse
612 2573 777 2628 debet
807 2573 1070 2635 intentus,
1107 2588 1214 2624 non
1238 2571 1416 2627 solum
1439 2572 1547 2634 die,
1575 2571 1667 2626 sed
1698 2572 1863 2626 etiam
1894 2583 2075 2624 nocte.

466 2667 700 2738 Ideoque
727 2664 933 2720 addidit
965 2682 978 2718 ι
1029 2663 1232 2718 Memor
1263 2664 1339 2736 fui
1382 2675 1532 2720 nocte
1562 2664 1784 2718 nominis
1823 2664 1931 2728 tui,
1973 2661 2082 2715 Do-

469 2761 628 2824 mine,
675 2768 723 2813 et
766 2756 1019 2811 custodiri
1067 2758 1231 2826 legent
1276 2767 1438 2811 tuam.
1494 2757 1788 2812 Videamus
1829 2757 1877 2812 si
1905 2762 1964 2810 et
1992 2755 2084 2809 ille

471 2864 682 2906 meumr
709 2860 814 2914 est,
846 2850 937 2919 qui
967 2859 1127 2902 vocat
1154 2849 1446 2904 Dominum
1481 2853 1674 2914 verbo,
1712 2866 1818 2905 non
1845 2849 2086 2905 custodit

471 2949 651 2998 autem
687 2940 937 2994 mandata
968 2940 1171 2996 divina.
1201 2942 1274 2994 De
1298 2957 1408 3009 quo
1435 2942 1644 2996 dictum
1664 2952 1749 2997 est
1779 2943 1931 3004 satis,
1956 2940 2080 3010 quia

470 3044 580 3090 non
625 3035 951 3104 quicumque
999 3033 1133 3086 dicit
1168 3049 1181 3085 :
1229 3032 1493 3101 Domine,
1530 3035 1754 3088 Domine
1779 3076 1792 3094 .
1826 3043 2081 3101 acceptus

2180 1818 2270 1880 tit;
2313 1825 2368 1872 et
2397 1833 2518 1872 cum
2543 1821 2612 1872 sit
2643 1817 2758 1886 ipse
2785 1816 3184 1887 lsierymabilis,
3212 1815 3240 1855 δ
3272 1830 3376 1869 non
3409 1815 3573 1870 habet
3603 1825 3782 1882 pana!

2182 1911 2450 1981 laci-ymas
2477 1925 2611 1964 suae.
2655 1909 2723 1964 At
2766 1910 2862 1964 ille
2900 1909 2991 1978 qui
3023 1911 3248 1977 castigat
3275 1923 3470 1977 corpus
3497 1923 3654 1963 suum
3680 1949 3696 1971 ,
3728 1915 3784 1964 et

2179 2004 2262 2056 sui
2307 2003 2574 2058 sollicitus
2610 2003 2941 2072 gubernator
2967 2012 3084 2065 est,
3134 2013 3296 2072 atque
3328 2002 3691 2071 ingemiscens
3731 2010 3784 2056 et

2179 2094 2370 2148 dolens
2421 2094 2606 2164 lapsus
2651 2094 2952 2165 superioris
2995 2094 3215 2149 offensae
3260 2096 3453 2164 qua-rit
3499 2095 3787 2164 quomodo

2180 2187 2366 2242 abluat
2395 2204 2513 2242 eam
2540 2187 2759 2242 ﬂetibus
2789 2190 3144 2256 ptenitentiae,
3179 2188 3266 2242 hic
3293 2187 3437 2241 lavat
3462 2201 3557 2256 per
3598 2189 3787 2256 singu-

2182 2282 2263 2335 las
2289 2287 2478 2336 noctes
2511 2282 2711 2335 lectum
2750 2294 2930 2335 suum.
2962 2279 3080 2334 Non
3115 2279 3450 2334 dormiamus
3485 2291 3616 2348 ergo
3657 2279 3787 2333 totis

2182 2374 2434 2429 noctibus
2458 2391 2477 2428 -:
2524 2374 2619 2429 sed
2659 2376 2950 2428 maximam
2995 2383 3204 2443 partem
3249 2384 3437 2428 carum
3482 2372 3702 2426 lectioni
3735 2377 3790 2427 et

2183 2469 2521 2524 orationibus
2547 2468 2894 2538 deputemus.

2255 2561 2348 2616 55.
2389 2559 2526 2616 Audi
2559 2559 2820 2614 Ecclesiae
2851 2571 3038 2616 vorem
3065 2557 3357 2626 qumrentis
3395 2556 3556 2612 etiam
3589 2555 3642 2609 in
3691 2570 3791 2610 no-

2188 2653 2370 2708 ctibus
2397 2651 2696 2706 Christum.
2733 2652 2797 2704 In
2828 2651 3020 2714 cubili,
3050 2650 3254 2719 inquit,
3285 2664 3396 2701 meo
3418 2687 3432 2712 ,
3464 2649 3518 2701 in
3552 2647 3792 2702 noctibus

2184 2746 2395 2816 quaeuti
2431 2761 2579 2815 quem
2613 2743 2795 2798 dilexit
2826 2745 3002 2796 aiiima
3030 2757 3143 2796 mea
3172 2739 3341 2810 (Cant.
3374 2755 3454 2804 ut,
3481 2738 3557 2810 l).
3583 2738 3794 2808 Accipe

2187 2839 2479 2895 secundum
2523 2841 2778 2893 litteram.
2823 2838 3086 2905 Quaesivit
3132 2836 3186 2890 in
3236 2838 3489 2890 noctibus
3535 2835 3789 2899 orando,

2186 2933 2561 3002 deprecando,
2609 2935 2773 2988 etiam
2825 2932 3082 3003 lacrymis
3127 2929 3482 2999 deplorando.
3529 2928 3799 2994 Quaesivit

2188 3027 2243 3081 in
2274 3028 2551 3090 noctibus;
2583 3028 2710 3096 quia
2741 3027 2922 3094 posuit
2954 3026 3206 3081 tenebras
3253 3024 3536 3078 latibnlmn
3587 3037 3792 3087 suum;

472 3138 555 3183 est
589 3126 806 3180 Christo
832 3143 845 3181 :
895 3124 992 3181 sed
1024 3125 1112 3196 qui
1160 3125 1417 3194 Operibus
1467 3125 1624 3179 bonis
1675 3125 1888 3180 ﬁdelem
1922 3139 2080 3179 suum
2105 3109 2153 3173 C
2187 3125 2245 3174 ut
2272 3131 2518 3189 quaerere
2541 3132 2665 3172 eum
2697 3118 2982 3173 sollicitius
3009 3118 3362 3173 disceremus.
3392 3114 3653 3183 Qitassivit
3685 3114 3796 3185 igi-

471 3221 704 3289 probare
754 3219 991 3286 potuerit
1038 3216 1294 3273 allectum
1349 3216 1586 3288 (Matth.
1619 3234 1714 3282 vn,
1745 3217 1811 3272 2|
1837 3217 1880 3288 ).
1920 3217 2085 3273 Fides

475 3321 640 3380 ergo,
675 3309 948 3378 probitas,
976 3309 1286 3364 innocentia
1317 3324 1617 3364 memorem
1648 3309 1897 3377 probant.
1931 3309 2086 3376 Quod

474 3414 656 3458 autem
686 3403 795 3455 ait:
830 3399 1026 3454 Memor
1060 3403 1136 3470 {ui
1159 3402 1385 3455 nominis
1414 3402 1506 3464 tui,
1535 3402 1693 3469 plena
1723 3400 1947 3456 devotio
1967 3411 2084 3467 est;

475 3494 600 3567 quia
645 3509 803 3548 nemo
834 3492 966 3548 dicit
1013 3492 1302 3548 Dominum
1351 3494 1574 3558 Jesum,
1616 3495 1734 3548 .nisi
1781 3498 1836 3548 in
1883 3493 2088 3562 Spiritu

479 3597 690 3643 sancto.
740 3585 852 3640 lloc
893 3601 1089 3641 nomen
1137 3587 1420 3641 invoCetur
1461 3585 1657 3640 diebus
1698 3601 1763 3641 ac
1809 3587 2086 3649 noctibus,

481 3681 686 3735 nullum
712 3685 927 3750 tempus
951 3678 1212 3750 precandi
1233 3693 1463 3734 vacuum
1489 3679 1635 3734 sinat
1661 3689 1847 3734 sancta
1870 3678 2092 3736 (levatio

481 3774 786 3844 pneterire.

550 3866 642 3922 5|.
683 3863 739 3922 Si
772 3864 1052 3920 studentes
1083 3863 1246 3932 igitur
1276 3863 1538 3920 dortrinis
1568 3863 1924 3919 saecularibus
1965 3879 2090 3932 per-

479 3974 669 4030 parnm
715 3967 907 4012 somno
960 3955 1273 4027 indulgent,
1323 3968 1530 4026 quanto
1576 3957 1750 4027 magis
1795 3957 1882 4026 qui
1917 3956 2087 4012 Deum

476 4052 708 4120 cupiunt
734 4065 1090 4116 eogno~cere,
1131 4055 1236 4103 non
1263 4048 1467 4104 debent
1490 4065 1684 4104 somno
1715 4051 1962 4118 eoi-poris
1991 4052 2092 4105 im-

478 4139 690 4213 pediri,
740 4140 843 4194 nisi
893 4149 1152 4209 quantum
1203 4147 1412 4194 natura:
1464 4143 1596 4193 satis
1627 4143 1746 4194 est?
1792 4141 1959 4195 David
1995 4157 2091 4211 per

480 4233 726 4301 singulas
783 4242 972 4284 noetes
1039 4229 1236 4284 lectum
1291 4245 1446 4283 suum
1507 4229 1766 4300 lacrymis
1809 4231 2086 4286 diluebat:

480 4323 736 4394 surgebat
761 4323 924 4377 etiam
953 4321 1128 4376 noetis
1148 4321 1350 4387 medio,
1377 4335 1431 4376 ut
1453 4321 1686 4378 Domino
1707 4322 2088 4378 conﬁteretur:

482 4425 540 4474 et
585 4429 638 4473 tu
679 4421 844 4472 totam
892 4427 1108 4471 noctem
1139 4416 1327 4487 sopori
1372 4417 1653 4473 existimas
1688 4419 2092 4489 deputandam?

2188 3221 2272 3268 tur
2304 3214 2355 3268 in
2387 3213 2663 3283 prophetis
2695 3213 2939 3268 EccleSia
2973 3223 3040 3268 ex
3069 3212 3329 3283 gentlhus
3360 3216 3709 3280 congregata,
3745 3217 3802 3263 et

2189 3308 2314 3363 ideo
2338 3307 2590 3364 credidit.
2628 3307 2871 3376 Denique
2896 3307 3162 3361 adventus
3185 3304 3449 3360 Dominiei
3485 3302 3799 3356 testimonia

2189 3399 2258 3454 de
2308 3399 2586 3470 prophetis
2639 3409 2663 3438 ο
2713 3399 3065 3469 evangelista:
3110 3397 3418 3465 Paulusque
3469 3402 3800 3464 posuerunt.

2194 3491 2348 3547 Unde
2375 3492 2637 3560 scriptum
2662 3499 2778 3554 est,
2813 3493 2936 3558 quia
2979 3506 3084 3544 nam
3113 3490 3250 3544 nocti
3293 3489 3488 3542 indth
3527 3488 3804 3541 scientiam

2193 3584 2368 3656 (Psal.
2400 3602 2552 3653 xvrn,
2582 3587 2660 3653 ὃ).
2689 3585 2953 3652 Quaesivit
2983 3586 3036 3638 iu
3071 3585 3342 3646 noctibus,
3374 3583 3424 3636 in
3458 3583 3806 3650 perseeutio-

2193 3679 2352 3733 nibus
2397 3689 2451 3732 et
2496 3679 2772 3742 adversis,
2825 3676 2879 3731 in
2929 3676 3372 3731 tribulationibus
3413 3684 3468 3728 et
3517 3674 3806 3730 laboribus

2192 3770 2364 3826 duris.
2392 3768 2505 3824 Nox
2529 3780 2613 3825 est
2638 3769 2894 3824 omnibus
2913 3771 3110 3836 quibus
3133 3786 3236 3822 non
3256 3777 3341 3822 est
3375 3766 3612 3836 perfecta
3643 3781 3809 3821 secu-

2195 3866 2358 3929 ritas;
2391 3863 2532 3918 nnde
2561 3863 2638 3916 ait
2679 3863 2982 3918 Dominus:
3027 3861 3198 3916 Veniet
3239 3877 3372 3925 nam,
3403 3859 3612 3928 quando
3653 3876 3808 3914 nemo

2195 3967 2362 4028 potest
2388 3957 2590 4028 operari
2616 3954 2797 4024 (Joan.
2831 3971 2908 4017 nt.
2943 3953 3032 4024 4);
3057 3971 3178 4008 cum
3214 3954 3265 4008 in
3303 3956 3402 4008 hoc
3427 3953 3630 4008 mundo
3653 3968 3807 4021 sum,

2196 4050 2286 4104 lux
2320 4051 2477 4119 liuth
2509 4050 2692 4104 mundi
2725 4065 2866 4104 sum.
2915 4048 3030 4102 Non
3061 4063 3192 4115 ergo
3223 4059 3510 4117 operemur
3552 4047 3608 4100 in
3650 4055 3814 4104 tene-

2197 4139 2330 4194 bris.
2367 4141 2422 4195 Si
2454 4141 2596 4193 etaim
2629 4141 2812 4195 iurent
2841 4157 3006 4209 opera
3039 4155 3257 4203 nostra.
3286 4154 3393 4194 non
3425 4153 3723 4208 oper-amur
3753 4143 3810 4195 in

2200 4234 2461 4298 tenebris,
2494 4234 2587 4289 sed
2617 4233 2674 4288 in
2707 4234 2926 4288 lumine.
2965 4235 3087 4288 Dies
3122 4244 3200 4289 est
3242 4235 3441 4304 quibus
3463 4233 3619 4288 adest
3643 4232 3814 4289 Chri-

2198 4337 2315 4382 stus
2339 4346 2352 4380 :
2385 4343 2492 4382 nox
2522 4336 2606 4381 est
2635 4329 2829 4397 quibus
2853 4343 2913 4382 se
2941 4327 3191 4394 denegat.

2270 4419 2360 4475 54.
2411 4419 2526 4474 Non
2575 4435 2827 4489 maguum
2872 4434 3004 4487 ergo
3053 4419 3099 4473 si
3149 4429 3276 4474 tunc
3321 4417 3551 4472 Domino
3597 4418 3814 4488 gratias

483 4510 637 4567 Tunc
667 4511 837 4581 magis
865 4508 962 4563 tibi
994 4507 1232 4563 orandus
1255 4517 1338 4562 est
1370 4510 1650 4573 Dominus,
1688 4521 1815 4565 tunc
1839 4512 2089 4580 praesidia
2118 4494 2174 4555 D
2199 4527 2350 4582 agas,
2397 4510 2614 4580 quando
2657 4511 2712 4564 in
2746 4511 3023 4578 prosperis
3065 4518 3121 4565 et
3168 4511 3421 4566 secundis
3467 4525 3528 4564 es
3566 4526 3580 4562 :
3625 4512 3724 4564 sed
3763 4509 3815 4564 si

482 4605 840 4675 postulanda,
875 4604 1030 4673 culpa
1077 4605 1350 4670 cavenda,
1396 4607 1615 4676 quando
1661 4606 1871 4662 videtur
1900 4606 2092 4663 haberi

484 4703 754 4753 Secrcttnb
789 4713 802 4748 :
835 4710 961 4750 tunc
1003 4698 1236 4752 maxime
1266 4698 1482 4766 quando
1512 4699 1747 4752 tenehra-
1775 4699 1831 4752 in
1859 4701 2092 4755 circuitu

485 4803 627 4847 meo.
658 4799 711 4842 et
755 4790 993 4857 parietes
1037 4803 1122 4841 me
1150 4789 1440 4854 operiunt,
1468 4790 1924 4844 considerandum
1962 4791 2089 4860 quia

485 4879 748 4938 Dominus
773 4881 952 4933 omnia
981 4878 1222 4934 intuetur
1244 4881 1585 4935 absctrudita.
1608 4881 1683 4934 Ne
1703 4881 1906 4936 dixeris
1927 4899 2088 4952 ergo:

480 4971 854 5028 Circnmfnsus
880 4988 997 5026 sunt
1037 4973 1276 5026 tein-bris
1298 5013 1312 5037 ,
1354 4973 1474 5040 quis
1505 4989 1591 5028 me
1618 4974 1797 5028 videt?
1831 4976 1895 5029 Et
1924 4992 2085 5043 quem

492 5063 707 5137 1051.
734 5081 923 5118 verror
969 5074 1155 5134 septus
1201 5065 1500 5133 parietibus
1547 5077 1600 5120 ct
1647 5067 1925 5122 inclusus?
1953 5067 2088 5136 Quia

489 5155 677 5210 Vultus
707 5155 912 5210 ﬂamini
941 5169 1095 5225 super
1121 5157 1364 5226 facientes
1389 5161 1525 5212 mala
1548 5157 1722 5229 (Paul.
1754 5177 1945 5226 “alii,
1975 5162 2084 5224 17).

485 5247 689 5303 Deinde
734 5250 778 5302 si
823 5247 1090 5304 arbitrum
1123 5265 1228 5302 non
1258 5251 1408 5304 vides
1431 5292 1444 5314 ,
1475 5263 1527 5305 te
1559 5254 1734 5321 ipsum
1763 5270 1869 5307 non
1898 5254 2093 5308 vides?

484 5337 615 5398 Tua:
663 5341 1012 5396 conscientiae
1061 5342 1426 5396 testimOnium
1468 5359 1576 5399 non
1622 5347 1868 5402 vereris?
1898 5344 2090 5402 Nescis

557 5509 582 5538 α
626 5502 765 5555 ﬁdit.
797 5511 903 5554 vet.
932 5517 994 5554 ac
1025 5516 1156 5556 mss.
1191 5503 1392 5570 aliquot
1422 5519 1435 5553 :
1467 5511 1586 5556 tunc
1615 5505 1947 5565 perturbatur
1970 5522 2082 5570 cor,

479 5573 768 5647 squalorem
798 5573 1139 5647 inmunditia:
1164 5589 1263 5626 non
1284 5584 1512 5647 seretur.
1547 5573 1654 5630 Alii
1688 5595 1699 5628 :
1731 5592 1850 5630 tunc
1879 5593 2086 5647 pertur-

484 5643 634 5696 batur
671 5658 758 5696 cor
787 5645 1023 5712 squalore
1060 5644 1405 5698 intmunddiw
1434 5662 1451 5699 :
1485 5663 1585 5698 non
1623 5647 1821 5700 videtur
1850 5643 2076 5703 castitas.

486 5713 640 5766 Boni.
673 5717 804 5767 edit.
844 5751 856 5764 .
888 5751 899 5764 .
937 5752 948 5764 .
992 5754 1002 5764 .
1038 5713 1245 5783 squalor
1287 5716 1665 5770 immunditiam
1697 5735 1800 5772 non
1840 5729 2080 5780 veretur;

2201 4615 2330 4659 tunc
2356 4603 2638 4658 adita-reas
2680 4603 2930 4666 Christo,
2964 4603 3180 4671 quando
3223 4612 3274 4658 te
3306 4611 3627 4672 perseeutor
3667 4618 3812 4658 exa-

2198 4699 2366 4770 gitat,
2418 4697 2634 4766 quando
2685 4697 2864 4768 aliqua
2911 4696 3151 4766 procella
3205 4687 3501 4766 perturbat.
3555 4694 3817 4754 Amisisti

2201 4791 2373 4863 lilium
2394 4793 2416 4843 ?
2440 4790 2495 4844 lu
2515 4790 2610 4844 illo
2631 4789 2838 4852 dolore,
2867 4790 2917 4842 iu
2944 4789 3032 4842 illa
3056 4797 3236 4844 nocte.
3258 4792 3309 4842 in
3335 4789 3426 4843 illa
3447 4787 3818 4846 destitutione

2200 4893 2474 4938 nrernentn
2508 4882 2718 4936 Domini
2767 4882 2862 4936 Dei
2909 4884 3015 4945 tui;
3051 4896 3118 4935 ne
3153 4881 3307 4948 quasi
3342 4895 3452 4934 non
3490 4882 3813 4949 eaamlitus,

2199 4977 2444 5048 ingratus
2474 4977 2570 5038 sis,
2605 4985 2656 5029 et
2687 4979 2738 5028 in
2771 4985 2857 5028 tua
2893 4975 3266 5043 praeVariceris
3310 4989 3574 5029 arrumua.
3611 4975 3818 5030 Pulsus

2200 5087 2260 5127 es
2289 5073 2340 5125 in
2374 5069 2663 5125 exsilium?
2695 5069 2965 5124 Memento
2999 5068 3212 5124 Domini
3241 5067 3337 5122 Dei
3384 5069 3487 5133 tui;
3521 5084 3590 5123 ne
3611 5069 3821 5136 patri-te

2201 5164 2506 5218 interdicta:
2537 5163 2665 5226 tibi,
2716 5161 3036 5218 charitatem
3090 5163 3201 5214 Deo
3231 5161 3509 5234 pra-feras.
3561 5160 3823 5230 Alicujus

2199 5257 2384 5311 divitis
2415 5271 2708 5326 oppressus
2751 5254 2987 5324 potentia
3021 5256 3251 5308 amisisti
3299 5256 3549 5324 proprias
3580 5255 3825 5309 laculla-

2200 5358 2314 5415 tcs,
2349 5350 2555 5420 indiges
2588 5350 2846 5419 sumptu?
2891 5349 3164 5405 Memento
3195 5349 3410 5404 Domini
3442 5349 3537 5402 Dei
3584 5349 3660 5402 tui
3686 5389 3702 5414 ,
3748 5364 3827 5405 ne

2201 5508 2470 5561 castitatis.
2491 5516 2597 5561 etc.
2615 5506 2724 5564 Sed
2743 5508 2983 5562 omnium
3011 5508 3214 5576 optime
3240 5505 3453 5575 Remig.
3478 5504 3604 5558 cod.
3635 5513 3694 5558 et
3720 5505 3824 5563 alii

2201 5580 2448 5649 llOllt‘ttLll
2471 5619 2485 5641 ,
2520 5595 2655 5649 quos
2689 5581 2890 5633 idcirco
2932 5579 3018 5632 hic
3049 5579 3204 5636 senui
3233 5581 3390 5649 trabis
3419 5581 3593 5629 visum
3626 5587 3738 5630 est.

2273 5647 2299 5685 ¹¹
2341 5649 2499 5702 Rom.
2527 5647 2657 5704 edit.
2679 5693 2691 5710 ,
2727 5667 2826 5704 non
2852 5649 3003 5703 habet
3023 5653 3190 5720 culpo:
3221 5648 3476 5718 lacrgmns
3503 5653 3632 5700 aute.

2277 5730 2298 5758 ε
2339 5720 2548 5777 Omnes
2573 5721 2732 5787 edit,
2763 5721 3089 5791 evangelista:
3130 5719 3457 5788 Psalntisque
3498 5729 3824 5788 posuerunt.
