3988 6374
434 296 575 359 1295
1760 291 2009 351 SANCTI

2168 288 2378 349 BROSII
3601 288 3743 347 1296

431 422 722 480 possessor
748 406 1107 477 cupidi‘atum
1128 448 1144 470 .
1175 420 1336 478 quem
1370 420 1477 461 non
1506 403 1811 463 inﬂammet
1839 406 2033 473 libido,
2068 411 2110 467 Α
2139 421 2289 461 cruce
2312 403 2523 459 Domini
2550 399 2713 458 nostri
2733 402 2864 458 Jesu
2883 401 3108 470 Christi,
3132 418 3224 475 per
3260 416 3409 472 quem
3436 401 3566 458 mihi
3589 419 3743 458 mun-

432 521 541 559 nou
584 502 824 559 Stitnulet
863 502 1124 563 avaritia,
1158 515 1266 556 non
1304 500 1523 556 lascivia
1564 499 1874 565 cll‘ctninet,
1922 516 2028 554 non
2137 500 2236 554 dus
2261 499 2543 568 cruciﬁxus
2566 506 2678 564 est,
2713 506 2761 552 et
2790 513 2883 568 ego
2926 496 3122 552 mundo
3148 496 3348 570 (Colat.
3377 513 3461 563 vt,
3490 496 3547 568 4)
3571 499 3595 550 ?
3623 496 3740 552 Non

429 597 644 653 luxuria
667 595 966 655 decoloret,
1006 610 1113 648 ttott
1148 602 1359 648 steruat
1384 593 1631 659 ambitio,
1661 608 1766 647 non
1795 600 2035 648 maceret
2136 600 2320 661 potest
2349 590 2405 645 in
2438 590 2539 646 hoc
2569 589 2823 660 princeps
2850 587 3036 644 mundi
3083 587 3242 660 hujus
3270 588 3371 645 sibi
3402 589 3741 645 consortium

430 688 657 752 invidit,
684 703 789 741 non
818 686 993 753 aliqua
1024 687 1364 755 negotiorum
1395 684 1740 739 strettlarium
1769 698 1901 738 cura
1925 682 2034 739 sol-
2138 682 2442 749 vindicare,
2471 680 2525 736 in
2557 696 2665 751 quo
2693 679 2830 736 nihil
2854 696 3014 738 suum
3041 681 3270 737 invenit.

430 781 622 843 lieitet,
656 794 821 836 verus
851 778 1102 833 minister
1125 777 1338 841 altaris,
1367 775 1502 843 Deo,
1532 790 1638 830 non
1669 775 1770 830 sibi
1798 785 1976 829 natus.
2208 770 2263 826 6.
2297 770 2531 843 Ideoque
2559 771 2818 827 Dominus
2843 773 2932 842 qui
2959 774 3107 829 venit
3133 773 3360 839 docere,
3393 782 3451 828 ut
3470 773 3627 830 ﬁeret
3648 789 3745 830 uo-

502 872 557 928 4.
604 871 731 927 Levi
774 874 951 938 enim,
1011 880 1068 924 ιιι
1107 870 1269 924 habet
1324 868 1734 937 interpretatio,
1766 866 2036 939 signiﬁcat
2137 864 2220 921 bis
2258 864 2403 922 Deus
2442 865 2652 935 portio,
2680 866 2799 920 ait:
2839 863 2989 920 Venit
3027 866 3164 921 enim
3193 866 3350 938 hujus
3378 867 3561 921 mundi
3599 868 3746 939 prin-

430 966 549 1039 ipse
580 966 710 1020 tttilti
743 971 1085 1033 assumptus,
1112 963 1384 1034 signiﬁcat
1413 974 1468 1019 et
1498 963 1617 1033 ipse
1644 976 1830 1028 meus,
1869 962 2038 1033 signi-
2137 975 2281 1031 ceps,
2303 968 2351 1013 et
2376 959 2432 1013 in
2466 976 2548 1014 me
2571 960 2766 1014 invenit
2791 959 2923 1015 nihil
2944 957 3126 1031 (Joan.
3154 974 3266 1028 XIV,
3296 959 3412 1032 50).
3444 960 3747 1032 Meritoque

433 1056 559 1112 ι’ἰοιιι
598 1068 653 1112 et
698 1065 903 1110 tantum
934 1062 1270 1126 assumptus,
1313 1053 1583 1120 signiﬁcat
1626 1063 1681 1108 et
1728 1062 2037 1122 a~sutnptus
2139 1066 2240 1108 nos
2271 1052 2576 1107 imitatores
2610 1050 2695 1107 sui
2730 1065 2852 1108 esse
2884 1051 3076 1107 volens
3103 1050 3181 1105 ait
3220 1069 3233 1105 :
3267 1049 3449 1107 Nolite
3482 1053 3748 1125 possidere

430 1149 587 1205 mihi.
614 1148 736 1218 Ipse
761 1149 905 1204 idem
936 1157 993 1203 et
1019 1149 1150 1203 mihi
1182 1147 1349 1210 Levi,
1372 1157 1429 1203 et
1456 1146 1570 1203 Deo
1607 1155 1727 1210 est;
1765 1145 2037 1217 quomodo
2138 1162 2349 1210 aurum,
2374 1161 2534 1218 neque
2561 1154 2853 1217 argentum,
2873 1162 3037 1214 neque
3056 1146 3328 1218 pecuniam
3345 1144 3562 1218 (Matth.
3586 1162 3642 1213 ι,
3664 1144 3745 1216 9).

431 1241 578 1297 idem
605 1250 661 1295 et
690 1239 826 1295 mihi
854 1239 1142 1305 sacerdos,
1171 1249 1225 1295 ct
1262 1240 1373 1296 Deo
1400 1249 1484 1294 est
1509 1258 1522 1295 :
1550 1248 1606 1294 et
1642 1239 1773 1294 tuihi
1804 1238 2036 1294 advoca-
2141 1236 2300 1292 Unde
2326 1236 2521 1293 Petrus
2557 1237 2851 1294 ostendens
2880 1237 2935 1294 in
2967 1239 3080 1293 Deo
3108 1237 3409 1307 portionem
3439 1236 3543 1293 sibi
3580 1253 3707 1295 esse
3732 1282 3745 1305 ,

429 1342 540 1398 tus,
570 1344 625 1390 et
651 1333 863 1389 Dotnini
910 1333 1238 1403 deprecator
1266 1353 1278 1387 :
1320 1350 1422 1405 pro
1450 1350 1536 1389 tne
1565 1333 1807 1390 oﬁ‘erens
1833 1333 2040 1390 sacriﬁ-
2143 1347 2253 1388 non
2296 1332 2353 1387 in
2388 1330 2619 1400 saeculo,
2655 1332 2731 1387 ait
2758 1348 2772 1385 :
2808 1333 3089 1403 Argentum
3119 1339 3169 1387 et
3198 1347 3387 1386 aurum
3413 1348 3518 1388 non
3544 1332 3710 1388 habeo
3732 1371 3747 1398 ,

433 1427 578 1483 cium
599 1468 614 1491 ,
645 1435 700 1482 et
738 1426 881 1481 idem
908 1441 969 1482 se
995 1425 1231 1482 oﬁ'erens
1263 1426 1533 1482 Domino?
1560 1427 1805 1498 Denique
1830 1438 1885 1483 et
1911 1426 2038 1481 alibi
2140 1424 2233 1479 sed
2272 1425 2410 1495 quod
2452 1424 2635 1492 habeo,
2665 1424 2764 1480 hoc
2799 1424 2890 1479 tibi
2933 1424 3022 1492 do,
3061 1425 3117 1480 in
3152 1425 3358 1480 nomine
3389 1424 3517 1480 Jesu
3557 1424 3752 1481 Christi

432 1516 563 1574 Levi
590 1517 1042 1587 interpretatione
1062 1517 1285 1585 dicitur,
1315 1535 1412 1586 pro
1442 1534 1550 1574 me.
1582 1519 1793 1574 Etenim
1822 1520 1867 1573 si
1892 1534 1922 1573 a
1951 1532 2041 1573 me
2145 1515 2408 1571 Nazareni
2449 1533 2603 1588 surge
2635 1525 2683 1572 et
2722 1516 2933 1571 ambula
2953 1516 3094 1587 (Act.
3126 1532 3217 1584 ut,
3240 1515 3299 1589 6)
3328 1535 3341 1570 :
3373 1518 3489 1573 haec
3511 1526 3600 1573 est
3625 1532 3752 1588 por-

434 1610 743 1667 uouoiuetur
770 1610 922 1676 Levi,
954 1626 1053 1680 pro
1084 1626 1169 1666 me
1191 1621 1277 1665 est
1302 1628 1314 1663 :
1362 1612 1406 1664 si
1440 1626 1538 1681 pro
1568 1626 1656 1666 me
1693 1611 1911 1675 oll'erat,
1943 1624 2040 1680 pro
2143 1609 2219 1664 tio
2241 1623 2357 1665 mea
2389 1626 2403 1663 :
2439 1609 2556 1664 haec
2583 1618 2666 1665 est
2694 1623 2815 1666 sors
2846 1624 3000 1666 mea:
3025 1610 3202 1677 portio
3224 1624 3344 1666 mea
3371 1607 3621 1666 Christus
3644 1619 3750 1666 est.

431 1719 523 1761 me
550 1712 670 1759 est:
716 1702 762 1757 si
798 1717 897 1771 pro
926 1717 1013 1757 me
1042 1702 1401 1763 interveniat.
1438 1717 1538 1771 pro
1564 1718 1651 1758 me
1678 1711 1782 1757 est.
1821 1703 1917 1758 Sin
1943 1717 2042 1757 au—
2142 1698 2213 1755 In
2240 1702 2444 1756 nomine
2467 1743 2481 1765 ,
2513 1701 2677 1774 igitur
2697 1742 2711 1767 ,
2739 1700 2933 1757 Christi
2971 1705 3099 1757 Iesu
3120 1719 3278 1775 surge
3306 1712 3353 1758 et
3377 1703 3585 1759 ambula
3605 1746 3620 1770 ,
3649 1703 3755 1759 hoc

430 1807 543 1853 tem
586 1803 815 1851 vocetur
841 1809 871 1847 a
904 1792 1168 1858 Domino,
1216 1794 1335 1859 ipse
1366 1794 1498 1849 mihi
1531 1792 1766 1859 dicitur,
1801 1795 1902 1848 hoc
1928 1803 2037 1863 est,
2088 1800 2263 1873 gest,
2301 1792 2354 1847 in
2401 1792 2654 1863 portione
2691 1807 2809 1849 mea
2852 1791 3006 1848 dives
3048 1806 3167 1848 sum
3191 1834 3206 1859 ,
3239 1793 3291 1849 in
3337 1795 3587 1865 portione
3632 1809 3752 1852 mea

431 1905 542 1945 non
575 1889 664 1943 alii
696 1888 1037 1948 tributarius,
1071 1901 1179 1941 non
1208 1885 1557 1953 decimarius,
1589 1886 1796 1959 1057
1834 1903 1941 1941 non
1968 1886 2044 1970 de
2143 1892 2334 1954 potens
2380 1898 2500 1939 sum
2534 1899 2550 1942 :
2593 1883 2789 1940 merito
2839 1886 2977 1941 tales
3023 1900 3296 1955 praesumo
3341 1887 3547 1943 fructus
3596 1886 3757 1943 istius

428 1981 785 2053 possessione
812 1980 1098 2039 muniﬁcus
1124 1996 1139 2034 :
1172 1980 1289 2049 ipse
1311 1979 1468 2044 tnilti,
1494 1980 1598 2035 huc
1627 1994 1731 2045 est,
1761 1964 2044 2052 tamquam.
2068 1964 2109 1970 ⁷
2142 1973 2442 2046 ιιοτιῖοιιίεν
2479 1975 2710 2031 0183103
2740 1982 2795 2031 οι
2826 1977 2933 2031 Vlla
2960 1975 3223 2033 (Ῐυιιθιιινε
3249 1977 3374 2049 quia
3414 1979 3519 2034 hoc
3550 1990 3639 2034 est
3678 1980 3753 2035 is-

430 2073 715 2129 abnndans
746 2089 843 2143 pro
871 2073 955 2126 his
974 2074 1249 2138 omnibus,
1282 2089 1389 2127 non
1412 2074 1481 2127 ab
1513 2072 1615 2128 hoc
1642 2072 1900 2137 decituas,
1926 2089 2034 2129 non
2140 2066 2246 2123 lius
2279 2067 2666 2138 patrimonium
2706 2068 2976 2138 portionis
3013 2085 3176 2140 quam
3223 2071 3359 2141 elegi
3401 2071 3557 2127 mihi.
3602 2071 3755 2129 Dixit

427 2167 660 2231 fructus,
690 2181 796 2221 non
820 2165 961 2221 dona
990 2180 1197 2234 qnzero,
1232 2182 1336 2219 non
1363 2181 1610 2224 munera.
1637 2166 1753 2235 ipse
1777 2166 1908 2221 tnibi
1939 2181 2036 2236 pro
2140 2158 2245 2214 hoc
2283 2158 2512 2226 claudo,
2545 2167 2597 2215 et
2644 2160 2883 2216 surrexit
2923 2161 3015 2232 qui
3057 2170 3175 2217 erat
3210 2162 3439 2219 claudus
3484 2164 3554 2219 ab
3599 2173 3760 2220 utero

429 2275 660 2315 munere
688 2267 795 2325 est,
826 2258 941 2328 ipse
966 2267 1049 2313 est
1075 2271 1175 2327 pro
1200 2257 1437 2314 tributo:
1466 2273 1571 2312 non
1602 2257 1656 2313 in
1686 2258 2039 2328 possessione
2141 2252 2335 2308 matris
2365 2266 2497 2306 sum.
2529 2250 2816 2319 Quomodo
2850 2267 2984 2324 ergo
3020 2253 3214 2310 Petrus
3248 2264 3459 2325 poterat
3488 2257 3758 2326 partionis

434 2365 532 2407 sua
578 2349 864 2406 muniﬁcus
905 2350 1071 2415 mihi,
1104 2348 1197 2405 sed
1243 2350 1358 2420 ipse
1405 2349 1539 2405 mihi
1590 2351 1886 2419 possessio.
1924 2351 2040 2419 ipse
2140 2360 2256 2400 sua:
2282 2344 2481 2415 damna
2503 2346 2731 2412 sentire,
2760 2346 2851 2417 qui
2883 2356 3093 2403 natura:
3120 2348 3318 2404 damna
3352 2349 3690 2420 reparabat?

433 2460 595 2502 mens
626 2447 854 2511 irttcltts,
889 2444 1008 2515 ipse
1036 2459 1190 2498 meus
1216 2458 1415 2499 census
1441 2452 1754 2515 assumptus
1773 2444 1930 2505 mibi.
1955 2443 2040 2499 vel
2214 2440 2268 2493 7.
2301 2439 2484 2508 Quare
2513 2455 2619 2495 non
2658 2439 2860 2496 habeas
2896 2449 3183 2513 argentum
3212 2450 3378 2512 atque
3400 2458 3590 2500 aurum
3611 2484 3629 2511 ,
3654 2442 3763 2499 Pe-

434 2545 748 2607 assumptus
777 2551 808 2591 a
855 2550 963 2590 me.
1011 2532 1129 2591 Non
1172 2547 1350 2605 potest
1397 2534 1501 2591 hoc
1542 2536 1661 2590 sine
1701 2536 1884 2590 divina
1917 2549 2042 2592 esse
2144 2541 2249 2601 tre,
2273 2534 2360 2589 die
2391 2535 2549 2591 nobis
2578 2552 2591 2588 :
2618 2532 2711 2590 die
2751 2535 2918 2590 etiam
2948 2536 3076 2607 quid
3105 2537 3178 2592 sit
3206 2537 3346 2593 istud
3377 2537 3521 2608 quod
3553 2536 3762 2594 habere

433 2632 632 2700 gratia.
676 2629 829 2687 Sicut
861 2627 1007 2684 enim
1059 2626 1335 2698 possessio
1375 2643 1484 2682 non
1519 2637 1697 2698 potest
1744 2643 1862 2683 mea
1894 2642 2039 2694 esse,
2144 2634 2197 2681 te
2216 2626 2375 2691 dicis,
2409 2627 2500 2698 qui
2524 2628 2709 2682 omnia
2729 2644 2848 2694 quae
2870 2627 3131 2697 habebas,
3159 2639 3211 2685 te
3237 2628 3525 2700 reliquisse
3549 2628 3757 2686 dixisti.

437 2722 543 2778 nisi
566 2738 755 2779 emero
781 2738 936 2787 eam;
963 2721 1044 2777 sic
1071 2737 1178 2776 nou
1209 2729 1389 2791 potest
1415 2736 1539 2775 esse
1566 2720 1717 2784 Levi,
1750 2719 1855 2776 nisi
1884 2720 2046 2775 fuerit
2144 2718 2235 2776 Sic
2261 2720 2404 2777 enim
2430 2721 2647 2777 locutus
2661 2736 2721 2777 es
2749 2721 2980 2777 Domino
3014 2739 3027 2775 :
3062 2720 3203 2778 Ecce
3230 2739 3327 2778 nos
3344 2723 3518 2778 omnia
3535 2723 3760 2794 reliqui-

435 2822 748 2882 assumptus
785 2829 814 2865 a
847 2813 1109 2878 Domino;
1156 2827 1278 2868 cum
1307 2812 1454 2867 enim
1500 2822 1816 2882 assumptus
1854 2812 2040 2877 fuerit,
2147 2829 2285 2879 ntus,
2317 2822 2366 2866 et
2388 2814 2548 2867 secuti
2573 2830 2753 2869 sumus
2778 2823 2828 2869 te
2856 2813 3075 2886 (ﬂatth.
3105 2830 3218 2881 χιι,
3247 2814 3366 2885 27),
3392 2815 3494 2871 hoc
3514 2824 3620 2881 est,
3647 2831 3765 2873 non

436 2911 591 2961 recte
620 2904 815 2958 dicitur
852 2903 971 2972 ipse
1001 2918 1176 2958 meus.
1210 2903 1456 2974 Denique
1484 2920 1606 2960 cum
1635 2904 1809 2977 Μυγεί
1837 2903 2041 2959 dictum
2154 2908 2367 2980 1058
2387 2907 2736 2977 quesivimus
2756 2922 2879 2975 qua:
2896 2906 3080 2963 sreculi
3109 2914 3381 2973 sunt,non
3407 2900 3765 2980 quaesivimus

435 3008 590 3055 esset
619 3005 678 3053 ut
707 2996 905 3067 populo
933 2995 1246 3051 Judavorum
1292 3011 1391 3062 per
1436 2997 1609 3051 tribus
1635 2996 1879 3067 singulas
1906 2994 2045 3050 divi-
2145 3014 2355 3070 partem
2398 2998 2467 3055 de
2505 2998 2994 3070 possessionibus:
3025 2998 3123 3054 sed
3166 3008 3219 3055 te
3259 2999 3521 3069 elegimus
3554 3001 3767 3070 portio-

440 3092 600 3147 deret
651 3089 957 3153 incolatus,
1007 3097 1064 3142 et
1110 3085 1463 3141 distribueret
1510 3086 1739 3155 singulis
1794 3085 2044 3143 tribubus
2145 3106 2292 3146 nem.
2332 3089 2617 3160 Reliquisti
2648 3105 2782 3161 ergo
2824 3101 2951 3146 ante
2990 3090 3199 3153 omnia.
3228 3089 3410 3156 Petre,
3436 3106 3558 3161 qua:
3583 3089 3763 3148 babe-

439 3182 748 3255 portiouem
771 3220 786 3242 .
830 3177 1029 3233 tribum
1063 3176 1355 3233 Leviticam
1382 3180 1598 3246 excepit
1644 3177 1785 3232 Deus
1813 3176 2040 3232 dicens:
2089 3243 2095 3253 ,
2147 3181 2279 3248 bas;
2317 3180 2461 3236 unde
2491 3180 2659 3237 babes
2687 3180 2832 3252 quod
2866 3181 3070 3238 habere
3110 3193 3162 3236 te
3191 3180 3370 3236 dicis?
3397 3181 3581 3250 Surgit
3608 3182 3769 3236 clau-

441 3276 493 3331 F
495 3277 598 3331 iliis
628 3274 750 3329 Levi
776 3289 880 3328 non
920 3272 1016 3326 erit
1050 3271 1253 3340 portio,
1281 3287 1443 3341 neque
1468 3287 1579 3325 sors
1619 3272 1676 3326 in
1717 3271 1886 3326 medio
1931 3276 2043 3345 fra-
2071 3293 2118 3356 ς
2151 3275 2275 3341 dus,
2319 3285 2374 3331 et
2411 3290 2548 3331 sono
2585 3275 2661 3329 tui
2702 3275 2974 3331 sermonis
3013 3274 3259 3346 erigitur.
3299 3274 3597 3331 Sanitatem
3634 3274 3768 3331 aliis

444 3378 580 3423 rrum
630 3380 878 3430 suorum;
927 3363 1049 3433 quia
1097 3359 1354 3415 Dominus
1399 3359 1541 3416 Deus
1581 3378 1704 3433 pars
1752 3379 1929 3417 eorum
1975 3372 2048 3419 est
2152 3366 2360 3434 donas,
2392 3367 2483 3437 qui
2514 3366 2792 3438 indigebas
2825 3368 2945 3438 ipse
2983 3372 3099 3423 tuae‘
3117 3367 3308 3423 salutis
3346 3366 3571 3422 auxilio.
3608 3366 3768 3422 Reli-

446 3456 646 3532 (Deut.
679 3472 734 3513 χ.
763 3455 853 3525 9).
884 3452 951 3507 Et
996 3453 1121 3509 alibi
1154 3470 1168 3508 :
1202 3452 1318 3525 Ego
1361 3450 1618 3508 Dominus
1661 3455 1831 3525 portio
1867 3472 2048 3512 eorum
2156 3462 2327 3533 quiin
2350 3476 2481 3534 ergo
2510 3477 2631 3532 quae
2669 3462 2912 3519 habebas
2934 3502 2949 3529 ,
2978 3472 3035 3517 et
3066 3462 3256 3532 cepisti
3293 3476 3414 3533 quae
3442 3476 3548 3516 non
3592 3459 3771 3517 habeo

443 3548 648 3622 (Nam.
683 3562 839 3610 svnt,
872 3546 999 3615 ΞΟ).

2191 3570 2271 3610 as.
2295 3553 2546 3610 Christus
2575 3554 2670 3610 tibi
2703 3555 2903 3625 portio,
2927 3552 3176 3610 Christus
3205 3555 3301 3610 tibi
3342 3554 3617 3624 possessio
3647 3563 3764 3610 est.

515 3645 570 3701 5.
602 3642 839 3713 Nugatur
871 3640 955 3695 his
980 3648 1194 3695 terrena
1224 3640 1458 3699 divisio:
1491 3649 1550 3696 ut
1592 3640 1693 3712 ipsi
1724 3642 2053 3721 dumsmcu-
2155 3651 2305 3707 Illius
2338 3666 2535 3705 nomen
2561 3658 2587 3688 ιι
2613 3649 2708 3706 tibi
2740 3649 3079 3714 muniﬁcum,
3105 3649 3250 3705 illius
3294 3663 3490 3704 trsan
3533 3648 3628 3702 tibi
3678 3658 3772 3705 est

440 3738 613 3793 larem
659 3735 762 3790 sibi
804 3749 909 3787 non
943 3731 1220 3787 vindicant
1260 3733 1566 3803 portionem
1591 3776 1606 3800 ,
1639 3733 1768 3790 ﬁant
1810 3735 2050 3793 οωὶυειὶε
2153 3743 2523 3810 fructuosum,
2551 3741 2697 3798 illius
2748 3756 2946 3799 nomen
2997 3741 3090 3796 tibi
3133 3740 3332 3796 tributa
3379 3738 3677 3813 dependit,
3710 3748 3772 3795 et

439 3827 757 3901 possessio:
785 3824 870 3880 vel
893 3825 996 3880 hoc
1018 3825 1195 3880 solum
1218 3828 1467 3881 noverint
1492 3827 1791 3897 possidere,
1817 3827 1918 3886 hoc
1941 3838 2047 3899 est,
2152 3836 2296 3894 bona
2341 3837 2537 3892 tributa
2559 3879 2574 3905 ,
2608 3851 2715 3891 non
2754 3834 2997 3907 pecuuize
3020 3875 3038 3903 ,
3066 3833 3161 3889 sed
3190 3833 3398 3905 gratiae.
3442 3831 3627 3888 Portio
3669 3839 3773 3890 tua

443 3923 571 3981 ﬁdei
610 3933 664 3980 et
692 3920 996 3978 devotionis
1034 3919 1391 3992 obsequium;
1424 3923 1594 3977 multo
1620 3922 1844 3978 ditiores
1886 3940 2018 3995 quat

2197 3946 2262 3985 on
2285 3929 2536 3986 ariditate
2561 3930 2815 3996 siccatur,
2848 3945 2958 3986 non
2989 3928 3164 3983 imbre
3186 3927 3434 3994 diluitur,
3463 3942 3573 3982 non
3601 3924 3632 3965 ιι
3660 3925 3772 3982 Iri-

442 4018 536 4090 qui
584 4013 990 4087 possessionum
1031 4029 1249 4069 suarum
1283 4016 1454 4085 spatia
1499 4015 1678 4087 ampla
1721 4014 2046 4074 diffundunt.
2153 4040 2286 4097 gore
2307 4024 2499 4091 uritur,
2524 4038 2632 4080 non
2661 4029 2981 4095 tempestate
3004 4031 3313 4093 quassatur.
3346 4021 3451 4077 Per
3485 4020 3633 4076 diem
3680 4020 3772 4077 sol

443 4104 855 4175 Quantumlibet
878 4103 1023 4159 enim
1054 4102 1191 4159 ﬁnes
1211 4119 1340 4159 suos
1363 4105 1680 4171 extendant,
1699 4116 1755 4163 et
1782 4117 1926 4165 terra
1955 4110 2052 4165 de-
2155 4132 2264 4173 non
2293 4126 2415 4174 uret
2447 4126 2500 4173 te
2521 4159 2537 4186 ,
2569 4132 2747 4188 neque
2776 4117 2903 4172 luna
2932 4131 3028 4186 per
3061 4122 3299 4171 noctem.
3344 4115 3517 4172 Serva
3546 4116 3774 4184 portio-

442 4199 576 4254 ﬁcit.
603 4208 656 4252 et
704 4210 853 4249 mare
880 4193 1107 4249 includit
1151 4194 1371 4249 insanas
1418 4196 1744 4265 cupiditates
1770 4239 1785 4264 ,
1816 4208 1874 4255 et
1920 4215 2050 4270 pen-
2155 4224 2283 4265 nem
2331 4224 2492 4280 quam
2535 4209 2784 4280 elegisti;
2816 4224 2880 4266 ea
2919 4216 3004 4266 est
3031 4208 3177 4264 enim
3206 4207 3414 4279 portio,
3444 4221 3606 4278 quam
3646 4214 3774 4263 ιειι-

448 4291 586 4347 dunt
615 4289 815 4345 tributa
855 4286 1057 4357 majora
1085 4301 1245 4356 quam
1277 4285 1483 4342 fructus
1513 4299 1657 4344 sunt.
1688 4290 1759 4344 At
1788 4306 1920 4347 vero
1948 4286 2052 4351 iste
2162 4315 2308 4357 retur:
2355 4309 2535 4371 partes
2579 4316 2796 4372 aequare
2833 4317 2940 4357 non
2994 4308 3239 4367 possunt.
3292 4297 3428 4369 Quid
3478 4298 3625 4354 enim
3679 4306 3777 4354 est

446 4383 587 4442 'nihil
635 4382 736 4439 sibi
778 4380 1098 4452 possidens,
1139 4380 1272 4436 nulli
1315 4380 1416 4436 nisi
1469 4380 1582 4437 Deo
1625 4382 1859 4449 militat,
1889 4399 2051 4455 supra
2155 4394 2303 4466 quod
2335 4393 2571 4451 conferri
2616 4395 2786 4464 possit
2817 4394 2903 4451 his
2925 4436 2943 4463 ,
2971 4394 3040 4450 de
3069 4393 3265 4465 quibus
3314 4393 3454 4447 Deus
3484 4391 3661 4446 dicit:
3694 4390 3775 4447 Et

447 4488 649 4535 terram
679 4476 799 4546 ejus
840 4483 925 4531 est
967 4474 1180 4546 portio.
1212 4488 1319 4528 non
1358 4488 1483 4530 eum
1526 4482 1668 4530 terra
1700 4475 1911 4546 δεθεῖεν
1945 4494 2053 4537 non
2153 4486 2448 4542 inhabitabo
2474 4487 2531 4542 in
2559 4486 2665 4542 illis
2694 4485 2884 4558 (Leuit.
2918 4483 3206 4556 xxv1,12).
3235 4482 3375 4551 Quid
3405 4482 3781 4554 magniﬁcen-

450 4571 587 4625 mari
617 4566 904 4626 clauditur.
939 4563 1036 4622 Cui
1067 4565 1243 4635 portio
1272 4566 1411 4621 Deus
1436 4575 1540 4636 est,
1575 4569 1740 4625 totius
1768 4585 2054 4642 possessor
2158 4580 2264 4636 tius
2288 4579 2527 4647 hospitio
2556 4578 2764 4635 caelesti
2792 4578 2976 4648 'tQuid
3020 4575 3233 4633 beatius
3283 4577 3631 4645 possessione
3679 4576 3781 4632 di-

450 4671 536 4720 est
568 4667 796 4716 naturae.
838 4658 945 4714 Pro
972 4659 1117 4729 agris
1144 4657 1311 4729 igitur
1349 4658 1465 4729 ipse
1494 4659 1598 4716 sibi
1641 4661 1772 4717 satis
1802 4676 1885 4720 est
1909 4706 1923 4731 ,
1956 4663 2053 4721 ha-
2077 4685 2132 4747 Ῑ)
2157 4672 2328 4730 vina?
2385 4670 2453 4726 Et
2480 4672 2843 4740 deambulabo,
2875 4672 3068 4743 inquit,
3101 4671 3156 4724 in
3185 4671 3266 4725 his
3294 4669 3365 4747 (ll
3387 4668 3509 4725 Cor.
3534 4685 3614 4737 vt,
3643 4670 3777 4743 16).

448 4754 589 4810 bens
613 4756 816 4807 bonum
860 4750 1089 4806 fructum
1112 4793 1127 4817 ,
1155 4751 1244 4819 qtti
1272 4767 1567 4823 numquam
1611 4756 1785 4824 possit
1831 4759 2010 4828 perire

2206 4767 2261 4822 lii
2295 4774 2601 4838 queruntur
2627 4765 2696 4823 de
2721 4766 2804 4821 sui
2831 4765 2973 4822 ruris
3011 4763 3276 4836 angustiis
3303 4784 3319 4818 :
3354 4744 3406 4819 in
3437 4772 3490 4819 te
3532 4763 3651 4820 Deo
3680 4774 3781 4822 est

444 4860 549 4916 pro
578 4844 828 4899 domibus
854 4842 988 4899 satis
1025 4851 1113 4898 est
1145 4842 1285 4903 sibi.
1315 4854 1371 4899 ut
1413 4846 1485 4900 sit
1512 4845 1770 4902 habitatio
1802 4848 2051 4920 Domini,
2151 4862 2328 4932 ampla
2355 4862 2652 4933 possessio,
2678 4861 2730 4916 in
2755 4875 2862 4931 quo
2881 4858 3232 4915 deambulare
3257 4871 3317 4913 se
3345 4856 3497 4926 dicit,
3523 4857 3627 4913 hoc
3652 4866 3780 4923 est,

447 4947 504 4995 εί
553 4936 811 5009 ¹θ¹¹¹Ρ¹υη¹
864 4934 977 5001 "eis
1008 4950 1117 5006 (Ιίθ
1164 4934 1297 4989 "ib"
1334 4943 1515 5006 Ροίθεε
1555 4952 1678 4993 esse
1733 4941 2046 5007 βτθιίοείιιε-
2148 4954 2267 5010 laxa
2297 4956 2468 5025 spatia
2492 4955 2844 5013 habitationis
2886 4954 3167 5010 inveniens
3191 4952 3321 5024 ,qui
3353 4960 3553 5008 terram
3582 4951 3785 5009 inclu-

447 5028 589 5097 Quid
619 5031 763 5082 enim
788 5026 1080 5097 pretiosius
1109 5025 1255 5081 Deo?
1276 5027 1381 5081 Aut
1408 5027 1535 5097 quid
1563 5027 1717 5084 deest
1740 5031 1789 5084 ei
1813 5032 1927 5087 viro
1956 5052 2022 5105 qu

2210 5054 2230 5101 t
2268 5061 2427 5101 manu
2454 5063 2469 5113 ;
2498 5047 2578 5103 sic
2611 5046 2755 5103 enim
2799 5047 3055 5118 scriptum
3100 5054 3185 5101 est
3217 5062 3229 5099 :
3275 5043 3405 5111 Quis
3441 5059 3651 5099 mensus
3692 5056 3784 5101 cst

448 5130 629 5192 putest
661 5118 848 5174 dicere
894 5133 907 5170 :
961 5115 1085 5171 Non
1124 5118 1384 5190 contingat
1428 5119 1557 5173 mihi
1596 5120 1814 5192 gloriari
1844 5126 1948 5180 nisi
1990 5129 2045 5184 in
2147 5152 2305 5193 manu
2358 5154 2558 5209 aquas,
2591 5150 2640 5194 et
2684 5138 2867 5193 caelum
2908 5115 3118 5208 palmo,
3140 5146 3191 5192 et
3234 5136 3526 5192 universam
3567 5145 3787 5193 terram

447 5297 967 5392 ξιξεεξςίξξέωρξίξέ·
993 5295 1361 5392 Χθίξέξῑηκὶιηε.
1389 5297 1487 5392 Qui
1508 5300 1609 5392 fit:
1644 5308 1755 5392 ςεοε
1781 5302 1887 5392 Sed
1917 5320 2038 5392 cur
2148 5316 2351 5392 nstin
2383 5316 2685 5392 είειρξςιεει,
2718 5331 2907 5392 verum
2937 5317 3104 5373 etiam
3130 5317 3371 5390 cuiusvis
3394 5317 3625 5375 alterius
3654 5322 3783 5380 rei.

446 5369 733 5460 εὲθ¹ξξιίτηηι
782 5369 1053 5460 usus“:
1095 5369 1227 5452 ειέίί-
1275 5380 1388 5425 3M-
1424 5385 1598 5460 ιιξεειιξθ
1645 5372 1698 5455 ίμ·
1748 5380 2041 5460 ¹¹³⁵⁴·.,¹.¹¹¹ἱε
2148 5369 2240 5443 Sic
2267 5369 2653 5458 1ίᾶνείἵὶἰῦῖῖ
2671 5369 2915 5460 stiria“:

445 5441 589 5498 Gali.
622 5440 877 5513 reperire,
905 5443 1005 5503 sit,
1040 5439 1325 5496 lectionem
1367 5440 1490 5496 cod.
1520 5440 1734 5513 Retnig.
1780 5460 1844 5501 ac
1877 5446 2037 5505 Vind,
2159 5439 2235 5443 ”’
2419 5439 2452 5443 ”
2486 5439 2584 5445 ”””
2612 5439 2653 5458 ’⁷
2683 5439 2764 5460 ⁷Γ
2809 5439 2862 5445 “’
2902 5439 2911 5443 ’
2955 5498 3013 5513 ,γ’
3202 5511 3235 5513 Α
3291 5497 3324 5513 υ

444 5497 1029 5583 potioreu'tAduvitnns'.
1222 5581 1229 5583 ξ
1286 5576 1289 5577 ν
1322 5582 1327 5583 γ
1680 5497 1712 5513 ⁹
1784 5497 1842 5501 η
2411 5562 2461 5583 m
2485 5560 2618 5583 ’νὴ
2643 5562 2796 5583 ml“
2821 5562 2912 5583 “ﬂ
2939 5497 3380 5583 Sflcopsglift

1123 5592 1176 5636 et
1212 5576 1372 5639 εστι».
1402 5583 1511 5638 duo
1534 5625 1550 5645 ,
1578 5585 1668 5640 tibi
1710 5588 2033 5658 muniﬁcum.
2410 5562 2461 5611 si
2485 5560 2621 5625 pede
2643 5562 2796 5626 major
2819 5562 2918 5612 em
2938 5562 3216 5623 sumam"
3245 5562 3288 5611 ’ί
3310 5561 3471 5612 minor
3495 5568 3629 5615 ’πεδ’

448 5652 905 5741 ξιηιςςιιιίίξαηιιξδ
926 5662 974 5708 te
1000 5693 1015 5719 ,
1038 5651 1137 5707 hoc
1162 5663 1273 5720 est,
1304 5655 1631 5724 quasioimus
1651 5651 2038 5716 Jesumfltlius
2146 5665 2203 5741 I_d
2243 5675 2359 5741 est,
2383 5666 2565 5724 laedet.
2600 5667 2915 5741 “acetiam
2959 5665 3124 5723 modo
3163 5668 3407 5725 locutum
3445 5668 3791 5741 reperimus

447 5738 632 5830 ποςιςςι
653 5722 762 5787 τίθεν
791 5733 898 5777 ειο-
1211 5794 1223 5805 ,
1316 5722 1325 5724 “
1384 5795 1397 5809 _
1642 5799 1655 5811 ,
1876 5800 1890 5813 ,
2147 5735 2209 5792 Β.
2241 5722 2465 5795 Hieron.
2496 5722 2670 5810 atque
2688 5722 2849 5796 stibi;

623 5806 733 5830 raro
778 5806 883 5830 nnn
910 5791 1072 5830 mndn
1098 5808 1315 5830 nnvmm
1344 5810 1456 5830 unm
1487 5797 1685 5830 nn'nnsn
1730 5815 1793 5830 ..ιι
1824 5799 2041 5830 ι’..-η-ἓ.

488 5868 493 5871 ν
520 5789 548 5830 ¹³
573 5789 755 5860 Urere,
777 5806 884 5847 non
910 5791 1073 5849 modo
1098 5794 1315 5851 noxiam
1344 5795 1458 5853 vim
1486 5797 1688 5856 caloris
1729 5815 1795 5859 ac
1821 5799 2041 5875 frigoris
