3988 6358
245 375 358 433 H97

1340 380 1405 435 IN
1443 380 1769 438 PSALMUM
1808 380 2019 439 CXVIII
2059 381 2447 439 EXPOSITIO.

3405 354 3553 446 taos

246 495 394 549 clausa
443 509 608 546 manu
649 493 806 563 (Esai
854 511 941 561 ιι,
990 495 1078 566 19)
1104 497 1126 550 ?
1153 496 1252 551 Cui
1304 496 1538 553 mundus
1581 508 1842 568 angustus
1867 505 1922 563 Α
1946 512 2137 553 manas
2164 499 2495 570 cupiditates
2525 544 2537 565 ,
2572 499 2675 556 hoc
2708 515 2806 571 per
2834 500 3073 556 divinam
3108 503 3339 574 gratiam
3378 503 3553 561 solam

248 598 349 654 εει,
379 594 435 640 ιιι
461 586 513 640 ei
555 587 741 657 ampla
772 601 833 642 es
862 586 1073 643 domus.
1106 587 1323 658 Portio,
1353 590 1558 661 inquit,
1592 606 1705 646 mea
1734 588 1843 645 Do-

253 682 425 734 minus.
460 679 601 734 Dicit
632 680 737 735 hoc
763 689 987 752 martyr.
1017 682 1119 752 ipsi
1144 697 1274 752 ergo
1300 682 1566 750 vivamus,
1597 686 1682 739 cui
1704 684 1841 740 mori

249 786 319 829 eat
343 772 663 841 gloriosum.
692 772 831 827 Aliis
859 774 1038 828 verbis
1068 790 1229 845 quam
1258 776 1395 830 bene
1420 775 1557 830 dixit
1579 776 1682 831 hoc
1702 775 1844 830 Pau-

235 865 343 928 -lus,
371 865 667 919 ostendens
690 865 891 918 nullam
923 863 1123 920 habere
1154 881 1213 921 se
1243 868 1295 920 in
1342 867 1443 920 hoc
1473 867 1673 921 smculo
1714 882 1840 935 por-

250 957 437 1013 tionem
471 960 484 1010 !
516 959 607 1012 Sic
646 959 792 1012 enim
824 959 1085 1028 scriptum
1114 970 1198 1014 est
1230 977 1243 1013 :
1281 958 1452 1032 Usque
1490 963 1558 1015 ad
1588 963 1721 1016 hanc
1742 960 1839 1015 ho-

249 1069 348 1105 ram
369 1062 413 1105 et
439 1053 719 1116 esurimus,
748 1061 795 1106 et
824 1053 1045 1119 sitimus,
1071 1063 1118 1107 et
1142 1053 1267 1107 nudi
1296 1070 1475 1108 sumus
1496 1097 1510 1119 ,
1539 1067 1585 1108 et
1609 1054 1843 1119 colaphis

250 1146 567 1213 copulemus,
593 1155 639 1198 et
664 1145 929 1199 instabiles
948 1162 1148 1212 sumus,
1173 1157 1219 1199 et
1250 1145 1544 1200 laboramus
1569 1155 1841 1215 operantes

251 1238 469 1292 manibus
498 1238 714 1292 nostris.
744 1236 1129 1302 Maledicimur,
1160 1247 1206 1291 et
1235 1238 1586 1292 benedicimus
1615 1255 1632 1291 :
1664 1253 1840 1307 perse-

246 1333 487 1385 cutionem
532 1331 791 1399 patimur,
824 1340 873 1385 et
910 1330 1221 1384 sustinemus
1253 1347 1271 1385 .'
1308 1331 1722 1400 blasphemamur
1744 1372 1759 1395 ,
1792 1339 1841 1386 et

246 1426 582 1479 obsecramus.
627 1423 909 1495 Tamquam
939 1426 1277 1479 lustramenta
1306 1426 1462 1497 hujus
1497 1425 1676 1480 mundi
1715 1426 1841 1496 facti

244 1533 449 1583 sumus,
496 1516 728 1571 omnium
769 1527 1109 1588 purgamenta
1156 1534 1315 1588 usque
1352 1517 1586 1589 adhuc(l
1612 1515 1731 1573 Cor.
1762 1533 1837 1585 tv,

247 1614 454 1683 tt-t5).

308 1707 361 1761 8.
406 1706 663 1761 Fortasse
716 1714 930 1761 moveat
962 1705 1109 1776 quod
1158 1713 1568 1776 purgamentum
1615 1720 1673 1761 se
1716 1719 1838 1761 esse

239 1800 387 1855 dixit.
430 1800 549 1855 Non
591 1800 736 1855 enim
783 1810 885 1855 est.
924 1799 1031 1855 Sed
1078 1800 1181 1854 hoc
1219 1801 1572 1856 saecularibus
1601 1799 1835 1861 videtur,

1948 608 2107 664 posse
2133 609 2255 650 esse
2285 594 2566 665 possibile.

2017 689 2108 746 10.
2142 691 2285 746 Alibi
2315 706 2533 759 quoque
2561 691 2637 745 ait
2667 708 2679 744 :
2709 689 3034 760 Quicumque
3058 690 3327 760 reliquerit
3353 699 3553 760 patrem

1944 793 2031 837 aut
2055 794 2267 837 matrem
2291 826 2305 847 ,
2338 784 2568 848 domum,
2597 793 2687 836 aut
2708 788 2919 854 fratres,
2954 793 3043 836 aut
3083 799 3403 838 δονακῆα...
3434 799 3554 838 cen-

1943 878 2142 947 tuplum
2168 878 2383 947 accipiet
2409 879 2462 931 in
2491 879 2587 931 hoc
2609 878 2820 941 saeculo,
2848 888 2895 931 et
2919 879 3075 931 vitam
3106 887 3350 932 aeternam
3382 879 3551 945 possi-

1945 969 2079 1023 debit
2108 968 2323 1037 (Matth.
2376 985 2499 1033 tm,
2531 966 2649 1040 9.9).
2693 967 2941 1021 Forsitan
2984 980 3166 1022 autem
3206 969 3355 1021 dicas
3386 986 3397 1020 :
3434 967 3553 1024 Uti-

1943 1075 2048 1129 que
2076 1060 2167 1130 qui
2208 1062 2569 1129 relinquendo
2597 1060 2816 1113 domum
2847 1058 2971 1129 (per
2998 1061 3219 1113 domum
3252 1072 3431 1115 autem
3468 1071 3550 1114 to-

1943 1162 2056 1206 tum
2109 1167 2333 1207 censum
2361 1150 2648 1223 intellige),
2688 1152 2778 1220 qui
2832 1153 3553 1223 relinquendopropinquos

1942 1246 2114 1300 Deum
2153 1260 2372 1301 secutus
2404 1246 2598 1311 fuerit,
2638 1246 2818 1317 portio
2859 1246 3070 1300 Domini
3111 1257 3228 1312 est,
3272 1261 3327 1301 et
3373 1251 3552 1319 portio

1944 1338 2087 1393 Deus
2127 1338 2204 1393 illi
2244 1348 2363 1399 est;
2394 1337 2556 1392 liabet
2599 1338 2763 1392 etiam
2794 1340 2956 1392 vitam
3006 1346 3384 1404 arternanmet
3423 1339 3550 1408 quia

1941 1442 2163 1500 accepto
2190 1431 2447 1500 centuplo
2476 1429 2535 1485 iit
2567 1432 2621 1483 in
2655 1430 2759 1486 hoc
2800 1432 3001 1484 seculo
3031 1430 3183 1484 dives
3206 1472 3220 1497 ,
3248 1430 3431 1497 dives,
3469 1431 3553 1485 in-

1941 1524 2093 1594 quies
2114 1564 2131 1590 ,
2163 1524 2416 1581 intrattin
2451 1538 2674 1593 regnum
2706 1524 2995 1579 «telorum.
3037 1523 3245 1577 Deinde
3278 1523 3323 1576 si
3362 1533 3553 1577 centu-

1944 1616 2087 1685 plum
2117 1615 2203 1670 dat
2244 1616 2501 1669 Dominus
2528 1630 2718 1669 eorum
2741 1659 2754 1681 ,
2784 1630 2907 1684 qua:
2944 1614 3108 1669 etiam
3146 1616 3338 1683 simpla
3377 1615 3547 1681 impe-

1940 1709 2237 1764 dimentum
2276 1708 2474 1764 ali'erre
2512 1716 2850 1785 consuerunt
2886 1708 2952 1762 ad
2991 1707 3395 1778 perceptionem
3440 1708 3550 1760 liae-

1940 1799 2185 1854 reditalis
2226 1808 2443 1854 arteriae
2487 1816 2500 1853 :
2533 1808 2751 1855 centum
2789 1815 2920 1869 ergo
2958 1797 3329 1869 possessiones
3370 1798 3551 1853 reddit

239 1893 322 1963 qui
355 1902 543 1963 putant
573 1907 839 1946 summam
872 1892 923 1945 in
956 1892 1160 1946 divitiis
1190 1906 1314 1947 esse
1340 1892 1589 1963 gloriam,
1622 1892 1707 1947 vel
1738 1891 1833 1946 de-
1864 1905 1914 1964 Β
1943 1907 2038 1962 pro
2078 1907 2181 1947 una
2223 1891 2572 1962 p0ssessione
2597 1932 2609 1957 ,
2637 1898 2854 1946 centum
2905 1890 3085 1961 pondo
3128 1889 3250 1944 auri
3292 1903 3392 1958 pro
3439 1904 3547 1945 uno

239 2000 437 2040 carem.
485 1984 677 2038 Nonne
721 1985 806 2037 isti
850 1985 1132 2040 universos
1176 1992 1526 2054 purgamenta
1568 1998 1691 2039 esse
1731 1998 1833 2053 pu-

240 2086 363 2139 tant,
392 2078 723 2147 quicumque
743 2076 852 2133 illis
880 2077 1251 2146 obsequuntur
1273 2089 1497 2147 propter
1516 2077 1752 2142 divitias,
1779 2086 1833 2133 et

237 2170 495 2223 mirantur
542 2184 639 2223 eos
679 2181 903 2240 propter
947 2184 1106 2237 opes,
1138 2170 1330 2224 timent
1374 2177 1596 2239 propter
1642 2179 1832 2240 poten-

235 2266 357 2315 tiam
383 2302 399 2326 ,
428 2260 649 2315 laudant
681 2271 900 2331 propter
924 2261 1308 2317 nobilitatem?
1338 2262 1444 2317 Sed
1491 2262 1608 2317 inec
1649 2263 1831 2317 omnia

233 2350 425 2406 Paulus
452 2350 780 2406 detrimenta
824 2353 994 2422 magis
1034 2354 1256 2421 putabat
1292 2367 1445 2420 esse,
1475 2368 1637 2424 quam
1680 2367 1830 2409 eom-

228 2444 405 2498 moda.
467 2442 707 2516 Ideoque
754 2443 829 2498 ait
872 2464 883 2499 :
918 2445 1045 2512 Qua:
1078 2446 1204 2499 mihi
1248 2446 1396 2500 lucra
1431 2446 1678 2516 fuerunt,
1721 2448 1831 2501 haec

228 2538 352 2592 duxi
398 2550 607 2611 propter
654 2538 916 2593 Christum
962 2540 1267 2594 detrimenta
1290 2556 1423 2605 esse,
1452 2550 1664 2611 prapter
1702 2541 1831 2594 emi-

214 2640 424 2682 ruentem
472 2629 743 2682 scientiam
780 2627 971 2683 Christi
1014 2627 1142 2683 Jesu
1182 2628 1396 2684 Domini
1444 2630 1582 2697 mei,
1625 2638 1830 2700 prapter

228 2734 377 2789 quem
396 2721 625 2774 omnium
651 2720 1012 2775 detrimentum
1034 2737 1216 2791 passus
1232 2737 1369 2787 sunt,
1388 2730 1437 2775 et
1460 2722 1687 2776 (estinter
1702 2732 1831 2775 ster-

225 2829 344 2867 cora
368 2855 381 2879 ,
411 2824 468 2867 ut
527 2813 790 2868 Christum
840 2813 1164 2883 iucrifaciam
1216 2812 1444 2885 (Philip.
1492 2830 1571 2878 ιιι,
1597 2814 1627 2868 ’ῖ
1664 2822 1710 2867 et
1748 2813 1824 2885 8).

226 2908 508 2977 Afstimor,
540 2909 717 2980 inquit
748 2926 763 2965 :
798 2925 906 2964 non
945 2920 997 2964 et
1035 2911 1151 2964 bzec
1187 2925 1341 2975 mea,
1366 2910 1460 2965 sed
1499 2909 1674 2965 aliena
1706 2923 1830 2963 sen-

228 3002 413 3056 tentia.
463 3001 798 3072 Frequenter
839 3003 982 3057 enim
1020 3001 1319 3055 aestimatur
1347 3014 1553 3070 pauper
1584 3000 1673 3054 ille
1710 2998 1829 3054 irri-

228 3093 432 3149 dendus
454 3105 510 3149 et
536 3094 908 3149 essecrandus
929 3102 1147 3163 prOpIer
1173 3093 1413 3148 illuviem
1444 3092 1672 3147 vestium
1696 3135 1710 3159 ,
1737 3101 1832 3147 aut

144 3220 154 3229 -
232 3189 507 3243 vulnerum
545 3188 862 3255 cicatrices;
892 3203 958 3243 eo
998 3187 1142 3258 quod
1185 3188 1239 3241 in
1285 3196 1429 3241 terra
1476 3186 1678 3241 nullam
1734 3187 1828 3239 Ita-

1938 1986 2200 2057 pondere.

2009 2081 2095 2135 11.
2128 2078 2325 2134 Multos
2354 2078 2571 2147 quidem
2598 2078 2650 2132 in
2681 2078 2785 2132 hoc
2813 2077 3016 2132 saiculo
3040 2078 3129 2147 qui
3160 2091 3256 2131 sua
3288 2076 3544 2147 pauperi-

1934 2172 2036 2227 bus
2059 2172 2399 2227 donaverunt
2425 2172 2679 2226 uberiore
2703 2171 2961 2225 thesauro
2994 2170 3352 2239 locnpletatos
3377 2168 3546 2224 fuisse

1935 2264 2308 2331 cognovimus.
2347 2263 2412 2318 Et
2438 2261 2837 2332 pulcherrimus
2862 2263 3034 2326 locus,
3067 2271 3124 2315 ut
3154 2263 3315 2315 etiam
3348 2260 3416 2315 ad
3450 2260 3549 2314 mi-

1933 2358 2285 2414 sericordiam
2318 2368 2703 2428 provocentur.
2735 2356 2844 2411 Sed
2880 2370 2985 2410 non
3012 2355 3213 2410 debent
3238 2370 3267 2407 a
3309 2353 3541 2409 Domino

1932 2450 2249 2506 saecularem
2299 2447 2615 2518 liujusmodi
2663 2449 2882 2519 exigere
2924 2447 3258 2512 mercedem,
3284 2461 3385 2502 nec
3428 2461 3543 2516 spe-

1934 2560 2057 2600 rare
2086 2560 2205 2614 quae
2234 2542 2420 2598 mundi
2445 2552 2572 2597 sunt
2601 2559 2614 2594 :
2645 2541 2741 2597 sed
2785 2541 2956 2611 magis
2986 2542 3109 2609 quia
3146 2541 3213 2594 iis
3240 2540 3330 2609 qui
3359 2540 3543 2594 omnia

1932 2638 2272 2707 reliquerint,
2307 2637 2452 2691 Deus
2483 2635 2662 2706 portio
2688 2642 2791 2689 est.
2838 2634 2957 2702 ipse
2992 2641 3077 2687 est
3107 2633 3291 2699 utique
3331 2645 3547 2686 merces

1935 2730 2171 2801 perlecta
2209 2730 2465 2783 virtutum
2491 2769 2505 2792 ,
2538 2728 2627 2796 qui
2660 2742 2767 2781 non
2808 2725 3053 2795 centupli
3087 2722 3543 2787 enumeratione,

1932 2826 2027 2880 sed
2054 2823 2308 2893 periectte
2335 2821 2693 2889 plenitudinis
2718 2820 3083 2875 azstimatione
3104 2831 3384 2873 censetur.
3405 2815 3541 2888 Ego,

1934 2917 2129 2982 inquit,
2154 2914 2297 2970 Deus
2318 2924 2437 2969 tuus
2464 2931 2577 2968 sum
2602 2911 2755 2979 (Gen.
2792 2928 2921 2978 xvtt,
2958 2912 3030 2985 t).
3068 2911 3181 2967 Non
3213 2910 3377 2965 dixit.
3404 2926 3502 2967 ero
3529 2955 3543 2976 ,

1931 3008 2026 3065 sed
2074 3006 2185 3077 jam
2220 3021 2339 3061 sum
2363 3046 2376 3067 ,
2402 3004 2514 3072 jam
2550 3003 2829 3069 inltabito,
2856 3003 2968 3072 jam
3009 3002 3285 3072 possideo.
3344 3000 3542 3056 Aufert

1931 3102 2249 3156 dilationem
2279 3142 2291 3163 ,
2339 3099 2427 3153 ulti
2479 3097 2682 3151 invenit
2726 3098 2858 3166 justi
2913 3096 3335 3152 confessionem.
3394 3092 3540 3149 Sane

1934 3193 2060 3247 alibi
2092 3192 2166 3246 ait
2198 3208 2211 3245 :
2249 3189 2421 3245 Hodie
2443 3206 2641 3244 mecum
2667 3190 2769 3243 eris
2800 3189 2854 3241 in
2892 3189 3138 3257 paradiso
3178 3184 3333 3255 (Luc.
3365 3199 3496 3240 mu
3521 3226 3538 3252 ,

232 3280 349 3336 hci“
386 3281 733 3350 portionem;
762 3291 817 3336 ει
855 3290 1031 3336 lamell
1070 3282 1248 3351 ροτιὶο
1287 3281 1404 3349 citis
1445 3280 1497 3334 ill
1540 3279 1681 3336 εωιο
1719 3287 1822 3334 est.
1854 3288 1900 3352 C
1932 3284 2045 3354 45).
2094 3284 2357 3340 Futurum
2400 3282 2667 3352 promittit
2699 3297 2713 3333 :
2748 3280 2841 3335 sed
2873 3279 2923 3335 id
2966 3280 3107 3349 quod
3140 3281 3377 3333 luturum
3410 3288 3493 3332 est
3518 3318 3533 3345 ,

234 3372 415 3427 Anima
465 3375 587 3443 ejus
643 3374 715 3428 ibi
759 3373 862 3428 sibi
910 3373 1290 3444 patrimonium
1340 3373 1660 3439 collocavit,
1700 3373 1824 3442 quia

235 3466 429 3520 audivit
477 3466 667 3523 lesum
727 3466 998 3522 dicentem
1045 3487 1058 3523 :
1105 3464 1285 3520 Nolite
1338 3464 1634 3520 thesaurum
1685 3464 1826 3519 vobis

235 3558 437 3612 condere
481 3560 537 3612 in
591 3569 901 3613 terra.......
942 3559 1032 3613 sed
1082 3558 1416 3623 thesaurum,
1449 3556 1654 3627 inquit,
1684 3556 1825 3610 vobis

235 3650 425 3705 condite
451 3654 504 3705 in
526 3650 887 3721 caelo(Matth.
918 3667 997 3716 v1,
1033 3650 1098 3706 i9
1127 3659 1175 3704 et
1201 3650 1316 3720 90).

300 3742 354 3796 9.
374 3742 473 3799 Sed
502 3745 604 3797 hoc
634 3742 830 3798 divites
855 3743 1043 3797 audire
1072 3758 1175 3797 non
1205 3751 1451 3812 possunt.
1481 3740 1701 3795 Clausas
1723 3756 1823 3795 au-

237 3848 319 3889 res
344 3835 536 3893 habent
557 3878 573 3903 ,
601 3846 657 3892 et
681 3851 817 3892 sono
842 3838 967 3891 teris
989 3836 1210 3892 obtusas
1233 3853 1255 3888 -:
1289 3850 1540 3890 nummus
1567 3835 1735 3904 magis
1762 3834 1825 3888 il-

234 3924 300 3980 lis
330 3939 570 3995 resonat,
608 3944 770 3999 quam
800 3929 959 3984 verba
988 3928 1191 3983 divina.
1221 3927 1466 3998 Denique
1500 3926 1713 3999 1059
1736 3941 1824 3981 ac-

233 4021 392 4075 cessit
433 4023 651 4093 quidam
694 4022 849 4078 dives
896 4021 963 4076 ad
1014 4021 1299 4075 Dominum
1324 4063 1339 4088 ,
1370 4021 1461 4090 qui
1517 4023 1821 4089 portionem

239 4110 511 4170 Dominum
551 4130 659 4170 non
703 4114 954 4169 habebat.
1001 4113 1238 4169 Habebat
1278 4114 1423 4168 enim
1465 4116 1665 4166 multas
1703 4126 1824 4180 pos-

234 4208 496 4263 sessiones
524 4227 536 4262 :
564 4208 662 4265 sed
690 4208 950 4263 Dominus
978 4224 1084 4262 non
1115 4209 1254 4262 inter
1280 4207 1447 4261 multa
1472 4216 1818 4272 numeratur,

235 4312 346 4352 non
378 4302 507 4356 enim
545 4304 799 4373 dignatur
826 4302 1026 4356 habere
1065 4316 1185 4356 cum
1227 4300 1427 4355 saeculo
1456 4302 1819 4354 consortium.

231 4389 367 4457 Qua:
392 4393 525 4449 enim
566 4394 744 4465 portio
766 4393 994 4463 justitize
1023 4409 1145 4448 cum
1177 4392 1496 4462 iniquitate“?
1532 4391 1667 4446 Dicit
1694 4406 1821 4459 ergo

221 4482 318 4538 hic
372 4486 508 4541 dives
552 4505 563 4539 :
614 4487 754 4552 Quid
798 4488 992 4556 faciens
1046 4486 1200 4539 vitam
1259 4496 1503 4538 cateruam
1549 4482 1821 4552 possidebo

221 4575 385 4647 (Luc.
428 4595 547 4633 Xlltl
572 4622 585 4645 ,
622 4578 763 4647 18)?
796 4578 1097 4649 Respondit
1132 4578 1182 4631 ei
1216 4577 1478 4632 Dominus
1515 4593 1530 4631 :
1566 4575 1820 4629 Mandata

1929 3377 2088 3432 unius
2117 3376 2225 3431 diei
2255 3377 2432 3446 spatio
2464 3392 2571 3429 non
2606 3373 2804 3442 patitur
2839 3372 3117 3441 protelari.
3162 3370 3407 3441 Denique
3434 3384 3537 3438 po-

1929 3471 2031 3524 tuit
2065 3468 2247 3523 dicere
2286 3486 2299 3522 :
2338 3467 2541 3521 Mecum
2576 3470 2676 3520 eris
2716 3467 2770 3519 in
2806 3465 3049 3537 paradiso
3084 3480 3103 3518 :
3140 3463 3236 3517 sed
3284 3460 3532 3527 addidit,

1928 3560 2119 3626 hodie,
2149 3575 2217 3616 ne
2249 3560 2513 3616 dilatione
2544 3559 2716 3630 gratia
2749 3562 3101 3613 minueretur.

2004 3655 2089 3708 12.
2134 3653 2241 3710 Sed
2268 3671 2376 3707 non
2408 3654 2482 3708 illi
2513 3653 2617 3707 soli
2646 3652 2781 3708 dicit
2820 3652 3085 3706 lmininns
3122 3647 3281 3704 Je~tts
3316 3665 3329 3701 :
3365 3644 3537 3701 Hodie

1927 3762 2125 3800 mecum
2148 3747 2250 3801 eris
2278 3747 2331 3800 in
2354 3746 2598 3817 paradiso
2622 3762 2641 3800 :
2670 3744 2764 3800 sed
2794 3754 2848 3799 et
2872 3744 2965 3798 tibi
2996 3743 3133 3797 dicit
3157 3761 3171 3796 :
3199 3741 3404 3797 Merum
3433 3741 3536 3795 eris

1925 3840 1979 3893 in
2008 3838 2254 3910 paradiso
2279 3878 2294 3903 ,
2321 3838 2365 3891 si
2406 3839 2719 3892 conﬁtearis
2766 3837 3049 3890 Dominum
3083 3834 3293 3896 .lesutn,
3327 3831 3375 3886 si
3416 3833 3536 3902 ejus

1928 3930 2289 4000 patrocinium
2330 3929 2424 3983 tibi
2462 3942 2689 3997 poscas,
2718 3927 2765 3980 si
2809 3937 2864 3981 et
2891 3927 3007 3995 ipse
3047 3925 3197 3978 dit-as
3228 3943 3241 3978 :
3278 3923 3534 3978 Memento

1926 4027 2047 4090 mei,
2076 4025 2314 4086 Domine,
2340 4026 2461 4077 dum
2490 4024 2684 4078 veneris
2714 4024 2765 4076 in
2794 4038 3010 4093 regnum
3034 4032 3174 4074 tuum
3197 4018 3384 4094 (Ibid,
3410 4018 3531 4090 η).

1926 4118 2033 4173 Sed
2063 4119 2155 4171 tibi
2181 4134 2287 4170 noti
2311 4116 2443 4171 dicit
2469 4133 2482 4169 :
2517 4114 2691 4169 Hodie
2713 4131 2907 4168 mecum
2933 4114 3033 4169 eris
3063 4131 3082 4168 :
3104 4114 3234 4168 dicit
3263 4110 3491 4183 martyri
3516 4130 3531 4167 :

1930 4213 2102 4268 Hodie
2140 4229 2334 4266 mecum
2380 4212 2478 4265 eris
2516 4211 2571 4265 in
2604 4210 2867 4280 paradiso.
2900 4210 3016 4263 Tibi
3064 4225 3168 4263 non
3215 4208 3373 4272 dicit,
3403 4205 3531 4278 quia

1929 4307 2108 4362 adhuc
2140 4305 2353 4379 1060
2382 4322 2441 4361 es
2470 4305 2522 4359 itt
2568 4304 2671 4360 hoc
2704 4304 2953 4359 leltrienti
2992 4316 3223 4373 corpore
3260 4299 3533 4355 censtittt-

1924 4406 2031 4461 tus,
2060 4398 2112 4452 itt
2142 4401 2243 4452 ltoe
2273 4395 2685 4466 concupiscenti
2707 4438 2719 4456 .
2752 4396 2807 4450 in
2849 4396 2951 4449 hoc
2981 4402 3189 4448 terrena
3224 4392 3404 4446 adhuc
3432 4391 3529 4446 de-

1924 4491 2181 4545 sideranti
2226 4507 2237 4544 :
2273 4489 2371 4543 sed
2418 4504 2540 4542 cum
2586 4490 2825 4556 potueris
2869 4486 3094 4541 dicere:
3133 4482 3392 4552 Dirnpisti
3422 4483 3532 4536 uin-

1925 4586 2044 4637 cula
2085 4599 2197 4637 mea
2235 4580 2407 4652 (Psal.
2445 4596 2575 4639 cxv.
2612 4578 2735 4649 16),
2772 4579 2875 4633 hoc
2905 4590 2986 4633 est
3010 4619 3023 4637 ,
3057 4574 3271 4630 sttltisd
3307 4588 3529 4629 cursum

217 4670 549 4726 ηοειίΡΝοη
593 4671 929 4726 homicidium
969 4671 1129 4739 facies
1159 4712 1171 4735 ,
1198 4687 1301 4724 non
1336 4670 1652 4724 adulterabis
1674 4711 1687 4733 ,
1712 4684 1816 4723 non
1846 4671 1894 4732 D
1922 4677 2080 4732 istius
2109 4677 2259 4739 vita',
2289 4672 2531 4728 liherasti
2562 4688 2648 4726 me
2676 4688 2741 4726 ex
2777 4672 2878 4723 hoc
2906 4668 3095 4723 mortis
3114 4680 3369 4736 Corpore,
3404 4676 3531 4721 tunc

216 4760 415 4829 falsum
456 4765 801 4818 testimonium
855 4762 991 4816 dices
1034 4762 1226 4833 (lbid.,
1254 4762 1326 4817 ‘20
1365 4770 1413 4815 et
1455 4760 1550 4831 21)
1584 4778 1598 4815 :
1637 4771 1821 4815 osten-

214 4854 364 4910 dens
401 4858 554 4913 vitam
603 4870 865 4912 aeternam
909 4856 962 4911 in
1006 4857 1090 4910 his
1134 4870 1256 4911 esse
1303 4854 1592 4909 mandatis.
1623 4856 1690 4910 At
1730 4853 1821 4908 ille

211 4944 511 5014 justiﬁeare
535 4966 595 5007 se
626 4950 819 5005 volens
846 4949 997 5005 dicit.
1031 4948 1158 5002 llaec
1187 4947 1359 5002 omnia
1384 4948 1482 5019 feci
1508 4989 1522 5013 ,
1547 4946 1674 5017 quid
1695 4944 1823 4998 mihi

212 5044 518 5099 restat?Ad
564 5059 728 5115 quem
764 5043 1023 5097 Dominus
1063 5042 1172 5109 ait,
1210 5041 1398 5096 volens
1438 5040 1487 5095 ei
1533 5041 1819 5095 Dominum

210 5132 339 5190 ﬁeri
383 5139 677 5208 portionem
702 5178 717 5202 ,
751 5152 857 5191 non
893 5137 1175 5205 pecuniam
1199 5176 1213 5197 ,
1248 5149 1353 5188 non
1397 5133 1775 5203 possessiones
1803 5173 1818 5197 ,

215 5228 317 5283 sed
348 5246 523 5287 verum
558 5233 727 5288 Deum
764 5249 777 5285 :
821 5230 882 5285 Si
914 5230 985 5284 vis
1026 5228 1284 5301 perfectus
1310 5244 1450 5294 esse,
1475 5228 1631 5295 vade,
1660 5226 1823 5279 vende

220 5323 398 5377 omnia
415 5342 521 5391 qute
545 5324 702 5379 habes
724 5365 739 5389 ,
766 5332 810 5377 et
833 5323 901 5375 da
942 5321 1273 5390 pauperibus,
1303 5330 1354 5374 et
1381 5320 1587 5375 habebis
1616 5319 1819 5373 thesau-

220 5426 343 5466 rum
372 5417 421 5468 in
454 5418 576 5471 ctelo
596 5457 613 5485 ,
637 5426 686 5470 et
724 5415 869 5478 veni,
902 5428 1112 5482 sequere
1139 5429 1219 5465 me
1246 5411 1412 5482 (Ibid.
1440 5453 1454 5475 ,
1478 5411 1593 5482 2‘2).
1618 5409 1818 5465 Verum

223 5501 318 5559 ille
337 5509 419 5561 cui
449 5510 621 5577 portio
652 5522 843 5560 aurum
870 5513 1031 5574 atque
1062 5515 1347 5572 argentum
1379 5514 1497 5559 erat
1516 5545 1530 5568 ,
1557 5504 1674 5558 sine
1700 5501 1824 5572 qui-

230 5592 330 5649 bus
367 5612 481 5654 esse
524 5614 630 5656 non
666 5607 912 5667 puterat,
942 5607 1000 5652 et
1036 5614 1158 5652 cum
1197 5599 1391 5667 quibus
1438 5597 1699 5651 Dominus
1742 5597 1823 5651 illi

232 5689 410 5755 portio
431 5705 547 5746 esse
573 5707 684 5746 non
714 5699 963 5760 poterat,
991 5690 1349 5744 cotttristatus
1386 5700 1492 5745 est.
1527 5688 1679 5745 Unde
1716 5690 1823 5745 Do-

236 5779 409 5857 minus
434 5782 805 5854 pronuntiavit
835 5781 1171 5853 impossibile
1200 5798 1321 5838 esse
1343 5824 1357 5851 ,
1390 5792 1448 5836 ιιι
1474 5781 1629 5837 dives
1661 5783 1825 5838 intret

244 5865 298 5926 in
334 5889 544 5946 regnum
577 5877 839 5934 cmlorutn
866 5912 880 5942 ,
910 5874 1003 5931 sed
1034 5876 1175 5946 quod
1226 5875 1561 5947 impossibile
1593 5892 1689 5947 per
1726 5876 1824 5931 bu~

1920 4770 2021 4824 tibi
2053 4768 2185 4821 dicit
2216 4785 2228 4819 :
2264 4766 2433 4819 Hodie
2455 4781 2650 4819 mecum
2676 4764 2775 4816 eris
2798 4764 2849 4815 in
2883 4764 3148 4831 paradiso.

1997 4861 2085 4915 15.
2113 4858 2289 4914 Ilaltes
2314 4846 2495 4927 igitur,
2522 4856 2706 4921 homo,
2734 4854 3053 4909 intermulta
3073 4850 3347 4922 proposita
3364 4850 3530 4906 etiam

1926 4953 2234 5023 ltujnsmodi
2296 4954 2622 5023 portionem.
2676 4949 2966 5017 Proposuit
3010 4947 3105 5001 tibi
3157 4945 3421 5000 Dominus
3472 4943 3528 4998 in

1924 5051 2177 5119 portione
2224 5045 2633 5115 ptisseS>i0ttes,
2683 5043 2735 5098 in
2780 5042 3031 5113 portione
3059 5055 3290 5104 aurum,
3326 5040 3376 5093 in
3406 5052 3534 5107 por-

1928 5143 2074 5198 tione
2114 5149 2398 5211 argentum
2428 5181 2441 5203 ,
2477 5141 2527 5193 in
2576 5138 2825 5207 portione
2876 5136 3146 5197 honores,
3179 5136 3233 5188 in
3280 5133 3531 5203 portione

1926 5234 2269 5288 nobilitatem
2297 5251 2309 5285 :
2345 5229 2630 5302 proposuit
2672 5230 2834 5286 etiam
2865 5229 2918 5283 in
2949 5229 3197 5298 portione
3234 5240 3296 5281 se
3327 5231 3526 5294 ipsum.

1926 5325 2103 5380 Habes
2130 5324 2392 5390 plurimas
2426 5323 2725 5393 portiones.
2759 5322 2896 5392 elige
2924 5336 3085 5390 quam
3116 5328 3291 5387 putas.
3327 5316 3443 5372 Non
3478 5326 3533 5372 te

1927 5431 2185 5471 numerus
2226 5417 2539 5487 perturbet,
2573 5414 2666 5469 sed
2712 5413 2914 5469 escitet
2960 5412 3129 5481 gratia
3164 5428 3177 5463 :
3218 5424 3323 5463 non
3375 5409 3531 5464 labor

1923 5516 2154 5571 avertat,
2186 5509 2277 5561 sed
2308 5507 2516 5562 fructus
2542 5506 2753 5560 invitet.
2784 5503 2840 5559 In
2871 5504 3116 5573 portione
3145 5500 3324 5555 divina
3356 5499 3532 5570 gemi-

1925 5609 2008 5654 tus
2039 5608 2095 5652 et
2132 5598 2348 5652 labores
2384 5607 2531 5651 sunt.
2568 5596 2720 5651 Unde
2759 5607 2809 5649 et
2852 5602 3073 5648 sanctus
3101 5591 3529 5661 Apostolus,cui

1926 5692 2103 5761 portio
2137 5694 2275 5744 Deus
2303 5700 2446 5753 erat,
2468 5689 2577 5741 ait:
2610 5685 2853 5740 Htcredes
2878 5701 3054 5739 sumus
3084 5683 3178 5738 Dei
3197 5726 3211 5747 ,
3238 5683 3531 5736 colttrredes

1926 5796 2094 5839 atttem
2122 5781 2348 5847 Christi;
2374 5782 2415 5834 si
2447 5793 2612 5835 tamen
2654 5779 3022 5850 compatimur,
3051 5787 3107 5833 ut
3143 5776 3297 5831 simul
3320 5775 3526 5848 gloriﬁ-

1928 5893 2099 5933 cemur
2159 5875 2339 5946 (Rom.
2393 5887 2507 5940 vni,
2540 5872 2655 5943 l7).
2712 5870 2876 5925 Vides
2926 5870 3050 5941 quia
3106 5870 3192 5925 ubi
3239 5861 3526 5924 litereditas
