3988 6360
449 353 584 410 1299

1763 347 2010 406 ὺΑΝϐΤι
2046 345 2375 404 ΑΜΒΒΟΞῙΙ

3605 350 3744 406 1590

437 469 640 528 Christti
688 481 791 538 est,
827 470 900 525 ibi
947 470 1142 525 debeat
1185 483 1312 523 esse
1349 467 1681 535 compescit).
1709 463 1810 534 Qui
1851 475 2032 518 autent
2061 474 2114 534 Α
2141 477 2258 528 rae,
2291 461 2385 517 sed
2410 460 2548 518 deus
2575 476 2682 517 non
2713 473 2867 518 erat:
2895 465 3107 535 Moyses
3154 465 3326 519 iactus
3351 473 3434 519 est
3458 463 3536 519 illi
3567 463 3704 520 deus
3725 503 3742 531 ,

437 565 788 632 CompaIitur.
825 579 930 617 non
962 559 1328 632 perfunctorie
1356 559 1704 628 competitor,
1728 555 1824 612 sed
1854 567 1912 610 ut
1944 556 2042 612 tri—

439 657 746 712 bulatioth
772 655 974 709 Citriin
1009 657 1060 706 in
1091 668 1324 720 corpore
1352 669 1453 705 suo
1479 652 1722 720 impleat,
1754 651 1901 705 sicut
1937 651 2043 704 im-

440 751 622 821 pleliut
648 757 704 802 et
733 748 956 808 Paulus.
983 748 1244 816 implehat
1273 755 1328 800 ct
1357 746 1680 810 Hieremias,
1717 744 1809 812 qui
1841 744 1917 798 ait
1939 743 2041 797 sub

439 849 544 900 hac
587 847 705 910 ipsa
736 845 922 898 littera
951 863 964 896 :
996 842 1360 898 Misericordit
1393 839 1607 894 Domini
1649 849 1721 894 est
1761 839 1898 909 quod
1940 854 2040 891 non

441 938 767 1010 defecimus;
797 945 823 973 ἢ
849 939 969 1006 quia
1007 952 1108 989 non
1145 945 1264 988 sunt
1294 945 1664 988 consummata:
1695 932 2043 986 miserationes

438 1033 552 1103 ejus
576 1046 594 1084 .'
621 1029 878 1084 reum-abit
902 1028 1025 1082 illus
1050 1030 1181 1082 sicut
1211 1029 1304 1080 lua:
1334 1027 1582 1080 matutina
1609 1025 1830 1093 (Coloss.
1856 1040 1895 1088 ι,
1923 1021 2042 1094 24).

440 1122 600 1177 Multi
629 1133 747 1176 sunt
770 1122 988 1192 gemitus
1017 1121 1135 1184 mei,
1168 1129 1216 1173 et
1243 1135 1329 1171 cor
1361 1134 1527 1171 meum
1555 1117 1750 1186 deﬁcit.
1784 1114 1913 1171 Sors
1932 1131 2044 1168 mea

441 1216 719 1278 Dominus,
750 1217 903 1279 dixi;
942 1215 1055 1268 ideo
1095 1212 1358 1267 sustinebo
1384 1229 1498 1265 eum
1527 1210 1744 1282 (Thren.
1781 1225 1856 1272 ιιι,
1881 1209 1954 1264 ‘22
1999 1217 2046 1265 et

443 1314 603 1377 δαίμ).
631 1311 730 1378 Qui
757 1326 889 1382 ergo
917 1310 1151 1364 SIlSlittel
1184 1307 1474 1386 Dominum
1495 1348 1510 1372 ,
1539 1323 1660 1361 sors
1689 1307 1902 1360 Damini
1937 1316 2043 1362 est.

444 1403 603 1461 Unde
643 1414 699 1458 et
741 1402 910 1456 Daiid
947 1403 1038 1472 qui
1083 1405 1155 1454 ait
1188 1419 1203 1456 :
1236 1399 1475 1455 Sustinui
1525 1398 1825 1461 Dominum,
1874 1407 1923 1452 et
1968 1415 2050 1452 re-

440 1503 608 1568 spexit
647 1515 725 1552 me
759 1497 933 1568 (Ρδυι.
973 1512 1155 1562 χχχιχ,
1187 1495 1245 1567 2)
1268 1536 1284 1564 ,
1311 1493 1418 1550 huc
1455 1495 1577 1550 loco
1607 1493 1917 1564 portionem
1949 1491 2051 1547 sibi

444 1593 616 1648 Deum
643 1608 765 1647 esse
794 1593 1101 1663 proﬁtetur.

519 1685 608 1739 M.
641 1685 813 1753 Quam
844 1699 998 1739 rarus
1026 1684 1115 1753 qui
1151 1682 1289 1736 istud
1323 1689 1551 1749 usurpet
1570 1680 1672 1736 sibi
1709 1699 1720 1732 :
1756 1693 1862 1734 non
1897 1678 2052 1733 nobi-

441 1776 626 1837 litate,
649 1793 756 1830 non
783 1776 987 1828 divitiis
1019 1783 1332 1841 usorpatur.
1368 1772 1615 1841 Denique
1646 1786 1742 1825 rex
1782 1770 1876 1824 ille
1898 1769 2052 1824 dives

2144 556 2248 611 hoc
2278 567 2392 622 est,
2422 558 2533 627 regi
2567 557 2669 627 ipsi
2717 557 2976 614 terribilis
2997 599 3012 625 ,
3051 558 3260 632 1061
3293 574 3452 628 quem
3494 574 3588 614 rex
3635 573 3748 614 me-

2146 658 2324 706 tueret
2351 665 2403 705 et
2437 651 2670 706 timeret.
2707 651 2812 708 Sed
2845 654 2960 708 hate
2992 666 3111 709 erat
3147 655 3384 722 potentia
3418 655 3745 710 sanctitatis.

2143 744 2202 800 In
2253 745 2440 799 talium
2491 748 2912 816 coogrogatione
2958 750 3188 803 deorum
3237 748 3380 803 Deus
3431 757 3542 802 stat
3588 760 3750 817 atque

2143 839 2422 894 discernit.
2456 849 2477 876 ο
2512 839 2581 894 Ει
2609 848 2664 894 ιιι
2687 842 2730 894 si
2765 842 2844 896 vis
2870 841 3004 896 deus
3043 841 3420 910 peccatoribus
3442 855 3566 896 esse
3587 882 3602 908 ,
3637 851 3748 896 ter-

2145 931 2256 986 rori
2288 932 2504 1001 regibus
2525 972 2540 996 ,
2575 934 2895 988 reverentiae
2924 935 3082 998 aliis;
3113 945 3168 987 ut
3201 946 3473 1004 tamquam
3512 934 3624 989 Deo
3655 933 3750 989 tibi

2146 1024 2431 1079 videantur
2452 1039 2575 1080 esse
2597 1025 2851 1091 subjecti,
2876 1029 2997 1096 quia
3023 1027 3274 1097 operaris
3298 1026 3350 1080 in
3382 1026 3473 1080 Dei
3498 1025 3747 1081 nomine:

2146 1129 2436 1173 contemne
2465 1134 2586 1188 qua:
2628 1119 2813 1173 emt-uti
2846 1127 2974 1174 sunt
2998 1159 3014 1184 ,
3046 1129 3103 1174 et
3146 1118 3442 1173 liominica:
3483 1117 3753 1187 passionis

2146 1213 2500 1280 Opprohrium
2528 1213 2799 1266 contende
2828 1213 3084 1268 omnibus
3111 1228 3214 1281 ιιι-ιι·
3227 1211 3367 1267 ferre
3391 1210 3617 1266 divitiis.
3648 1210 3753 1280 Opi

2151 1305 2430 1373 probi-ium
2463 1305 2608 1365 dico,
2637 1306 2778 1375 quod
2811 1305 2920 1360 illis
2946 1308 3199 1362 videatur
3227 1306 3618 1376 opprobrium,
3653 1306 3754 1361 hoc

2149 1407 2233 1453 est
2255 1439 2268 1461 ,
2296 1398 2500 1454 Judieis
2525 1400 2840 1454 scandalum
2863 1439 2878 1463 ,
2901 1403 3157 1470 gentibus
3186 1401 3414 1456 stultitia
3431 1437 3444 1459 .
3478 1401 3636 1455 nobis
3662 1415 3755 1456 au-

2155 1497 2261 1542 tem
2294 1488 2468 1544 virtus
2498 1490 2591 1544 llei
2626 1502 2790 1561 atque
2815 1492 3105 1560 sapientia.
3135 1492 3241 1548 Sed
3269 1491 3376 1547 hoc
3417 1491 3628 1547 Pharao
3655 1507 3755 1564 op-

2151 1579 2431 1649 probrium
2463 1592 2686 1652 putans,
2725 1583 2827 1637 hoc
2859 1594 2975 1650 est,
3011 1583 3244 1654 inopiam
3270 1626 3285 1648 ,
3315 1584 3712 1652 ignobilitatem
3737 1625 3754 1653 ,

2150 1675 2508 1728 contunielias
2535 1713 2549 1740 ,
2576 1675 2767 1730 maluit
2794 1676 2996 1730 diaboli
3024 1692 3177 1744 esse,
3211 1693 3372 1746 quam
3407 1677 3498 1734 Dei
3527 1678 3708 1747 portio
3738 1696 3752 1734 :

2158 1774 2215 1822 et
2242 1767 2362 1821 ideo
2393 1771 2480 1838 qui
2517 1769 2626 1824 Deo
2653 1769 2930 1836 subjectus
2957 1784 3077 1825 esse
3101 1770 3342 1835 uolebat,
3371 1769 3756 1826 intercessioni

441 1870 518 1924 ait
552 1885 565 1921 :
599 1866 732 1924 Sum
759 1868 964 1938 quidem
990 1876 1036 1920 et
1056 1881 1149 1936 ego
1179 1865 1414 1919 mortalis
1456 1864 1630 1925 homo,
1659 1862 1846 1915 similis
1875 1861 2043 1914 omui-
2075 1859 2120 1919 Β
2151 1857 2390 1914 hominis
2417 1876 2479 1915 se
2519 1860 2636 1929 ipse
2675 1861 2927 1930 subjecit.
2970 1862 3112 1931 Ergo
3144 1863 3267 1933 quia
3298 1864 3476 1933 portio
3509 1862 3610 1918 Dei
3641 1872 3757 1918 erat

442 1963 535 2015 bus
558 2003 573 2027 ,
603 1970 651 2014 et
674 1977 737 2014 ea:
756 1976 938 2030 genere
969 1971 1169 2013 terreno
1198 1959 1340 2012 illius
1365 1959 1452 2028 qui
1497 1958 1638 2023 prior
1668 1959 1836 2026 factus
1868 1966 1974 2021 est,
1999 1963 2048 2009 et

441 2056 496 2107 in
533 2064 705 2107 ventre
732 2053 910 2106 matris
947 2051 1204 2121 figuratus
1244 2065 1361 2104 sum
1389 2062 1511 2102 caro
1537 2064 1555 2101 :
1583 2048 1756 2102 decem
1797 2046 2052 2100 mensium

442 2155 669 2216 tempore
689 2148 991 2214 coagulatua
1032 2161 1148 2198 sum
1173 2145 1228 2198 in
1251 2143 1523 2214 sanguine,
1557 2158 1624 2197 ea:
1653 2142 1846 2195 semine
1883 2140 2054 2194 homi-

444 2239 552 2301 nis,
584 2247 630 2292 et
667 2237 1038 2291 delectamento
1071 2237 1239 2291 somni
1265 2236 1592 2289 conveniente
1630 2250 1647 2288 :
1686 2245 1732 2287 et
1775 2249 1868 2304 ego
1902 2241 2052 2286 natus

446 2330 596 2385 hausi
623 2343 946 2384 communem
969 2346 1162 2394 aerem,
1194 2338 1242 2384 et
1279 2328 1519 2383 similiter
1547 2329 1603 2380 in
1632 2337 1820 2381 terram
1861 2325 2052 2392 decidi,

444 2436 494 2480 ct
534 2427 757 2496 primam
787 2441 960 2479 vocem
995 2425 1213 2478 similem
1259 2423 1496 2476 omnibus
1533 2421 1678 2476 emisi
1713 2421 1926 2492 plorans
1957 2419 2054 2472 :in

444 2518 810 2573 involumentis
848 2520 1076 2572 nutritus
1097 2534 1212 2571 sum
1231 2555 1245 2580 ,
1275 2526 1322 2571 et
1360 2517 1504 2570 curis
1528 2515 1752 2585 magnis.
1807 2515 1871 2568 Et
1902 2512 2055 2567 addi-

447 2610 529 2665 dit
556 2627 569 2663 :
603 2609 772 2664 Nemo
801 2611 937 2664 enim
965 2625 1031 2664 ea:
1055 2609 1258 2679 regibus
1289 2607 1546 2662 diversum
1576 2607 1752 2660 habuit
1773 2603 2055 2659 nativitatis

447 2704 678 2758 initium.
715 2701 860 2757 Unus
889 2719 1009 2775 ergo
1037 2701 1279 2756 omnibus
1299 2710 1374 2755 est
1406 2701 1652 2754 introitus
1683 2699 1964 2753 nativitatis
1986 2697 2056 2750 ad

449 2795 631 2859 vitam,
657 2805 704 2847 et
732 2795 918 2848 similis
949 2799 1141 2849 exitus.
1168 2795 1325 2866 (Sap.
1358 2809 1454 2857 vn,
1478 2793 1504 2847 1
1551 2802 1595 2845 et
1634 2793 1788 2862 seq.).
1829 2792 1892 2844 Et
1932 2789 2057 2859 quia

449 2884 587 2940 vidit
615 2899 905 2940 commune
930 2901 1053 2941 esse
1095 2887 1392 2940 nativitatis
1419 2885 1728 2951 exm'dium,
1751 2882 2058 2940 elaboravit

450 2988 572 3031 esse
602 2977 780 3045 portio
809 2976 924 3040 Dei,
960 2986 1016 3031 et
1043 2977 1353 3040 invocavit,
1383 2987 1438 3031 et
1470 2979 1616 3031 venit
1649 2978 1701 3032 iu
1743 2994 1866 3032 eum
1896 2977 2058 3048 spiri-

454 3080 541 3122 tus
569 3070 858 3138 sapientiai
881 3068 1071 3139 (lbid.,
1107 3072 1184 3135 7).
1224 3069 1327 3124 Sed
1357 3071 1623 3125 luxuriosi
1652 3073 1816 3126 aliam
1849 3083 2054 3140 partem

453 3162 690 3231 eligunt,
725 3163 812 3232 qiii
860 3161 1092 3217 dicunt:
1138 3162 1267 3216 Vino
1298 3163 1520 3231 pretioso
1561 3172 1610 3218 et
1651 3166 1924 3236 unguentis
1965 3182 2058 3220 nos

2156 1962 2378 2008 Sanctus
2423 1955 2680 2023 propheta
2731 1954 2928 2017 David,
2960 1965 3114 2010 recte
3158 1955 3235 2009 ait
3277 1971 3291 2007 :
3335 1952 3464 2010 Dixi
3499 1956 3759 2010 custodire

2157 2049 2319 2120 legem
2348 2059 2490 2102 tuam
2520 2063 2539 2102 .°
2568 2048 2867 2116 Spiritalem
2901 2049 3085 2116 utique
3126 2048 3301 2117 legent
3322 2047 3486 2115 dicit,
3520 2047 3665 2102 sicut
3701 2057 3757 2103 et

2157 2139 2353 2194 Paulus
2385 2139 2642 2194 ostendit.
2675 2139 2811 2194 Nam
2839 2142 2928 2210 qui
2953 2141 3316 2207 corporaliter
3347 2140 3550 2210 Legem
3594 2138 3760 2194 inter-

2157 2233 2353 2304 pretati
2400 2243 2568 2298 sunt,
2599 2250 2705 2289 non
2747 2233 3061 2290 custodiunt
3101 2233 3330 2305 Legem,
3360 2233 3459 2289 sed
3505 2233 3762 2303 praevari-

2156 2337 2371 2383 (tantur.

2229 2421 2316 2474 16.
2357 2419 2544 2490 (Vcrs.
2577 2417 2697 2490 58.)
2734 2419 3020 2474 Veniamus
3053 2418 3121 2473 ad
3161 2417 3458 2474 secundum
3492 2431 3758 2484 versum,

2156 2512 2250 2583 qui
2279 2516 2350 2566 ita
2373 2523 2459 2568 est
2491 2530 2503 2565 :
2533 2511 2860 2582 Deprecabar
2881 2512 3077 2566 vultum
3101 2521 3279 2576 tuum,
3304 2507 3558 2576 Domine,
3579 2510 3634 2562 in
3658 2516 3762 2562 toto

2156 2609 2313 2662 corde
2349 2623 2463 2661 meo
2500 2623 2518 2661 :
2569 2608 2810 2660 miserere
2841 2607 2940 2660 mel
2973 2605 3255 2659 secundum
3296 2603 3556 2674 eloquium
3593 2613 3762 2655 tuum.

2157 2703 2412 2772 Legimus
2451 2703 2504 2757 in
2545 2701 2718 2755 veteri
2751 2700 3104 2755 Testamento
3137 2698 3280 2768 quod
3316 2696 3650 2766 deprecatus
3697 2693 3768 2750 sit

2158 2795 2369 2868 Moyses
2402 2805 2459 2850 tit
2480 2799 2686 2850 vultum
2714 2796 2804 2851 llei
2837 2795 3084 2861 videret,
3111 2803 3166 2849 et
3195 2807 3516 2862 responsum
3554 2792 3625 2846 sit
3665 2790 3716 2845 ei
3751 2804 3766 2844 :

2166 2890 2330 2945 Nemo
2347 2890 2531 2945 videbit
2564 2891 2748 2961 [aciem
2775 2905 2964 2951 meum,
2983 2899 3030 2942 et
3048 2889 3173 2942 vivet
3198 2886 3396 2958 (Exod.
3421 2900 3588 2940 χχχιιι
3605 2922 3623 2950 ,
3645 2883 3766 2954 20).

2161 2985 2386 3056 Mystice
2419 2985 2519 3040 hoc
2555 2985 2786 3052 primum
2829 2981 3218 3050 intelligamus.
3256 2979 3468 3048 Moyses
3509 2976 3669 3046 Legis
3703 2973 3768 3028 li-

2159 3095 2346 3150 gurum
2398 3080 2611 3148 accepit
2651 3094 2664 3131 :
2698 3077 2812 3132 Lex
2855 3090 2952 3145 per
2990 3074 3201 3130 occulta
3254 3071 3510 3144 mysteria
3553 3068 3772 3124 nuntiat

2161 3175 2433 3228 Christum
2458 3213 2472 3236 ,
2507 3187 2612 3224 non
2655 3182 2836 3226 autem
2868 3169 3005 3224 farie
3045 3169 3111 3221 ad
3158 3166 3350 3222 faciem
3381 3165 3729 3220 denumstrat
3750 3203 3768 3228 ,

450 3261 780 3329 impleamus,
810 3271 858 3316 et
881 3278 983 3315 non
1009 3266 1275 3333 prwtereat
1295 3276 1388 3316 nos
1415 3264 1514 3332 flos
1537 3265 1801 3333 temporis.
1829 3263 2057 3318 Coronc-
2085 3244 2130 3308 (ἶ
2163 3269 2302 3321 sicut
2325 3265 2677 3335 Evangelium
2701 3262 3117 3320 demonstravit.
3139 3261 3196 3315 lu
3224 3261 3344 3328 ipso
3366 3261 3508 3315 enim
3533 3257 3678 3312 facie
3701 3255 3770 3312 ad

452 3369 568 3406 mus
605 3369 700 3407 nos
745 3355 902 3418 rosis,
934 3364 1209 3424 antequam
1250 3366 1566 3408 marcescant
1598 3353 1752 3426 (Sap.
1782 3370 1821 3408 ll
1842 3393 1856 3418 ,
1894 3356 1946 3421 7,
1977 3354 2056 3426 8).

453 3443 525 3498 Et
571 3444 707 3499 infra
756 3462 768 3497 :
822 3446 1080 3512 Quoniam
1130 3447 1242 3500 lucc
1279 3462 1401 3515 pars
1449 3455 1656 3512 nostra,
1695 3458 1744 3501 et
1793 3449 1902 3502 tneo
1945 3464 2059 3502 sors

454 3537 644 3605 Una,
670 3537 752 3604 9).

529 3630 618 3686 15.
646 3630 818 3698 Quam
843 3647 1094 3699 magnum
1120 3643 1476 3689 contemnere
1497 3634 1718 3689 divitias
1742 3635 1867 3690 :sed
1896 3649 2055 3706 quam

455 3727 642 3779 rarum
675 3723 776 3778 hoc
800 3725 974 3791 ip-um
1001 3725 1116 3779 est!
1152 3723 1348 3794 Utique
1375 3733 1430 3780 et
1467 3727 1680 3797 Moyses
1715 3729 1885 3794 potuit
1911 3729 2055 3798 regis

456 3821 581 3870 esse
627 3821 950 3881 successor,
980 3817 1222 3871 nutritus
1260 3833 1289 3870 ιι
1335 3820 1475 3888 regis
1516 3819 1647 3873 lilia.
1693 3819 1874 3875 Potuit
1925 3837 2055 3894 ergo

455 3922 578 3962 esse
610 3911 718 3962 ndn
749 3909 926 3962 solum
955 3908 984 3946 ι
1009 3910 1162 3979 quasi
1195 3910 1406 3964 Pharao
1434 3949 1448 3978 ,
1475 3913 1571 3966 sed
1608 3914 1771 3968 etiam
1806 3914 2050 3980 Pharao,

454 4008 512 4056 et
552 4001 764 4056 Pharao"
809 4004 981 4069 potuit
1025 4018 1145 4058 esse
1174 4005 1320 4059 sicut
1360 4005 1607 4078 Moyses;
1643 4017 1870 4078 uterque
1908 4009 2054 4064 enim

433 4093 622 4149 .liomo
656 4111 668 4148 ι
711 4096 807 4149 sed
851 4097 1032 4150 omnis
1062 4099 1303 4164 potentia
1343 4098 1580 4154 hominis
1621 4102 1672 4154 in
1712 4102 1909 4156 all‘ectu
1945 4111 2054 4158 est.

456 4183 672 4254 Moyses
703 4185 874 4238 noluit
903 4202 994 4240 rex
1021 4197 1165 4250 esee,
1189 4203 1310 4241 cum
1335 4199 1517 4255 posset
1545 4208 1559 4244 :
1590 4192 1683 4246 sed
1707 4193 2054 4261 Opprobrium

455 4276 660 4332 Christi
713 4277 981 4331 thesauris
1021 4277 1242 4350 {Egypti
1292 4281 1586 4336 arbitratus
1627 4289 1714 4335 cst
1766 4287 2059 4350 pne-feren-

454 4370 582 4426 dum
617 4389 632 4424 :
663 4370 756 4426 sed
801 4371 1058 4441 liigieudo
1089 4373 1418 4440 potentiam,
1451 4377 1724 4441 potentior
1746 4376 1916 4432 luctus
1943 4389 2056 4444 est;

455 4466 636 4522 Iactus
664 4475 749 4522 est
775 4466 922 4522 enim
956 4467 1009 4521 in
1040 4466 1199 4522 deum
1226 4468 1341 4540 regi
1368 4467 1606 4525 Pharao.
1634 4471 1746 4525 ltex
1770 4481 1887 4525 erat
1913 4470 2056 4526 Pha-

2163 3358 2352 3413 faciem
2386 3358 2744 3427 loqueluuur;
2773 3357 2900 3412 licet
2925 3357 2978 3408 in
3007 3353 3302 3423 Evangelii)
3327 3353 3492 3407 homo
3517 3360 3681 3404 natus
3703 3364 3770 3404 ex

2164 3454 2384 3523 Virgine
2406 3451 2736 3524 apparuerit.
2767 3449 3006 3504 Verbum
3037 3459 3220 3502 autem
3247 3462 3308 3501 se
3341 3461 3437 3515 per
3472 3458 3634 3512 Opera
3671 3443 3771 3500 de-

2163 3547 2567 3602 monstraverit.
2601 3545 2669 3599 Et
2698 3545 2928 3597 fortasse
2956 3542 3059 3596 hoc
3093 3540 3430 3595 declaratum
3459 3537 3524 3592 sit
3549 3537 3727 3607 Moysi
3754 3575 3770 3602 ,

2159 3639 2302 3709 qiiod
2337 3639 2571 3707 populus
2615 3635 2928 3690 Judmornm
2970 3633 3271 3687 moriturus
3300 3637 3482 3694 esset,
3525 3639 3580 3683 et
3617 3627 3771 3696 quin!

2161 3731 2298 3784 iacio
2328 3730 2392 3783 ad
2425 3728 2614 3783 faciem
2637 3727 2910 3782 Christum
2935 3725 3183 3789 vidisset,
3204 3731 3391 3778 etnon
3413 3720 3768 3776 credidisset.

2160 3822 2314 3892 Quod
2345 3822 2389 3876 si
2416 3821 2480 3874 :id
2506 3821 2703 3884 Legem
2735 3819 2962 3883 referas,
2994 3819 3158 3872 etiam
3192 3818 3313 3870 linis
3337 3815 3493 3886 Legis
3509 3813 3773 3870 Christus

2159 3925 2273 3982 est,
2301 3915 2599 3972 secundum
2629 3914 2758 3969 illud
2786 3914 3154 3983 Apostolicum
3181 3930 3194 3967 :
3219 3907 3246 3948 ἀ
3271 3910 3420 3965 Finis
3445 3909 3581 3962 enim
3610 3908 3776 3962 Chri-

2160 4019 2272 4064 stus
2301 4019 2374 4063 est
2404 4008 2686 4064 secundum
2718 4005 2902 4074 Legem
2934 4006 3075 4058 omni
3102 4003 3329 4058 credenti
3355 4001 3534 4073 (Rom.
3566 4014 3602 4055 ιι
3621 4043 3635 4062 ,
3683 4000 3770 4072 ι).

2163 4102 2228 4156 Ει
2255 4113 2466 4156 mortua
2498 4107 2585 4155 est
2609 4099 2764 4169 Legie
2789 4097 3168 4167 interpretatio
3191 4095 3508 4165 corporalis.
3545 4092 3634 4147 ubi
3662 4093 3775 4147 Do-

2166 4195 2343 4248 minus
2387 4195 2640 4247 Christus
2683 4192 2843 4248 lesus
2884 4191 3184 4260 spiritalem
3235 4188 3352 4256 ejus
3391 4187 3622 4258 gratiam
3670 4187 3776 4243 de-

2165 4285 2504 4340 monstravit.
2531 4283 2629 4339 Vel
2655 4293 2803 4338 certe
2828 4283 2950 4353 quia
2981 4296 3172 4338 omnes
3202 4281 3294 4350 qui
3325 4279 3604 4335 Christum
3633 4279 3776 4334 vidi-

2168 4393 2309 4444 mus,
2355 4388 2409 4433 et
2453 4378 2706 4448 buptizuti
2756 4377 2806 4431 in
2844 4374 3064 4430 Christo
3089 4390 3297 4442 sumus,
3343 4373 3538 4428 mortui
3571 4386 3775 4429 sumus

2169 4483 2432 4545 peccato;
2475 4473 2599 4544 quia
2647 4473 2900 4528 viventes
2940 4471 3099 4542 Legis
3142 4468 3375 4525 vinculis
3417 4467 3770 4540 tenebamur.

530 4655 554 4682 ιι
579 4646 738 4727 Rom.
767 4645 925 4727 edin,
945 4646 1068 4712 quia
1088 4659 1190 4727 non
1212 4656 1331 4700 sunt
1354 4659 1672 4727 consumpta?
1696 4652 2048 4727 miserationes
2069 4659 2126 4727 υ
2152 4668 2272 4708 rum
2306 4655 2439 4710 Ltrt.
2485 4663 2542 4710 et
2587 4655 2718 4710 Nov.
2779 4657 3033 4721 alterius,
3065 4669 3186 4726 qum
3240 4653 3468 4722 proinde
3517 4653 3571 4708 in
3624 4669 3776 4712 con-

455 4718 760 4791 ejus._Ali:e
796 4726 844 4791 et
893 4717 1204 4791 ιιιςξκιιιίιι
1251 4729 1417 4791 textu.
1463 4721 1566 4774 Sed
1615 4731 1842 4791 utraque
1889 4723 2048 4779 lectio

455 4783 654 4842 exoriri
687 4789 859 4850 potuit
893 4805 956 4842 ex
989 4783 1154 4846 LXX.
1185 4791 1271 4857 qui
1304 4789 1379 4843 sic
1410 4792 1677 4853 scribunt,
1712 4783 1789 4849 ait
1815 4796 1871 4849 οὐ
1898 4817 2049 4850 aova-

453 4859 765 4936 τιλέσθησαν
786 4859 834 4914 oi
860 4859 1109 4936 οἰκημαοέ
1132 4864 1289 4936 αὐτοῦ
1308 4875 1322 4925 ς
1353 4863 1745 4936 uttndu'roque
1771 4867 1932 4918 modo
1956 4883 2050 4920 ex-

453 4932 643 5000 plicari
698 4939 895 4997 pttlcs’t.
938 4931 1202 4985 Cit-ternm
1247 4934 1292 4986 si
1338 4936 1460 4996 quis
1501 4933 1663 4996 htth
1694 4937 1798 4989 luci
1840 4938 1999 4989 verba
2031 4975 2048 5002 ,

454 5013 614 5070 prout
657 5002 992 5074 hicjnceut,
1023 5017 1145 5074 cum
1181 5005 1244 5056 iis
1275 5005 1474 5074 quibus
1508 5007 1829 5074 exprimitur
1873 5007 1924 5058 in
1967 5022 2056 5060 sa-

452 5076 560 5126 cris
583 5071 881 5134 codicibus,
912 5073 1159 5126 conferre
1190 5073 1441 5140 voluerit,
1477 5071 1591 5131 non'
1613 5075 1890 5131 minimam
1917 5078 2054 5134 inter

453 5141 548 5196 illa
581 5145 807 5209 reperiat
841 5143 1280 5208 discrepantium.

523 5213 551 5252 ιι
576 5215 647 5286 lia
697 5229 827 5268 mss.
870 5228 1079 5270 oinnes.
1112 5215 1252 5286 Edit.
1275 5257 1288 5280 ,
1319 5219 1452 5271 vero
1495 5219 1646 5286 minii
1685 5217 1895 5272 Pharao
1919 5253 1936 5283 ,
1962 5221 2052 5273 sed

449 5285 562 5353 ipse
590 5283 794 5339 Pharao
820 5287 986 5356 potuit
1017 5303 1144 5340 esse.
1183 5285 1430 5357 Uterque.
1465 5283 1571 5344 etc.
1613 5289 1723 5346 Sed
1762 5292 2054 5348 lectionem

451 5371 694 5412 nosiraut
727 5369 983 5424 praestare
1018 5357 1359 5413 manifestum
1384 5369 1486 5414 est.

525 5455 548 5482 σε
579 5444 714 5518 ΔΛιιι,
746 5454 906 5512 atque
933 5446 1056 5500 Era.
1080 5462 1202 5518 rum
1242 5449 1472 5502 maxima
1506 5464 1634 5504 mss.
1672 5459 1823 5518 parte
1852 5468 1864 5504 :
1903 5449 1970 5504 Et
1999 5462 2052 5505 tu

451 5515 497 5568 si
542 5515 616 5588 vis
653 5516 781 5569 deus
823 5515 1174 5584 peccatoribus
1214 5531 1321 5572 esse
1362 5517 1573 5574 ternris
1606 5515 1799 5588 (iussu.
1848 5523 2055 5588 terrori)

451 5587 658 5657 regibus
685 5589 1007 5640 reverentia).
1039 5599 1091 5640 ut
1114 5630 1127 5651 ,
1159 5598 1264 5642 etc.
1297 5590 1436 5643 Edit.
1481 5587 1621 5647 Gill.
1642 5603 1704 5646 ac
1736 5592 1895 5647 Rom.
1917 5635 1930 5657 ,
1980 5587 2049 5646 Et

453 5667 510 5731 tu
531 5675 574 5707 iu
608 5658 678 5731 {is
708 5666 967 5720 tamquam
995 5657 1136 5712 Deus
1158 5664 1509 5727 peccatoribus
1538 5680 1643 5716 esse
1675 5665 1884 5721 terrori.
1913 5666 2050 5731 regi-

411 5759 420 5764 -
453 5726 578 5790 bus;
610 5727 800 5787 Rom,
845 5738 891 5779 et
930 5747 1015 5796 reg
1040 5731 1130 5783 btts
1161 5726 1478 5788 reverentiae.
1523 5731 1724 5788 Verum
1762 5751 1883 5788 cum
1934 5726 2049 5790 lm-c

451 5796 614 5868 lectio
655 5812 783 5868 mss.
833 5799 1089 5868 sull'ragio
1129 5800 1480 5866 dcstituutur,
1525 5817 1577 5859 et
1632 5807 1717 5860 illa
1765 5822 1871 5860 non
1916 5809 2046 5860 Salis

448 5867 671 5942 plenum
704 5866 897 5924 oll'erat
925 5866 1176 5942 sensum,
1210 5875 1380 5945 magis
1417 5875 1671 5948 placuere
1701 5877 1866 5947 verba
1896 5877 2048 5936 cudi-

2154 4735 2360 4780 textum
2418 4727 2875 4794 transcripsimus.
2941 4728 3055 4782 Nec
3104 4739 3282 4782 tamen
3338 4727 3594 4794 displicet
3632 4730 3775 4786 cod.

2153 4796 2289 4882 Reg2
2344 4800 2414 4852 ita
2466 4802 2779 4870 praeferens.
2810 4839 2823 4855 .
3008 4800 3211 4870 regibus
3267 4796 3448 4852 terrori
3495 4814 3559 4851 ac
3617 4815 3776 4855 rere-

2155 4880 2355 4923 rentur.

2225 4951 2253 4996 ά
2294 4959 2449 5017 Rom.
2503 4957 2668 5027 edit.,
2716 4955 2865 5015 Finis
2915 4963 3050 5015 enim
3093 4959 3242 5030 Legit
3287 4971 3361 5014 est
3406 4955 3644 5013 Christus
3696 4965 3776 5018 ad

2148 5033 2407 5102 justitiam
2433 5035 2573 5087 omni
2603 5035 2847 5088 credenti.
2876 5033 2944 5086 Et
2963 5034 3048 5086 hic
3071 5033 3287 5102 quidem
3315 5031 3362 5084 ei
3387 5030 3569 5085 lavent
3597 5044 3778 5099 qttnt—

2157 5115 2289 5174 quot
2319 5120 2461 5160 mine
2489 5115 2702 5158 exstant
2735 5104 3078 5159 Paulinorum
3101 5103 3456 5171 epistularum
3481 5105 3780 5170 exempla-

2158 5180 2258 5244 ria,
2287 5177 2452 5229 immo
2480 5188 2532 5231 et
2561 5176 2878 5230 Ambrosius
2923 5176 3036 5245 ipse
3067 5190 3228 5244 supra
3278 5174 3454 5228 Serm.
3491 5174 3555 5230 5.
3603 5190 3772 5245 num.

2154 5243 2260 5310 2-2,
2311 5253 2471 5312 atque
2522 5247 2687 5309 alibi;
2735 5243 3147 5312 placuit‘tameu
3187 5260 3318 5298 mss.
3353 5259 3415 5297 ac
3461 5251 3569 5298 vet.
3620 5243 3772 5302 edit.

2156 5318 2397 5371 omnium
2445 5315 2731 5372 lectionem
2765 5331 2869 5372 nun
2899 5317 3174 5371 deserere.
3215 5317 3411 5369 lterum
3453 5323 3578 5380 post
3620 5316 3781 5374 duos

2156 5400 2367 5444 versus.
2401 5401 2529 5444 mss.
2567 5399 2775 5457 septem
2798 5427 2814 5449 .
2842 5391 2928 5456 qui
2957 5391 3007 5441 in
3036 5387 3299 5441 Christum
3325 5387 3606 5440 credimus.-
3645 5387 3782 5446 Sed

2156 5458 2335 5513 forsan
2369 5460 2504 5513 alios
2535 5476 2666 5514 mw.
2695 5470 2744 5512 et
2773 5472 2994 5514 cunctas
3021 5461 3153 5515 edit.
3187 5459 3265 5512 sic
3286 5457 3570 5512 emendari
3593 5474 3784 5526 opor-

2157 5539 2273 5584 tere
2303 5531 2476 5582 vieuui
2507 5531 2862 5593 scriptoribus
2884 5573 2897 5594 ,
2944 5529 3087 5601 quod
3124 5547 3227 5582 non
3259 5529 3779 5601 cogit:irenl_5ttpe-

2152 5601 2264 5654 rius
2295 5602 2526 5669 positum
2553 5646 2565 5661 .
2601 5605 2650 5653 in
2680 5595 2976 5671 Eviitigeliii
2996 5602 3268 5655 Chrisltttlt‘
3299 5595 3437 5671 facie
3463 5599 3528 5651 ad
3561 5595 3780 5657 faciem

2150 5673 2532 5726 detnutlstrari.
2564 5673 2750 5740 Inique
2783 5669 2907 5739 post
2949 5674 3111 5726 verha
3143 5688 3158 5725 :
3189 5671 3277 5734 qui
3316 5669 3582 5725 Christum
3626 5674 3784 5726 vidi-

2152 5759 2293 5814 ntus.
2349 5745 2694 5814 Subintellige
2755 5746 2807 5800 iu
2854 5744 3174 5812 Evmgelio.
3219 5742 3338 5798 Non
3383 5741 3526 5799 male
3573 5753 3782 5814 tamen

2151 5812 2286 5886 Reg.
2319 5816 2443 5872 cod.
2478 5817 2564 5888 qui
2591 5813 2797 5872 Christo
2824 5817 3059 5872 vivimus.
3715 5830 3718 5832 ·
