3988 6300
212 331 329 387 1501

1268 328 1336 383 IN
1378 324 1705 386 PSALMUM
1742 324 1957 389 ρινιιι
1999 327 2383 392 EXPOSITIO.

3340 346 3481 406 ιδιη

204 446 293 504 Ubi
315 454 485 500 autem
517 446 571 499 in
600 443 824 501 Christo
850 446 1048 500 mortui
1077 459 1293 509 sumus.
1331 447 1642 502 mortltlcatl
1670 450 1777 502 uti-
1803 464 1848 521 Α
1881 453 1932 506 in
1960 453 2157 523 gloria,
2187 462 2371 525 surget
2400 456 2453 512 in
2489 457 2690 515 virtute
2709 503 2723 527 ,
2762 466 2951 533 surget
2978 470 3181 537 corpus
3211 466 3481 533 spiritale.

205 554 295 610 que
328 552 504 592 sumus
543 538 671 608 Legi
724 554 820 606 per
856 553 1053 607 corpus
1097 538 1333 604 Christi;
1378 549 1437 593 ut
1482 540 1652 594 simus
1693 541 1773 595 al-

207 634 353 686 terius
378 632 465 700 qui
503 646 567 685 ex
623 631 851 684 mortuis
890 634 1213 688 resurrexit.
1266 631 1374 688 Sed
1426 632 1530 687 hoc
1583 634 1775 706 mysti-

207 742 310 783 (illm
356 736 453 780 881.

267 822 343 874 I'l.
383 820 581 874 Μαι-κιρ
609 828 790 875 autem
812 861 827 885 ,
868 819 1108 874 historiae
1139 820 1341 875 veteris
1370 819 1499 876 facit
1526 835 1625 875 nos
1661 836 1776 877 me-

205 912 405 967 minisse
428 912 651 977 debere,
682 927 807 972 ante
836 922 916 967 est
946 913 1014 966 de.
1042 921 1229 966 sancto
1256 912 1440 983 Moyse
1459 955 1473 977 ,
1501 914 1590 982 qui
1619 928 1775 983 roga—

205 1009 270 1059 vit
295 1005 445 1059 Deum
476 1016 529 1058 ut
561 1020 621 1059 se
649 1006 1043 1059 demonstraret
1074 1006 1123 1059 ei
1156 1004 1295 1059 Dens
1317 1045 1332 1068 ,
1361 1012 1416 1058 et
1445 1018 1499 1057 ut
1543 1004 1677 1059 facie
1705 1004 1771 1059 ad

207 1097 367 1154 faciem
403 1114 520 1151 eum
550 1098 781 1153 videret.
816 1098 982 1153 Norat
1023 1099 1206 1167 utique
1235 1109 1453 1151 sanctus
1486 1110 1637 1153 vates
1671 1098 1775 1153 Do-

207 1191 313 1245 mini
341 1189 473 1259 quod
511 1190 841 1246 invisibilem
873 1192 1038 1243 Deum
1083 1189 1219 1244 facie
1253 1190 1319 1243 ad
1352 1189 1545 1244 lucietn
1586 1188 1773 1244 videre

206 1297 293 1334 non
319 1291 489 1349 po~set
518 1299 531 1334 :
565 1283 664 1336 sed
696 1281 913 1335 devotio
937 1293 1123 1336 sancta
1150 1297 1459 1335 mensuram
1486 1296 1776 1350 supergre-

205 1374 340 1435 ditur,
369 1384 418 1430 et
464 1374 669 1441 putavit
711 1375 820 1428 Deo
862 1373 1026 1428 etiam
1062 1373 1164 1428 hoc
1210 1388 1333 1428 esse
1377 1373 1669 1441 posulnle,
1713 1382 1774 1427 ut

206 1470 448 1537 corporeis
490 1468 666 1522 oculis
716 1469 915 1522 taceret
963 1468 1011 1520 id
1046 1468 1191 1533 quod
1234 1477 1315 1522 est
1364 1468 1767 1536 incorporeum,

205 1559 576 1629 cuiuprehendi.
608 1559 728 1613 Non
763 1567 846 1612 est
876 1559 1082 1631 1063
1108 1559 1547 1626 repreltensiltilis
1571 1559 1659 1614 hic
1686 1576 1771 1613 er-

205 1667 297 1713 ror,
342 1653 429 1705 sed
475 1654 639 1706 etiam
687 1661 840 1721 grata
886 1653 1153 1722 cupiditas
1201 1659 1363 1721 atque
1406 1652 1768 1717 inexiitebilis,

203 1745 319 1814 quod
358 1746 635 1799 Dominum
677 1760 836 1800 suum
875 1746 1023 1799 velut
1053 1761 1215 1799 manu
1246 1756 1464 1807 tenere,
1494 1754 1549 1799 et
1578 1747 1769 1799 obtutu

203 1838 445 1892 oculorum
483 1838 674 1892 videre
715 1837 985 1904 cupiebat.
1022 1837 1242 1893 Sciebat
1282 1838 1349 1892 ad
1393 1838 1683 1907 imaginem
1714 1848 1769 1892 et

202 1929 569 1984 similitudinem
616 1930 712 1985 Dei
778 1933 975 1984 factum
1018 1945 1140 1986 esse
1190 1930 1487 1984 hominem.
1540 1931 1769 1996 Quando

202 2024 321 2076 enim
349 2024 544 2079 electus
570 2040 605 2078 a
636 2023 867 2078 Domino
898 2023 1007 2079 Deo
1035 2034 1120 2079 est
1149 2024 1214 2079 ad
1248 2025 1507 2093 populum
1538 2026 1770 2079 liberan-

201 2113 325 2180 dum,
348 2115 599 2185 impletus
616 2126 698 2171 est
721 2116 915 2184 Spiritu
933 2117 1237 2185 sapientiae.
1265 2116 1483 2171 Viderat
1514 2118 1769 2187 angelum

200 2206 324 2261 illum
348 2218 396 2264 et
418 2210 614 2264 faciem
643 2208 763 2279 ejus
791 2210 843 2264 in
869 2211 1062 2280 gloria.
1099 2210 1341 2281 Denique
1369 2210 1613 2282 fulgente
1651 2212 1771 2281 ejus

201 2300 390 2363 lumine.
423 2304 743 2371 pavefactus
762 2315 870 2363 est.
902 2314 956 2359 et
996 2306 1129 2359 vidit
1163 2308 1355 2359 rnlntm
1400 2307 1517 2373 uri,
1566 2316 1619 2361 et
1660 2322 1767 2361 non

200 2396 343 2448 exuri.
378 2405 401 2433 ι
434 2396 623 2451 Visum
656 2398 825 2465 cmpit
856 2396 1234 2466 fulgoremque
1263 2397 1443 2451 mirari
1488 2414 1503 2453 :
1537 2397 1771 2453 accessit

201 2489 453 2557 cupiditate
480 2500 535 2545 et
560 2490 740 2557 gratia
770 2501 1126 2559 provocatus,
1166 2506 1217 2545 ιιι
1250 2492 1564 2557 diligentius
1596 2491 1771 2561 fulgo-

202 2596 298 2634 rem
323 2582 453 2636 illum
488 2584 538 2637 in
577 2583 716 2637 rubo
744 2584 1137 2637 consideraret.
1168 2584 1353 2647 Itaque
1376 2585 1420 2637 si
1452 2593 1655 2637 tantum
1681 2598 1772 2639 ac-

203 2681 324 2739 cepit
345 2674 606 2736 ardorem,
631 2683 831 2727 tantam
856 2674 1019 2728 subiit
1050 2674 1426 2743 cupiditatem,
1451 2691 1572 2727 cum
1604 2689 1770 2744 ange-

201 2764 293 2817 lum
321 2766 525 2821 ridisset
557 2768 616 2820 in
647 2764 683 2819 Il
702 2781 862 2818 itlltlla
895 2766 1033 2834 ignis
1058 2766 1126 2820 de
1150 2767 1313 2831 rttbo,
1340 2776 1398 2820 ttt
1422 2768 1545 2819 licet
1567 2782 1768 2835 pavore

199 2856 536 2922 apprehensus
578 2858 936 2913 coiisiderare
969 2873 1077 2913 non
1107 2856 1370 2920 auderet,
1419 2858 1769 2913 considerare

202 2958 353 3002 tamen
383 2950 537 3005 vellet
568 2966 585 3004 :
620 2960 827 3020 quanto
858 2952 1026 3019 magis
1068 2950 1273 3004 Vultum
1326 2951 1537 3004 Domini
1575 2966 1771 3019 corpo-

202 3044 360 3096 raliter
386 3043 563 3098 videre
594 3042 965 3103 desiderabat,
992 3043 1179 3099 dicens
1207 3044 1344 3098 intra
1376 3059 1437 3099 se
1468 3046 1674 3099 vultum
1707 3046 1769 3099 il-

201 3133 289 3186 lum
320 3136 524 3201 plenum
559 3137 731 3197 lucis,
768 3137 986 3205 plenum
1018 3136 1240 3205 gloriae,
1277 3136 1493 3203 plenum
1527 3137 1765 3203 virtutis,

1877 544 1977 611 Qui
2010 562 2140 616 ergo
2174 548 2289 603 base
2334 551 2475 605 scire
2504 559 2743 617 poterat,
2778 555 2975 609 merito
3018 557 3383 625 prmsumebat
3422 562 3483 612 ut

1874 639 2083 693 vultum
2115 640 2207 694 Dei
2237 641 2424 697 videre
2454 657 2697 712 cuperet,
2729 661 2889 715 quem
2918 660 3063 704 es~et
3103 651 3248 704 obita
3285 666 3484 721 corpu--

1874 732 1951 787 ris
1980 746 2155 788 morte
2182 734 2419 791 visurus.
2459 735 2644 791 Τειίυιιι
2674 750 2824 795 certe
2854 742 3016 795 etiam
3069 742 3296 797 formam
3330 756 3480 801 rece-

1874 838 2045 897 perat,
2083 828 2244 882 taIem
2282 830 2540 885 Dominus
2565 833 2675 899 jam
2707 835 3005 902 probabat,
3035 846 3087 889 ut
3116 850 3220 891 non
3253 836 3483 892 distaret

1872 920 1941 975 ab
1966 921 2171 989 angi-Iis
2200 923 2438 977 caelestis
2467 925 2717 979 minister
2744 940 2798 981 et
2822 937 3113 981 exsecumr
3133 930 3359 984 oraculi.
3409 929 3478 985 Et

1874 1011 1998 1067 ideo
2025 1028 2148 1067 cum
2176 1014 2339 1068 sciret
2387 1017 2512 1083 quia
2544 1018 2720 1087 angi-Ii
2766 1018 3089 1086 pusillorum
3123 1021 3364 1088 quotidie
3397 1022 3473 1075 vi-

1877 1104 2065 1159 derent
2098 1106 2290 1159 faciem
2337 1106 2511 1181 Patris
2539 1110 2629 1178 qtti
2664 1110 2716 1164 in
2765 1113 2921 1167 caelis
2951 1120 3062 1175 est,
3100 1114 3300 1180 putavit
3336 1114 3480 1181 quod

1870 1200 1981 1268 jam
2013 1215 2132 1255 eam
2155 1200 2340 1255 videre
2367 1202 2621 1264 deberet,
2658 1210 2930 1272 tamquam
2962 1204 3163 1258 oblitus
3205 1206 3475 1273 corporis,

1875 1304 1930 1348 et
1960 1308 2124 1348 carne
2166 1292 2448 1361 deposita,
2484 1296 2626 1349 sicut
2668 1294 2761 1349 ille
2802 1296 2893 1363 qni
2928 1297 2981 1351 iu
3029 1312 3261 1366 corpore
3305 1296 3481 1350 adhuc

1875 1388 2104 1456 positus,
2136 1401 2257 1440 cum
2286 1396 2570 1455 raperetur
2599 1388 2649 1441 in
2685 1388 3019 1455 paradisum.
3052 1400 3231 1443 utrum
3269 1388 3321 1442 in
3356 1403 3481 1443 cor-

1875 1495 2030 1549 pore,
2062 1480 2177 1534 sive
2204 1490 2354 1534 extra
2396 1492 2595 1549 corpus
2624 1490 2809 1541 raptus
2842 1491 2981 1536 esset
3014 1481 3079 1535 nd
3112 1485 3327 1536 tertium
3368 1498 3483 1538 cm-

1875 1574 2006 1633 lttm,
2037 1574 2248 1627 nescire,
2274 1586 2333 1627 se
2362 1572 2496 1627 dixit
2541 1574 2559 1637 (
2587 1573 2626 1626 II
2658 1571 2778 1626 Cor.
2811 1588 2920 1633 xu,
2971 1572 3058 1641 ὅ).
3104 1572 3288 1628 Sancti
3331 1575 3479 1628 enim

1875 1667 2037 1721 etiam
2068 1680 2189 1719 cum
2216 1675 2414 1731 gerunt
2439 1681 2661 1732 corpus,
2696 1682 2802 1719 non
2829 1674 2956 1719 sunt
2986 1677 3164 1720 tamen
3197 1668 3250 1719 ιιι
3290 1680 3478 1734 carne,

1875 1757 1968 1811 sed
2005 1758 2057 1810 in
2090 1756 2313 1825 spiritu;
2347 1758 2602 1823 quoniam
2636 1757 2727 1824 qui
2762 1756 2813 1809 in
2835 1756 3134 1821 cupiditate
3159 1766 3215 1810 et
3244 1766 3477 1812 conver-

1801 1862 1845 1923 Β
1873 1850 2085 1905 satione
2134 1859 2262 1903 sunt
2308 1848 2536 1908 carnali.
2584 1848 2695 1903 Deo
2740 1847 2955 1915 placere
2996 1863 3103 1901 non
3151 1858 3397 1917 possunt.
3453 1860 3477 1888 ο

1874 1941 2056 1997 Sancti
2089 1951 2270 1995 autem
2301 1940 2645 1993 conversatio
2675 1940 2727 1993 iit
2755 1953 2922 1993 carne
2968 1955 3074 1994 non
3101 1948 3241 2003 erat,
3275 1941 3370 1996 sed
3419 1941 3477 1997 in

1872 2033 2043 2097 cmlo,
2077 2032 2212 2085 sicut
2246 2029 2451 2085 Paulus
2476 2029 2721 2085 ostendit
2752 2030 2980 2101 (Philip.
3020 2044 3109 2093 In,
3137 2030 3254 2090 ευ).

1944 2123 2033 2178 t9.
2080 2124 2143 2177 Et
2173 2123 2299 2192 quid
2326 2121 2570 2176 dicamut
2600 2121 2667 2175 de
2691 2122 2953 2189 probabili
2977 2121 3254 2177 desiderio
3286 2122 3474 2177 vultus

1872 2215 2077 2269 divini?
2111 2215 2370 2269 Ilomines
2410 2215 2573 2267 etiam
2614 2212 2659 2267 sl
2702 2229 2865 2283 quem
2897 2214 3174 2278 nobilem,
3222 2213 3266 2267 si
3312 2228 3479 2282 quem

1871 2305 2090 2370 fortem,
2143 2304 2189 2359 si
2234 2320 2392 2373 quem
2437 2308 2740 2372 sapientem
2787 2319 2912 2359 esse
2960 2304 3217 2368 audiunt,
3266 2304 3478 2376 1063

1872 2406 2145 2463 tamquam
2186 2410 2347 2465 supra
2377 2396 2650 2450 hominem
2682 2396 3048 2459 arbitrantes,
3079 2400 3477 2467 concupiscunt

1870 2490 2077 2545 videre.
2113 2489 2362 2544 Procedit
2393 2490 2719 2557 imperator.
2760 2486 2786 2526 ά
2826 2492 2983 2555 cuius
3024 2487 3186 2558 regini
3219 2490 3477 2553 potestati

1871 2586 2161 2641 commissa
2195 2598 2317 2653 pars
2358 2594 2437 2638 est
2472 2584 2621 2636 nrltis
2653 2594 2943 2646 terrarum,
2991 2594 3326 2637 concurrunt
3359 2599 3477 2637 om-

1874 2692 1987 2744 nes,
2042 2686 2099 2730 et
2146 2679 2196 2730 in
2246 2686 2396 2731 tanta
2439 2675 2787 2730 multitudine
2827 2676 2976 2730 illum
3008 2681 3185 2729 solum
3231 2677 3480 2745 aspicere

1872 2769 2133 2837 gestiunt,
2164 2776 2221 2821 ct
2246 2767 2313 2819 de
2343 2766 2549 2836 fulgore
2574 2780 2824 2835 purpura:
2853 2766 2973 2834 plus
2992 2765 3248 2835 quiddam
3276 2782 3397 2822 esse
3422 2768 3477 2822 in

1874 2860 2023 2912 vultu
2074 2859 2417 2927 imperatoris
2458 2859 2793 2912 existimant.
2844 2858 3056 2912 Miraris
3101 2860 3147 2912 si
3196 2858 3291 2912 Dei
3334 2858 3481 2914 desi-

1872 2951 2127 3006 derabilis
2161 2953 2338 3003 vultus
2382 2960 2496 3014 est,
2527 2965 2651 3004 cum
2681 2952 3019 3003 Ctmlul‘ttwm
3062 2951 3144 3003 sui
3196 2950 3474 3007 hominem

1876 3042 2143 3097 humanus
2187 3041 2367 3096 omnis
2397 3042 2628 3095 miretur
2657 3041 2922 3096 allectus?
2952 3041 3087 3095 Iline
3130 3040 3288 3096 datur
3320 3041 3480 3097 intel-

1874 3135 1962 3204 ligi
1991 3134 2156 3189 etiam
2191 3135 2345 3197 illud,
2396 3134 2536 3204 quod
2578 3133 2893 3200 imperatori
2939 3135 3312 3200 unusquisque
3355 3133 3478 3187 nuI-o

202 3226 385 3293 plenum
430 3229 755 3283 divinitatis.
792 3227 817 3266 δ
865 3228 981 3282 Non
1031 3228 1151 3297 plus
1196 3244 1411 3295 possunt
1464 3229 1645 3284 dicere
1685 3229 1766 3282 vel
1798 3248 1843 3315 ρ
1878 3230 1978 3282 lius
2008 3244 2132 3283 reus
2152 3229 2395 3284 criminis
2423 3228 2588 3295 gt-stit
2616 3241 2928 3281 occurrere.
2959 3224 3093 3278 Nam
3133 3226 3234 3279 etsi
3266 3224 3475 3279 crimen

201 3324 374 3375 sentire
397 3323 463 3376 de
490 3323 638 3387 Deo;
671 3320 800 3375 Cum
827 3321 969 3377 enim
1000 3325 1429 3376 cottsuomtaverit
1452 3325 1625 3384 homo,
1650 3332 1769 3379 tunc

202 3410 389 3482 incipit:
418 3426 460 3468 et
485 3432 605 3469 cum
636 3415 861 3483 ﬁnierit,
906 3425 1024 3469 tunc
1062 3414 1586 3485 aporiabitur‘(Eccl.
1620 3431 1764 3479 xvut,

204 3502 246 3572 6)
270 3545 283 3567 ,
310 3517 359 3559 ιιι
386 3508 647 3572 scriptum
675 3516 791 3572 est,
819 3507 943 3576 quia
970 3504 1537 3575 incomprehensibilis
1567 3518 1651 3561 est
1674 3506 1765 3562 Dei

202 3604 374 3650 interna
405 3597 685 3667 ntnjostas.

262 3692 335 3744 ιδ.
374 3690 564 3747 Irritus
594 3690 816 3759 quidem
848 3702 964 3746 erat
990 3692 1369 3761 postulationis
1399 3692 1645 3758 eltectus,
1674 3693 1767 3749 sed

204 3782 394 3839 allectus
422 3785 723 3855 probabilis
750 3788 927 3850 servi;
974 3786 1093 3853 quia
1136 3788 1273 3839 ultra
1320 3797 1568 3841 naturain
1615 3803 1767 3842 suam

205 3872 455 3930 devotione
486 3892 810 3946 progressus
837 3876 906 3929 de
950 3878 1161 3932 Domini
1194 3878 1402 3948 angelis
1442 3879 1770 3944 wstitnaliat,

205 3980 428 4034 quantum
458 3971 509 4025 ιιι
535 3971 750 4025 Domini
783 3972 989 4025 vultum
1025 3973 1139 4039 plus
1166 3973 1523 4039 desideraret,
1549 3990 1656 4043 quo
1679 3989 1771 4028 cn-

206 4058 449 4124 piditatetn
495 4079 651 4116 suam
701 4064 929 4131 gestiret
971 4065 1214 4129 explere.
1265 4064 1499 4119 Noverat
1549 4067 1601 4120 in
1656 4070 1771 4134 ipso

208 4150 395 4208 homine
424 4155 583 4209 aliain
618 4165 735 4222 post
785 4163 1010 4207 mortem
1046 4154 1279 4209 futuram
1311 4157 1541 4225 gloriam
1563 4197 1577 4220 ,
1608 4156 1769 4211 aliain

206 4240 494 4301 claritutetn.
525 4246 685 4301 Sicut
710 4248 852 4301 enim
885 4248 1037 4301 stella
1068 4263 1096 4301 a
1129 4250 1282 4302 stella
1311 4249 1363 4303 in
1387 4250 1634 4305 claritate
1664 4260 1768 4315 est,

207 4332 268 4389 ita
292 4349 339 4391 et
362 4341 684 4395 resurrectio
708 4355 1045 4395 mortuorum
1076 4359 1089 4394 :
1119 4357 1239 4409 (Illic
1260 4343 1360 4396 etsi
1393 4343 1689 4398 seminatur
1717 4345 1769 4397 ιιι

207 4434 545 4503 corruptione,
574 4443 763 4506 surget
796 4445 973 4491 tamen
1002 4436 1053 4489 in
1101 4437 1545 4505 incorruptione,
1588 4446 1773 4507 surget

1877 3323 2078 3377 haheat
2119 3322 2471 3381 conscientia,
2508 3328 2698 3390 tegunt
2741 3319 2874 3375 illtnl
2926 3330 3102 3373 tamen
3150 3317 3338 3373 cordis
3382 3332 3480 3373 oc-

1875 3418 2041 3482 culta,
2072 3414 2367 3469 dummodo
2397 3416 2612 3484 publico
2639 3429 2744 3467 non
2777 3416 2847 3467 sit
2874 3412 3149 3467 iuviilutns
3172 3424 3347 3474 reatu.
3378 3425 3481 3467 nec

1876 3509 1947 3563 sit
1973 3508 2190 3574 aliquod
2229 3507 2350 3576 ejus
2377 3508 2582 3561 crimen
2611 3519 2938 3575 expressum
2970 3520 2984 3556 :
3017 3503 3254 3571 denique
3283 3504 3371 3559 ubi
3401 3500 3481 3559 rei

1873 3603 2044 3671 aliqui
2083 3601 2282 3656 fuerint
2326 3610 2349 3637 θ
2382 3600 2653 3665 adVocati,
2702 3607 2757 3654 et
2800 3598 3118 3666 imperatori
3151 3613 3210 3652 se
3252 3606 3310 3652 ct
3349 3597 3482 3665 ipsis

1866 3693 2141 3762 judicihus
2164 3692 2359 3747 olt'erre
2381 3692 2735 3761 prohibentur
2760 3708 2774 3744 :
2799 3688 3258 3759 quemadmodum
3288 3699 3475 3755 turpes

1872 3786 2128 3841 lenonum
2171 3786 2627 3854 tneretrieutnqne
2677 3799 2923 3852 personae
2967 3798 2997 3835 ιι
3040 3791 3339 3849 compertu
3390 3781 3475 3835 vel

1870 3880 2088 3949 judicis,
2121 3880 2202 3931 vt-l
2238 3879 2583 3943 imperatoris
2610 3886 2901 3938 arcentur;
2938 3891 3004 3929 ne
3036 3874 3475 3941 turpissimarum

1876 3974 2025 4027 visus
2076 3972 2316 4027 otI‘i-ndat
2358 3971 2540 4025 vultus
2590 3970 2724 4039 regii
2770 3968 3095 4023 claritatem.
3146 3967 3249 4032 Qui
3293 3976 3477 4022 autem

1881 4067 2019 4120 bene
2050 4067 2149 4119 sibi
2178 4064 2427 4119 conscius
2453 4071 2569 4128 est,
2604 4062 2805 4117 nullius
2842 4060 3086 4117 criminis
3114 4076 3278 4123 reus.
3324 4064 3480 4131 quasi

1882 4160 2143 4213 innocens
2175 4156 2350 4223 prodit
2384 4157 2435 4209 in
2470 4157 2726 4209 ntetlintn.

1948 4250 2040 4305 20.
2086 4250 2162 4304 Ex
2201 4248 2285 4301 Itis
2321 4264 2451 4315 ergo
2493 4249 2665 4303 sancti
2708 4248 2908 4320 Moysis
2949 4249 3482 4318 comprehendamus

1880 4344 2156 4399 allectum.
2187 4341 2386 4397 Videre
2420 4342 2512 4396 Dei
2541 4340 2794 4395 voltutn‘
2830 4342 2986 4410 quasi
3030 4345 3291 4397 innocens
3335 4343 3483 4399 velut

1879 4438 2115 4508 quodam
2155 4436 2304 4489 vultu
2344 4434 2695 4489 conscientia:
2734 4435 3089 4490 desiderabat
3129 4453 3143 4488 :
3177 4438 3392 4505 aperire
3429 4438 3483 4493 ei

269 4618 288 4644 "
328 4610 411 4667 Sic
436 4629 564 4667 mss.
595 4612 837 4680 BXCeplis
864 4611 1103 4675 duobus,
1139 4612 1227 4664 ubi
1263 4613 1457 4674 legitur
1490 4632 1503 4668 :
1544 4613 1673 4667 Visu
1694 4631 1772 4669 τε·
1802 4622 1856 4681 D
1882 4612 1964 4667 his
1989 4626 2127 4681 quos
2153 4626 2249 4680 per
2270 4610 2571 4666 absentiam
2591 4620 2877 4667 accusatos
2900 4626 3099 4679 praess
3122 4612 3482 4681 requirendos

206 4680 272 4748 pit
293 4685 536 4752 fulgorem
561 4728 576 4749 ,
609 4702 754 4747 quem
780 4686 961 4737 mirari
991 4686 1222 4737 arcessit.
1256 4685 1334 4739 Ab
1362 4684 1449 4738 llis
1479 4685 1638 4739 etiam
1670 4703 1773 4739 non

206 4751 490 4877 discre‘pant
523 4757 652 4809 edit.
694 4754 798 4808 nisi
836 4757 978 4825 quod
1021 4753 1349 4823 pra-ferunt,
1381 4772 1525 4821 quem
1565 4757 1777 4810 miratus

206 4836 353 4877 access
377 4835 413 4877 t.

264 4893 290 4933 δ
331 4896 470 4950 Edit.
498 4913 689 4952 omnes
722 4897 827 4951 hoc
858 4898 959 4952 loci
991 4897 1265 4950 addebant
1308 4916 1319 4950 :
1356 4898 1521 4962 Quem
1552 4916 1657 4953 esse
1697 4900 1779 4953 di-

208 4967 337 5048 cant?
378 4968 661 5039 Eleganter
705 4970 962 5039 quidem,
1010 4978 1066 5023 at
1105 4970 1237 5024 nihil
1295 4970 1397 5024 tale
1438 4970 1488 5023 in
1521 4986 1653 5024 mss.
1697 4974 1779 5025 inv

207 5048 393 5093 Venias.

271 5138 290 5165 ο
332 5130 504 5195 ΕιΙὶι.,
547 5132 731 5187 Sancti
767 5142 937 5184 autem
976 5132 1357 5185 conversatione
1394 5133 1445 5186 in
1486 5148 1639 5186 carne
1684 5149 1785 5187 non

209 5211 327 5270 ιιιιι.
359 5201 471 5256 lino
496 5221 623 5257 mss.
658 5219 763 5256 non
787 5213 953 5255 erant.
998 5206 1099 5254 Alii
1130 5219 1261 5257 vero
1288 5218 1479 5257 omnes
1522 5218 1574 5257 nt
1622 5220 1785 5270 supra

211 5269 258 5346 in
283 5288 518 5346 corpore.
549 5277 810 5330 Putatnns
832 5287 1011 5326 autem
1040 5289 1226 5327 vocem
1246 5315 1260 5336 ,
1288 5278 1482 5339 sancti,
1514 5276 1581 5327 de
1605 5277 1785 5346 Moyse

212 5337 620 5413 intelligendam,
650 5350 807 5414 cujus
849 5347 1323 5398 conversatioiicttt
1366 5350 1416 5399 in
1448 5337 1589 5400 caelo
1617 5337 1787 5402 fuisse

214 5424 384 5469 Mter
410 5432 475 5470 ett
504 5420 718 5485 prohat,
762 5417 902 5485 qttnd
934 5420 1094 5469 talem
1135 5433 1256 5473 esse
1295 5430 1611 5472 sanctorum
1653 5433 1785 5472 con-

216 5488 549 5543 versationem
594 5492 790 5542 doceat
824 5488 1135 5554 Apostolus.

272 5572 298 5611 ⁸
334 5577 489 5635 Rom.
510 5582 641 5636 edit.
662 5621 677 5647 ,
704 5584 786 5635 cui
805 5583 896 5653 jus
914 5582 1093 5635 datum
1115 5593 1188 5637 est
1212 5584 1371 5652 regia:
1392 5584 1673 5652 potestatis,
1702 5587 1786 5639 cui

216 5661 470 5705 comnttssa
488 5695 503 5717 ,
533 5664 641 5708 etc.

280 5750 307 5777 ⁶
344 5740 541 5799 Eadem
573 5746 731 5800 Rom.
758 5732 1209 5810 cdit.,'adnotati.
1243 5746 1488 5801 Sutnitttr
1516 5756 1693 5801 autem
1724 5764 1788 5803 ea

220 5825 315 5883 vos
344 5812 398 5870 in
442 5815 586 5889 iure,
616 5820 959 5891 potissimum
989 5817 1191 5889 duplici
1221 5818 1384 5876 modo
1426 5836 1439 5875 :
1475 5818 1649 5892 primo
1691 5835 1790 5893 pro

1882 4687 1934 4738 iit
1964 4698 2080 4736 acta
2115 4683 2295 4735 retulit
2328 4699 2339 4732 :
2373 4684 2612 4736 secundo
2658 4698 2754 4751 pro
2784 4683 2892 4738 illis
2936 4700 3072 4749 quos
3114 4683 3482 4751 ili-portandus

1882 4770 2088 4824 prtcses
2117 4753 2417 4812 adnotavit,
2446 4769 2526 4804 Vet
2550 4752 2617 4806 de
2642 4754 2829 4824 iisdem
2859 4752 3209 4821 deportandi~
3245 4753 3307 4807 ad
3335 4771 3382 4822 pi
3404 4760 3481 4808 in.

1880 4823 2054 4890 cipem
2084 4825 2342 4891 scripsit;
2378 4832 2437 4877 ιιι
2467 4826 2621 4877 docet
2655 4823 2821 4876 Briss.
2857 4824 2923 4876 ad
2960 4824 3099 4878 hanc
3130 4840 3336 4877 vocent.
3371 4826 3480 4880 Sed

1880 4913 2002 4950 cum
2024 4907 2269 4949 neutram
2295 4911 2361 4949 ex
2386 4898 2469 4949 his
2491 4895 3027 4959 iuterpretationitms
3048 4898 3178 4948 satis
3194 4898 3483 4951 commode

1882 4970 2133 5021 admittat
2175 4969 2345 5019 series
2389 4968 2680 5029 orationis,
2729 4982 2961 5036 cumque
3006 4982 3195 5021 Omnes
3240 4982 3366 5020 mss.
3418 4982 3483 5023 ac

1884 5049 1991 5093 vet.
2028 5040 2160 5093 edit.
2206 5038 2330 5091 huic
2361 5039 2479 5090 νυοί
2522 5036 2896 5102 refragantur,
2932 5035 3218 5090 dicendum
3255 5052 3345 5087 νο-
3381 5036 3484 5091 hoc.

1890 5111 2010 5163 loco
2036 5111 2139 5161 dici
2170 5110 2493 5169 advocatos,
2528 5109 2617 5175 qui
2658 5124 2862 5161 crimen
2907 5123 3061 5161 Stilltlt
3098 5112 3270 5176 palam
3307 5107 3481 5162 laten—

1887 5191 1991 5234 tnr.
2016 5180 2146 5233 Nam
2176 5184 2444 5231 advoeare
2463 5178 2733 5231 interdum
2758 5179 3007 5246 usurpati
3034 5195 3127 5244 pro
3152 5196 3264 5233 rent
3286 5184 3483 5237 tat-tarn

1889 5267 2210 5319 agnoscere,
2244 5259 2299 5303 et
2327 5250 2449 5303 hinc
2471 5261 2649 5304 nrtntn
2679 5255 2912 5303 traxisse
2936 5250 3201 5305 Gallicum
3232 5251 3484 5313 verbum,

1889 5339 2112 5381 avorter,
2149 5325 2409 5388 scriptum
2466 5324 2708 5389 reperies
2754 5324 2806 5373 iit
2852 5322 3137 5375 Gloss-ario
3185 5321 3487 5376 doctissimi

1888 5393 2075 5455 Cttttgtii
2094 5392 2157 5446 atl
2180 5392 2320 5446 idem
2347 5393 2592 5445 vet‘ltntu.
2615 5391 2886 5445 Cati-runt
2918 5395 3007 5445 litt.
3032 5408 3097 5445 xv
3115 5393 3248 5445 (ἶοιΙ.
3269 5390 3480 5445 Tlteoil.

1891 5468 1973 5519 lit.
2009 5466 2037 5517 7
2067 5468 2127 5517 de
2158 5465 2405 5523 Scenicis.
2442 5466 2545 5532 leg.
2583 5463 2647 5515 12
2671 5504 2686 5525 ,
2732 5475 2952 5515 cautum
2990 5475 3102 5524 est,
3149 5480 3216 5516 ne
3248 5464 3487 5527 turpium

1893 5551 2252 5607 perstittarmn
2302 5536 2634 5607 pit-tttras__itt
2666 5536 2803 5607 locis
2829 5536 2917 5587 ulti
2950 5544 3340 5589 Consecuntur
3374 5532 3481 5607 int:

1895 5604 2200 5676 peratorum
2234 5608 2518 5674 imagines.
2553 5605 2711 5658 liceat
2737 5606 2990 5659 adnotare
3012 5622 3031 5659 :
3065 5607 3209 5675 quod
3237 5604 3489 5660 nonnihil

1892 5678 2079 5733 Anthr.
2114 5680 2293 5731 locum
2330 5678 2588 5730 illustrat.

1971 5749 1990 5788 ί
2036 5751 2113 5804 Ita
2149 5767 2280 5803 mss.
2320 5748 2464 5803 Edit.
2508 5764 2760 5813 vero,....
2800 5750 2950 5818 quasi
2985 5750 3229 5803 innocens
3265 5747 3483 5813 volebat,

1893 5823 2028 5880 velut
2072 5822 2391 5897 quodam...
2432 5821 2618 5878 montis
2656 5822 2886 5879 intentis.
2922 5818 3213 5894 Cognoui,
3262 5830 3369 5878 etc.
3419 5820 3490 5875 At
