3988 6312
433 340 574 397 1505
1755 322 2004 382 suum
2025 320 2360 399 manus"
3593 319 3735 377 tatu

425 457 624 513 faciem
675 455 872 511 mentis
914 454 1166 516 internae,
1210 446 1466 518 cognosci
1512 444 1722 515 plenius
1763 441 2028 513 gestiebat
2054 456 2110 515 Α
2133 455 2295 496 mune
2341 438 2598 495 collatum
2629 449 2741 506 est,
2777 438 2971 495 saltem
3000 436 3206 510 aliquid
3244 438 3373 494 inde
3401 439 3735 510 pauperibus

430 561 488 608 et
515 551 752 620 Moyses,
777 560 829 605 ει
852 547 968 619 ipse
989 553 1210 600 sanctus
1233 541 1425 607 David,
1449 540 1540 612 qui
1561 539 1690 594 alibi
1714 537 1790 593 ait
1817 554 1831 590 :
1860 534 2034 589 Proba
2133 547 2393 612 aspergas
2417 551 2431 588 :
2467 545 2523 588 ut
2551 533 2748 604 quibus
2770 531 2911 602 juris
2940 531 3015 587 lui
3040 532 3374 589 consortium
3405 531 3576 589 debes
3599 574 3616 598 ,
3648 534 3734 589 bis

433 660 545 709 me,
577 643 824 703 Domine.
857 649 902 694 et
931 647 1069 693 tenta
1107 653 1187 690 me
1229 633 1402 707 (Psol.
1434 647 1570 698 xxv,
1601 629 1681 702 2).
1724 628 1844 685 Non
1886 628 2030 684 enim

432 736 602 791 vellet
631 732 847 803 probari
879 731 924 785 si
975 730 1028 783 in
1057 744 1116 784 se
1145 729 1354 783 crimen
1386 732 1708 794 agnosceret
1735 739 1748 774 :
1781 736 1881 776 nec
1911 730 2032 777 teu-

432 830 568 892 tari,
617 827 663 880 si
710 823 1050 895 passionibus
1098 821 1356 894 gravibus
1401 833 1462 873 se
1507 817 1674 873 sciret
1714 815 2031 870 obnoxium.

433 921 600 977 Liber
627 918 791 989 igitur
815 932 844 971 a
866 924 1110 984 peccato,
1142 915 1251 968 Deo
1278 927 1338 967 se
1361 909 1592 980 cupidus
1616 907 1901 963 olTercbat.
1927 905 2033 961 Sed

433 1011 668 1067 Iortasse
685 1010 812 1081 quia
838 1007 1017 1063 adhuc
1041 1003 1500 1076 frequentioribus
1513 1002 1608 1056 Dei
1634 997 2038 1055 visitationibus

436 1107 673 1162 mundus
713 1120 744 1158 a
792 1103 925 1156 vitio
956 1117 1064 1156 non
1114 1099 1276 1166 foret,
1325 1113 1431 1151 non
1479 1096 1640 1150 fuerit
1678 1093 1736 1148 in
1768 1091 2039 1163 principio

437 1202 712 1274 perfectus
741 1239 756 1262 ,
791 1205 981 1266 utpote
1009 1195 1093 1250 cui
1134 1203 1264 1248 ante
1307 1189 1583 1262 paululum
1628 1188 1828 1242 dictum
1875 1194 1993 1240 erat
2025 1205 2037 1237 ;

438 1297 596 1352 Solve
637 1293 1036 1348 calceamentunt
1081 1286 1271 1358 pedum
1316 1294 1522 1338 tuorum
1553 1279 1765 1350 (Exod.
1808 1293 1895 1346 ιιι,
1929 1276 2037 1344 5);

437 1390 574 1444 illud
607 1388 795 1459 utique
825 1385 1252 1440 calceamentum
1284 1377 1426 1450 quod
1473 1377 1540 1432 de
1566 1374 1806 1447 Egypto
1833 1372 2043 1428 detule-

436 1493 545 1548 rat,
578 1483 679 1536 hoc
707 1489 814 1545 est,
858 1491 1141 1547 corporeae
1184 1470 1615 1530 conversationis
1657 1468 2040 1530 involucrum;

439 1577 563 1634 ideo
589 1575 727 1630 dicit
750 1574 799 1628 ei
832 1572 1090 1626 Dominus
1115 1586 1127 1622 :
1156 1566 1324 1623 Nemo
1346 1565 1614 1620 hominum
1638 1561 1826 1616 videbit
1858 1561 2044 1632 [aciem

441 1687 607 1726 meam
629 1711 643 1736 ,
673 1678 721 1723 et
741 1669 892 1722 vivet.

511 1763 604 1817 21.
645 1758 872 1828 Quando
901 1765 1081 1811 autem
1116 1753 1166 1808 id
1194 1753 1401 1807 dictum
1433 1752 1536 1819 sit,
1567 1749 1876 1805 considera.
1902 1747 2046 1802 Non-

2133 626 2389 682 alimenta
2418 641 2522 681 non
2552 625 2810 697 deneges.

2204 720 2294 776 25.
2332 721 2426 776 Est
2451 721 2614 777 etiam
2643 721 3034 777 misericordiae
3058 720 3265 777 donare
3291 729 3576 792 peccatum
3617 737 3630 773 :
3681 729 3741 775 et

2137 813 2528 870 misericordiae
2556 823 2672 879 est,
2721 824 2775 870 et
2809 815 3036 885 iustitiae
3076 824 3178 870 est.
3227 815 3468 885 Denique
3509 814 3739 884 iustitiae

2137 909 2358 964 ascribit
2400 909 2680 978 Scriptura
2723 909 2900 965 divina
2944 908 3156 965 veniam
3211 918 3560 980 peccatorum
3587 950 3602 975 ,
3650 923 3746 964 se-

2137 1003 2371 1059 cundum
2414 1003 2542 1058 illud
2584 1002 2728 1072 quod
2760 1003 2922 1058 hodie
2963 1003 3160 1057 lectum
3213 1014 3295 1057 est
3339 1019 3353 1056 :
3401 1001 3745 1056 Benedictum

2139 1097 2336 1168 lignum
2376 1095 2404 1134 δ
2431 1097 2571 1160 quod
2615 1098 2675 1167 ﬁt
2719 1114 2809 1168 per
2827 1097 3088 1166 justitiam
3116 1098 3149 1150 :'
3182 1096 3515 1150 maledictum
3565 1105 3744 1150 autem

2143 1187 2338 1260 lignum
2365 1189 2502 1259 quod
2539 1189 2599 1258 ﬁt
2625 1205 2715 1259 per
2743 1204 2926 1243 manus
2951 1191 3214 1243 hominum
3255 1187 3423 1260 (ευρ.
3460 1204 3585 1256 xtv,
3631 1189 3664 1244 7
3694 1199 3748 1243 et

2142 1280 2220 1352 8).
2255 1281 2518 1351 Superius
2544 1282 2609 1336 ad
2649 1296 2866 1338 crucem
2894 1283 3108 1337 Domini
3135 1281 3342 1346 retulit,
3379 1283 3656 1351 posterius
3675 1281 3746 1337 ad

2144 1390 2388 1431 errorem
2436 1376 2719 1445 gentilium
2746 1417 2761 1442 ,
2805 1376 2897 1448 qui
2945 1375 3087 1442 ligna
3129 1383 3480 1430 venerantur.
3525 1374 3746 1431 Iustitia

2145 1475 2324 1522 autem
2355 1483 2474 1538 qua:
2501 1477 2586 1522 est
2614 1467 2792 1523 crucis
2811 1508 2825 1534 ,
2858 1468 2960 1523 nisi
2988 1467 3132 1538 quod
3162 1467 3461 1524 ascendens
3486 1468 3619 1522 illud
3651 1483 3751 1538 pa—

2148 1561 2376 1616 tibulum
2407 1563 2664 1617 Dominus
2677 1561 2836 1621 Iesus
2860 1561 3130 1625 Christus,
3159 1569 3504 1630 peccatorum
3527 1570 3749 1618 ucstro-

2149 1669 2265 1708 rum
2284 1653 2706 1724 chirographum
2723 1653 3010 1720 cruciﬁxit,
3035 1663 3092 1710 et
3112 1655 3275 1708 totius
3290 1653 3440 1710 orbis
3463 1663 3750 1722 peccatum

2147 1761 2248 1801 suo
2274 1762 2468 1802 cruore
2498 1746 2898 1802 mundavitiln
2929 1765 3036 1818 quo
3061 1763 3190 1818 ergo
3218 1747 3396 1816 justus
3427 1748 3574 1803 Deus
3599 1790 3616 1816 ,
3648 1747 3756 1803 nisi

444 1855 572 1910 dum
601 1853 648 1908 ei
677 1851 879 1906 dictum
913 1857 1032 1904 erat
1064 1864 1078 1901 :
1112 1843 1330 1898 Faciam
1356 1853 1402 1896 te
1432 1844 1486 1896 in
1512 1841 1666 1896 deum
1696 1841 1801 1911 regi
1831 1837 2045 1892 Pharao
2077 1838 2124 1898 B
2150 1839 2203 1894 in
2235 1854 2301 1894 eo
2327 1840 2450 1910 quia
2489 1840 2645 1895 scivit
2671 1840 2814 1911 quod
2862 1841 2930 1896 de
2961 1839 3089 1895 limo
3120 1853 3282 1896 terra:
3313 1841 3589 1896 hominem
3617 1842 3759 1912 ﬁgu-

448 1945 650 2021 (Exod.
682 1958 786 2008 vn,
816 1939 892 2012 l).
929 1949 955 1977 ει
1007 1938 1200 1994 Adhuc
1233 1937 1397 1990 homo
1425 1943 1571 2002 erat,
1601 1943 1657 1990 et
1686 1933 1808 1988 ideo
1839 1930 1969 1986 illud
1996 1929 2046 1984 ei

445 2041 580 2094 dicit
613 2056 627 2094 :
674 2048 965 2107 processus
1007 2033 1055 2086 ei
1095 2030 1438 2095 debebatur,
1469 2036 1526 2082 ut
1557 2029 1609 2081 in
1649 2027 1810 2081 deum
1855 2025 2045 2089 ﬁeret;

448 2142 505 2187 et
533 2132 656 2185 ideo
681 2128 890 2183 dictum
929 2134 1014 2181 est
1040 2122 1092 2178 ei
1123 2140 1136 2176 :
1173 2124 1246 2177 De
1292 2121 1512 2176 homine
1553 2119 1684 2185 dixi,
1715 2117 1920 2173 desiste
1952 2117 2051 2171 ho-

451 2224 613 2281 minis
642 2221 844 2278 habere
873 2227 1091 2290 peccata
1111 2258 1125 2282 ,
1157 2224 1212 2272 et
1241 2213 1451 2270 videbis
1484 2211 1677 2268 faciem
1705 2226 1902 2266 meam.
1947 2209 2048 2278 Qui

449 2316 596 2370 enim
628 2314 820 2369 faciem
862 2325 1037 2365 meam
1082 2307 1252 2375 videt,
1297 2305 1460 2362 debet
1489 2319 1613 2360 esse
1643 2305 1762 2359 sine
1801 2312 2048 2374 peccato.

449 2408 558 2464 Sed
583 2408 708 2477 quia
743 2407 907 2461 homo
936 2402 1054 2458 sine
1082 2410 1308 2472 peccato
1332 2413 1455 2455 esse
1480 2413 1591 2452 non
1616 2405 1816 2466 potest,
1850 2395 1975 2450 ideo
1997 2404 2054 2475 ut

451 2509 510 2561 in
531 2507 616 2562 dei
641 2505 1059 2576 appellationem
1081 2503 1251 2572 possit
1279 2513 1622 2566 excrescere,
1651 2506 2052 2552 commonetur.

452 2601 520 2657 Et
563 2599 690 2671 quid
735 2599 804 2653 de
831 2597 917 2653 dei
957 2595 1325 2666 appellatione
1366 2591 1583 2647 dicam?
1627 2591 1758 2646 Esto
1805 2590 2049 2660 angelus,

451 2695 557 2749 hoc
583 2704 689 2756 est,
721 2692 890 2746 divini
917 2689 1166 2744 minister
1193 2685 1432 2757 imperii,
1458 2685 1763 2754 obsequere
1789 2681 2057 2737 mandatis

452 2785 689 2842 Domini.
720 2784 853 2838 Cum
878 2781 1046 2856 fueris
1073 2780 1304 2850 angelus
1325 2819 1340 2844 ,
1362 2777 1572 2832 videbis
1593 2776 1784 2830 faciem
1817 2773 2054 2829 Domini.

459 2878 711 2947 Magnum
762 2883 846 2928 est
887 2873 1075 2927 videre
1129 2872 1219 2924 Dei
1271 2869 1500 2924 vultum.
1535 2866 1647 2922 Lex
1692 2866 1788 2920 tibi
1834 2865 1966 2920 dicit
2003 2873 2062 2919 ut

454 2971 620 3027 tertio
652 2980 702 3023 te
729 2967 929 3024 ollcras
959 2965 1012 3019 in
1051 2962 1414 3019 Hierusalem.
1466 2961 1584 3030 Ipse
1618 2960 1874 3014 Dominus
1903 2958 2061 3013 Jesus

458 3064 534 3118 ait
580 3081 593 3117 :
642 3059 791 3117 Beati
836 3056 1031 3112 mundo
1074 3054 1262 3120 corde;
1311 3055 1411 3123 ipsi
1454 3054 1589 3107 enim
1615 3050 1782 3105 Deum
1821 3050 2062 3106 ridebunt

458 3155 691 3232 (Matth.
724 3170 787 3220 v,
832 3150 921 3223 8).
966 3149 1222 3207 Advertis
1259 3147 1390 3217 quid
1423 3162 1452 3201 a
1486 3155 1541 3201 te
1573 3145 1855 3213 exigatur,
1890 3153 1946 3198 ut
1981 3143 2064 3198 vi-

2151 1932 2316 1998 ravit,
2349 1948 2471 2002 qua:
2496 1941 2637 1988 terra
2671 1933 2858 2003 utique
2887 1933 3211 2001 corruptela:
3256 1933 3488 1988 obnoxia
3533 1944 3618 1989 est
3647 1977 3662 2001 ,
3690 1949 3756 1990 ac

2151 2025 2281 2080 vitio
2311 2026 2533 2080 lubrica:
2573 2025 2888 2096 passionis?
2932 2025 3225 2096 Propterea
3272 2040 3405 2096 ergo
3448 2026 3713 2081 Dominus
3740 2068 3756 2090 ,

2152 2118 2243 2187 qui
2271 2117 2570 2174 secundum
2593 2119 2826 2173 animam
2861 2126 2912 2174 te
2939 2119 3005 2174 ad
3038 2119 3326 2189 imaginem
3354 2129 3408 2175 et
3437 2120 3752 2175 similitudio

2155 2227 2275 2266 nem
2306 2212 2390 2266 sui
2415 2210 2571 2278 fecit,
2601 2215 2702 2267 hoc
2731 2223 2816 2268 est
2838 2255 2853 2278 ,
2878 2213 3254 2269 rationabilem
3279 2257 3294 2281 ,
3320 2214 3524 2284 justum
3553 2257 3568 2282 ,
3604 2216 3763 2285 pudi-

2154 2321 2277 2363 cum
2307 2307 2324 2374 (
2353 2306 2404 2361 iu
2433 2321 2499 2362 eo
2524 2306 2670 2362 enim
2697 2305 2764 2362 ad
2795 2305 3086 2378 imaginem
3121 2306 3213 2362 Dei
3239 2322 3298 2362 es
3317 2347 3333 2373 ,
3358 2308 3404 2362 si
3434 2308 3509 2362 sis
3534 2308 3719 2376 justus
3745 2350 3759 2373 ,

2157 2413 2213 2455 ut
2235 2401 2309 2454 sis
2337 2401 2516 2470 imago
2539 2399 2763 2470 iustitia:
2789 2418 2803 2453 :
2846 2399 2891 2454 si
2917 2399 2995 2455 sis
3021 2409 3225 2466 castus,
3251 2409 3308 2454 ut
3339 2399 3672 2456 immaculati
3707 2401 3760 2455 in

2157 2502 2211 2548 te
2244 2493 2410 2561 ﬁgura
2441 2491 2784 2562 praefulgeat)
2815 2493 2992 2548 sciens
3018 2507 3150 2562 ergo
3177 2495 3473 2549 secundum
3511 2495 3764 2565 corporis

2157 2584 2503 2656 fragilitatem
2527 2587 2852 2655 corruptelae
2876 2596 3062 2656 patere
3081 2585 3376 2651 hominem,
3401 2586 3556 2655 quasi
3580 2587 3766 2657 justus

2158 2677 2334 2747 fragili
2365 2677 2696 2748 lubrictequc
2728 2689 2935 2734 natura:
2964 2679 3159 2734 delicta
3189 2681 3476 2734 concessit.

2231 2770 2320 2825 24.
2355 2772 2430 2826 Ac
2461 2787 2529 2826 ne
2553 2771 2690 2827 forte
2718 2771 2860 2826 dicat
2892 2773 3087 2842 aliquis
3113 2791 3126 2828 :
3155 2772 3267 2827 Cur
3288 2787 3421 2843 ergo
3451 2772 3620 2826 Adam
3651 2787 3767 2827 ma-

2160 2864 2361 2920 ledicto
2405 2864 2796 2935 sententiaaque
2845 2863 3156 2933 subiacuit?
3205 2863 3476 2935 Numquid
3531 2863 3768 2934 injustus

2162 2957 2349 3012 Deus?
2377 2955 2493 3011 Non
2523 2958 2728 3026 utique.
2755 2955 2864 3012 Sed
2890 2957 3012 3026 quia
3031 2957 3180 3025 quasi
3214 2956 3391 3028 fragili
3422 2966 3583 3027 atque
3613 2955 3770 3011 inﬁr-

2164 3066 2254 3106 mo
2281 3051 2408 3121 quid
2436 3060 2656 3106 caveret
2684 3059 2810 3106 ante
2837 3049 3168 3120 praescripsit
3197 3050 3466 3123 (inﬁrmus
3489 3051 3632 3105 enim
3659 3065 3767 3105 non

2165 3157 2428 3209 usurpare
2457 3143 2657 3209 debet,
2693 3143 2787 3198 sed
2817 3143 3042 3199 obedire
3069 3142 3386 3216 mandatis),
3416 3153 3439 3182 ο
3477 3142 3600 3198 ideo
3623 3157 3770 3213 prte-

461 3217 592 3304 doas
627 3217 826 3310 Deum;
859 3217 947 3299 cui
994 3243 1121 3296 vita:
1161 3239 1438 3310 proposita
1479 3237 1551 3292 sit
1592 3236 1944 3307 praerogativa
1988 3239 2068 3289 vi-
2094 3217 2140 3282 C
2173 3235 2520 3290 varieationis
2562 3237 2732 3306 magis
2778 3251 2930 3292 reum
2975 3237 3180 3302 tenuit,
3225 3252 3386 3307 quam
3435 3235 3771 3306 prolapsioni

465 3342 628 3398 dendi
676 3338 888 3414 1m
929 3338 1134 3392 Deum?
1170 3332 1418 3388 Etnunda
1447 3331 1607 3402 igitur
1647 3346 1746 3386 cor
1787 3339 1968 3396 tuum,
2009 3338 2068 3384 ut

465 3435 623 3505 quasi
665 3449 838 3487 novus
874 3431 1081 3485 creeris
1112 3435 1377 3483 renovato
1407 3424 1627 3493 spiritu.
1656 3423 1861 3478 Omnes
1894 3423 2069 3492 pollu-

469 3540 554 3585 tas
576 3525 938 3596 cogitationes
961 3522 1032 3577 de
1055 3520 1222 3576 corde
1243 3530 1333 3574 tuo
1357 3518 1554 3589 abjice,
1580 3515 1713 3571 nihil
1731 3517 1922 3587 sitquo
1947 3526 2069 3571 tuus

468 3621 784 3691 inquinetur
813 3614 1042 3670 aﬁ‘ectus
1080 3631 1094 3665 :
1137 3610 1366 3680 simplex
1414 3624 1589 3675 mens,
1623 3624 1752 3679 pura
1784 3608 2070 3664 sinceritas

470 3718 561 3771 sit.
593 3713 818 3768 Talibus
859 3726 920 3766 se
959 3707 1224 3765 Dominus
1269 3722 1390 3762 cum
1440 3705 1780 3760 involucrum
1825 3703 2072 3773 corporis

471 3804 847 3876 deposuerint,
877 3801 1259 3857 demonstrare
1285 3799 1559 3868 dignatur.

541 3898 634 3953 22.
676 3896 829 3952 Νιιιιε
860 3895 929 3951 de
959 3895 1167 3963 reliqua
1200 3893 1371 3962 ip~ius
1400 3905 1592 3946 versus
1620 3899 1774 3960 parte
1803 3890 2067 3946 dicamus.

477 3991 754 4055 Miserere,
789 3989 992 4057 inquit,
1026 3985 1124 4039 mei
1161 3983 1447 4039 secundum
1476 3985 1682 4036 verbum
1711 3992 1874 4036 tuum.
1907 3982 2074 4038 Mise-

470 4081 704 4138 ricordia
737 4080 954 4148 quidem
991 4077 1214 4148 thSliliiB
1255 4075 1436 4146 portio
1470 4084 1586 4139 est;
1621 4081 1677 4128 ut
1715 4075 1759 4128 si
1801 4074 1934 4128 velis
1979 4073 2076 4127 do-

473 4188 606 4228 nare
632 4169 993 4240 pauperibus,
1043 4168 1158 4221 htec
1195 4166 1568 4221 misericordia
1603 4165 1810 4232 institit!
1849 4175 1957 4228 est,
1991 4181 2077 4219 sc-

471 4265 709 4320 cundum
744 4261 870 4314 illud
903 4277 916 4314 :
953 4259 1240 4326 Dispersit,
1286 4255 1426 4309 dedit
1465 4254 1777 4326 pauperibus
1814 4271 1832 4309 :
1868 4258 2077 4327 justitia

473 4361 588 4432 ejus
628 4365 793 4409 manet
832 4354 888 4406 in
924 4361 1170 4408 temnunt
1203 4349 1389 4420 (Psal.
1428 4363 1552 4412 0x1,
1586 4347 1675 4419 9).
1719 4347 1923 4403 Deinde
1951 4351 2075 4432 quia

473 4429 773 4507 conformis
807 4458 929 4502 tuus
967 4445 1226 4514 injustum
1254 4455 1332 4498 est
1366 4451 1425 4497 ιιι
1455 4457 1564 4497 nou
1593 4441 1883 4512 adjuvetur
1923 4429 1968 4497 ε’
1989 4458 2078 4498 so-

472 4545 590 4608 cio;
636 4558 758 4598 cum
807 4541 1105 4611 praesertim
1160 4537 1416 4592 Dominus
1464 4538 1605 4592 Deus
1646 4548 1831 4592 u05ter
1875 4546 2075 4593 terram

2169 3328 2396 3384 addixit.
2447 3329 2505 3384 lu
2555 3330 2706 3385 illum
2763 3330 2923 3400 igitur
2961 3331 3106 3401 ju5ta
3154 3331 3462 3396 severitatis
3501 3330 3773 3400 processit

2171 3425 2438 3480 sententia
2465 3442 2479 3489 ;
2509 3425 2632 3495 quia
2663 3425 2804 3480 scire
2833 3425 3022 3492 voluit,
3059 3424 3204 3495 quod
3235 3426 3377 3481 scire
3404 3441 3510 3479 non
3541 3425 3770 3495 profuit.

2172 3518 2338 3575 Nobis
2354 3529 2534 3574 autem
2548 3519 2636 3590 qui
2660 3518 3004 3574 luereditario
3023 3518 3241 3574 vinculo
3269 3530 3516 3573 tenemur
3535 3518 3773 3585 astricti,

2173 3611 2349 3681 quiin
2394 3611 2495 3666 hac
2538 3625 2702 3666 carne
2728 3625 2957 3675 sumus,
3003 3626 3123 3681 qua:
3171 3610 3408 3679 priorum
3459 3608 3774 3679 pra’judicio

2175 3703 2371 3758 detrita
2422 3705 2631 3778 1065
2667 3705 2778 3774 jam
2817 3713 2980 3775 atque
3027 3705 3325 3759 assuefacta
3373 3705 3613 3776 peccatis
3662 3718 3772 3760 non

2176 3805 2391 3867 poterat
2420 3811 2698 3867 emergere
2719 3838 2736 3861 ,
2786 3796 2940 3866 quasi
2960 3796 3140 3865 justus
3169 3795 3427 3860 indulsit,
3457 3796 3600 3865 juste
3623 3797 3772 3850 enim

2177 3889 2382 3959 ignovit
2405 3889 2629 3956 literedi,
2662 3889 2750 3960 qui
2782 3888 3094 3958 praejtulicio
3118 3889 3399 3943 laborabat
3416 3888 3674 3942 auctoris.

2246 3983 2338 4036 25.
2377 3982 2472 4038 Est
2495 3997 2626 4053 ergo
2647 3983 2790 4052 justa
2821 3982 3228 4050 misrricordia,
3265 3982 3360 4036 sed
3392 3993 3471 4036 cst
3495 3983 3658 4037 etiam
3693 3983 3776 4038 in-

2173 4078 2319 4146 iusta
2351 4077 2718 4133 misericordia
2755 4075 2896 4146 (25,
2925 4086 3106 4147 quiest.
3147 4075 3212 4143 4,
3253 4091 3368 4143 cup.
3410 4075 3499 4131 Est
3521 4075 3771 4147 iniusta).

2180 4172 2421 4239 Denique
2443 4173 2494 4224 in
2520 4171 2663 4238 Lege
2687 4171 2945 4240 scriptum
2972 4181 3052 4225 est
3075 4170 3143 4226 de
3169 4171 3401 4240 quodam
3424 4167 3452 4206 ά
3477 4187 3490 4222 :
3519 4167 3641 4223 Non
3672 4172 3773 4223 mi-

2179 4263 2420 4318 sereberis
2443 4265 2584 4318 illius
2616 4261 2794 4334 (Deut.
2825 4280 2932 4329 χιι,
2967 4263 3081 4335 l3).
3109 4264 3173 4318 Et
3201 4265 3252 4318 in
3280 4263 3432 4319 libris
3459 4264 3773 4334 Regnorum

2181 4356 2318 4425 legis
2343 4356 2470 4424 quia
2509 4355 2636 4411 Saul
2676 4365 2964 4425 propterea
3001 4357 3276 4410 contraxit
3301 4354 3560 4410 olli-mam
3587 4399 3601 4421 ,
3647 4357 3774 4426 quia

2181 4450 2473 4505 miseratus
2503 4457 2586 4503 est
2616 4452 2760 4518 Agag
2787 4448 3021 4504 hostium
3055 4465 3260 4518 regem,
3291 4463 3447 4519 quem
3479 4447 3774 4517 prohibue-

2182 4549 2266 4596 rat
2290 4540 2554 4594 sententia
2576 4538 2756 4594 divina
2787 4538 3004 4596 servari
3029 4539 3083 4611 (l
3110 4537 3241 4612 Reg.
3272 4554 3362 4604 xv,
3385 4539 3462 4608 9).
3490 4537 3560 4592 lit
3585 4537 3632 4591 si
3653 4538 3780 4607 quis

471 4635 615 4692 hanc
657 4635 1056 4704 [)08<855i0llcnl
1089 4629 1331 4684 omnium
1369 4629 1648 4682 hominum
1692 4627 1925 4684 voluerit
1955 4645 2077 4684 esse
2104 4611 2158 4672 Ῐ)
2184 4632 2407 4686 latronis
2436 4629 2559 4685 filiis
2588 4631 3011 4700 deprecantibus
3041 4639 3220 4685 motus
3243 4671 3256 4694 ,
3283 4638 3338 4684 et
3361 4630 3617 4699 lacrymis
3637 4643 3775 4683 con-

473 4742 850 4788 cmntnunem,
903 4734 957 4778 et
1003 4722 1212 4778 fruetus
1259 4721 1511 4778 omnibus
1558 4721 1870 4778 ministrare
1902 4729 1926 4777 ἐ
1979 4722 2074 4778 sed

473 4820 701 4876 avaritia
757 4819 1161 4889 possessionum
1207 4817 1328 4886 Jura
1373 4815 1676 4870 distribuit.
1719 4814 1932 4870 Justmn
1994 4825 2077 4870 est

473 4915 632 4986 igitur
661 4921 722 4965 nt
749 4911 796 4964 si
825 4909 1028 4977 aliquid
1058 4909 1154 4963 tibi
1184 4907 1452 4977 privatum
1493 4907 1760 4971 vindicas,
1801 4907 1944 4977 quod
1983 4923 2077 4977 ge-

471 5009 589 5064 neri
617 5006 886 5070 hutnauo,
922 5004 1086 5058 immo
1117 5001 1370 5058 omnibus
1410 4998 1783 5056 animantibus
1828 5001 1881 5055 in
1911 5017 2077 5072 _com-

471 5191 738 5262 potiorem
765 5199 888 5262 esse
932 5191 1175 5262 nostram
1202 5197 1268 5236 ac
1299 5194 1430 5235 mss.
1465 5181 1758 5262 lectionem
1788 5194 1896 5234 non
1927 5177 2070 5260 diffi-

473 5253 696 5318 tebitnr.
727 5258 816 5327 qui
851 5260 1028 5310 locum
1055 5254 1213 5327 paulo
1243 5253 1548 5327 accuratius
1576 5253 1997 5305 examinaverit.

547 5339 572 5369 ⁸
615 5322 761 5386 Ειιιιζ
798 5329 955 5382 Boni.
990 5327 1143 5389 sola,
1181 5324 1364 5377 Adhuc
1393 5323 1548 5375 homo
1575 5332 1705 5384 erat,
1745 5338 1987 5394 processu
2025 5322 2072 5376 ei

474 5403 770 5463 dt'brbutur,
795 5411 849 5452 ut
884 5399 936 5450 iu
982 5396 1134 5450 deum
1165 5397 1337 5459 ﬁeret,
1379 5402 1428 5446 et
1462 5394 1580 5446 ideo
1621 5395 1818 5448 dictum
1863 5402 1935 5446 est
1975 5395 2021 5447 ei
2054 5409 2072 5445 :

475 5476 633 5530 So've
671 5471 1089 5524 caleeameutum.
1141 5465 1218 5518 De
1253 5465 1458 5518 homine
1496 5465 1668 5530 dixit,
1712 5475 1818 5518 etc.
1863 5464 2074 5518 Rursus

478 5548 665 5614 paucis
694 5541 996 5614 interiectis
1024 5538 1211 5614 eadem
1243 5547 1407 5614 etiam
1441 5535 1587 5614 sola,
1620 5547 1671 5614 ut
1693 5536 1842 5614 tertio
1877 5545 1925 5588 te
1947 5533 2076 5614 oﬂ'e-g

474 5606 561 5671 ras
582 5629 756 5668 coram
785 5606 1023 5665 Dotnino.
1059 5607 1170 5664 Sed
1203 5607 1483 5677 utriusque
1525 5606 1778 5662 lcetiouis
1809 5620 1946 5660 unus
1991 5613 2077 5661 est

477 5700 695 5741 SCIISIIS.

547 5757 574 5797 Ι»
615 5756 773 5809 Rom.
808 5753 973 5816 edit.,
1008 5767 1098 5820 per
1128 5749 1266 5821 quod
1297 5749 1354 5821 ﬁt
1388 5747 1714 5821 justitia._,Ex
1743 5745 1890 5821 LXX
1918 5746 2077 5821 nituit

468 5844 590 5887 rum
639 5823 781 5897 apud
811 5837 950 5892 quos
976 5815 1159 5892 legas,
1193 5819 1259 5874 δι’
1286 5815 1346 5875 δῦ
1372 5815 1571 5893 ’γίνεται
1606 5817 1916 5877 δικαιοσύνη.
1967 5816 2076 5875 Sed

2179 4725 2322 4796 jugis
2357 4725 2476 4792 ejus
2518 4723 2748 4780 iuﬁesus
2771 4765 2788 4789 ,
2821 4723 3210 4780 absolvendum
3244 4732 3426 4792 putet,
3456 4722 3542 4776 cui
3595 4720 3778 4776 adhuc

2177 4815 2535 4870 latrocinandi
2565 4816 2768 4885 aspiret
2804 4814 3069 4870 allectus:
3106 4828 3286 4869 nonne
3317 4813 3636 4868 innocentes
3668 4824 3780 4867 tra-

2181 4909 2270 4962 det
2297 4909 2463 4964 exitio
2485 4948 2501 4972 ,
2531 4909 2623 4978 qui
2655 4908 2948 4962 multorum
2991 4907 3184 4961 liberat
3213 4907 3376 4962 exitia
3405 4906 3780 4976 cogitantem?

2181 4997 2343 5056 Certe
2381 5000 2426 5055 si
2449 4998 2688 5072 gladium
2731 4999 3020 5070 reprimit,
3050 4999 3261 5054 vincula
3299 4997 3586 5066 dissolvit,
3616 5008 3640 5036 ε
3681 5014 3781 5055 cur

2174 5196 2202 5234 a
2235 5196 2364 5236 mss.
2389 5181 2675 5248 omnibus,
2711 5190 2768 5236 et
2806 5190 2920 5235 aut.
2950 5179 3081 5235 edit.
3113 5195 3234 5234 cum
3273 5181 3412 5235 inter
3453 5194 3514 5235 se
3538 5194 3778 5236 consen-

2178 5254 2318 5307 tiunt
2341 5268 2487 5323 a‘gre
2515 5253 2849 5308 divellimur.

2249 5356 2269 5381 ε
2317 5343 2458 5397 Edit.
2494 5357 2721 5406 omnes,
2769 5351 2824 5396 et
2865 5357 2995 5397 mss.
3029 5343 3273 5410 aliquot,
3318 5343 3432 5413 ideo
3466 5343 3781 5413 prtevarica-

2177 5415 2333 5497 tionis
2363 5431 2506 5469 reum
2533 5414 2693 5467 tenuit
2715 5455 2726 5471 .
2759 5430 2938 5497 quem,
2968 5420 3072 5469 ctc.
3104 5413 3294 5468 Melius
3317 5412 3410 5468 alii
3431 5454 3447 5481 ,
3468 5412 3566 5484 qui
3589 5423 3647 5468 et
3669 5430 3778 5469 nta-

2174 5496 2283 5556 Jort
2315 5500 2566 5549 numero,
2596 5496 2656 5540 ut
2684 5500 2785 5539 nos
2815 5496 2866 5538 In
2901 5496 3070 5539 textu.

2185 5648 2196 5659 ~
2253 5573 2280 5611 ά
2320 5575 2418 5700 lrllo
2463 5575 2716 5631 nimirum
2760 5573 2853 5645 qui
2884 5575 3191 5645 proximum
3225 5588 3382 5628 suum
3416 5590 3511 5644 per
3551 5574 3781 5630 insidias

2185 5657 2326 5700 inter
2352 5656 2544 5700 ccertt.

2184 5656 2544 5702 interlucent.

2189 5789 2196 5797 .
2261 5751 2282 5778 ο
2325 5740 2470 5796 Edit.
2517 5742 2672 5795 Ilom.
2703 5755 2773 5794 ex
2807 5749 2921 5795 aut.
2959 5737 3090 5793 edit.
3121 5735 3404 5803 Gratiani,
3454 5739 3599 5793 laxat
3641 5742 3779 5809 exsi-

2185 5815 2331 5870 lium.
2365 5811 2501 5870 Alite
2523 5826 2714 5869 omnes
2742 5825 2865 5868 cum
2904 5822 3034 5866 mss;
3061 5809 3183 5866 cod.
3207 5846 3223 5876 ,
3257 5810 3402 5865 laxat
3432 5811 3640 5866 exsilio.
3675 5811 3776 5868 Su-
