3988 6312
184 352 310 409 1505

178 562 300 617 tiore
322 558 400 614 via
422 572 530 614 non
553 556 713 627 eripit
738 556 1069 624 facultatem,
1093 555 1183 626 qui
1202 553 1535 610 voluntatem
1556 562 1741 608 extor-

176 668 328 726 quere
353 668 454 708 non
486 649 697 722 potuit?
719 649 926 704 Deinde
946 649 1091 704 inter
1108 648 1247 704 duos
1266 689 1282 713 ,
1312 646 1420 702 hoc
1443 655 1549 712 est,
1578 659 1741 700 accu-

174 754 389 802 satorem
417 783 434 809 ,
480 752 538 798 et
578 756 730 797 reum
772 742 891 812 pari
920 740 1165 812 periculo
1186 749 1213 777 ει
1244 739 1312 795 de
1349 739 1529 809 capite
1551 738 1740 794 decer-

173 850 381 906 nentes,
408 838 640 893 alterum
666 838 715 894 si
753 855 861 894 non
907 839 1223 910 probasset,
1265 837 1492 893 alterum
1522 835 1565 889 si
1593 844 1740 891 esset

173 932 234 987 ab
253 941 558 987 accusatore
579 932 889 997 convictus,
923 946 1032 986 non
1079 929 1134 986 id
1179 928 1323 1001 quod
1348 927 1573 1000 justitite
1613 935 1735 991 est,

171 1025 315 1095 iudex
333 1033 620 1095 sequatur;
651 1024 748 1081 sed
777 1023 905 1080 dum
932 1025 1222 1080 miseretur
1241 1023 1343 1088 rei,
1362 1021 1585 1077 damnet
1613 1034 1740 1090 pro-

176 1118 366 1174 bantem
397 1134 411 1171 :
437 1124 536 1174 aut
563 1117 691 1173 dum
716 1116 1019 1173 accusatori
1065 1117 1211 1172 favet
1247 1115 1338 1187 qui
1365 1116 1599 1187 probare
1628 1129 1738 1169 non

177 1210 323 1281 possit
339 1252 355 1277 ,
380 1210 599 1267 addicat
625 1210 930 1267 innoxium.
954 1210 1071 1266 Non
1100 1219 1283 1282 potest
1302 1209 1465 1282 igitur
1484 1208 1603 1266 haec
1628 1208 1736 1265 dici

172 1302 299 1373 iusta
319 1303 712 1359 misericordia.

231 1393 309 1450 26.
348 1394 403 1450 ln
431 1397 546 1467 ipsa
577 1395 846 1461 Ecclesia,
879 1394 970 1451 ubi
998 1396 1231 1450 maxime
1263 1395 1507 1452 misereri
1535 1394 1695 1451 decet
1719 1435 1733 1459 ,

178 1488 320 1543 teneri
341 1503 497 1558 quam
526 1488 766 1543 maxime
793 1488 958 1544 debet
985 1488 1157 1544 forma
1183 1489 1440 1559 iustitiae;
1470 1502 1540 1543 ne
1566 1489 1685 1559 quis
1705 1501 1737 1542 a

172 1581 539 1637 communionis
565 1582 848 1637 consortio
870 1580 1186 1649 abstentus,
1213 1580 1363 1637 brevi
1402 1582 1695 1653 lacrymula
1717 1624 1733 1650 ,

172 1681 310 1743 atque
332 1672 393 1729 ad
425 1682 646 1745 tempus
687 1684 871 1743 parata
893 1714 910 1741 ,
939 1673 1022 1729 vel
1062 1673 1226 1729 etiam
1259 1672 1600 1729 uberioribus
1642 1673 1736 1728 ﬂe-

171 1764 294 1822 tibus
315 1769 756 1823 communionem
794 1782 958 1839 quam
990 1766 1238 1837 plurimis
1265 1767 1428 1823 debet
1459 1767 1736 1837 pnstulare

171 1858 497 1928 temporibus,
532 1859 795 1916 facilitate
830 1859 1135 1916 sacertlmis
1169 1868 1513 1929 extorqueat.
1545 1857 1735 1914 Nonne
1766 1892 1814 1952 Β

171 1965 272 2006 cum
297 1956 382 2007 uni
404 1952 657 2024 indulget
689 1951 931 2022 indigno,
964 1952 1230 2023 plurimos
1259 1949 1386 2008 facit
1423 1951 1491 2006 ad
1520 1950 1735 2022 prolap-

171 2045 317 2101 sionis
351 2047 664 2118 contagium
711 2045 1029 2116 provocari?
1070 2045 1327 2102 Facilitas
1371 2047 1515 2101 enim
1562 2046 1736 2101 venite

170 2136 463 2193 incentin
497 2137 693 2194 tribuit
720 2136 1089 2208 delinquendi.
1125 2136 1239 2193 Hoc
1276 2152 1343 2192 eo
1379 2136 1584 2193 dictum
1613 2148 1732 2206 est,

171 2241 221 2284 ut
243 2232 456 2287 sciamus
480 2233 789 2288 secundum
819 2232 1045 2288 verbum
1081 2232 1173 2287 Dei
1195 2273 1209 2294 ,
1239 2230 1534 2288 secundum
1572 2231 1737 2287 ratio-

172 2337 297 2389 nem,
321 2322 741 2395 dispensandam
769 2338 892 2379 esse
919 2322 1345 2379 misericordiam
1377 2322 1731 2379 debitoribus.

171 2414 376 2472 Medicus
415 2417 528 2488 ipse
560 2416 614 2472 si
641 2418 912 2487 serpentis
956 2416 1187 2472 interius
1218 2417 1462 2472 inveniat
1495 2416 1736 2471 vulneris

172 2508 479 2578 cicatricem,
506 2526 639 2566 cum
678 2509 876 2566 debeat
901 2524 1151 2566 resecare
1181 2509 1380 2564 ulceris
1410 2510 1634 2576 vitium,
1666 2522 1737 2563 ne

174 2600 313 2657 latius
336 2615 538 2673 serpat;
576 2614 760 2658 tamen
790 2618 819 2657 a
861 2601 1080 2657 secandi
1112 2600 1411 2672 urendiquc
1454 2601 1737 2671 proposito

172 2692 396 2765 lacrymis
430 2695 671 2753 innexus
707 2696 929 2767 aegroti,
963 2675 1374 2751 medicamentis
1420 2703 1564 2766 tegat
1593 2694 1735 2764 quod

171 2785 298 2843 ferro
334 2789 694 2860 aperiendum
737 2791 837 2845 fuit
865 2806 878 2842 :
907 2804 1089 2844 nonne
1136 2790 1238 2844 ista
1292 2788 1497 2844 inutilis
1527 2789 1738 2844 miseri-

170 2880 330 2937 cordia
355 2891 459 2946 est,
487 2884 530 2938 si
560 2890 789 2953 propter
818 2882 1036 2938 brevem
1066 2882 1349 2937 incisionis
1379 2881 1463 2938 vel
1499 2882 1738 2938 exustio-

170 2972 241 3025 nis
259 2975 492 3031 dolorem
531 2990 740 3046 corpus
764 2989 925 3030 omne
966 2976 1243 3041 tabescat,
1279 2976 1400 3029 vita:
1435 2989 1564 3030 usus
1594 2975 1737 3031 inte-

171 3064 302 3118 reat?
333 3065 495 3123 Recte
522 3068 695 3138 igitur
717 3076 773 3123 et
814 3066 1073 3122 sacerdos
1105 3067 1300 3120 vulnus
1336 3080 1531 3137 grave,
1564 3081 1632 3120 ne
1660 3066 1738 3121 la-

170 3156 260 3210 tins
299 3169 511 3229 serpat,
562 3176 595 3214 a
643 3166 757 3214 toto
808 3172 1040 3229 corpore
1080 3158 1341 3213 Ecclesiae
1368 3160 1520 3229 quasi
1562 3158 1737 3213 bonus

1250 343 1316 401 IN
1354 328 1686 404 PSALMUM
1722 343 1937 403 cxvut
1974 344 2359 405 exeosmo.

176 467 313 524 laxat
346 464 575 523 exsilio?
599 462 709 521 Cur
744 461 1114 519 latrocinandi
1145 475 1251 533 qua
1282 470 1461 533 poteSt
1499 460 1740 517 clemen-
1764 466 1817 527 Α
1842 461 2113 535 Propheta
2142 482 2156 518 :
2182 462 2429 520 Miserere
2448 466 2547 520 mei
2573 463 2853 519 secundum
2874 462 3081 519 verbum
3105 458 3441 518 ruunt?Vcr-
3530 508 3537 513 .

3294 332 3435 403 1306

1843 553 1972 610 bum
2017 555 2165 611 enim
2211 555 2306 612 Dei
2348 556 2555 626 iustitia
2594 563 2698 613 est.
2732 555 2791 613 Si
2821 556 2984 629 igitur
3018 555 3227 626 iustitia
3264 553 3437 610 fretus

1843 659 1980 713 erat,
2012 664 2110 704 cur
2130 649 2557 706 misericordiam
2580 661 2705 705 ante
2736 649 2999 721 praemisit
3027 668 3040 704 :
3072 661 3168 704 aut
3194 650 3239 706 si
3271 648 3438 705 mise-

1842 739 2132 797 ricordiam
2165 742 2498 812 requirebat,
2530 758 2628 799 cur
2650 758 2769 798 eam
2790 743 2857 799 ad
2882 756 3189 799 mensuram
3211 742 3437 813 iustitiae

1844 834 2051 904 putavit
2072 849 2196 890 esse
2222 835 2554 905 poscendam
2572 835 2596 890 ?
2615 836 2715 903 Qui
2737 837 2881 892 enim
2905 837 3043 892 bene
3063 836 3192 907 agit,
3216 845 3271 891 et
3296 835 3434 891 bene

1842 927 2015 993 vivit,
2048 941 2186 997 opus
2240 942 2348 983 non
2395 928 2559 984 habet
2606 929 3018 995 misericordia;
3051 929 3174 999 quia
3226 928 3433 985 miseri-

1840 1019 2026 1075 cordia
2053 1035 2086 1075 a
2114 1030 2337 1092 peccato
2366 1022 2583 1078 liberat.
2616 1024 2857 1095 Denique
2881 1039 2987 1079 non
3018 1023 3296 1091 divitibus,
3325 1039 3431 1079 non

1841 1113 2072 1169 fortibus
2116 1127 2171 1170 et
2209 1114 2470 1171 felicitate
2507 1116 2758 1172 subnixis
2785 1116 3157 1172 misericordia
3194 1114 3432 1172 conferri

1840 1207 2121 1261 consuevit
2148 1221 2179 1262 a
2207 1207 2363 1263 nobis
2389 1227 2401 1262 :
2433 1208 2529 1263 sed
2560 1208 2844 1279 egentibus
2870 1250 2885 1274 ,
2912 1208 2997 1264 vel
3024 1208 3316 1274 debilibus,
3347 1209 3436 1264 vel

1840 1298 1908 1355 iis
1937 1300 2026 1370 qui
2057 1316 2123 1356 ex
2154 1300 2355 1356 divitiis
2386 1303 2439 1356 in
2483 1309 2891 1372 paupertatem,
2922 1312 3014 1357 aut
3041 1302 3436 1372 captivitatem,

1840 1401 1935 1449 aut
1961 1395 2342 1449 necessitatem
2371 1395 2608 1465 aliquam
2645 1395 2988 1450 deciderunt.
3025 1395 3169 1465 Ergo
3193 1395 3285 1466 qui
3316 1405 3439 1467 eget

1842 1485 2238 1553 misericordia,
2266 1496 2518 1557 peccator
2544 1498 2630 1543 est
2674 1505 2687 1540 :
2717 1487 2810 1558 qui
2835 1496 3018 1543 autem
3047 1497 3299 1557 peccator
3329 1504 3434 1543 non

1790 1602 1793 1605 -
1841 1587 1953 1645 est,
1981 1579 2165 1648 utique
2192 1579 2368 1649 justus
2397 1590 2512 1645 est,
2551 1588 2606 1634 et
2635 1594 2740 1633 non
2768 1588 2890 1649 eget
2918 1578 3287 1634 misericordia
3315 1579 3434 1634 Dei.

1910 1670 2000 1727 29.
2044 1670 2355 1726 Secundum
2385 1670 2514 1742 quid
2541 1672 2708 1742 igitur
2738 1671 3113 1742 unusquisque
3132 1712 3151 1740 ,
3183 1670 3289 1727 hoc
3313 1680 3399 1726 est
3418 1713 3432 1736 ,

1839 1765 2139 1821 secundum
2169 1780 2330 1836 quem
2359 1775 2557 1821 statum
2587 1780 2748 1837 egeat
2775 1765 3170 1833 misericordia,
3212 1776 3307 1821 aut
3351 1766 3438 1837 ju-

1840 1858 2043 1913 stitiam
2087 1858 2303 1923 habeat,
2336 1859 2791 1915 considerandum
2813 1869 2917 1916 est.
2942 1858 3118 1916 Aliter
3146 1859 3290 1914 enim
3318 1867 3443 1931 eget

1837 1951 2051 2022 justitia
2075 1951 2167 2007 Dei
2201 1951 2462 2023 angelus,
2493 1953 2653 2008 aliter
2679 1953 2864 2008 homo.
2897 1936 3073 2009 Aliter
3110 1962 3233 2023 eget
3268 1951 3438 2008 mise-

1839 2045 2073 2100 ricordia
2096 2042 2461 2113 archangelus
2483 2086 2497 2110 ,
2529 2046 2688 2100 aliter
2722 2046 2908 2103 homo.
2942 2043 3136 2115 Angeli
3164 2044 3308 2100 enim
3345 2059 3441 2098 na-

1840 2146 1957 2194 tura
1977 2152 2083 2194 non
2107 2139 2295 2209 utique
2317 2139 2390 2194 ita
2410 2139 2742 2209 corruptelae
2766 2138 2999 2194 obnoxia
3021 2149 3127 2205 eSt,
3158 2147 3217 2192 ut
3246 2147 3440 2193 natura

1837 2231 2056 2302 generis
2086 2230 2344 2297 humani;
2381 2240 2435 2287 et
2466 2231 2590 2287 ideo
2623 2232 2716 2287 ille
2747 2241 2865 2300 eget
2896 2228 3276 2286 misericordia
3301 2228 3398 2283 Dei
3425 2270 3440 2296 ,

1841 2341 1909 2381 ne
1940 2324 2109 2395 possit
2133 2342 2322 2381 errare
2344 2367 2359 2391 ,
2391 2335 2446 2381 et
2470 2340 2661 2381 aversa
2689 2340 2721 2380 a
2745 2340 2806 2380 sc
2842 2323 2938 2379 Dei
2974 2323 3145 2396 gratia
3167 2365 3184 2392 ,
3226 2323 3442 2377 labatur

1841 2420 1892 2475 in
1922 2421 2109 2477 vitium
2139 2439 2152 2475 :
2187 2420 2351 2476 homo
2389 2430 2569 2475 autem
2613 2419 2713 2475 etsi
2737 2418 2849 2490 jam
2884 2418 3128 2474 {iriniore
3160 2417 3442 2487 praposito

1837 2519 1942 2578 est,
1972 2522 2149 2567 tamen
2178 2522 2400 2582 propter
2423 2521 2827 2566 contractorum
2848 2509 3046 2565 seriem
3067 2521 3437 2580 peccatorum,

1840 2606 2272 2662 misericordiam
2306 2605 2399 2659 Dei
2423 2606 2639 2675 quaerit.
2673 2602 2859 2673 Itaque
2886 2602 2988 2658 etsi
3019 2613 3246 2672 uterque
3276 2601 3442 2657 misc-

1838 2697 2073 2752 ricordia
2107 2698 2201 2752 Dei
2229 2697 2461 2766 indiget,
2498 2697 2658 2751 aliter
2688 2704 2871 2753 tamen
2902 2696 3100 2765 angelo
3127 2695 3438 2750 misericor-

1838 2789 1950 2855 dia,
1974 2790 2134 2844 aliter
2163 2788 2370 2844 homini
2402 2787 2671 2855 debetur;
2704 2788 2824 2843 levc
2855 2789 3001 2844 enim
3036 2787 3226 2842 vitium
3261 2787 3312 2841 in
3342 2802 3438 2842 an-

1839 2883 1963 2954 gelo
2004 2882 2209 2953 judicio
2263 2883 2513 2954 graviore
2557 2894 2832 2938 censetur.
2880 2881 3172 2937 Peccatum
3223 2894 3439 2952 quoque

1838 2975 2221 3031 adolescentia:
2275 2975 2328 3029 in
2372 2974 2626 3041 homine,
2672 2975 2889 3038 mitiore
2937 2974 3240 3040 sententia,
3275 2989 3436 3045 quam

1839 3075 2119 3140 peccatum
2151 3067 2447 3124 senectutis
2468 3068 2807 3139 astringitur,
2842 3078 2894 3124 et
2931 3069 3093 3123 cilius
3137 3068 3434 3123 relaxatur.
3522 3119 3527 3124 .

1912 3159 2004 3218 30.
2047 3160 2320 3230 Propheta
2352 3160 2516 3232 igitur
2554 3162 2607 3216 in
2637 3162 2741 3217 isto
2772 3161 3048 3218 versiculo
3082 3160 3275 3216 dividit
3302 3175 3435 3215 cau-

170 3249 380 3307 medicus
398 3250 569 3308 debet
590 3250 935 3317 abscindere,
967 3261 1025 3307 et
1057 3250 1289 3321 prodere
1321 3251 1466 3305 virus
1490 3249 1735 3305 criminis
1764 3281 1809 3346 C
1841 3266 1951 3320 sas,
1982 3261 2037 3308 ut
2069 3262 2124 3308 et
2154 3253 2583 3310 misericordiam
2610 3255 2763 3324 quasi
2807 3253 2969 3307 homo
3001 3253 3281 3326 postulet;
3312 3252 3437 3321 quia

167 3342 286 3411 quod
312 3344 535 3410 latebat,
591 3359 702 3398 non
734 3343 945 3409 fovere;
982 3358 1051 3399 ne
1083 3343 1212 3397 dum
1243 3357 1406 3397 unum
1438 3342 1734 3398 excluden-

168 3430 274 3489 dnm
301 3451 401 3491 non
429 3444 621 3507 putat,
654 3435 839 3506 plures
871 3436 1033 3491 faciat
1068 3435 1261 3507 dignos
1304 3449 1441 3506 quos
1481 3434 1736 3490 excludat

166 3524 224 3580 ab
239 3525 483 3585 Ecclesia.

224 3617 302 3673 27.
340 3619 465 3677 ,ιω-ε
514 3634 655 3692 ergo
707 3620 1003 3691 Apostolus
1065 3619 1250 3675 divino
1320 3634 1421 3675 nos
1488 3616 1736 3675 hortatur

166 3712 387 3784 exemplo
409 3713 606 3770 dicens
633 3732 648 3769 :
682 3712 815 3769 Vide
845 3730 964 3785 ergo
1000 3713 1275 3767 bonitatem
1295 3754 1309 3776 .
1352 3721 1400 3768 et
1422 3713 1737 3768 rereritatem

171 3798 248 3855 Dei
266 3818 283 3858 :
304 3806 355 3860 in
371 3822 457 3861 eos
484 3807 701 3879 quidem
725 3807 810 3878 qui
841 3806 1133 3861 ceciderunt
1153 3848 1168 3872 ,
1213 3806 1531 3862 severitatem
1558 3822 1577 3860 :
1604 3806 1660 3861 in
1689 3815 1738 3860 te

166 3902 311 3947 autem
327 3894 633 3963 bonitatem,
654 3897 700 3952 si
728 3898 1069 3966 permanseris
1090 3899 1145 3952 in
1166 3896 1390 3952 bonitate
1422 3896 1611 3968 (Rom.
1644 3914 1694 3953 χι
1717 3938 1732 3963 ,

167 3986 246 4059 22)
273 4009 286 4044 :
312 3995 611 4050 ostendens
630 3993 946 4051 Iudaeorum
978 3996 1233 4067 populum
1253 3996 1377 4066 jure
1397 4010 1520 4053 esse
1548 4012 1576 4052 a
1618 4011 1737 4053 cor-

168 4095 279 4150 pore
304 4084 563 4144 Ecclesiae
609 4098 955 4159 separatum,
996 4104 1068 4145 ne
1103 4088 1341 4159 perﬁdiae
1365 4089 1511 4145 virus
1542 4100 1733 4144 conta-

168 4174 368 4234 minaret
397 4180 706 4236 Ecclesiam
744 4199 758 4237 :
797 4182 1052 4252 populum
1084 4190 1266 4237 autem
1295 4182 1537 4254 gentium
1580 4181 1736 4237 boni-

167 4274 258 4322 tate
283 4268 480 4328 Domini
525 4280 809 4341 receptum
837 4314 851 4337 ,
902 4283 955 4329 et
995 4272 1320 4330 obedientia:
1368 4291 1593 4329 munere
1621 4275 1733 4341 glo-

338 4361 467 4418 lurc
500 4364 673 4435 igitur
713 4364 838 4418 huic
886 4364 1073 4419 divina
1122 4365 1338 4419 bonitas
1364 4366 1732 4437 sull'ragatnr,

162 4453 392 4519 quamdiu
435 4457 492 4513 in
540 4457 727 4512 divina
771 4456 1014 4513 bonitate
1048 4466 1381 4526 permaneat.
1425 4458 1479 4513 Si
1522 4474 1650 4512 vero
1682 4466 1738 4513 et

164 4544 263 4614 ipse
283 4549 584 4619 desciscat,
619 4566 720 4620 pro
755 4552 1006 4607 criminis
1049 4552 1131 4607 sui
1164 4552 1424 4623 qualitate
1452 4552 1734 4608 damnabi-

1843 3362 2005 3403 nemo
2025 3347 2144 3403 sine
2162 3347 2325 3403 sorde
2348 3351 2553 3418 peccati
2581 3365 2594 3401 :
2619 3358 2672 3403 et
2696 3347 2963 3418 justitiam
2988 3347 3140 3417 quasi
3167 3345 3436 3417 Propheta

1841 3437 2099 3510 deposcat
2130 3440 2253 3496 :vel
2286 3450 2436 3496 certe
2457 3481 2472 3506 ,
2515 3441 2771 3510 quoniam
2804 3441 2933 3496 licet
2965 3441 3270 3511 peccaverit
3298 3440 3439 3495 sicut

1845 3532 2030 3602 homo,
2060 3544 2112 3590 et
2144 3534 2299 3604 quasi
2342 3546 2596 3607 peccator
2633 3535 3004 3591 misericordia
3034 3546 3223 3607 egeat;
3258 3545 3435 3591 tamen

1841 3628 2081 3683 correxit
2124 3643 2406 3695 errorem,
2442 3631 2816 3699 paenitentiam
2864 3629 3067 3699 gessit,
3107 3628 3368 3681 abstinuit
3409 3641 3437 3679 a

1844 3719 2158 3775 temulenti:
2209 3720 2594 3790 delinquendi,
2649 3721 2950 3775 sobrietate
3004 3718 3243 3772 virtutis.
3301 3716 3440 3772 Petit

1842 3828 1971 3884 ergo
1996 3814 2262 3885 justitiam
2307 3813 2608 3870 secundum
2651 3815 2879 3870 verbum
2931 3813 3059 3878 Dei,
3117 3812 3242 3881 quia
3290 3811 3438 3866 verbi

1842 3908 1937 3963 Dei
1966 3910 2237 3965 sententia
2268 3918 2370 3973 est,
2403 3919 2463 3964 ut
2491 3910 2773 3963 conversis
2799 3908 2954 3962 venia
2995 3906 3262 3969 donetur;
3287 3903 3335 3958 si
3363 3917 3441 3957 ta-
3494 3971 3499 3975 ρ

1841 4016 1964 4055 men
1996 3994 2235 4071 legitime
2264 4008 2349 4055 est
2378 3998 2518 4054 facta
2541 3997 2831 4054 conversio
2862 3996 3089 4069 (Επειδὴ.
3124 4010 3256 4051 xvtu
3278 4036 3292 4061 ,
3333 3994 3394 4050 2|
3425 4036 3438 4054 .

1839 4103 1889 4148 et
1912 4107 2080 4147 χχχιιι
2097 4134 2111 4155 ,
2146 4090 2260 4164 l2).

1912 4184 2005 4239 5|.
2047 4183 2233 4255 (Vera.
2266 4182 2388 4251 59.)
2416 4182 2647 4256 Cogitavi
2676 4186 2784 4239 vias
2815 4200 2984 4251 utens,
3019 4194 3065 4238 et
3100 4184 3261 4238 averti
3289 4183 3443 4252 pedes

1842 4292 1978 4331 meos
2007 4277 2061 4330 in
2093 4278 2386 4332 testimonia
2427 4286 2536 4332 tua.
2594 4278 2852 4331 Dividuus
2898 4291 3093 4332 sensus
3138 4284 3276 4330 :aut
3316 4277 3439 4347 quia

1841 4370 1956 4425 vias
1998 4371 2309 4440 superiores
2359 4386 2507 4425 meas
2556 4371 2792 4441 cogitavi
2830 4372 3017 4439 plenas
3067 4370 3255 4438 lapsus
3278 4376 3442 4437 atque

1839 4466 2079 4535 peccati,
2110 4473 2166 4520 et
2190 4464 2314 4519 ideo
2358 4472 2416 4519 ut
2443 4465 2824 4519 remissionem
2860 4473 3202 4533 peccatorum
3235 4461 3439 4530 possim

1841 4560 2074 4621 mereri,
2122 4573 2337 4613 morum
2387 4560 2752 4614 conversione
2775 4600 2789 4624 ,
2821 4558 3107 4627 studioque
3137 4557 3396 4609 virtutttm
3420 4598 3432 4622 ._

163 4645 252 4694 ⁸⁸³⁵⁸
282 4642 492 4717 1066
523 4644 641 4714 Qua
670 4644 843 4716 Βῖθῑίτι
875 4644 1140 4699 Dominus
1164 4657 1218 4700 θῑ
1242 4643 1333 4700 lux
1361 4653 1415 4698 el
1446 4644 1585 4715 ignis
1613 4658 1734 4699 esse
1764 4674 1814 4733 υ
1840 4652 2013 4707 Aoerti
2043 4653 2196 4721 pedes
2224 4667 2360 4706 meos
2386 4652 2442 4706 in
2472 4653 2760 4707 testimonia
2786 4662 2907 4717 tua,
2937 4660 2995 4705 ut
3021 4665 3128 4704 non
3156 4648 3268 4716 jam
3301 4648 3436 4703 meis

162 4730 494 4804 describitur,
540 4746 601 4792 ut
637 4738 691 4793 in
733 4736 972 4793 tenebris
1011 4736 1312 4792 ambulanti
1351 4736 1527 4791 luceat
1577 4736 1732 4805 quasi

163 4825 353 4898 laurea;
379 4849 450 4890 ne
475 4833 683 4889 diutius
712 4831 880 4902 possit
910 4847 1128 4896 errare,
1157 4832 1247 4903 qui
1290 4831 1485 4902 quaerit
1515 4830 1734 4886 luminis

163 4920 434 4982 claritatem
457 4945 478 4982 :
506 4928 560 4983 ei
590 4935 774 4983 autem
806 4925 896 4997 qui
929 4928 1094 4981 multa
1119 4924 1281 4980 fuerit
1301 4936 1582 4993 operatus,
1610 4939 1734 4995 quae

163 5028 357 5075 Intuere
374 5036 488 5076 non
510 5019 771 5087 debeant,
803 5018 897 5075 sed
926 5018 1139 5085 ardere,
1167 5017 1307 5087 ignis
1329 5025 1412 5072 est
1434 5016 1732 5083 Dominus;

161 5117 213 5162 ιιι
234 5115 404 5180 operis
428 5115 605 5170 nostri
630 5113 813 5170 fenum
836 5112 1198 5185 stipulamque
1225 5117 1544 5177 consumat,
1572 5118 1736 5182 atque

162 5202 265 5259 utili
287 5220 383 5263 nos
412 5206 581 5263 faciat
609 5208 795 5263 salvos
816 5206 1176 5270 detrimento,
1207 5205 1348 5259 sicut
1373 5218 1564 5259 aurum
1593 5202 1736 5274 quod

163 5295 271 5352 dum
294 5302 637 5370 excoquitur,
662 5302 785 5373 plus
813 5299 1091 5372 probatur.

220 5388 305 5451 28.
336 5393 598 5453 Fortasse
635 5395 783 5453 dicat
829 5394 1027 5465 aliquis
1054 5408 1159 5466 qua
1207 5394 1418 5450 ratione
1457 5391 1743 5463 scripserit

162 5549 413 5617 ιιιιΐιω..
442 5557 593 5613 [ιι-ται
619 5556 799 5612 exitio.
833 5554 934 5613 Est
968 5566 1153 5613 autem
1195 5554 1339 5610 laxat
1371 5551 1558 5607 exsilio
1598 5550 1740 5607 idem

162 5624 419 5694 acliberat
444 5627 671 5694 exsilio,
703 5643 800 5684 seu
829 5642 937 5682 non
967 5628 1188 5681 damnat
1220 5624 1436 5680 exsilio.

223 5702 253 5769 fi
280 5693 569 5769 Decernite,
599 5698 705 5769 hoc
732 5708 817 5755 est
844 5698 912 5753 de
933 5698 1067 5765 vita,
1096 5697 1218 5754 sive
1238 5696 1307 5769 de
1334 5709 1493 5768 poena
1524 5694 1739 5769 capitis.

161 5761 657 5909 muniendum
689 5771 769 5826 rei
790 5779 956 5841 atque
980 5761 1319 5825 accusatoris
1334 5761 1651 5841 periculum
1670 5767 1740 5820 ita

372 5850 497 5909 tur,
526 5836 588 5900 dt
612 5857 721 5900 non
749 5840 928 5900 solum
967 5848 1197 5909 uterque
1222 5847 1531 5899 servaretur
1562 5836 1615 5895 in
1646 5851 1740 5893 cu-

372 5850 497 5911 tur,
526 5836 588 5900 tit
612 5857 721 5900 non
749 5836 928 5900 solum
967 5848 1197 5912 uterque
1222 5836 1531 5899 servaretur
1562 5836 1615 5895 in
1646 5838 1741 5893 eu-

143 6301 657 6312 ’τ’τ-τ-τμ-κι,
696 6302 739 6307 .-ν

1839 4745 2119 4816 gressibus
2139 4745 2334 4815 quibus
2355 4751 2482 4799 ante
2507 4760 2624 4799 sum
2652 4745 2855 4814 lapsus,
2881 4743 2976 4798 sed
3004 4741 3437 4797 testimoniorqu

1842 4848 2061 4895 tuorum
2092 4838 2379 4894 itineribus
2410 4838 2745 4894 ambularem
2766 4880 2781 4901 ,
2830 4851 2940 4906 quo
2978 4845 3193 4891 tuorum
3230 4835 3437 4889 semitm

1845 4933 2220 4989 mandatorum
2268 4949 2354 4990 me
2395 4949 2581 4989 errare
2610 4949 2716 4989 non
2760 4932 2967 5005 1067
3008 4932 3292 4996 sinerent,
3338 4944 3440 4984 nec

1843 5025 2130 5096 vestigium
2162 5029 2215 5082 in
2238 5026 2395 5082 devia
2416 5035 2471 5081 et
2498 5018 2739 5081 tortuosa
2768 5024 3135 5081 deflecterem.
3164 5020 3438 5090 Frequen-

1840 5128 1923 5174 ter
1947 5119 2091 5174 enim
2117 5120 2434 5190 ignorantes
2455 5120 2581 5185 iter,
2614 5120 2658 5175 si
2692 5127 2859 5174 strata
2887 5117 3094 5173 viarum
3119 5123 3439 5186 sequantur,

1838 5212 2163 5282 perveniunt
2192 5228 2299 5282 quo
2338 5212 2666 5268 desiderant,
2692 5210 2977 5281 pervenire
3002 5252 3016 5275 ,
3049 5220 3099 5264 et
3137 5216 3325 5263 carent
3348 5222 3440 5262 er-

1839 5303 1980 5358 roris
2008 5303 2278 5359 anfractu.
2313 5304 2410 5360 Sin
2441 5316 2621 5361 autem
2665 5312 2930 5372 usurpent
2960 5302 3102 5357 scire
3144 5298 3287 5370 quod
3344 5313 3440 5354 ne-

1842 5395 2052 5464 sciunt,
2085 5405 2138 5453 et
2160 5407 2352 5469 putent
2377 5398 2556 5469 aliqua
2588 5396 2868 5468 sequenda
2904 5393 3250 5463 compendia,
3273 5407 3304 5448 a
3345 5407 3429 5462 pu-

1844 5554 2055 5621 stodia;
2103 5570 2294 5612 verum
2335 5560 2500 5611 etiam
2543 5555 2685 5611 idem
2717 5554 3045 5623 supplicium
3090 5551 3233 5623 quod
3281 5551 3440 5607 alteri

1845 5625 2146 5681 debebatur
2171 5669 2185 5690 ,
2219 5630 2263 5683 si
2294 5627 2485 5682 fuisset
2512 5626 2795 5682 convictus
2815 5666 2830 5688 ,
2863 5626 3021 5680 alteri
3050 5641 3157 5680 non
3191 5623 3442 5694 probanti

1844 5696 1965 5770 lege
1998 5699 2218 5770 talionis
2256 5698 2772 5770 irrogaretur..Cod.
2807 5697 3021 5754 Theod.
3047 5698 3086 5754 l.
3118 5711 3173 5752 Ix
3202 5735 3220 5764 ,
3248 5696 3333 5752 tit.
3378 5695 3443 5752 de

1844 5766 2057 5836 Ancum,
2082 5769 2187 5843 leg.
2220 5771 2308 5829 l9.
2334 5766 2466 5829 Item
2494 5769 2646 5830 Grat.
2671 5770 2767 5829 cit.
2793 5770 2935 5827 loco.
