3988 6348
475 362 612 424 ltili?

1767 354 2010 415 SANCTI
2050 303 2374 425 AVBROSH

3636 366 3782 424 1598

475 484 600 540 bliei
635 490 841 540 tractus
883 482 1079 537 itinere
1123 476 1447 535 recedentes
1477 473 1686 533 erroris
1728 472 2069 545 labyrinthus
2096 476 2151 543 Α
2176 474 2299 531 ideo
2324 475 2511 546 lapsus
2531 485 2632 535 est.
2664 477 2820 546 Quod
2845 479 2891 535 si
2916 477 3161 550 fragilem
3187 494 3345 536 suum
3366 481 3787 537 considerasset

477 577 794 650 frequenter
842 576 1160 639 incurrunt;
1191 581 1250 629 ut
1292 585 1389 629 eos
1426 569 1496 626 de
1545 568 1739 625 itinere
1787 566 2075 625 deﬂexisse

478 672 740 743 paeniteat
769 686 783 724 :
824 676 879 722 et
908 667 1031 722 ideo
1064 673 1188 736 post
1219 663 1389 719 multa
1420 662 1665 717 laborum
1691 657 1982 730 dispendia
2009 656 2079 715 ad

480 763 584 821 iter
611 758 752 832 quod
780 756 1138 830 reliquerant,
1164 754 1342 811 redire
1363 752 1719 809 contendunt.

550 853 640 911 32.
687 850 784 907 llic
814 864 946 921 ergo
988 862 1185 904 sensus
1230 863 1367 902 unus
1414 856 1534 911 est,
1579 845 1721 901 alius
1745 852 1925 900 autem
1957 843 2077 898 ita:

480 946 712 1018 Cogitavi
739 946 848 999 vias
876 958 1056 1008 meas,
1091 958 1196 997 non
1223 940 1538 1011 Superiores
1560 980 1575 1004 ,
1606 942 1701 994 sed
1741 937 1989 1002 futuras;
2023 945 2082 992 ut

479 1050 608 1096 ante
638 1053 790 1094 meos
812 1045 970 1092 actus
1008 1033 1433 1106 cogitationibus
1463 1031 1820 1102 prmvenirem
1844 1072 1860 1096 ,
1906 1045 1974 1086 ne
2001 1030 2084 1084 itt-

479 1133 735 1190 consulta
777 1129 1098 1199 operatione
1145 1138 1504 1199 pragressus,
1536 1122 1741 1194 ahquid
1776 1132 1802 1159 ἰ
1853 1124 1906 1177 in
1950 1121 2083 1190 ipsis

449 1227 453 1231 ’
479 1223 908 1295 cogitationibus
936 1218 1253 1275 offensionis
1282 1216 1581 1273 inciderem
1608 1232 1622 1270 :
1649 1227 1701 1269 ιιι
1730 1215 1774 1270 si
1800 1228 1962 1285 agere
1988 1212 2085 1267 ali-

481 1317 613 1391 quid
646 1316 847 1379 velim,
882 1321 1009 1368 ante
1045 1312 1278 1381 cogitem
1313 1320 1492 1362 utrum
1537 1306 1803 1377 agendum
1841 1304 1913 1361 sit
1953 1302 2084 1359 ilind

483 1408 629 1481 quod
655 1407 932 1467 desidero,
967 1413 1061 1460 aut
1089 1418 1196 1473 quo
1225 1401 1496 1483 agendum
1531 1400 1692 1454 modo
1719 1417 1733 1454 :
1760 1397 2013 1452 similiter
2039 1394 2084 1450 si

482 1500 909 1574 alloquendum,
956 1508 1139 1554 utrum
1186 1495 1388 1565 alloqui
1429 1494 1658 1550 debeam
1693 1490 1932 1549 :deiude
1983 1504 2083 1559 pu-

486 1595 626 1651 blice
649 1635 665 1661 ,
703 1608 770 1647 an
797 1601 1012 1647 secreto
1055 1589 1201 1660 loqui
1224 1628 1241 1656 ,
1268 1586 1630 1660 pra-sentibus
1657 1583 1933 1654 aliquibus
1954 1623 1968 1646 ,
1994 1590 2088 1637 aut

488 1688 689 1753 nullis;
714 1686 856 1741 sicut
883 1682 1016 1739 illud
1044 1692 1162 1746 est,
1194 1690 1251 1735 ut
1279 1681 1323 1734 si
1349 1678 1483 1733 velis
1512 1676 1734 1732 fratrem
1765 1675 2047 1743 corripere
2068 1714 2084 1739 ,

490 1781 666 1852 primo
701 1775 852 1832 solus
876 1773 1146 1846 corripias
1171 1813 1186 1837 ,
1215 1771 1454 1827 secundo
1487 1769 1849 1839 praesentibus
1876 1766 2086 1821 duobus

2175 568 2457 633 attactum,
2496 578 2553 627 et
2576 579 2705 627 ante
2732 571 3027 638 timuisset,
3061 587 3130 628 ne
3158 587 3280 628 cum
3312 572 3539 628 vidisset
3572 572 3779 628 tnntieo

2178 680 2317 730 rem,
2348 674 2529 721 mente
2554 677 2844 736 caperetur
2872 675 2929 724 et
2965 667 3183 737 animo;
3214 667 3401 737 utique
3430 667 3648 739 1063
3669 683 3783 723 non

2182 758 2555 828 prospexisset
2600 759 2665 814 ad
2710 759 3032 824 mulierem,
3065 774 3134 814 ne
3175 759 3592 828 concupisceret
3632 774 3782 814 eam.

2188 852 2387 908 Videns
2428 867 2562 924 ergo
2600 853 2884 909 mulierem
2927 869 3034 909 non
3078 852 3281 911 direxit
3310 852 3505 920 pedem
3531 868 3691 908 suum
3726 853 3785 909 in

2182 945 2497 998 testimonia
2534 944 2783 1009 Domini,
2811 945 2903 1014 qui
2934 947 2981 1000 si
3011 958 3137 1001 ante
3181 947 3389 1013 lapsum
3428 960 3589 1001 suum
3633 947 3789 1015 cogi-

2181 1045 2299 1094 tare
2341 1037 2642 1110 potuisset.
2682 1037 2711 1079 ιι
2749 1037 2979 1094 forsitan
3033 1038 3345 1115 direxisset.
3394 1039 3788 1110 Unusquisque

2183 1147 2317 1200 ergo
2345 1133 2494 1201 prius
2516 1132 2718 1203 cogitet
2736 1132 3012 1203 quomodo
3034 1132 3218 1189 videat
3249 1133 3531 1188 mulierem
3551 1150 3567 1197 ;
3591 1140 3655 1188 ut
3675 1148 3785 1188 Ion

2183 1225 2367 1282 videat
2391 1226 2456 1281 ad
2484 1226 2979 1296 concupiscendum
3011 1241 3135 1282 eam
3155 1265 3171 1290 ,
3198 1234 3295 1283 aut
3319 1243 3431 1282 non
3455 1226 3705 1283 attendst
3732 1229 3784 1282 in

2186 1333 2328 1374 eam.
2356 1318 2412 1373 Si
2437 1327 2616 1373 autem
2650 1318 2839 1374 videns
2870 1328 3126 1389 repente,
3166 1319 3250 1374 vel
3282 1318 3420 1375 bona
3451 1319 3789 1389 cogitatione

2188 1410 2468 1476 fundatus,
2499 1411 2698 1475 dirigat
2726 1411 2917 1480 pedem
2941 1425 3100 1466 suum
3123 1410 3188 1465 ad
3218 1409 3525 1467 teSIimnnia
3549 1410 3787 1479 Domini,

2187 1520 2258 1561 ne
2288 1505 2342 1559 itt
2371 1505 2688 1573 captivitate
2716 1512 3036 1578 permaneat
3075 1523 3088 1559 :
3115 1506 3303 1574 utique
3327 1506 3378 1559 ei
3406 1504 3614 1575 profuit
3638 1506 3791 1574 cogi-

2190 1601 2341 1655 tatio.
2376 1600 2662 1656 Postremo
2691 1614 2883 1654 amans
2906 1609 2930 1638 °
2955 1599 3265 1662 mulierem.
3292 1598 3548 1667 diligens,
3578 1607 3639 1653 et
3657 1612 3793 1653 con-

2189 1693 2512 1761 cupisceus,
2556 1689 2832 1746 Christum
2900 1689 3241 1755 consideret,
3303 1688 3566 1759 judicium
3633 1688 3790 1759 eius,

2192 1782 2503 1838 testimonia
2532 1783 2650 1851 ejus
2696 1782 2764 1838 de
2797 1782 3034 1851 pratmiis
3080 1780 3347 1838 castitatis
3369 1823 3385 1849 ,
3417 1789 3474 1837 et
3517 1780 3794 1852 relinquat

488 1882 581 1929 aut
613 1872 786 1927 tribus
812 1868 1064 1932 testibus,
1089 1866 1249 1921 tertio
1276 1865 1320 1919 si
1344 1879 1454 1919 non
1479 1861 1732 1929 audierit,
1767 1875 1950 1916 coram
1985 1859 2087 1914 Ec-
2120 1863 2164 1923 Β
2192 1876 2307 1928 vias
2336 1875 2830 1942 concupiscentiae,
2875 1883 2932 1928 et
2967 1883 3226 1941 sequatur
3263 1875 3376 1928 vias
3411 1870 3619 1930 Christi
3650 1889 3665 1926 :
3698 1873 3796 1928 ha-

491 1970 678 2026 clesia.
720 1967 908 2033 Itaque
959 1964 1006 2021 si
1058 1964 1428 2037 prietermisso
1475 1961 1703 2028 ordine,
1736 1960 1874 2015 velis
1904 1973 2089 2014 coram

492 2059 737 2116 Ecclesia
768 2059 990 2113 fratrem
1022 2057 1342 2126 increpare,
1370 2070 1532 2124 quam
1575 2064 1704 2108 ante
1746 2066 1970 2107 monere
1996 2050 2091 2106 de—

493 2153 691 2208 bueras
714 2193 730 2219 ,
775 2159 1018 2205 erratum
1050 2150 1165 2219 ipse
1193 2148 1504 2217 cognoscis.
1547 2144 1739 2201 Omnia
1772 2145 1933 2212 igitur
1966 2158 2090 2198 cum

493 2248 824 2318 cogitatione
853 2245 1036 2311 facito,
1072 2252 1131 2300 ut
1155 2258 1263 2300 non
1292 2252 1346 2299 te
1377 2241 1638 2313 pteuiteat
1656 2242 1844 2309 operis
1876 2242 1970 2297 ttti.
2007 2245 2090 2296 An

497 2355 630 2396 vero
659 2341 705 2395 si
739 2340 881 2394 viam
927 2339 1205 2409 ingressus
1226 2378 1241 2398 ,
1270 2351 1393 2392 cum
1422 2336 1641 2391 veneris
1687 2334 1753 2390 ad
1796 2332 2092 2403 compitum

497 2432 718 2505 aliquod
751 2432 860 2503 (ita
900 2431 1045 2486 enim
1078 2429 1386 2501 appellatur
1413 2429 1770 2498 Plurimarttm
1802 2427 1946 2482 velut
1974 2426 2095 2496 qui-

496 2526 619 2582 dam
648 2537 948 2580 concursus
971 2522 1212 2595 viarum)
1250 2522 1297 2577 si
1331 2521 1546 2576 nescias
1575 2520 1719 2588 quod
1750 2521 1853 2575 iter
1884 2517 2095 2589 ingredi

495 2619 726 2684 debeas;
760 2628 872 2673 stas
902 2624 1084 2672 tamen
1130 2625 1187 2670 et
1230 2615 1439 2686 cogitas
1490 2616 1608 2683 ipse
1656 2622 1833 2668 tecum
1862 2653 1878 2679 ,
1912 2620 2093 2667 utrum

495 2717 750 2783 primam.
784 2727 853 2765 an
881 2706 1175 2764 secundam
1195 2747 1210 2769 ,
1239 2722 1307 2761 an
1340 2707 1589 2768 tertiam,
1612 2720 1682 2759 an
1711 2714 1984 2774 quartam,
2010 2702 2096 2757 vel

495 2814 647 2861 certe
676 2804 950 2872 quintam.
986 2803 1032 2856 si
1060 2802 1132 2857 ita
1163 2808 1268 2864 est,
1304 2800 1443 2855 viam
1476 2800 1645 2870 eligas
1666 2839 1682 2864 ,
1710 2814 1872 2869 quam
1899 2812 2096 2867 sequa-

496 2898 607 2962 ris;
644 2911 744 2950 nec
782 2906 939 2965 putas
966 2894 1118 2966 prius
1145 2892 1509 2951 adoriettdutn
1552 2893 1656 2948 iter
1677 2932 1693 2955 ,
1720 2907 1882 2962 quam
1914 2892 2098 2945 animo

497 2987 805 3051 definieris,
851 2981 929 3040 et'
949 2986 1193 3057 pleniore
1233 2986 1430 3040 mentis
1460 2983 1762 3043 intentione
1807 2982 2095 3040 decideris.

503 3080 627 3137 Stas
661 3079 826 3150 igitur
866 3079 1113 3146 cogitans
1141 3067 1263 3148 quae
1308 3077 1381 3131 sit
1410 3076 1523 3141 via,
1570 3091 1691 3144 qua:
1736 3075 1789 3129 in
1826 3074 2098 3129 civitatem

402 3162 407 3166 ’
499 3172 682 3238 ducat,
717 3170 783 3225 ad
816 3184 976 3240 quam
1015 3168 1111 3224 tibi
1156 3176 1313 3239 putas
1341 3183 1463 3223 esse
1496 3167 1852 3237 pergendum.
1883 3165 2100 3234 Quanto

500 3268 666 3339 igitur
694 3265 867 3337 magis
911 3264 1095 3325 animo
1128 3263 1296 3320 debes
1320 3277 1384 3318 ac
1410 3270 1591 3318 mente
1618 3262 1925 3317 consistere
1946 3302 1960 3323 ,
2003 3259 2093 3329 qtti
2120 3245 2166 3307 C

503 3359 568 3413 ad
610 3373 839 3428 regnum
881 3357 1105 3413 caeleste
1148 3354 1435 3411 contendis
1461 3395 1477 3420 ,
1506 3363 1563 3409 et
1604 3352 1846 3423 cogitare
1876 3363 2093 3416 tecum,

501 3453 625 3524 quia
658 3469 763 3506 non
793 3451 973 3507 omnis
1018 3450 1103 3505 via
1147 3449 1241 3527 illo
1281 3448 1463 3511 ducit,
1510 3461 1617 3509 non
1657 3445 1837 3501 omnis
1880 3446 1965 3499 via
2004 3444 2097 3501 illo

502 3544 682 3615 dirigit
726 3543 791 3598 ad
825 3542 1163 3599 llterusalem
1195 3542 1345 3596 illaut
1384 3555 1506 3612 quae
1540 3539 1594 3596 in
1617 3539 1758 3595 caelo
1785 3546 1870 3601 est
1895 3535 2092 3610 (Prov.

502 3654 611 3705 XIV,
642 3636 764 3711 li)!

575 3734 666 3789 55.
690 3732 830 3787 Sunt
849 3732 951 3787 vite
964 3745 1086 3803 qua:
1102 3730 1274 3787 malos
1287 3729 1472 3785 exitus
1497 3727 1721 3794 habent,
1751 3742 1882 3797 quas
1897 3726 2097 3782 diaboli

500 3835 832 3884 tentamenta
878 3825 1175 3890 triverunt;
1206 3831 1260 3878 et
1305 3823 1428 3877 ideo
1457 3822 1635 3877 exitus
1662 3835 1850 3875 earnm
1877 3861 1891 3882 ,
1922 3820 2101 3874 exitus

499 3921 689 3976 mortis
719 3927 864 3976 sunt.
898 3918 990 3973 liae
1019 3932 1214 3987 nempe
1249 3926 1377 3971 sunt
1403 3916 1541 3978 vite,
1576 3913 1644 3966 de
1686 3912 1882 3978 quibus
1922 3910 2097 3981 legisti

432 4014 439 4020 ’
497 4013 554 4069 in
584 4010 889 4068 Proverbiis
919 4028 932 4064 :
971 4010 1109 4076 Quia
1135 4022 1252 4065 sunt
1278 4009 1375 4063 via:
1404 4023 1518 4076 qua:
1550 4006 1787 4061 videntur
1813 4005 1922 4060 viro
1948 4013 2100 4059 rectte

497 4121 625 4168 esse,
660 4105 842 4159 ultima
869 4114 1041 4158 autem
1063 4119 1239 4157 earum
1267 4102 1528 4171 aspiciunt
1575 4101 1628 4153 in
1674 4097 1993 4170 profundunt
2015 4098 2097 4152 itt-

502 4195 640 4268 ferui
670 4194 889 4264 (Matth.
923 4210 977 4261 v,
1021 4193 1148 4265 28).
1184 4193 1280 4248 Est
1320 4201 1499 4247 autem
1531 4190 1615 4244 via
1665 4192 1946 4259 angustior
1978 4189 2096 4256 illa,

500 4302 623 4359 qua:
648 4288 799 4342 ducit
822 4287 889 4342 ad
926 4287 1018 4342 Dei
1051 4300 1298 4357 regnum.
1332 4283 1536 4339 Volctts
1558 4284 1719 4353 igitur
1742 4297 1861 4338 eam
1890 4281 2100 4353 ingredi

502 4380 647 4436 viam
678 4396 801 4452 qua:
847 4380 913 4433 ad
948 4379 1114 4434 Deum
1143 4377 1326 4444 ducit,
1361 4393 1468 4432 nott
1510 4375 1920 4445 circumspicies
1941 4417 1956 4438 ,
1991 4392 2097 4430 non

504 4484 683 4530 tecmn
711 4474 826 4542 ipse
850 4472 1129 4539 tractabis,
1162 4488 1269 4528 non
1297 4468 1699 4533 considerabis;
1728 4484 1796 4523 ne
1827 4466 1982 4523 facile
2011 4482 2101 4522 ca-

501 4569 669 4638 piaris
690 4566 910 4630 atl‘eCtu,
935 4568 978 4620 si
998 4567 1099 4620 via:
1127 4563 1412 4620 latitudine
1436 4573 1761 4633 provocatus
1779 4560 2100 4632 ingrediaris

2193 1966 2344 2021 behit
2388 1965 2603 2021 laudem
2636 1966 2686 2019 itt
2709 1966 2791 2022 eis
2813 2005 2828 2029 ,
2867 1964 2915 2021 si
2943 1967 3345 2036 contemplatus
3377 1966 3666 2021 Dominum
3708 1966 3800 2022 Je-

2192 2077 2334 2125 sutn,
2361 2070 2678 2116 contemnat
2702 2061 2885 2115 carnis
2913 2060 3166 2116 ardorem
3185 2102 3201 2125 ,
3240 2059 3628 2131 ﬂammamque
3666 2060 3794 2116 libi-

2192 2152 2335 2207 dinis
2360 2154 2515 2222 quasi
2551 2152 2789 2221 qundam
2815 2151 2961 2207 fonte
2988 2153 3289 2222 restinguat
3308 2192 3324 2218 ,
3355 2152 3549 2207 allidat
3576 2159 3795 2208 teneras

2194 2254 2249 2301 et
2276 2245 2518 2301 infirmas
2540 2246 2870 2316 cupiditates
2893 2245 2962 2300 ad
2991 2256 3200 2316 petram
3226 2244 3452 2302 Cbristi.

2264 2337 2354 2394 35.
2375 2335 2589 2408 COgitet
2605 2352 2737 2407 ergo
2755 2338 3013 2408 primum,
3034 2347 3086 2391 ut
3105 2338 3300 2394 eadem
3318 2346 3585 2406 repetam,
3607 2353 3798 2409 quem-

2195 2430 2488 2486 admodum
2541 2429 2757 2498 videat,
2813 2430 3271 2500 quemadmodum
3327 2431 3594 2501 loquatur.
3656 2433 3801 2486 Bene

2194 2525 2454 2593 Cogitavit
2494 2525 2586 2593 qui
2631 2523 2771 2578 dixit
2802 2540 2815 2577 :
2845 2521 3032 2591 Pone,
3078 2520 3337 2585 Domine,
3380 2524 3675 2578 custodiam
3720 2525 3800 2579 ori

2196 2633 2309 2671 meo
2339 2615 2524 2688 (Psal.
2555 2632 2689 2682 εει..
2730 2617 2825 2687 5);
2870 2632 2939 2673 ne
2978 2616 3117 2672 forte
3146 2617 3275 2671 dum
3318 2631 3471 2672 mens
3498 2616 3800 2673 inflammat

2197 2708 2487 2775 ardorem.
2536 2700 2715 2779 liitgua
2762 2725 3018 2766 sermone
3047 2709 3287 2777 labatur,
3328 2717 3423 2765 aut
3450 2710 3799 2781 tnultilequio

2200 2799 2414 2856 incauto
2444 2802 2607 2856 etiam
2657 2801 2802 2870 quod
2847 2816 3001 2857 tuens
3051 2816 3162 2857 non
3212 2803 3509 2872 cogitavit,
3557 2801 3803 2858 incurrat

2200 2894 2455 2966 loquendi
2502 2896 2809 2951 facilitate:
2849 2897 3053 2966 cogitet
3095 2894 3559 2967 quemadmodum
3603 2896 3799 2963 pedem

2201 3002 2359 3043 suum
2394 2988 2627 3055 dirigat,
2676 3003 2894 3043 manum
2924 2988 3143 3053 aderat;
3188 3002 3255 3043 ne
3304 2989 3509 3056 impetu
3549 2987 3802 3056 indigna-

2204 3082 2365 3135 tionis
2394 3081 2684 3150 impulsus,
2712 3096 2834 3135 cum
2860 3081 3126 3148 repellere
3150 3081 3348 3136 debeat
3369 3080 3649 3149 iniuriam.
3684 3082 3802 3149 ipse

2202 3171 2413 3229 alterid
2437 3174 2641 3244 jactutn
2687 3176 2948 3231 notabilis
2977 3176 3144 3230 ctedis
3187 3174 3385 3230 illidat.
3434 3173 3801 3244 Cogitandunt

2201 3279 2278 3322 est
2307 3267 2474 3335 igitur
2497 3268 2625 3338 quid
2640 3284 2896 3339 geramus
2915 3286 2931 3333 ;
2952 3269 3042 3324 ubi
3060 3269 3205 3324 enim
3235 3267 3497 3338 pra'cedit
3515 3268 3800 3338 cogitatio,

2202 3368 2489 3416 maturitas
2513 3363 2851 3431 operationis
2873 3362 3184 3417 adhibetur.
3216 3360 3402 3429 Itaque
3429 3374 3524 3430 pes
3547 3360 3654 3415 iste
3679 3360 3802 3418 fidei

2200 3455 2483 3526 vesdgium
2512 3465 2616 3521 est,
2648 3470 2811 3526 quem
2841 3455 3195 3510 meditatione
3225 3468 3520 3524 perpensa,
3546 3469 3577 3507 a
3603 3466 3803 3525 corpu.

2200 3547 2400 3601 ralihus
2430 3548 2668 3602 motibus
2698 3548 2765 3602 ad
2796 3547 3106 3602 testimonia
3126 3546 3309 3600 divina
3338 3544 3585 3601 deﬂexit.

2269 3640 2362 3696 56.
2408 3640 2593 3713 (γεγε.
2616 3640 2733 3711 60.)
2765 3641 2905 3708 Quid
2947 3642 3114 3710 igitur
3143 3640 3313 3710 prosit
3348 3641 3594 3710 cogitare
3629 3647 3761 3695 ante
3787 3680 3803 3706 ,

2200 3731 2344 3803 quod
2371 3744 2555 3799 postea
2578 3732 2821 3789 facturus
2840 3733 2947 3800 sis,
2980 3732 3142 3788 docet
3170 3731 3475 3787 versiculus
3499 3732 3590 3800 qtti
3620 3732 3808 3802 sequi-

2203 3833 2289 3878 tur
2323 3841 2336 3877 :
2371 3823 2601 3879 Paratus
2627 3842 2767 3892 sum,
2798 3836 2847 3879 et
2866 3841 2970 3879 non
2994 3842 3107 3879 sunt
3131 3827 3399 3888 turbatus,
3427 3834 3480 3878 ut
3506 3827 3803 3879 custodiant

2200 3917 2450 3972 mandata
2491 3927 2602 3973 tua.
2647 3917 2748 3974 Ubi
2789 3919 3125 3984 cogitatione
3166 3918 3290 3987 quis
3340 3918 3612 3987 praevenit
3654 3917 3809 3988 quod

2202 4021 2427 4066 acturus
2449 4018 2564 4074 est,
2593 4026 2814 4078 semper
2844 4022 3063 4079 paratus
3094 4010 3161 4064 ad
3189 4010 3459 4080 agendum
3500 4020 3618 4075 est,
3654 4025 3809 4066 srm-

2204 4117 2298 4171 per
2327 4103 2467 4159 ﬁxus
2503 4114 2558 4157 et
2584 4103 2827 4168 validus;
2860 4113 2920 4158 ut
2949 4118 3058 4158 non
3089 4114 3256 4170 queat
3287 4102 3461 4158 subita
3499 4102 3686 4173 aliqua
3711 4117 3811 4158 sc-

2203 4197 2509 4253 cidentiunt
2526 4197 2832 4253 olfensione
2860 4198 3092 4253 turbari.
3120 4198 3273 4254 Nulla
3305 4212 3432 4253 eum
3467 4196 3640 4251 ﬂabra
3686 4213 3810 4252 δεον

2204 4290 2408 4360 ριιιοιειε
2455 4290 2616 4345 nimis
2647 4290 2963 4345 ambitionis
3003 4292 3327 4355 excutiunt,
3365 4289 3517 4345 nulla
3558 4290 3811 4358 procella

2204 4394 2368 4454 atque
2396 4391 2692 4453 tempestas
2721 4383 2938 4451 injuste!
2967 4384 3263 4438 invasionis
3285 4383 3549 4453 exagitat,
3579 4397 3689 4437 non
3714 4398 3816 4453 pe-

2206 4474 2431 4532 tulantis
2478 4476 2671 4532 oculus
2720 4476 3023 4531 meretricis
3062 4475 3351 4545 illaqueat;
3397 4473 3590 4527 oculus
3650 4474 3809 4528 enim

2206 4568 2548 4630 meretricis,
2581 4567 2810 4635 laqueus
2848 4568 3111 4623 amatoris
3159 4577 3263 4624 est.
3306 4566 3366 4625 In
3410 4566 3587 4621 aliena
3637 4567 3816 4623 miser

500 4635 626 4730 iter,
657 4662 796 4732 quod
828 4662 894 4717 ad
927 4661 1136 4717 inferna
1167 4660 1436 4716 deducat?
1463 4657 1654 4729 Cogita
1680 4672 1813 4728 ergo
1835 4667 1992 4723 ante,
2018 4663 2101 4710 at-
2127 4635 2178 4696 Β
2203 4662 2416 4730 capitur
2453 4664 2809 4728 possessione
2829 4701 2843 4726 ,
2875 4661 2967 4731 qui
2997 4660 3296 4728 improviso
3326 4659 3450 4728 igne
3487 4668 3817 4727 pra-ventus

499 4771 608 4827 que
636 4756 911 4826 perpende
938 4755 1066 4826 quid
1102 4753 1288 4811 facias.

570 4848 661 4904 5i.
709 4848 811 4913 Qui
835 4848 1044 4911 viderit,
1078 4847 1286 4915 inquit,
1329 4846 1596 4902 mulierem
1630 4843 1700 4901 ad
1731 4842 2096 4911 concupiscen-

499 4942 625 4996 dum
654 4957 768 4995 eam
789 4982 803 5005 ,
829 4944 946 5014 jam
971 4941 1285 4996 adulteravit
1314 4956 1423 4997 eam
1452 4940 1505 4994 in
1540 4940 1696 4992 corde
1722 4952 1837 4991 suo.
1875 4935 1970 4991 llic
1997 4933 2103 4990 nli-

496 5050 605 5105 que
633 5034 954 5104 cogitaverit
990 5036 1046 5088 ut
1091 5031 1306 5089 videret
1337 5032 1657 5095 mulierem,
1696 5041 1759 5085 ut
1783 5029 1993 5085 videret
2033 5029 2101 5084 ad

501 5125 1032 5195 concupiscendum;
1074 5126 1169 5181 sed
1213 5126 1352 5180 mala
1398 5124 1514 5179 huic
1542 5124 1801 5193 cogitatio
1830 5122 2103 5191 relinquat

501 5218 618 5276 vias
663 5235 813 5275 suas.
848 5218 997 5275 Alius
1030 5234 1136 5275 non
1183 5219 1441 5289 cogitavit
1484 5216 1747 5287 quidem,
1786 5214 1880 5271 sed
1921 5214 2103 5275 subito

455 5350 461 5355 -
497 5312 743 5384 aspexit,
779 5321 835 5369 et
861 5320 1053 5384 captus
1096 5320 1215 5381 est,
1259 5322 1313 5368 et
1343 5310 1512 5378 vidit,
1554 5318 1611 5365 et
1657 5308 2000 5378 concupivit,
2046 5314 2104 5367 et

571 5462 599 5492 ιι
639 5452 763 5508 Yet.
791 5453 906 5509 edit
926 5466 989 5509 ar.
1018 5468 1151 5510 mss.
1185 5451 1453 5513 nonnulli.
1484 5452 1537 5505 iu
1563 5451 1691 5517 ipsis
1717 5449 2088 5504 cantationibus.

499 5525 662 5581 Rom.
693 5540 723 5578 e
754 5527 1001 5595 margine
1030 5526 1191 5580 unius
1219 5523 1366 5585 Vat.,
1395 5525 1449 5577 iu
1474 5524 1598 5594 ipsis
1626 5523 1933 5577 actionibus.
1961 5520 2091 5591 Qni-

499 5597 622 5652 datn
653 5612 789 5663 mss.
814 5637 831 5660 ,
860 5598 915 5650 in
952 5598 1082 5660 ipsis
1123 5597 1473 5651 conciom'bus.
1524 5595 1737 5664 Reliqui
1770 5609 1968 5664 magno
1997 5607 2097 5646 nu-

501 5682 655 5723 mero
676 5667 957 5722 nobiseum
992 5666 1215 5722 faciunt.

570 5737 599 5776 ι)
634 5738 838 5805 Regius
870 5739 991 5795 cod.
1025 5740 1197 5800 solus,
1223 5739 1443 5805 forsitan
1462 5738 1675 5793 dixisset
1696 5734 2099 5805 unusquisque:

499 5804 863 5881 Cogitavioias
893 5827 1063 5874 meas,
1089 5820 1137 5865 et
1173 5804 1335 5865 auerti
1360 5812 1513 5881 pedes
1552 5825 1693 5866 meos
1725 5809 1781 5864 in
1807 5804 2102 5864 testimonia

494 5878 607 5971 tua.
632 5878 777 5965 Ergo
800 5882 966 5956 prius,
993 5889 1099 5961 etc.
1363 5878 1369 5881 ⁷
1644 5888 1648 5892 '
1968 5886 1973 5891 ’
2059 5882 2064 5887 ”

2208 4753 2613 4823 possessionem
2645 4770 2759 4807 sua!
2797 4753 2994 4809 tuentis
3031 4751 3235 4807 amisit.
3282 4751 3338 4806 Si
3372 4750 3682 4819 persecutio
3720 4751 3817 4805 iit-

2206 4846 2380 4916 gruit,
2411 4845 2623 4900 invenit
2648 4848 2761 4914 jam
2795 4854 3074 4913 paratum;
3105 4855 3163 4898 ut
3200 4843 3288 4897 ubi
3320 4842 3491 4912 possit
3520 4857 3644 4898 esse
3681 4856 3819 4913 per-

2204 4938 2443 4993 turbatio
2486 4940 2678 4992 salutis
2709 4939 2968 5003 incertat,
3018 4938 3093 4993 ibi
3142 4948 3361 5002 Sperate
3404 4938 3547 4992 sacri
3596 4951 3820 4995 corona

2202 5031 2522 5087 certaminis
2549 5031 2771 5100 provida
2804 5031 2970 5086 futuri
2995 5030 3352 5085 meditatione
3380 5029 3716 5087 demulcet“.
3755 5030 3822 5088 Si

2203 5138 2235 5178 a
2266 5123 2554 5180 maledicis
2599 5124 3061 5179 obtrectatoribus
3111 5122 3426 5192 frequenter
3478 5120 3822 5191 obroditur,

2201 5219 2406 5288 cogitet
2441 5219 2566 5287 quia
2613 5233 2722 5275 non
2765 5229 2849 5273 est
2892 5217 3196 5286 discipulus
3237 5233 3402 5285 super
3449 5219 3778 5288 magistrum
3806 5258 3822 5287 ,

2203 5326 2379 5382 neque
2407 5326 2599 5365 servus
2628 5326 2790 5382 supra
2819 5311 3126 5367 dominum.
3169 5311 3225 5367 Si
3269 5326 3435 5382 supra
3479 5311 3575 5367 Dei
3607 5309 3826 5369 Filium

2271 5463 2294 5491 ο
2334 5452 2410 5507 Ita
2447 5464 2580 5505 mss.
2613 5465 2805 5505 omnes
2834 5449 3015 5516 Gali;
3049 5451 3183 5505 edit.
3225 5460 3380 5514 vero,
3409 5448 3681 5504 mulierem
3705 5494 3723 5510 .
3776 5455 3826 5505 si

2198 5524 2439 5579 averterit
2470 5540 2571 5576 non
2613 5532 2812 5576 tantum
2850 5527 3063 5591 pedem,
3098 5522 3190 5585 sed
3225 5532 3270 5575 et
3306 5529 3524 5574 mentem
3545 5559 3564 5586 ,
3603 5530 3658 5575 ut
3686 5525 3829 5577 dili-

2198 5610 2342 5669 gens.
2375 5605 2482 5649 etc.
2516 5595 2623 5669 scd
2652 5609 2773 5662 qua:
2801 5590 2857 5649 in
2883 5608 3015 5649 mss.
3049 5590 3279 5658 desunt,
3313 5592 3444 5647 nihil
3466 5591 3614 5647 aliud
3639 5608 3825 5665 quam

2198 5680 2419 5722 sensum
2445 5674 2787 5736 pervertunt.

2274 5784 2300 5822 ά
2344 5785 2504 5872 liom.
2526 5785 2689 5853 edit.,
2718 5786 2877 5843 ictum
2906 5782 3145 5875 notabilis
3172 5782 3349 5871 cedis.
