3988 6316
206 359 324 416 Ιόω

1247 350 1313 407 ΙΝ
1352 347 1685 409 ΡεΑιυωι
1719 346 1935 410 CXVIII
1972 345 2353 407 EXPOSITIO.

3318 355 3461 413 ιδιο

188 472 459 545 opprobria
475 472 927 541 exprobrantium
947 468 1181 527 nefanda
1199 467 1543 531 ceciderunt,
1562 480 1754 537 quain-
1778 469 1832 529 Α
1862 466 2248 525 uabstinentia
2258 469 2491 539 gratiam
2516 482 2628 527 non
2651 479 2882 527 teneret.
2906 471 3083 538 Quam
3102 471 3262 528 multi
3278 472 3461 539 quivi-

189 566 459 622 admodam
489 579 678 621 servus
721 574 994 620 exsortem
1031 576 1221 619 eorum
1261 575 1485 633 sperare
1537 574 1601 615 se
1658 573 1759 628 po-

189 658 334 713 terit?
357 656 591 725 ideoque
636 666 875 723 mentem
922 671 1076 711 suam
1111 668 1425 724 praeparare
1450 651 1655 716 debet;
1696 658 1758 706 ut

185 766 295 807 cum
326 752 421 806 ista
462 749 795 817 acciderint,
826 751 1043 806 turbare
1082 765 1142 804 se
1183 763 1293 803 non
1336 756 1557 818 queant.
1598 745 1754 801 Prae-

188 856 323 915 paret
359 847 597 900 animum
642 853 700 900 et
741 844 1092 900 meditatione
1121 851 1449 914 componet,
1492 851 1552 897 ut
1582 840 1754 911 possit

185 939 377 1002 dicere,
410 941 452 993 si
479 949 663 994 tamen
690 941 862 1010 possit
893 957 907 994 :
940 938 1067 1006 Quis
1094 954 1189 993 nos
1218 937 1477 1004 separabit
1506 953 1539 990 a
1576 934 1754 989 chari-

185 1043 276 1087 tate
298 1031 480 1088 Christi
501 1033 530 1087 ?
563 1032 880 1097 Tribulatio,
909 1049 977 1086 att
1001 1032 1244 1103 angustia
1265 1069 1280 1096 ,
1309 1046 1377 1085 an
1407 1032 1569 1100 fames
1591 1028 1618 1081 2
1641 1037 1748 1083 etc.

184 1127 341 1199 (Beat.
357 1127 608 1196 vnt,35).
632 1126 813 1195 Quare
836 1134 1016 1181 autem
1045 1140 1152 1179 non
1179 1132 1487 1192 separetur,
1513 1120 1749 1191 adjecit:

185 1216 278 1273 Sed
295 1219 342 1270 iu
369 1218 446 1271 Itis
465 1217 705 1271 omnibus
721 1232 1046 1287 superamus,
1073 1218 1262 1291 inquit,
1293 1226 1340 1270 et
1361 1214 1608 1269 uincimus
1630 1228 1754 1282 pro-

186 1319 282 1379 pter
294 1324 401 1363 eum
415 1311 503 1379 qui
531 1309 719 1364 dilexit
739 1325 833 1364 nos
859 1307 1055 1378 (Ibid.,
1076 1308 1144 1363 57
1161 1308 1202 1377 ).
1228 1305 1529 1377 Meritoque
1550 1305 1753 1361 contir-

184 1410 331 1455 matus
344 1401 417 1453 ait
438 1416 453 1453 :
472 1397 699 1470 Conﬁdo
709 1401 846 1454 enim
858 1404 979 1470 quia
1006 1399 1217 1473 ιοω
1231 1414 1391 1468 neque
1415 1413 1571 1462 mors,
1590 1412 1753 1465 neque

182 1494 291 1562 vita,
318 1510 474 1565 neque
498 1496 795 1567 (Νηρῆα...
838 1510 1004 1565 neque
1031 1505 1322 1565 patestates,
1344 1509 1504 1564 neque
1526 1507 1752 1561 praesen-

178 1586 274 1653 tia,
297 1602 451 1655 nepte
490 1589 766 1659 futuram.
808 1602 1051 1659 separare
1091 1602 1187 1643 nos
1220 1594 1463 1659 poterunt
1504 1601 1539 1637 ιι
1578 1585 1752 1639 chari-

178 1689 265 1735 tste
289 1680 408 1746 Dei,
437 1696 552 1750 quis
572 1690 652 1736 est
688 1682 743 1736 iu
762 1680 968 1737 Christo
992 1678 1353 1754 Jesu(1bid.,
1382 1677 1455 1735 38
1484 1687 1533 1733 et
1560 1676 1674 1749 59).

234 1773 315 1828 37.
355 1772 515 1829 Inita
545 1774 845 1842 Apostolus
869 1773 1026 1837 dixit,
1056 1783 1245 1828 contra
1277 1787 1397 1842 quae
1420 1773 1562 1825 lucta
1590 1769 1748 1826 nobis

1857 558 2127 616 dabantur
2155 562 2331 618 sancti
2354 576 2500 630 esse,
2526 562 2841 619 ceciderunt
2870 563 2940 620 ab
2963 564 3250 620 altitudine
3274 562 3461 621 cordis

1855 652 1980 707 sui!
2002 653 2174 721 Quam
2204 654 2359 710 multi
2390 655 2572 726 aliqua
2604 656 2934 713 necessitate
2960 657 3181 726 deiecti,
3210 672 3320 712 non
3360 671 3461 727 pe-

1858 758 2075 806 tuerunt
2121 752 2363 807 contenti
2394 768 2517 809 esse
2548 752 2768 823 injuria,
2812 753 2907 823 qui
2947 755 3162 808 fuerant
3199 753 3459 811 vlt-tutum

1856 843 2127 899 exercitio
2174 844 2456 899 roborati?
2505 843 2680 900 Rarus
2725 844 2829 901 Job
2875 845 3152 900 iuvi-nitur
3192 845 3247 899 in
3277 844 3459 911 terris,

1854 935 1945 1003 qui
1972 944 2028 990 et
2055 934 2276 990 divitias
2304 936 2487 991 amisit
2508 946 2562 990 et
2592 936 2754 999 ﬁlios,
2779 935 2806 974 δ
2834 945 2891 991 et
2916 936 3183 993 vibicibus
3212 934 3461 1005 corporis

1854 1037 2130 1091 esaratus.
2150 1043 2275 1083 cum
2292 1043 2509 1084 vermes
2531 1036 2646 1084 toto
2668 1043 2900 1100 corpore
2922 1028 3188 1093 ﬂuerent,
3206 1044 3234 1083 a
3252 1026 3463 1084 Christi

1853 1130 2039 1179 tamen
2064 1122 2333 1178 cbaritute
2362 1138 2471 1179 non
2503 1126 2678 1195 potuit
2706 1123 2971 1195 separari.
3004 1123 3268 1179 Parentes
3296 1121 3462 1190 igitur

1853 1218 2104 1274 edoctum
2137 1228 2416 1283 nostrum;
2448 1234 2515 1273 ne
2551 1220 2874 1289 imparatum
2907 1218 2987 1272 vis
3014 1219 3299 1287 repentina
3334 1231 3462 1286 per-

1856 1311 2056 1366 turbet.
2094 1296 2334 1381 Denique
2362 1310 2546 1366 sciens
2586 1308 2849 1365 Dominus
2875 1312 2988 1365 cito
3030 1323 3131 1364 nos
3171 1308 3345 1379 frangi
3374 1322 3462 1363 so-

1853 1405 1993 1469 lere,
2027 1405 2099 1459 ait
2131 1405 2293 1459 etiam
2325 1405 2590 1474 apostolis
2622 1421 2636 1458 :
2663 1402 2785 1459 Non
2824 1403 3057 1459 turbetur
3085 1419 3175 1459 eor
3213 1414 3459 1469 vestrum,

1854 1513 2016 1569 neque
2043 1497 2308 1568 formidet.
2348 1495 2528 1568 (locu.
2578 1512 2689 1560 xiv,
2719 1497 2838 1567 θη.
2871 1495 2925 1551 Si
2962 1505 3014 1550 te
3052 1496 3326 1562 cupiditas
3367 1506 3463 1565 ap-

1855 1591 2204 1660 petentiaque
2220 1589 2531 1653 tentaverit,
2550 1588 2672 1657 lege
2693 1586 3065 1657 Evangelinm,
3092 1586 3233 1642 dicat
3255 1584 3350 1641 tibi
3371 1585 3464 1641 Je-

1853 1698 1945 1737 sus
1966 1680 2217 1737 Christus
2255 1698 2268 1736 :
2302 1680 2426 1736 Non
2451 1682 2686 1735 turbetur
2711 1695 2800 1736 cor
2837 1690 3005 1735 tuum.
3041 1678 3098 1736 Si
3125 1678 3252 1750 quis
3285 1686 3461 1733 trrror

1852 1774 2144 1845 ingruerit,
2165 1775 2313 1829 dicat
2336 1774 2432 1830 tibi
2447 1772 2698 1829 Christus
2724 1790 2736 1825 :
2770 1773 2894 1827 Non
2916 1772 3153 1827 turbetur
3179 1788 3268 1826 cor
3288 1781 3455 1838 tuum,

178 1874 282 1920 est:
308 1865 398 1920 sed
424 1866 528 1920 alia
559 1866 742 1921 facilia
783 1875 930 1930 sunt,
962 1866 1053 1921 vel
1072 1876 1224 1921 certe
1268 1881 1376 1920 non
1407 1863 1566 1934 hujus
1611 1873 1748 1917 tem-
1774 1874 1825 1936 Β
1851 1882 2011 1935 ireque
2049 1866 2311 1937 formidet.
2342 1866 2399 1922 Si
2438 1880 2543 1936 qua
2584 1865 2852 1936 supplicia
2898 1874 3215 1935 persecutor
3255 1863 3462 1920 inﬂixe-

180 1956 304 2025 poris
327 1966 417 2013 aut
457 1958 567 2013 ioci
592 1974 611 2022 ;
638 1970 697 2012 ut
736 1957 1015 2015 discutere
1040 1957 1223 2013 omnia
1260 1957 1581 2020 debeamus,
1626 1969 1749 2025 quae

176 2050 270 2106 siut
297 2068 413 2122 qua:
440 2067 543 2107 nos
583 2062 846 2123 ceparare
878 2051 1089 2123 possint
1114 2066 1145 2106 a
1173 2050 1441 2105 charitate
1466 2048 1595 2113 Dei;
1643 2047 1749 2104 nisi

177 2143 458 2215 diligentius
488 2146 833 2201 resistamus.
866 2145 1002 2200 Illud
1035 2160 1179 2200 nunc
1218 2145 1362 2214 quod
1396 2144 1610 2198 videtur
1645 2143 1744 2197 ob-

176 2238 387 2301 scarius,
418 2252 525 2292 non
555 2237 1056 2307 praetermittimus,
1097 2237 1222 2308 quia
1253 2237 1330 2291 ait
1370 2253 1386 2290 :
1420 2235 1601 2305 Neque
1626 2235 1749 2290 alti-

176 2329 305 2389 tude.
345 2344 498 2401 neque
541 2331 871 2401 profundunt
915 2329 1104 2401 (lbid.,
1135 2330 1267 2398 59):
1299 2343 1423 2400 quae
1461 2336 1592 2383 sunt
1626 2341 1748 2399 gra-

177 2419 249 2476 via
270 2431 614 2479 testamenta.
644 2422 890 2493 Denique
921 2424 1091 2478 habes
1118 2424 1171 2477 in
1203 2422 1362 2477 Esaia
1385 2425 1645 2492 scriptum
1676 2420 1747 2477 ad

178 2526 337 2583 regem
363 2517 539 2570 Actias
573 2533 591 2570 :
624 2515 751 2570 Pete
776 2514 867 2571 tibi
908 2517 1112 2587 signum
1131 2532 1163 2570 α
1189 2513 1415 2570 Domino
1445 2518 1501 2571 in
1529 2519 1749 2587 profun-

178 2607 309 2685 dum,
333 2610 488 2663 autin
516 2611 710 2665 altum.
733 2609 1037 2680 Respondit
1058 2609 1152 2665 ille
1183 2628 1195 2663 :
1230 2609 1352 2664 Non
1376 2618 1566 2681 petum,
1590 2624 1750 2678 neque

173 2699 358 2753 tectulo
399 2699 677 2756 Dominum
711 2700 884 2774 (Esai.
936 2717 1037 2768 vti,
1086 2702 1148 2758 ti
1198 2712 1245 2757 et
1300 2702 1416 2772 12).
1462 2702 1747 2774 Mysticutn

180 2791 247 2846 illi
279 2795 607 2864 propositum
661 2804 767 2862 est,
813 2796 913 2852 sed
962 2812 1070 2851 non
1111 2796 1376 2852 intellexit
1410 2813 1425 2851 :
1457 2805 1514 2851 et
1542 2796 1749 2852 veritus

177 2891 335 2942 estne
364 2896 571 2944 tentare
619 2888 903 2943 Dominum
946 2888 1245 2949 videretur.
1277 2888 1326 2944 si
1353 2888 1565 2956 signum
1600 2900 1751 2959 pete-

178 2983 249 3029 ret
271 2976 320 3032 iu
349 2978 537 3046 altum,
571 2986 671 3035 aut
698 2980 750 3034 in
778 2978 1127 3050 profundum.
1160 2981 1425 3036 Dominus
1453 2987 1633 3037 autem
1657 2996 1750 3036 vo-

178 3064 278 3123 lens
300 3070 481 3140 gravia
529 3080 867 3127 tentameuta
908 3072 1155 3129 remedio
1190 3074 1539 3143 supplantare
1562 3074 1749 3129 divino

176 3161 240 3216 ait
275 3178 286 3215 :
316 3162 443 3219 Ecce
489 3166 643 3238 virgo
680 3167 931 3238 concipiet
974 3168 1029 3222 in
1067 3179 1213 3223 utero
1240 3166 1431 3237 (Ibid..
1479 3168 1590 3241 N).
1637 3170 1748 3225 Hoc

1852 1958 1949 2024 rit,
1980 1959 2102 2025 lege
2138 1957 2515 2029 Evangeliutn,
2566 1958 2713 2013 dicat
2760 1958 2858 2013 tibi
2887 1957 3047 2013 Jesns
3077 1974 3091 2011 :
3119 1956 3244 2012 Non
3285 1956 3460 2013 turbe-

1850 2062 1938 2109 tur
1971 2052 2184 2126 1070
2223 2068 2312 2107 cor
2357 2063 2521 2117 tuum,
2555 2068 2722 2121 neque
2759 2053 3023 2125 formidet.
3050 2052 3193 2123 Lege
3224 2052 3460 2120 Aposto-

1850 2147 1963 2203 lttm
2003 2148 2278 2201 dicentem
2314 2162 2330 2200 :
2368 2145 2615 2216 Indigna
2646 2145 2780 2199 enim
2808 2145 3079 2217 passiones
3132 2152 3253 2197 sunt
3299 2141 3459 2212 bttsz

1849 2250 2094 2312 temporis
2130 2242 2198 2295 ad
2235 2250 2660 2309 superventuram
2697 2237 2919 2311 gloriam
2968 2236 3148 2307 (Rom.
3189 2250 3303 2302 vin,
3347 2234 3460 2303 i8).

1851 2334 1907 2391 Si
1952 2335 2005 2389 in
2044 2335 2180 2389 mari
2230 2332 2511 2398 naviganti
2560 2333 2743 2404 gravis
2786 2331 2984 2386 tinctus
3016 2333 3287 2398 insurgat,
3320 2338 3459 2384 tem-

1850 2436 2033 2497 pestas
2083 2434 2198 2481 atra
2249 2424 2538 2488 desteviat,
2583 2424 2681 2479 tibi
2724 2424 2871 2480 dicat
2919 2424 3079 2479 Jesus
3112 2440 3125 2476 :
3155 2422 3271 2496 Ego
3318 2437 3455 2488 sum,

1850 2519 1957 2573 uoti
1992 2517 2191 2573 turbari
2231 2516 2426 2589 (Herc.
2459 2532 2536 2579 vt,
2588 2516 2706 2587 50).
2755 2516 2994 2572 Veniens
3039 2516 3204 2585 igitur
3246 2516 3299 2570 in
3337 2528 3460 2569 cer-

1853 2622 2030 2667 tamen
2060 2611 2279 2682 aliquod
2301 2627 2553 2682 ntagnum
2579 2622 2633 2665 et
2658 2625 2851 2681 grave,
2877 2610 2970 2664 dic
2998 2610 3149 2678 prius
3183 2626 3202 2662 :
3231 2606 3460 2663 Paratus

1849 2720 1981 2768 sum,
2003 2714 2051 2758 et
2080 2721 2181 2758 nou
2212 2720 2326 2758 sunt
2353 2705 2620 2768 turbatus;
2664 2712 2722 2757 ut
2749 2700 3041 2756 custodiam
3074 2701 3320 2755 mandata
3348 2710 3454 2755 tua.

1921 2797 2013 2852 39.
2053 2795 2123 2850 Et
2153 2796 2281 2865 quid
2324 2796 2392 2852 de
2420 2796 2774 2851 smeularihus
2806 2794 3029 2851 dicunt?
3061 2793 3198 2849 Esto
3239 2801 3461 2863 paratus

1852 2905 1957 2945 nou
1987 2890 2164 2945 solum
2191 2890 2457 2945 adversus
2483 2905 2546 2944 ea
2571 2886 2993 2959 quaevides,sed
3016 2887 3176 2941 etiam
3198 2884 3462 2939 adversus

1849 2997 1912 3038 ea
1939 2997 2062 3051 quae
2093 2996 2199 3036 non
2229 2980 2403 3036 vides.
2425 2980 2602 3043 Foris,
2624 2981 2819 3051 inquit,
2844 2991 3052 3051 pugnae,
3082 2978 3223 3031 intus
3251 2976 3460 3031 timores

1851 3073 1917 3146 (ll
1948 3072 2068 3128 Cor.
2098 3088 2195 3139 vlt,
2217 3071 2296 3145 5).
2325 3072 2383 3128 In
2415 3082 2467 3128 te
2494 3075 2615 3144 ipso
2646 3072 2739 3127 tibi
2772 3070 2972 3127 bellum
2999 3077 3087 3124 est
3113 3086 3127 3125 :
3152 3070 3350 3123 bonum
3378 3074 3465 3122 est

1851 3176 1907 3220 ut
1934 3167 1988 3221 in
2020 3167 2407 3237 tranquillitate
2433 3166 2502 3221 sit
2532 3167 2746 3221 animus
2777 3174 2923 3227 tnus,
2947 3173 3002 3217 et
3025 3161 3081 3216 in
3104 3161 3336 3231 quadam
3375 3174 3464 3214 se-

177 3261 248 3307 est
277 3269 517 3327 mgnum
566 3259 808 3330 signum,
853 3259 996 3330 quod
1038 3259 1363 3327 altitudinis,
1409 3270 1466 3316 et
1495 3261 1747 3331 profundi
1774 3271 1822 3337 ρ
1854 3257 2083 3313 renitate
2115 3274 2129 3312 :
2163 3258 2260 3313 sed
2290 3258 2621 3328 gubernator
2652 3257 2744 3312 ille
2776 3256 2968 3311 melior
2999 3266 3107 3319 est,
3131 3254 3223 3324 qui
3252 3254 3304 3308 in
3329 3261 3463 3308 tem-

180 3355 480 3405 teutamenta
507 3352 805 3407 destruxit.
841 3352 1105 3408 Dominus
1146 3353 1293 3409 enim
1332 3352 1492 3410 Iesus
1524 3370 1633 3410 non
1666 3370 1751 3411 ra-

183 3439 341 3507 pinam
357 3444 656 3500 arbitratus
670 3457 751 3499 est
775 3459 899 3501 esse
916 3460 978 3501 se
995 3447 1258 3517 aequalem
1278 3447 1413 3513 Deo;
1436 3462 1610 3518 neque
1629 3464 1752 3518 qum

175 3543 403 3600 soasunt,
422 3534 735 3604 requisivit,
748 3537 844 3592 sed
861 3535 1087 3594 formam
1100 3540 1485 3610 servittem-pit,
1503 3541 1755 3596 humilia-

178 3622 301 3677 vitse
313 3641 478 3696 usque
495 3626 571 3682 ad
585 3643 817 3683 mortem
828 3628 1033 3701 .ltaque
1047 3647 1221 3701 neque
1235 3631 1497 3687 elatuscst
1516 3643 1754 3704 potesta-

176 3722 239 3781 te,
253 3732 414 3787 neque
436 3719 639 3774 mortis
651 3720 885 3789 quadarn
910 3720 1217 3790 dejectione
1240 3722 1507 3778 turbatus.
1527 3723 1756 3795 11υοὶςί-

178 3810 452 3879 tursignum
468 3817 797 3883 proponitur
809 3813 949 3884 regi;
967 3826 1017 3869 ut
1038 3824 1182 3885 petat
1196 3816 1300 3871 sibi
1319 3816 1635 3881 remedium,
1658 3832 1753 3886 per

174 3901 295 3967 quod
313 3918 408 3960 nec
434 3908 607 3976 regiae
626 3909 917 3975 potestatis
941 3908 1300 3963 attolleretur
1319 3910 1629 3978 supercilio,
1653 3924 1755 3967 nec

175 4001 302 4047 certe
319 4010 582 4050 erumnas
612 3997 843 4067 alicujus
874 3997 1194 4070 exceptione
1225 3986 1756 4069 perturbareturfut

173 4093 274 4138 erat
294 4086 450 4144 corde
463 4088 742 4157 turbatus,
760 4104 886 4145 cum
905 4089 1108 4145 bellum
1135 4091 1238 4147 sibi
1264 4091 1472 4149 videret
1492 4093 1562 4148 ab
1587 4094 1756 4166 Assy-

177 4176 260 4230 riis
292 4177 494 4236 iuterri.
535 4180 714 4236 Divini
745 4182 910 4250 igitur
957 4183 1211 4254 exemplo
1259 4186 1468 4239 oraculi
1504 4185 1755 4242 volumus

171 4271 430 4328 ostendere
446 4289 613 4345 quam
636 4285 823 4331 essent
846 4274 962 4332 iure
980 4276 1164 4346 gravia
1186 4279 1754 4350 tentamenta,quibus

174 4366 443 4421 taedium
473 4368 633 4423 solus
663 4367 833 4437 potuit
866 4368 1116 4424 Christus
1141 4368 1359 4424 ali‘erre.

189 4476 203 4490 ν
228 4454 311 4513 38.
340 4457 733 4517 Verumtamen
760 4469 818 4515 et
852 4459 1180 4532 prophetico
1209 4476 1464 4517 sermone
1489 4462 1650 4520 facile
1670 4472 1757 4520 est

172 4548 346 4608 docere
372 4556 651 4612 sarcinam
694 4558 985 4627 quamdam
1033 4557 1226 4612 borum
1270 4566 1750 4618 tentarneuterum.

1856 3359 2067 3419 pestate
2093 3351 2273 3405 navim
2286 3351 2573 3422 gubernat.
2604 3350 2752 3419 Rege
2776 3351 2937 3419 igitur
2957 3357 3008 3404 te
3027 3347 3227 3417 ipsum,
3245 3345 3465 3416 quando

1856 3443 2102 3497 turbatur
2116 3444 2352 3510 animus,
2380 3457 2537 3499 mens
2560 3442 2803 3498 fluctuat.
2826 3441 3185 3496 Laudaveritu
3207 3441 3465 3494 virtutem

1854 3540 2254 3610 gubernatoris,
2275 3540 2367 3609 qui
2398 3539 2576 3594 nullas
2599 3536 2866 3609 procellas
2892 3538 3148 3602 senserit,
3172 3546 3224 3591 et
3246 3548 3463 3590 cursum

1854 3634 2051 3703 navigii
2073 3633 2355 3701 direxerit,
2375 3632 2524 3688 nulla
2550 3639 2875 3701 tempestate
2893 3630 3168 3701 jactatus'l
3189 3630 3293 3684 Sed
3313 3628 3465 3682 illum

1857 3726 2026 3794 magis
2056 3725 2407 3786 laudaverint.
2442 3727 2535 3797 qui
2561 3727 2821 3781 adversus
2853 3734 3046 3778 ventos
3071 3722 3343 3784 renititur,
3383 3719 3467 3774 in-

1854 3820 2027 3890 surgit
2055 3819 2341 3874 adversum
2373 3818 2592 3885 tinctus,
2623 3834 2728 3872 non
2771 3817 2924 3871 timet
2951 3816 3032 3869 vel
3064 3828 3186 3868 cum
3216 3813 3466 3867 elevatur

1856 3911 2016 3966 undis
2049 3912 2340 3980 navigium,
2373 3911 2458 3966 vel
2482 3925 2605 3964 cum
2633 3911 2697 3963 ad
2734 3907 2983 3978 profundi
3019 3908 3123 3960 ima
3147 3904 3460 3974 deponitur.

1855 4004 1931 4060 Ita
1954 4015 2008 4060 et
2036 4005 2127 4058 ille
2155 4004 2456 4058 laudandus
2491 4012 2576 4057 est
2609 4002 2949 4072 gubernatur
2977 4000 3080 4064 sui,
3114 3999 3206 4065 qui
3245 4011 3307 4051 ea
3340 4010 3462 4065 qttte

1856 4097 2078 4153 adversa
2110 4105 2238 4151 sunt
2267 4095 2432 4151 vincit
2458 4096 2736 4167 patientia,
2769 4094 2967 4149 virtute
2995 4102 3238 4163 superat,
3267 4103 3466 4146 secun-

1855 4190 1942 4246 dis
1963 4204 2068 4245 uon
2093 4190 2392 4256 extollitur,
2422 4188 2672 4245 adversis
2697 4205 2802 4242 non
2850 4187 3135 4258 frangitur.
3163 4184 3369 4240 Bellum
3399 4182 3466 4237 ti-

1858 4283 1911 4338 bi
1925 4293 2005 4338 est
2019 4283 2184 4338 etiam
2198 4284 2458 4339 adversus
2471 4283 2739 4352 nequitias
2758 4281 3051 4349 spiritales.
3070 4278 3320 4334 Advertts
3341 4288 3464 4329 cum

1855 4379 2074 4449 quantis
2096 4377 2193 4433 tibi
2224 4372 2297 4432 sit
2325 4376 2609 4448 praelium?
2644 4378 2711 4430 Et
2740 4376 2864 4430 ideo
2890 4375 3175 4436 meditare,
3208 4378 3262 4424 et
3289 4377 3466 4424 statue

1855 4472 2068 4536 animo;
2098 4480 2156 4524 ut
2178 4470 2480 4540 procedens
2500 4468 2566 4524 ad
2598 4467 2779 4538 praelia
2807 4466 2957 4521 dicas
2980 4463 3236 4519 :Params
3256 4475 3390 4525 sum,
3415 4464 3469 4513 at

1858 4580 1963 4620 non
1987 4579 2100 4619 sunt
2137 4564 2402 4631 turbatus;
2434 4574 2490 4618 ut
2518 4564 2809 4618 custodiam
2838 4558 3084 4615 mandata
3106 4567 3214 4611 tua.

174 4637 288 4701 llic
310 4645 455 4702 enim
489 4657 830 4704 teutamenta
859 4649 969 4705 duo
1000 4649 1233 4706 maxime
1255 4663 1477 4707 sanctus
1495 4651 1751 4710 Salomon
1782 4663 1835 4726 ι)
1929 4663 2019 4715 tu.
2060 4658 2246 4729 (Vere.
2278 4658 2399 4726 61.)
2437 4657 2697 4727 Sequitur
2733 4667 2925 4709 versus
2971 4659 3193 4723 quintus
3226 4665 3241 4703 :
3281 4646 3462 4704 lt‘utm

171 4740 392 4799 oratione
433 4744 656 4815 propria
685 4744 1007 4812 declaravit,
1041 4753 1095 4800 et
1123 4747 1331 4817 rogavit
1358 4755 1416 4800 ut
1449 4756 1635 4818 posset
1658 4762 1751 4803 ex-

168 4826 369 4890 cidere
393 4833 586 4891 dicens
612 4852 627 4890 :
656 4834 880 4891 Diuitias
912 4846 1086 4891 autem
1114 4849 1163 4892 et
1186 4847 1545 4911 paupertatem
1574 4856 1636 4894 ne
1663 4840 1753 4897 des

173 4920 281 4977 mihi
302 4941 322 4979 :
347 4926 440 4981 sed
480 4928 669 4983 ordino
698 4929 829 4983 mihi
870 4945 987 5001 qum
1015 4947 1144 5000 opus
1186 4940 1329 4999 sunt,
1362 4943 1410 4988 et
1451 4949 1565 5004 qua:
1592 4935 1756 4989 abun-

171 5010 307 5083 ωας
330 5028 393 5073 tte
410 5022 642 5088 repletus
669 5022 892 5077 mendae
914 5023 1063 5092 ﬁant,
1097 5031 1147 5078 et
1176 5025 1348 5080 dicant
1376 5042 1395 5081 :
1423 5024 1554 5092 Quis
1581 5042 1663 5081 me
1680 5031 1754 5081 vi-

170 5100 281 5190 δςι)
327 5118 418 5164 aut
466 5126 664 5186 pauper
713 5115 955 5185 rapiam,
1005 5125 1053 5172 et
1098 5118 1361 5190 perjttrem
1400 5134 1581 5175 nomen
1630 5116 1753 5176 Dei.

171 5182 334 5262 (hu.
365 5182 501 5268 xxx,
540 5182 580 5261 8-
610 5216 671 5262 et
711 5182 791 5279 9).
823 5182 987 5266 Putes
1018 5182 1263 5279 igitttr'tts
1290 5211 1390 5267 ista
1423 5220 1755 5271 teutamenta

169 5298 523 5364 Munere,
571 5313 695 5370 qua:
737 5298 1049 5356 formidavit
1094 5301 1375 5368 Salomon,
1418 5305 1508 5376 qtti
1538 5306 1757 5376 sapien-

171 5379 287 5439 tiam
312 5390 612 5459 postulavit
639 5402 695 5447 et
721 5393 951 5448 meruit?
978 5392 1137 5450 Dives
1162 5405 1296 5462 erat,
1329 5396 1505 5452 timuit
1524 5400 1711 5455 extolli
1739 5418 1753 5455 :

170 5486 358 5549 Paper
384 5480 506 5541 ﬁeri
544 5484 891 5554 formidavit;
930 5503 1000 5544 ne
1042 5489 1375 5559 paupertatis
1420 5491 1754 5548 necessitate

1854 4762 2180 4823 peccatorum
2196 4750 2535 4819 oircumplesi
2555 4757 2786 4813 suntme,
2803 4753 2849 4801 et
2867 4745 3027 4819 legem
3053 4754 3192 4798 tuam
3220 4757 3322 4796 non
3347 4746 3462 4796 "sum

1853 4843 2047 4898 oblitus
2076 4859 2095 4898 :
2128 4842 2232 4897 huc
2285 4852 2390 4908 est,
2433 4840 2652 4897 funibus
2687 4854 2775 4893 me
2812 4836 3296 4893 circumdederunt
3333 4846 3462 4904 pec-

1856 4951 2099 5007 catores;
2134 4948 2193 4994 ut
2223 4954 2341 4994 mea
2378 4936 2719 5007 itnplicarent
2748 4933 2999 5004 vestigia,
3025 4947 3093 4986 ne
3124 4944 3342 4999 possem
3378 4928 3465 4981 in-

1857 5045 2052 5087 cursus
2113 5045 2304 5089 eorum
2352 5026 2686 5101 praevidendi
2736 5024 3019 5082 celeritate
3061 5022 3290 5078 evitare.
3340 5016 3463 5073 Non

1858 5139 1989 5194 ergo
2021 5122 2101 5178 illi
2134 5124 2290 5177 funes
2319 5132 2465 5186 sunt,
2495 5121 2565 5178 de
2598 5119 2794 5188 quibus
2825 5118 3086 5186 scriptum
3129 5121 3209 5169 est
3242 5129 3255 5166 :
3289 5109 3466 5166 Funes

1858 5218 2154 5272 ceciderunt
2180 5218 2306 5271 mihi
2331 5218 2383 5271 in
2407 5214 2677 5286 praefuris
2706 5212 2880 5285 (Psal.
2905 5226 2996 5278 xv,
3026 5208 3119 5281 5);
3144 5216 3269 5261 rllttl
3317 5205 3464 5261 enim

1855 5308 2013 5364 funes
2028 5309 2107 5364 illi
2132 5309 2327 5379 quibus
2342 5319 2586 5373 utuntur,
2606 5308 2695 5378 qui
2712 5306 2975 5361 terminos
2998 5301 3467 5369 metiuntnragro-

1856 5417 1975 5458 rum
1993 5401 2729 5474 limitesqnedistinguunt,et
2744 5397 3146 5469 posscssionum
3167 5394 3339 5464 spatia
3357 5388 3473 5446 dis-

1856 5495 2176 5555 terntinsut.
2203 5496 2522 5555 Tenduntur
2550 5510 2679 5567 ergo
2702 5495 2779 5551 illi
2820 5492 2978 5549 funes
2995 5492 3171 5563 quoad
3190 5487 3467 5560 possessio

231 5632 648 5721 Ῐέὴϋηεηῖαν
676 5654 708 5694 ³
746 5640 950 5710 “Dinis
994 5641 1226 5721 πίῘῘποῑ.
1279 5653 1337 5700 ut
1372 5643 1645 5702 referatur
1690 5648 1760 5709 ad
1865 5662 1913 5705 et
1943 5652 2227 5721 ulceribus;
2267 5653 2529 5718 nonnulli,
2559 5661 2609 5707 et
2635 5650 2925 5707 verberibus
2950 5657 3216 5706 exoratus.
3250 5645 3357 5704 Sed
3384 5646 3465 5721 si-

298 5710 405 5786 [ξω
447 5710 712 5786 illud.__attt
742 5729 942 5782 pauper
964 5715 1189 5786 rapiant.

290 5768 367 5833 Ita
396 5794 528 5862 mss.
553 5768 795 5862 aliquot,
828 5768 881 5839 et
904 5768 1275 5844 conditas.
1306 5788 1413 5862 nisi
1443 5790 1585 5861 quod
1625 5791 1755 5849 Era.

172 5839 287 5934 ﬁlii.
306 5862 372 5909 ac
396 5849 557 5961 “om.
591 5839 1275 5953 praefer-unqeaarabetur.
1306 5839 1610 5971 ﬁssione

1865 5722 2083 5791 biribus,
2126 5719 2299 5793 magis
2333 5725 2693 5781 Ambroslana
2722 5723 2924 5782 locutio
2969 5731 3089 5788 est;
3125 5731 3184 5777 ut
3218 5722 3329 5796 jam
3358 5719 3458 5775 ob-

1862 5799 2068 5856 servari
2100 5799 2277 5873 potuit
2304 5810 2411 5856 non
2436 5812 2545 5858 uno
2573 5797 2713 5858 loco.
