3988 6356
499 393 640 450 1511

1843 337 2097 445 5ΔΝΟΤ1
2126 384 2446 445 AMBROSII
2465 389 2470 392 ’

3663 389 3797 447 1512

498 506 927 577 uniuscujusque
944 503 1280 560 diffunditur.
1307 503 1398 560 Sic
1419 503 1686 558 factusest
1702 500 1974 557 funiculus
1989 501 2098 556 hac-
2121 501 2178 564 Α
2201 514 2301 555 nos
2317 500 2479 555 etiam
2505 499 2754 556 diabolus
2795 502 3076 558 criminum
3107 514 3252 556 nexu
3283 519 3294 556 :
3326 500 3453 572 ligat
3483 515 3587 556 nos
3615 500 3799 556 vincu-

497 601 748 658 reditatis
771 599 1080 656 sumlsrael.
1107 597 1391 670 Boniergo
1413 597 1681 653 illifuues.
1710 596 1998 652 lstiautem
2018 595 2100 649 fu-

501 708 599 751 nes
616 693 810 764 quibus
829 690 1118 746 trahuutur
1135 702 1377 762 peccata,
1400 701 1458 746 ut
1476 689 1600 746 fune
1617 691 1796 760 longo,
1819 697 1874 745 et
1897 698 1955 744 ut
1981 688 2098 744 loro

496 783 610 855 jugi
641 784 828 838 vitula:
860 784 1184 854 iniquitatis.
1217 783 1397 838 Vitula
1429 784 1572 839 enim
1604 783 1863 838 indomita
1893 783 2014 852 plus
2040 796 2099 837 se

496 877 668 947 jactat
694 877 1002 942 etexcutit,
1035 891 1159 932 cum
1200 887 1434 941 tenetur,
1481 891 1580 932 nec
1609 877 1904 947 acquiescit
1928 877 2098 945 impc-

504 968 618 1030 rio.
655 984 754 1023 nec
790 969 1112 1039 astringitur
1165 970 1413 1033 vinculo;
1465 968 1564 1025 sed
1610 969 1783 1039 magis
1827 983 1949 1024 cum
1983 969 2100 1022 loro

500 1062 820 1128 retrahitur,
851 1073 1228 1133 exasperatur.
1261 1064 1446 1133 Itaque
1494 1078 1594 1118 nec
1641 1074 1828 1118 coacta
1869 1078 1929 1119 se
1972 1062 2103 1118 sub—

495 1154 640 1226 jicit,
670 1172 771 1213 nec
817 1166 995 1212 tamen
1048 1158 1222 1212 libera
1253 1158 1595 1214 vinculorum
1627 1169 1730 1214 est.
1771 1158 1925 1214 Sicut
1971 1173 2102 1228 ergo

503 1248 674 1304 trahit
697 1250 862 1304 vitula
886 1250 1059 1305 lorum
1079 1249 1217 1321 jugi,
1246 1266 1367 1322 quae
1402 1253 1504 1308 etsi
1536 1268 1642 1307 non
1675 1259 1892 1306 tenetur
1917 1266 1948 1307 e
1979 1267 2104 1319 pro-

507 1339 696 1403 ximo;
740 1351 957 1396 tenetur
996 1350 1202 1410 tamen,
1247 1358 1345 1398 nec
1373 1359 1432 1398 se
1463 1325 1781 1414 explicaret
1821 1342 2100 1397 absolvit:

506 1430 582 1486 ita
615 1431 782 1486 trahit
822 1433 1197 1503 unusquisque
1230 1442 1481 1504 peccator
1528 1434 1806 1489 indomitis
1857 1435 2104 1490 moribus

506 1521 840 1591 iniquitates,
872 1525 964 1594 qui
990 1533 1142 1593 putat
1171 1541 1231 1580 se
1257 1526 1524 1592 liberum;
1558 1529 1686 1599 quia
1729 1543 1833 1583 non
1867 1537 1952 1583 est
1975 1529 2106 1599 jugo

505 1613 776 1680 subditus,
817 1615 1203 1688 subjectusque
1242 1618 1484 1688 judicio:
1512 1631 1567 1676 et
1608 1621 1784 1676 nescit
1823 1622 1965 1693 quod
1997 1638 2104 1678 non

503 1705 575 1762 sit
604 1719 820 1774 exutus,
854 1709 951 1764 sed
979 1712 1150 1781 magis
1176 1718 1235 1765 ut
1262 1710 1355 1766 illa
1388 1713 1578 1779 vitula,
1611 1723 1665 1768 et
1695 1713 1812 1784 ipse
1835 1730 1895 1770 se
1922 1715 2105 1785 impli-

504 1810 594 1856 cat
623 1817 846 1856 suorum
880 1802 1106 1858 nexibus
1132 1816 1500 1873 peccatorum.
1530 1805 1590 1860 lli
1619 1814 1744 1862 sunt
1770 1807 1930 1877 igitur
1950 1807 2107 1862 funes

2201 592 2254 648 lo
2293 593 2683 661 fornicationis,
2733 594 2946 650 vinculo
2978 593 3252 660 adulterii,
3303 593 3520 649 vinculo
3556 591 3798 664 perfidia:

2201 700 2303 755 qua
2332 685 2578 740 Christus
2606 695 2850 757 negatur,
2876 688 3088 742 vinculo
3119 686 3335 742 invidiae
3358 703 3460 757 qua
3487 687 3800 757 frequenter

2201 778 2364 832 etiam
2391 776 2555 834 frater
2575 780 2862 848 appetitur,
2897 781 3111 834 vinculo
3137 778 3473 834 crudelitatis
3511 793 3620 848 qua
3673 794 3800 833 non-

2203 886 2494 942 numquam
2512 872 2690 928 socins
2711 874 3067 929 etcouformis
3087 874 3375 930 occiditur.
3402 873 3529 928 llaec
3541 881 3676 928 sunt
3692 874 3802 929 vin-

2201 967 2323 1019 cula
2355 967 2550 1036 quibus
2581 968 2774 1037 ligatus
2806 970 3173 1039 unusquisque
3219 968 3538 1032 inclinatur;
3588 974 3652 1023 ut
3691 967 3802 1022 aui-

2203 1072 2345 1110 mam
2366 1072 2516 1111 suam
2550 1058 2731 1114 lcVare
2759 1075 2862 1113 non
2903 1061 3090 1128 possit,
3117 1073 3217 1114 nec
3246 1058 3466 1113 obtutus
3503 1057 3575 1113 ad
3605 1059 3800 1114 caelum

2203 1151 2401 1205 mentis
2423 1150 2654 1221 erigere,
2681 1153 2781 1206 nisi
2813 1153 2956 1206 dicat
2976 1154 3023 1208 ei
3053 1152 3312 1206 Dominus
3338 1169 3350 1206 :
3379 1151 3653 1206 Dimissns
3668 1149 3801 1206 eSab

2204 1241 2515 1297 inﬁrmitate
2561 1252 2678 1308 tua;
2728 1253 2782 1298 et
2825 1260 3050 1299 munere
3087 1260 3211 1299 eum
3259 1258 3372 1299 suae
3414 1242 3803 1298 benedictimiis

2202 1333 2436 1388 erexerit
2459 1331 2648 1404 (10211.,
2675 1333 2788 1400 12).
2822 1334 2949 1390 1-1ευο
2978 1345 3103 1390 sunt
3134 1335 3520 1390 sceleratorum
3547 1335 3758 1390 vincula
3777 1332 3801 1372 ἀ

2204 1440 2328 1495 quae
2348 1425 2482 1478 dure
2513 1434 2825 1494 peccatores
2847 1425 3032 1495 ligant,
3083 1426 3187 1481 hoc
3223 1436 3331 1491 est,
3354 1427 3612 1480 diabolus
3633 1437 3686 1480 et
3707 1427 3803 1480 mi-

2206 1518 2363 1572 nistri
2387 1517 2503 1587 ejus
2529 1535 2541 1570 :
2569 1519 2823 1574 velcerte
2862 1519 3147 1586 Nemroth,
3187 1519 3291 1575 hoc
3323 1529 3426 1580 est,
3453 1519 3802 1576 amaritudo:

2207 1613 2289 1667 vel
2311 1621 2459 1668 certe
2476 1613 2640 1679 Esau,
2667 1613 2772 1669 hoc
2792 1623 2896 1680 est,
2925 1622 3173 1670 terrenus
3201 1624 3256 1669 ct
3273 1615 3521 1670 callidus.
3553 1615 3651 1670 [sti
3671 1617 3806 1671 enim

2210 1716 2496 1763 venatores
2524 1716 2711 1772 erant,
2744 1711 2832 1778 qui
2863 1708 3008 1764 feras
3032 1710 3236 1778 laqueis
3261 1716 3485 1778 captare
3514 1723 3811 1766 consueve-

2210 1808 2362 1865 rant,
2389 1808 2443 1854 et
2465 1809 2609 1854 muta
2631 1800 2923 1856 animantia
2950 1801 3178 1856 vinculis
3209 1800 3440 1871 illigare.
3476 1802 3701 1856 Inutiles
3727 1818 3813 1857 ve—

507 1891 829 1949 delictorum
855 1905 1185 1959 nostrorum,
1209 1897 1407 1968 quibus
1428 1897 1758 1953 involvimur
1779 1908 1832 1954 et
1853 1899 2104 1967 ligamur,
2143 1906 2185 1967 Β
2215 1904 2452 1958 natores,
2476 1895 2564 1964 qui
2594 1896 2810 1964 capiant
2840 1895 3060 1960 bestias,
3089 1910 3206 1964 quae
3232 1909 3480 1965 pompam
3501 1894 3812 1964 spectaculo

508 1987 967 2058 quemadmodum
1001 2000 1128 2044 sunt
1158 1998 1215 2044 et
1250 1991 1461 2045 vincula
1489 1992 1828 2046 delictorum.
1881 1991 1949 2046 Et
1989 1991 2110 2046 idco

509 2076 762 2133 Salvator
785 2079 874 2150 qui
907 2079 1064 2135 habet
1108 2080 1159 2135 in
1191 2090 1456 2151 potestate
1500 2094 1780 2152 peccatum
1812 2082 2108 2148 dimittere,

512 2170 644 2226 dicit
700 2171 768 2226 iis
811 2174 901 2242 qui
953 2185 1080 2229 sunt
1130 2175 1184 2229 in
1231 2175 1463 2231 vinculis
1511 2195 1525 2232 :
1576 2175 1750 2232 Exite.
1797 2176 2012 2233 Utinam
2057 2186 2112 2232 et

514 2266 643 2320 mihi
689 2266 865 2321 dicat:
903 2268 1000 2322 Exi
1039 2268 1106 2322 de
1156 2269 1390 2325 vinculis
1440 2271 1546 2326 tuis
1581 2288 1594 2325 :
1634 2272 1722 2326 exi
1772 2269 1840 2325 de
1881 2271 2111 2327 nexibus

513 2368 860 2429 peccatorum
895 2372 1107 2415 tuorum
1139 2380 1150 2415 :
1181 2362 1332 2417 solve
1374 2362 1531 2418 funes
1558 2363 1759 2417 erroris
1789 2362 1888 2427 tui,
1915 2362 2112 2431 quibus

509 2450 882 2508 circumdatus
914 2452 1122 2524 1071
1153 2462 1208 2508 et
1229 2453 1425 2524 ligatus
1455 2469 1535 2509 es.
1567 2453 1686 2508 Etsi
1712 2456 1856 2509 enim
1887 2455 2109 2525 nequis-

511 2546 682 2602 simus
734 2546 834 2602 sim
876 2548 1141 2613 omnium,
1178 2556 1204 2584 α
1237 2555 1293 2602 et
1327 2547 1834 2604 detestabilissimus
1867 2558 2112 2619 peccato-

511 2655 661 2706 rum;
693 2640 788 2696 illo
818 2651 994 2696 tamen
1021 2641 1266 2710 jubente,
1299 2641 1438 2698 liber
1469 2656 1585 2706 ero,
1614 2641 1703 2712 qui
1735 2642 1834 2696 sub
1863 2657 1967 2696 uno
1998 2657 2115 2696 mo-

515 2745 700 2788 mento
748 2734 1014 2789 latrocinii
1043 2734 1358 2790 damnatum
1389 2751 1541 2790 reum
1583 2735 1848 2806 supplicio
1891 2737 2107 2806 eripuit,

515 2827 900 2896 constituitque
928 2827 978 2880 in
1009 2841 1176 2895 regno
1197 2841 1317 2883 suo.

590 2917 683 2971 41.
727 2918 864 2972 Sunt
889 2934 1018 2986 ergo
1063 2920 1272 2975 vincula
1304 2920 1499 2990 quibus
1539 2921 1985 2992 constringimnr,
2011 2922 2112 2976 etsi

516 3008 800 3064 videamur
848 3009 1004 3066 nobis
1054 3011 1230 3066 liberi.
1281 3012 1477 3068 Beatus
1504 3016 1594 3082 qui
1648 3017 1763 3069 haec
1813 3017 1973 3070 solvit
2012 3015 2112 3069 sibi

517 3102 752 3157 vincula.
803 3102 870 3156 Et
920 3103 1040 3157 ideo
1086 3103 1252 3158 David
1303 3105 1375 3159 ait
1426 3124 1439 3160 :
1492 3105 1866 3178 Dirumpamus
1910 3109 2116 3162 vincula

512 3211 689 3250 eorum
719 3211 738 3250 :
762 3205 810 3250 et
829 3196 1136 3269 abjiciamus
1167 3215 1198 3250 a
1221 3199 1366 3253 nobis
1395 3202 1574 3270 iugum
1594 3201 1820 3270 ipsorum
1848 3199 2022 3272 (Psal.
2053 3218 2112 3268 ll,

513 3290 591 3356 5).
627 3288 742 3345 Non
768 3306 933 3345 manu
961 3292 1145 3361 utique
1167 3291 1398 3346 visiliilia
1423 3294 1637 3349 vincula
1665 3295 1796 3350 dicit
1823 3311 1946 3351 esse
1968 3314 2114 3351 rum-
2138 3291 2184 3353 C
2218 3293 2344 3348 simi
2384 3301 2670 3347 Venalores

515 3380 712 3449 perula,
757 3381 852 3437 sed
887 3383 1188 3438 invisibiles
1218 3386 1506 3440 criminum
1533 3402 1705 3442 nexus
1744 3403 1955 3443 morum
1984 3405 2114 3444 con-

517 3472 788 3539 versione,
814 3473 1006 3528 etlidei
1034 3475 1370 3544 professione
1397 3479 1693 3534 solvendus
1722 3497 1735 3532 :
1765 3479 1792 3518 δ
1810 3491 1902 3535 aut
1927 3497 2110 3546 manu,

513 3561 617 3617 hoc
646 3573 750 3628 est,
779 3579 946 3633 opere
985 3580 1176 3620 manus
1207 3577 1333 3622 tuae.
1382 3569 1553 3640 Eroga
1584 3572 1933 3640 pauperibus,
1963 3572 2115 3627 debi-

512 3651 598 3707 les
628 3654 863 3721 elevato,
899 3655 1102 3710 redime
1127 3659 1409 3728 captivos;
1431 3668 1488 3714 et
1515 3661 1726 3716 solvisti
1760 3664 1971 3719 vincula
1999 3675 2112 3723 tua.

516 3743 873 3818 Eleemosyua
905 3748 1050 3802 enim
1081 3765 1109 3802 a
1152 3759 1377 3820 peccato
1409 3751 1626 3808 liberat.
1668 3753 1831 3824 Eripe
1867 3770 1990 3810 eum
2022 3758 2113 3827 qui

513 3835 728 3892 ducitur
749 3838 813 3892 ad
833 3848 1085 3907 mortem,
1111 3841 1212 3896 hoc
1241 3852 1345 3909 est,
1374 3844 1524 3912 eripe
1549 3861 1672 3900 eum
1699 3847 2110 3913 intercessione,

514 3929 664 3996 eripe
703 3931 898 3999 gratia,
925 3941 948 3968 ο
979 3943 1032 3984 ιιι
1075 3933 1330 3988 sacerdos
1361 3944 1490 3989 :aut
1518 3945 1573 3990 tu
1615 3936 1930 4007 imperator.
1964 3941 2114 4009 eripe

512 4021 914 4092 subscriptione
956 4025 1332 4097 indulgentiae;
1375 4037 1429 4084 et
1469 4028 1681 4084 solvisti
1724 4042 1940 4100 peccata
1998 4042 2110 4097 tua,

511 4114 713 4169 exuisti
745 4125 797 4169 te
828 4118 1079 4172 vinculis.

579 4205 673 4257 42.
720 4205 962 4262 Vinculis
992 4211 1136 4264 enim
1181 4221 1526 4279 peccatorum
1568 4230 1789 4270 suorum
1825 4219 2108 4288 unusquis-

511 4313 618 4366 que
648 4298 1061 4369 constringitur,
1093 4302 1234 4357 sicut
1263 4304 1378 4372 ipse
1400 4304 1577 4375 legisti
1605 4325 1618 4360 :
1651 4307 1784 4375 ligat
1807 4322 1906 4362 nos
1927 4309 2115 4365 vincu-

512 4388 582 4444 lis
637 4391 814 4445 carnis
873 4393 1125 4449 illecebra
1175 4394 1381 4466 (Iacob.
1431 4413 1470 4465 ι,
1522 4397 1632 4469 15).
1684 4399 1970 4455 Vinculum
2016 4417 2113 4457 no-

511 4491 685 4537 strum
727 4485 953 4540 avaritia
985 4496 1089 4554 est,
1135 4488 1404 4544 vinculum
1449 4501 1694 4548 nostrum
1725 4492 1962 4549 ebrietas
2002 4504 2108 4560 est,

516 4578 791 4633 vinculum
824 4591 1070 4636 nostrum
1093 4587 1533 4652 concupiscentia
1566 4596 1673 4654 est,
1717 4587 1986 4643 vinculum
2015 4605 2113 4643 no-

2213 1989 2457 2059 populari
2492 1989 2789 2058 praebeant,
2818 1989 3179 2044 ministerium
3207 1987 3535 2045 crudelitati.
3574 1990 3812 2061 Denique

2212 2082 2418 2137 nullum
2445 2083 2747 2137 invenimus
2769 2082 2820 2138 in
2847 2083 3148 2138 divinarum
3168 2083 3311 2138 serie
3331 2082 3736 2154 Scripturarum
3753 2083 3814 2140 de

2213 2174 2560 2230 venatoribus
2583 2175 2811 2244 justum.

2284 2266 2376 2322 45.
2419 2268 2487 2322 At
2512 2281 2643 2322 vero
2685 2267 2792 2322 alia
2842 2266 3056 2322 vincula
3107 2277 3255 2334 sunt,
3306 2277 3364 2322 ut
3403 2265 3538 2332 dixi,
3600 2267 3813 2323 Domini

2210 2358 2362 2425 Jesu,
2391 2374 2550 2429 quem
2584 2367 2911 2430 sequuntur,
2953 2360 3130 2431 inquit
3160 2360 3308 2433 (Ose.
3355 2377 3430 2428 χι,
3477 2362 3558 2430 4),
3608 2360 3812 2432 alligati

2213 2452 2466 2517 vinculis,
2499 2452 2601 2508 hoc
2626 2465 2733 2519 est,
2767 2455 2998 2509 vinculis
3026 2455 3231 2510 astricti
3255 2455 3539 2510 charitatis
3570 2465 3626 2510 et
3668 2469 3816 2510 amo-

2214 2549 2310 2614 ris,
2341 2547 2468 2604 ﬁdei
2511 2547 2742 2602 vinculis
2786 2549 3009 2618 alligati.
3052 2549 3199 2604 Licet
3227 2550 3305 2604 sic
3346 2549 3516 2621 possit
3543 2549 3818 2620 intelligi:

2215 2640 2431 2710 Alligati
2463 2639 2694 2696 vinculis
2732 2641 3007 2697 Christum
3059 2650 3381 2712 sequuntur,
3417 2641 3524 2698 hoc
3561 2652 3648 2698 est
3703 2658 3819 2710 pec-

2215 2741 2460 2787 catorum
2491 2743 2546 2788 et
2575 2733 2860 2788 criminum
2893 2736 3269 2800 remissorem,
3297 2733 3499 2789 fontem
3536 2735 3818 2807 indulgeo.

2217 2826 2435 2891 tiarum,
2489 2825 2884 2896 redemptionis
2951 2839 3251 2882 auctorem.
3313 2827 3622 2898 Sequamur
3697 2843 3821 2900 ergo

2216 2917 2428 2972 vincula
2478 2917 2703 2982 Christi,
2756 2917 3025 2989 fugiamus
3077 2919 3292 2976 vincula
3340 2930 3702 2987 venatorum;
3759 2937 3821 2977 ne

2217 3013 2346 3068 dum
2403 3013 2730 3080 incedimus,
2787 3013 2915 3068 dum
2971 3014 3304 3084 ignoramus,
3361 3015 3582 3085 laqueos
3631 3030 3819 3070 eorum

2220 3121 2315 3177 pes
2341 3116 2540 3161 nostra:
2567 3108 2762 3162 mentis
2792 3108 3057 3172 incurrat,
3087 3123 3188 3164 nec
3217 3109 3410 3163 animm
3429 3118 3634 3164 nostra:
3652 3110 3823 3165 cervi-

2221 3215 2340 3255 cem
2371 3199 2602 3256 nexibus
2635 3200 2959 3256 inseramus.
2990 3200 3320 3256 Insidiantur
3349 3202 3493 3256 enim
3523 3203 3682 3272 quasi
3714 3217 3824 3270 pes-

2724 3309 2737 3345 ;
2785 3302 2842 3348 et
2896 3294 3114 3365 quando
3163 3308 3551 3364 proSpcrorum
3606 3295 3821 3368 1072

2213 3394 2414 3440 eventu
2459 3387 2700 3440 animum
2749 3387 3079 3452 relaxamus,
3127 3401 3191 3440 ac
3240 3388 3496 3442 secundis
3532 3389 3707 3444 rebus
3741 3405 3826 3445 re-

2216 3482 2503 3545 mittimus,
2538 3497 2638 3536 nec
2674 3481 2931 3536 excubias
2960 3481 3230 3536 cautionis
3259 3480 3521 3536 habemus
3543 3482 3809 3548 intentas,

2215 3581 2343 3628 tunc
2373 3574 2492 3644 plus
2515 3574 2726 3643 jactant
2752 3573 2977 3644 laqueos
3004 3588 3154 3638 suos,
3187 3572 3358 3628 autin
3386 3574 3470 3627 via
3495 3589 3599 3643 qua
3628 3573 3823 3628 ambu-

2215 3665 2412 3729 lamus,
2450 3664 2824 3730 abscondunt;
2864 3673 2924 3719 ut
2968 3678 3090 3720 cum
3142 3662 3343 3718 fuerint
3381 3678 3573 3718 eorum
3605 3663 3819 3734 laqueis

2216 3755 2412 3812 innexa
2453 3758 2702 3827 vestigia,
2765 3755 2983 3811 trahant
3014 3769 3124 3826 quo
3171 3768 3423 3810 securum
3471 3754 3825 3825 supplantent

2216 3848 2474 3913 viantem,
2501 3849 2587 3903 vel
2614 3848 2758 3903 collo
2778 3848 3033 3902 astrictos
3061 3846 3401 3916 strangulent
3425 3857 3822 3902 commeantes.

2287 3942 2378 3996 44.
2419 3940 2539 3996 Noli
2561 3956 2692 4011 ergo
2721 3940 2828 3994 alta
2854 3940 3134 3995 ambulare
3156 3938 3389 4002 cervice,
3415 3939 3556 3993 sicut
3583 3937 3713 3994 filia:
3735 3938 3827 3995 Ju-

2215 4022 2334 4099 daz;
2382 4035 2510 4090 altis
2535 4034 2680 4088 enim
2729 4032 3038 4088 cervicibus
3079 4032 3190 4085 cito
3237 4029 3466 4098 laqueus
3503 4030 3821 4086 innodatur.

2215 4127 2334 4182 Noli
2363 4127 2430 4182 ad
2453 4128 2731 4182 saecularia
2764 4135 3005 4180 mentem
3033 4124 3385 4191 animumque
3409 4119 3652 4190 deligere
3683 4140 3696 4176 :
3731 4123 3824 4178 sed

2215 4219 2578 4286 circumspice
2607 4217 2781 4272 oculis
2813 4216 3011 4269 anima:
3041 4213 3352 4284 diligenter,
3383 4214 3507 4283 quia
3539 4214 3683 4282 pluit
3723 4215 3829 4270 Do-

2216 4311 2395 4365 minus
2422 4310 2644 4379 Iaqucos
2671 4322 2837 4378 super
2855 4316 3204 4377 peccatores;
3231 4320 3300 4360 ne
3322 4303 3585 4360 cadentes
3616 4305 3826 4377 illigare

2217 4412 2271 4456 te
2310 4401 2522 4471 possint
2570 4417 2582 4452 :
2632 4414 2765 4469 quos
2805 4397 3012 4468 poteris
3043 4397 3272 4462 evitare,
3306 4395 3352 4451 si
3395 4396 3572 4466 legem
3610 4395 3828 4451 Domini

2214 4511 2322 4548 non
2360 4492 2723 4549 obliviscaris.
2778 4489 2989 4545 Etenim
3033 4478 3196 4544 etiam
3245 4487 3338 4556 qui
3381 4486 3580 4558 ligatus
3619 4497 3725 4554 est,
3781 4489 3827 4542 si

2213 4585 2316 4640 sibi
2346 4585 2416 4640 sit
2434 4583 2688 4640 conscius
2724 4582 3015 4647 libertatis,
3055 4578 3302 4634 oblivisci
3331 4577 3642 4633 libertatem
3673 4594 3830 4635 suam

513 4681 684 4727 strum
715 4676 969 4745 superbia
1001 4686 1105 4732 est.
1133 4677 1272 4733 Sunt
1292 4689 1344 4735 et
1369 4679 1568 4736 diaboli
1600 4680 1834 4737 vincula.
1870 4682 2109 4752 Denique
2137 4681 2190 4741 D
2217 4693 2324 4734 non
2351 4676 2572 4742 desinit,
2603 4687 2656 4731 et
2679 4689 2901 4731 causam
2927 4686 3334 4742 nonnumquam
3358 4670 3541 4726 dicite
3563 4672 3825 4738 vinculis,

512 4766 774 4835 scriptum
800 4777 884 4822 est
916 4785 929 4818 :
963 4767 1118 4824 Hauc
1142 4781 1310 4825 autem
1335 4773 1501 4842 ﬁliam
1525 4773 1767 4841 Abrahae,
1794 4791 1949 4844 quam
1975 4774 2111 4847 liga-

509 4857 580 4912 vit
614 4857 840 4914 Satanas
867 4862 1039 4917 decem
1077 4876 1124 4918 et
1159 4876 1272 4920 octo
1303 4867 1453 4921 annis
1476 4866 1630 4938 (Luc.
1662 4884 1781 4936 xm,
1816 4868 1929 4938 16).
1961 4868 2113 4937 Ligat

589 5047 614 5074 ι
653 5039 854 5093 Omnes
881 5038 1013 5094 edit.
1044 5055 1168 5096 cum
1202 5044 1384 5108 paucis
1408 5057 1564 5107 mss.,
1595 5052 1641 5098 et
1670 5042 1988 5096 detestabilis
2022 5057 2118 5095 usu

521 5120 871 5180 peccatorum.
910 5110 1122 5180 Reliqui
1159 5127 1288 5166 mss.
1334 5115 1616 5170 uobiscum
1650 5113 1871 5167 iaciunt.

594 5178 620 5217 ι’
662 5180 818 5234 Rom.
863 5183 995 5236 edit.
1047 5178 1079 5236 ὸ
1132 5199 1302 5253 marg.
1363 5188 1524 5240 unius
1573 5186 1696 5239 cod.
1732 5183 1880 5240 Vat..
1925 5184 2030 5236 Aut
2075 5185 2120 5237 si

517 5267 695 5318 manu,
721 5261 766 5306 et
796 5263 916 5305 tunc
950 5269 1107 5322 apem
1137 5271 1318 5309 manus
1349 5266 1450 5310 tua:
1480 5273 1655 5328 eroga,
1697 5265 1800 5310 etc.
1833 5255 1955 5309 Vct.
1981 5255 2113 5328 edit.

517 5337 580 5376 ac
625 5333 735 5377 tres
780 5338 938 5388 msm,
991 5329 1091 5378 Aut
1132 5341 1308 5391 manu,
1360 5328 1455 5380 hoc
1493 5325 1591 5394 est;
1635 5343 1814 5396 opera,
1855 5336 1960 5381 etc.
2012 5325 2117 5380 Alii

518 5409 710 5450 omnes
742 5397 1001 5464 legunt...
1032 5411 1205 5465 opere,
1237 5411 1344 5453 etc.

592 5477 613 5503 ε
635 5467 802 5538 ΔΙιιιθι·
822 5465 1204 5536 episcoporum
1236 5468 1514 5538 privilegia
1546 5469 1676 5524 illud
1702 5478 1820 5525 erat
1847 5468 1976 5522 olim
2006 5483 2110 5521 non

516 5535 799 5590 minimum
829 5545 887 5590 ut
917 5535 1138 5606 possent
1167 5535 1334 5594 certis
1356 5535 1549 5595 diebus
1578 5540 1630 5594 in
1661 5541 1906 5596 custodia
1930 5555 2115 5594 serva-

516 5607 810 5682 tosadirc,
842 5619 1007 5677 atque
1035 5609 1215 5682 audita
1259 5611 1496 5680 ipsorum
1527 5627 1712 5675 causa,
1748 5627 1847 5682 pro
1879 5612 1944 5665 iis
1973 5612 2112 5682 apud

507 5677 718 5750 iudices
741 5679 1090 5735 intervenire.
1122 5681 1232 5735 Hoc
1263 5677 1508 5750 liquetex
1529 5684 1620 5739 lib.
1641 5700 1693 5740 ιχ
1720 5677 1854 5740 Cod.
1879 5680 2111 5744 Tlteod..

509 5749 592 5823 tit.
614 5748 669 5823 Ei,
687 5749 790 5823 leg.
817 5748 1439 5823 11,;etComm.,Godefr.
1462 5755 1513 5810 in
1531 5756 1776 5811 eamdem
1794 5754 1990 5823 legem.
2005 5751 2114 5823 Sed

509 5815 640 5873 illud
672 5815 834 5875 etiam
875 5815 1078 5876 clarius
1102 5819 1396 5892 cegnoscas
1422 5841 1486 5881 ex
1517 5825 1553 5878 I.
1586 5827 1654 5881 l5
1695 5815 1942 5895 Appeltd.
1973 5822 2110 5880 Cod.

2225 4781 2247 4808 ε
2277 4784 2506 4840 eamque
2535 4767 2638 4823 sibi
2667 4767 2845 4836 legum
2878 4765 3199 4834 przcscripto
3228 4762 3496 4829 defendit,
3530 4777 3597 4818 ac
3617 4763 3832 4834 judicio

2215 4865 2531 4930 frequenter
2558 4861 2814 4918 absolvit.
2846 4860 2992 4931 Ergo
3017 4868 3074 4916 et
3097 4869 3151 4914 tu
3179 4859 3226 4914 si
3254 4857 3592 4929 peccaveris,
3616 4864 3833 4915 menter

2226 5040 2435 5096 Theod.
2463 5055 2567 5110 qua
2587 5039 2717 5108 imp.
2741 5037 2877 5110 lion.
2897 5045 2953 5110 et
2979 5035 3440 5110 Theod._liherum
3464 5039 3831 5095 carcerisadi-

2226 5123 2337 5166 tum
2370 5107 2627 5180 epis—copo
2670 5107 2909 5162 visitanti
2955 5121 3142 5175 patere
3181 5107 3374 5176 jubent
3433 5117 3489 5176 ut
3536 5111 3832 5165 medicatur

2225 5179 2417 5253 aegros,
2449 5183 2719 5250 inquiunt,
2751 5180 2858 5233 alat
2897 5194 3169 5247 pauperes,
3213 5180 3506 5253 consoletur
3546 5179 3784 5253 insontes
3820 5203 3832 5235 :

2223 5250 2410 5309 et'cum
2430 5253 2752 5323 singulorum
2767 5266 2953 5303 causas
2976 5250 3268 5319 cognoverit
3293 5250 3692 5323 intetjventiones
3707 5269 3835 5308 suas

2224 5325 2366 5396 apud
2387 5320 2619 5396 judtcfm
2648 5330 3015 5396 competentem
3035 5335 3128 5396 suo
3159 5323 3282 5392 jure
3301 5320 3618 5396 moderetur,
3649 5335 3758 5378 etc.

2294 5392 2322 5431 ἀ
2365 5391 2506 5450 Edit.
2533 5393 2692 5448 Rern.
2712 5393 2827 5446 sola
2852 5391 3035 5461 quibus
3053 5391 3179 5444 dure
3201 5401 3492 5460 peccatores
3514 5392 3684 5462 ligant
3714 5396 3838 5449 dia—

2222 5466 2394 5521 bolus.
2426 5476 2532 5520 etc.

2296 5507 2665 5608 ἕίῐίςέίιὲθιτ,
2693 5533 2762 5586 Ει
2788 5549 2847 5585 ea
2877 5533 3117 5608 τίνω,ξὶὺὶ
3149 5532 3260 5601 lege
3284 5542 3404 5608 sunt
3436 5536 3832 5608 prescripta....

2217 5609 2518 5664 absoluitur.
2551 5606 2650 5659 Alii
2677 5614 2910 5676 quatuor
2943 5621 2958 5676 ι
2992 5602 3059 5658 Et
3093 5619 3236 5672 taque
3259 5604 3549 5676 sibilegum
3577 5602 3835 5676 pra’scri-

2257 5690 2404 5735 ta....
2432 5678 2730 5731 absolvitur.
2767 5675 2988 5739 Caateri,
3019 5690 3084 5728 ac
3106 5675 3239 5729 edit.
3279 5675 3835 5733 nobist-unrfaciunt.

2274 5753 2321 5805 ic
2348 5756 2528 5804 autem
2559 5748 2728 5820 legum
2758 5745 3136 5820 priest-rimam,
3181 5746 3322 5802 idem
3345 5755 3428 5802 est
3457 5758 3628 5820 atque
3649 5750 3835 5820 legum

2220 5821 2488 5890 definitio,
2522 5816 2624 5876 seu
2655 5816 2993 5874 constitutio.

3715 6342 3817 6356 4—...
3825 6338 3936 6356 ’“-Ι
