3988 6300
505 237 641 314 ne

1861 235 2107 294 SANCTl
2146 210 2476 292 silanos"

3667 221 3814 283 1316

502 373 718 431 Etenim
743 370 888 444 quod
919 367 1132 440 vesperi
1163 363 1507 437 cogitaveris,
1531 359 1638 416 cito
1662 370 1784 412 cum
1812 345 2101 428 evigilaveé
2132 368 2184 431 Α
2207 354 2275 408 ad
2311 349 2592 407 Dominum
2630 348 2766 404 viam
2812 357 2976 412 tuam,
3007 353 3056 400 et
3086 358 3237 418 spera
3279 343 3336 398 in
3383 357 3501 397 eum
3533 358 3552 396 :
3605 348 3655 394 et
3701 340 3818 410 ipse

502 470 601 534 ris,
628 466 957 524 recensebis.
990 460 1258 518 Exeitabit
1280 468 1333 514 te
1355 458 1469 528 ipse
1495 454 1758 510 Dominus
1785 451 1945 507 .lesus
1971 467 1984 504 :
2015 449 2110 503 ad-

507 547 753 616 monebit
797 567 852 612 ut
905 570 1115 622 surgas,
1154 562 1208 606 et
1249 567 1317 605 eo
1371 558 1616 620 tempore
1663 560 1814 602 arma
1844 542 2109 599 orationis

507 669 787 718 assumas,
822 666 929 722 quo
957 649 1098 703 solet
1131 647 1410 701 incursare
1444 653 1700 699 teutator.

577 747 666 802 49.
707 744 861 800 Unde
904 758 1009 797 non
1062 741 1236 796 Otiose
1274 732 1473 794 Paulus
1520 735 1802 808 apostolus
1854 742 1908 788 et
1968 731 2110 787 Silas

507 841 640 896 trusi
690 840 740 894 in
773 852 1083 902 carcerem,
1129 850 1250 888 cum
1283 833 1336 888 in
1395 847 1562 886 nervo
1595 829 1759 900 pedes
1812 825 2108 889 haberent,

507 933 683 990 media
715 940 896 985 tamen
928 939 1085 985 nocte
1105 926 1399 996 surgebant
1427 925 1623 978 mentis
1641 920 1896 990 vestigio,
1921 932 2112 973 exora-

505 1025 639 1082 bant
698 1023 1025 1087 Dominum,
1080 1030 1135 1073 et
1173 1019 1352 1073 laudis
1413 1014 1737 1070 sacrificium
1792 1007 2116 1065 deferebant

507 1119 648 1189 (Act.
682 1127 796 1179 atvt,
823 1115 892 1171 9.5
917 1123 967 1167 et
992 1112 1110 1184 26).
1135 1109 1371 1180 ideoque
1397 1108 1485 1162 ubi
1515 1126 1621 1162 non
1651 1104 1824 1161 defuit
1861 1102 2111 1158 dev0tio-

510 1209 594 1264 nis
643 1206 912 1273 ofﬁcium,
959 1203 1132 1258 adfuit
1185 1205 1348 1256 etiam
1380 1197 1742 1256 absolutionis
1788 1192 2111 1251 remedium.

510 1301 702 1361 Subito
739 1302 884 1356 enim
931 1298 1110 1353 media
1162 1305 1318 1350 nocte
1359 1306 1520 1348 terra;
1574 1303 1754 1347 motus
1811 1289 1987 1344 factus
2033 1294 2118 1343 est

430 1400 434 1402 ’
511 1393 856 1467 grandis;lta
915 1401 974 1444 nt
1023 1401 1166 1444 mota
1217 1393 1402 1444 essent
1453 1385 1800 1440 fundamenta
1855 1381 2114 1446 carceris,

512 1487 683 1542 valva:
713 1494 936 1553 apertae,
990 1481 1232 1536 omnium
1288 1475 1505 1533 vincula
1556 1477 1732 1532 soluta
1763 1474 1892 1529 sint.
1946 1469 2119 1527 Audis

513 1574 972 1649 quemadmodum
1022 1573 1068 1627 si
1121 1571 1314 1642 ligatus
1345 1567 1546 1634 fueris,
1583 1563 1782 1635 quibus
1827 1562 2075 1616 inanibus
2102 1601 2115 1624 ,

515 1673 712 1744 quibus
741 1669 999 1740 operibus
1029 1667 1147 1734 ipse
1195 1677 1247 1720 le
1275 1664 1476 1726 solvas,
1509 1656 1969 1729 quemadmodum
2021 1668 2118 1708 cu-

2209 446 2383 517 faciet,
2414 455 2462 498 et
2507 443 2685 498 educet
2714 443 2842 495 sicut
2885 439 3056 494 lumen
3091 437 3356 511 justitiam
3395 443 3557 491 tuam.
3589 441 3639 486 et
3663 429 3822 504 judi-

2210 543 2344 596 cium
2394 549 2540 592 tuum
2584 536 2718 592 sicut
2757 533 3018 588 meridiem
3051 527 3278 602 (Psolm.
3335 543 3514 591 xxxvi,
3551 525 3584 580 5
3633 532 3682 578 et
3730 521 3819 592 6).

2211 628 2310 685 Ubi
2343 629 2486 684 enim
2510 643 2632 684 vera
2655 634 2739 683 est
2783 625 2944 687 fides,
2981 623 3050 677 ibi
3077 622 3190 677 veri
3221 619 3439 678 luminis
3473 617 3648 689 gratia
3689 621 3817 668 est:

2211 725 2301 780 ubi
2327 723 2652 780 innocentize
2673 721 2937 793 prolixior
2964 717 3231 782 custodia,
3263 715 3631 786 virtutumque
3656 709 3822 778 longa

2212 816 2563 877 meditatione
2591 831 2910 891 processus,
2937 812 3025 867 ubi
3051 807 3306 882 splendor
3337 807 3495 862 bona:
3530 802 3823 860 conscien-

2215 917 2303 970 tiae
2346 915 2434 970 ditt
2479 925 2842 984 permanens,
2887 908 2960 962 ibi
2993 903 3350 974 intelligibilis
3395 910 3481 956 est
3525 895 3821 953 meridies:

2214 1009 2285 1063 ibi
2305 1017 2360 1062 et
2393 1017 2446 1060 tu
2474 999 2692 1060 Christo
2725 1001 2924 1058 mentis
2956 1011 3060 1054 tum
3104 996 3292 1068 epulas
3340 988 3652 1052 exbibeliis,
3684 996 3739 1042 et
3769 987 3825 1042 in

2215 1097 2423 1156 divitiis
2453 1098 2574 1168 ejus
2592 1097 2754 1152 etiam
2783 1095 2898 1164 ipse
2916 1091 3183 1163 pasceris;
3214 1099 3289 1142 ita
3311 1095 3370 1142 ut
3399 1100 3505 1140 non
3533 1091 3827 1154 prteniatu-

2217 1209 2310 1248 rus
2344 1203 2398 1246 et
2437 1191 2591 1246 velox
2637 1189 2755 1244 veri
2809 1184 3030 1242 luminis
3080 1191 3339 1253 sequatur
3393 1192 3662 1243 occasus,
3721 1188 3827 1230 nee

2217 1286 2437 1357 quidam
2464 1282 2656 1339 studiis
2679 1281 2785 1336 tuis
2814 1279 3134 1335 tenebrosus
3159 1277 3270 1329 cito
3291 1287 3486 1340 veSper
3519 1267 3824 1331 incumbat,

2218 1386 2274 1433 et
2311 1392 2474 1448 opera
2515 1375 2653 1430 bona
2683 1371 3001 1442 interiectus
3033 1367 3315 1438 impediat.
3353 1363 3506 1432 Quod
3555 1362 3600 1418 si
3651 1369 3829 1416 tenta-

2221 1471 2425 1524 tinuum
2475 1483 2582 1523 nox
2635 1463 2935 1525 advenerit,
2968 1477 3073 1515 non
3114 1460 3386 1514 immerito
3436 1453 3612 1512 media
3667 1461 3830 1509 nocte

2221 1563 2571 1634 surgendum,
2598 1572 2650 1615 et
2693 1558 2955 1614 orandum
2983 1555 3092 1622 ditt,
3128 1565 3184 1610 et
3208 1547 3571 1624 protrahenda
3603 1547 3830 1618 psalmis

2225 1668 2490 1730 tempora,
2527 1655 2699 1712 donec
2732 1655 2912 1711 veniat
2947 1653 3083 1719 dies,
3113 1659 3168 1704 et
3191 1647 3471 1705 illucescat
3524 1645 3618 1700 tibi
3671 1640 3831 1699 Cliti-

514 1765 698 1820 stodes
741 1766 936 1816 timere
965 1774 1074 1814 non
1105 1755 1322 1828 possis?
1367 1754 1541 1823 Surge
1585 1751 1747 1822 igitur
1777 1747 1844 1802 ad
1891 1760 2117 1817 precan-
2145 1749 2194 1812 Β
2223 1755 2358 1808 ειυς,

518 1861 667 1917 dum.
703 1859 776 1915 Ea
809 1859 940 1911 liora
989 1863 1093 1921 est,
1124 1869 1226 1923 qua
1277 1856 1515 1906 tentatur
1564 1861 1767 1903 nocere
1815 1842 2121 1907 consuevit,

517 1963 570 2012 et
618 1952 857 2021 nequitia
909 1949 1198 2005 consuevit
1255 1947 1487 2000 irruere.
1539 1941 1616 1997 Ea
1668 1938 1800 1994 liora
1849 1944 1967 2002 est,
2018 1949 2124 2006 qua

516 2049 658 2105 solet
689 2046 952 2100 adversus
984 2040 1310 2097 tentationes
1353 2050 1547 2108 graves
1576 2032 1878 2089 remedium
1931 2029 2121 2084 venire

522 2142 771 2199 cmb'ste.
816 2133 1208 2192 Excubanduin
1241 2133 1335 2186 tibi
1383 2138 1496 2195 est,
1531 2144 1723 2199 nequa
1775 2121 1965 2179 fraude
2012 2122 2128 2174 vin—

522 2236 702 2293 caris:
733 2230 1125 2303 providendum
1153 2235 1215 2283 ut
1245 2241 1310 2283 eo
1334 2231 1581 2294 tempore
1627 2238 1736 2291 quo
1769 2229 1924 2291 potes
1947 2218 2129 2273 vince-

523 2346 606 2394 re,
637 2342 973 2400 nequaquam
1007 2321 1259 2379 vincendi
1291 2331 1502 2389 tempus
1529 2317 1770 2372 amittas.

597 2422 687 2477 ὃς).
732 2421 798 2475 Et
843 2420 969 2490 quia
1025 2416 1333 2472 orationem
1388 2426 1509 2466 esse
1565 2406 1900 2465 subeundam
1953 2400 2128 2458 media

526 2525 689 2572 noete
716 2512 953 2568 diximus
976 2552 990 2574 ,
1016 2525 1124 2563 non
1157 2506 1335 2562 minus
1365 2505 1529 2558 etiam
1559 2501 1628 2554 de
1657 2495 1966 2570 liujusmodi
1999 2493 2134 2549 liora

527 2610 632 2664 diei
664 2605 951 2662 dicendum
985 2602 1196 2657 videtur
1221 2616 1235 2662 ;
1261 2595 1533 2654 contraria
1573 2592 1714 2648 enim
1746 2591 1852 2644 diei
1886 2604 1996 2643 nox
2026 2595 2130 2642 est.

529 2701 666 2770 Quid
710 2699 854 2754 enim
904 2695 1014 2752 luci
1065 2701 1351 2749 commune
1407 2705 1528 2744 eum
1577 2683 1853 2741 tenebris?
1905 2679 1971 2746 Et
2010 2679 2134 2735 ideo

531 2769 755 2847 adversa
806 2789 909 2844 sibi
960 2787 1149 2841 eadem
1184 2795 1445 2838 nocturna
1499 2787 1582 2834 est
1609 2777 1698 2830 vel
1741 2773 1958 2829 diurna.
1985 2769 2139 2826 Sicut

532 2885 676 2941 enim
706 2883 882 2936 inedia
914 2889 1077 2934 nocte
1109 2877 1382 2948 primitiva
1415 2872 1794 2944 Egyptiormn
1825 2877 1850 2905 δ
1899 2872 2138 2922 tentator

530 2975 767 3039 occidit,
819 2981 876 3026 et
921 2986 988 3026 ex
1037 2985 1106 3025 eo
1175 2968 1523 3038 cognoscitur
1579 2963 1724 3034 quod
1787 2977 1850 3016 ea
1902 2961 2138 3013 mavime

534 3069 666 3123 liora
689 3072 950 3137 operetur
979 3063 1325 3117 adversarius
1349 3075 1365 3123 ς
1397 3060 1469 3112 ita
1501 3073 1530 3111 c
1559 3054 1836 3109 contrario
1861 3050 2004 3118 quod
2029 3064 2141 3102 me-

2298 1838 2389 1902 52.
2429 1839 2566 1899 ‘Vide
2616 1841 2779 1913 igitur
2821 1854 2890 1894 ne
2944 1845 2997 1892 et
3027 1851 3125 1906 per
3170 1833 3313 1889 diem
3357 1831 3453 1886 tibi
3491 1827 3672 1886 media
3723 1841 3832 1883 nox

2227 1941 2341 2006 fiat,
2375 1955 2481 2010 quo
2528 1935 2714 1994 mundi
2764 1934 3016 2004 princeps
3067 1928 3389 1984 tenebrosus
3434 1934 3489 1981 et
3546 1921 3834 1995 squalidus

2228 2031 2618 2106 plenitudinem
2643 2028 2735 2083 tibi
2763 2023 3078 2084 tentationis
3104 2021 3372 2078 infundat.
3423 2017 3598 2090 Surge
3642 2015 3830 2086 igitur,

2229 2133 2285 2182 et
2309 2126 2484 2181 excita
2530 2132 2677 2177 tuam
2705 2129 2941 2175 mentem
2976 2135 2988 2170 :
3030 2133 3134 2172 non
3168 2111 3486 2169 dormitabit
3505 2109 3599 2181 qui
3647 2117 3837 2163 custo-

2231 2217 2310 2273 dit
2343 2227 2427 2281 te,
2459 2216 2502 2270 si
2535 2226 2586 2269 te
2624 2230 2730 2269 non
2769 2211 3005 2281 reperiat
3035 2208 3397 2264 dormientem
3425 2223 3437 2258 :
3467 2205 3560 2260 sed
3610 2210 3833 2272 surget,

2231 2309 2276 2364 si
2302 2319 2353 2363 et
2377 2309 2494 2378 ipse
2520 2307 2680 2361 fuerit
2709 2313 2814 2360 tute
2843 2303 3039 2357 anian
3066 2299 3264 2370 vigiliis
3293 2298 3562 2353 excitatus
3587 2312 3600 2348 :
3641 2303 3698 2349 et
3731 2294 3837 2346 im-

2233 2401 2451 2475 perabit
2476 2410 2660 2463 vento,
2704 2408 2760 2452 et
2811 2395 2904 2452 flet
2944 2391 3304 2464 tranquillitas
3335 2391 3387 2445 in
3447 2398 3538 2444 tuo
3591 2396 3836 2458 pectore,

2234 2493 2378 2566 qttod
2439 2493 2778 2546 diversarum
2834 2488 3193 2557 procellarum
3258 2481 3471 2538 turbine
3517 2478 3837 2536 fluctuabat.

2239 2587 2579 2660 Sui-gendum
2618 2585 2780 2656 igitur
2810 2583 2989 2638 nobis.
3021 2579 3171 2635 Solet
3193 2577 3440 2648 Sponsus
3472 2575 3650 2630 media
3679 2581 3843 2627 nocte

2242 2684 2469 2739 venire:
2514 2697 2643 2736 cave
2673 2696 2740 2735 ne
2779 2689 2831 2733 te
2863 2677 3226 2732 dormientem
3257 2672 3520 2735 inveniat,
3575 2685 3715 2725 cave
3775 2684 3844 2724 ne

2240 2779 2412 2832 facem
2446 2787 2589 2830 tttam
2621 2790 2725 2828 non
2755 2787 2925 2844 queas
2953 2765 3326 2825 somnolentns
3349 2764 3670 2823 acetmdere.
3709 2761 3846 2819 Sur-

2239 2869 2514 2941 gendum,
2547 2869 2804 2933 inquam,
2837 2873 2892 2920 et
2943 2863 3171 2917 Domino
3215 2859 3581 2916 confitendum
3631 2866 3742 2921 est,
3786 2862 3850 2910 ut

2242 2963 2444 3034 gratias
2475 2976 2622 3031 agas.
2655 2957 2973 3013 Conlitenda
3001 2955 3162 3010 etiam
3206 2952 3324 3024 ejus
3360 2948 3560 3025 judicia
3608 2959 3845 3010 mterna;

2244 3064 2306 3110 ut
2335 3053 2590 3125 quidquid
2619 3053 2773 3106 nobis
2801 3050 2929 3105 boni
2957 3043 3172 3109 accidit,
3205 3046 3322 3117 ejus
3350 3043 3572 3115 justitiae
3613 3041 3846 3108 deputo.

532 3164 746 3220 ridiatlo
785 3171 1028 3228 lelltlml‘e
1055 3157 1229 3208 Virtus
1269 3152 1465 3206 diVimL‘
1493 3147 1630 3203 Ῑυοὶε
1661 3154 1940 3217 ουθιῬῑιιΐο
1985 3141 2138 3196 Unde
2166 3137 2212 3204 C
2245 3162 2399 3203 mus:
2429 3162 2492 3202 ac
2517 3149 2632 3201 sive
2657 3145 2854 3200 divites
2882 3159 3091 3206 sumus,
3117 3137 3231 3195 sive
3261 3139 3550 3194 salubriter
3576 3135 3846 3198 valemus,

533 3267 588 3311 et
619 3254 890 3311 Abraham
922 3249 1068 3305 eirea
1101 3245 1386 3301 meridiem
1419 3243 1630 3297 sobrias
1667 3236 1926 3294 tendebat
1967 3250 2138 3290 ext-u-

535 3348 696 3412 blas,
738 3354 795 3401 et
845 3344 970 3398 boni
1019 3341 1231 3410 aliquos
1281 3334 1631 3406 exspectabat
1680 3341 1928 3396 eventus,
1962 3330 2143 3382 levans

536 3439 726 3496 oculos
754 3444 900 3499 suos,
951 3448 1017 3488 ac
1060 3432 1287 3486 finitima
1319 3427 1680 3498 perlustrans,
1727 3422 1870 3493 quod
1903 3436 1968 3475 eo
2006 3428 2143 3474 tem-

540 3544 672 3602 pore
701 3526 1080 3582 advenientem
1111 3521 1339 3593 gratiam
1368 3519 1470 3574 sibi
1489 3527 1756 3588 quiereret
1781 3514 1801 3585 (
1827 3511 1954 3568 Gen.
1990 3527 2141 3576 xviii,

538 3630 565 3682 1
611 3635 662 3679 et
691 3620 927 3694 (ελ-1110
983 3620 1147 3690 igitur
1199 3626 1448 3684 tempore
1502 3627 1626 3666 cum
1681 3608 1894 3665 duobus
1942 3606 2148 3678 angelis

539 3715 749 3774 sanctis
802 3715 1016 3769 divinus
1064 3712 1113 3767 ei
1165 3708 1369 3778 hospes
1422 3704 1640 3760 advenit
1695 3719 1707 3754 :
1759 3701 1851 3755 illo
1900 3709 2149 3767 tempore

537 3813 817 3870 Christum
875 3807 1113 3875 suscepit
1164 3799 1562 3874 hospitiozillo
1593 3808 1837 3866 tempore
1890 3795 1977 3848 illa
2027 3807 2148 3861 qum

539 3905 678 3975 legis
717 3911 774 3958 et
804 3901 1084 3970 intelligis,
1112 3896 1389 3952 celebrata
1416 3889 1673 3964 mysteria
1725 3895 1871 3941 sunt.
1923 3883 2149 3951 Quando

539 4001 688 4054 enim
726 3995 900 4065 magis
939 3993 1127 4048 debuit
1155 3989 1374 4044 fidelem
1407 3988 1582 4039 virum
1622 3981 1804 4036 divina
1837 3975 2150 4034 illuminare

542 4089 862 4161 praesentia,
897 4100 1059 4154 quam
1108 4099 1233 4137 eum
1293 4081 1382 4134 lux
1415 4077 1524 4132 diei
1566 4075 1783 4145 plenior
1824 4067 2152 4138 refulget-et?

545 4181 849 4248 Meritoque
880 4162 1041 4230 etiam
1088 4184 1310 4228 sanctus
1344 4168 1545 4238 Ioseph
1587 4167 1821 4235 rect-ptis
1868 4165 2148 4228 fratribus,

546 4283 602 4328 et
629 4271 897 4326 arcersito
922 4268 1104 4338 iunior
1129 4278 1391 4336 germano
1419 4275 1579 4331 quem
1612 4258 1846 4313 maxime
1867 4257 2149 4324 diligebat,

548 4361 777 4422 meridie
819 4364 1092 4415 instaurat
1139 4355 1445 4412 convivium
1495 4349 1661 4422 (Gen.
1690 4363 1845 4411 xuii,
1877 4345 1988 4418 tu).
2023 4347 2152 4400 Erat

548 4459 694 4515 enim
734 4454 997 4510 meridies
1043 4452 1097 4506 in
1139 4449 1312 4504 sancti
1362 4443 1565 4514 .loSepli
1622 4455 1865 4516 pectore,
1934 4440 2152 4511 quando

2246 3241 2298 3296 id
2326 3241 2550 3310 iustitia:
2605 3239 2816 3294 Domini
2861 3235 3199 3296 deferamus;
3247 3235 3370 3306 quia
3414 3232 3592 3304 justus
3633 3237 3744 3294 est,
3788 3237 3851 3282 ut

2244 3349 2382 3403 Opus
2411 3349 2565 3388 suum
2599 3339 2809 3387 tueatur
2837 3346 2899 3386 ac
2920 3338 3121 3387 servet.
3155 3336 3211 3382 ut
3237 3341 3375 3397 quos
3405 3325 3576 3378 ninlos
3603 3321 3850 3376 indotata

2246 3425 2473 3497 quadam
2500 3436 2704 3480 natura:
2725 3433 2874 3479 sorte
2903 3425 2955 3478 in
3004 3421 3142 3476 hanc
3172 3417 3395 3492 projecit
3424 3418 3669 3488 corporis
3703 3415 3853 3468 inﬁr-

2249 3521 2512 3586 mitatem,
2566 3521 2749 3588 vigore
2800 3516 2991 3584 animi,
3023 3525 3077 3571 et
3120 3511 3510 3570 misericordiae
3561 3523 3676 3564 suae
3726 3509 3855 3564 dote

2249 3627 2516 3683 pauperes
2542 3613 2741 3667 vestire
2766 3610 3038 3680 dignetur.
3064 3606 3219 3675 Quod
3265 3605 3450 3675 nti-pte
3501 3601 3653 3658 omni
3687 3616 3855 3671 agen-

2250 3706 2379 3762 dum
2407 3709 2652 3778 tempore
2669 3704 3017 3761 manifestum
3044 3711 3149 3768 est,
3175 3712 3356 3756 utnec
3384 3688 3629 3766 die,'nec
3671 3705 3853 3764 nocte,

2251 3816 2354 3856 nec
2405 3801 2520 3856 ullo
2573 3809 2816 3871 tempore
2866 3813 2895 3854 a
2945 3799 3234 3869 gratiarum
3291 3796 3504 3851 actione
3555 3792 3857 3850 debeamus

2253 3909 2466 3950 vacare.
2593 3951 2599 3960 _

2324 3987 2411 4041 55.
2446 3983 2626 4059 (Ver‘s.
2649 3983 2768 4058 63.)
2815 3983 3074 4054 Sequitur
3114 3993 3305 4037 versus
3335 3981 3642 4049 septimus;
3682 3975 3860 4032 Partio

2255 4097 2371 4150 ceps
2401 4095 2496 4152 ego
2523 4096 2633 4134 sum
2660 4079 2888 4132 omnium
2931 4076 3215 4131 timentium
3254 4086 3320 4138 te,
3361 4084 3408 4128 et
3459 4072 3860 4126 custodientium

2254 4170 2502 4223 mandata
2557 4181 2664 4224 tua.
2725 4167 2897 4223 liabet
2946 4176 2999 4224 et
3046 4165 3297 4222 Christus
3357 4165 3649 4235 participes
3695 4173 3859 4232 atque

2257 4274 2539 4318 consortes
2584 4262 2689 4316 sui.
2722 4261 2966 4331 Denique
3000 4259 3167 4315 David
3215 4258 3405 4329 probat
3431 4258 3655 4311 dicens:
3692 4255 3859 4310 tinxit

2257 4367 2304 4412 te
2337 4355 2494 4420 Deus,
2526 4353 2666 4411 Dens
2705 4363 2820 4409 tuus
2869 4354 2979 4408 oleo
3010 4353 3203 4408 (mitia:
3247 4367 3357 4416 pra:
3385 4349 3709 4404 consortibus
3757 4347 3862 4400 tuis

2261 4449 2433 4519 (Psal.
2465 4465 2612 4511 xuv,
2636 4448 2716 4520 8).
2753 4446 2928 4505 Habet
2984 4447 3278 4518 participes
3324 4444 3541 4506 carnis;
3571 4445 3697 4514 quia
3742 4457 3866 4498 ear-

547 4554 701 4608 ltetas
735 4549 926 4618 epulas
955 4545 1211 4601 fratribus
1259 4538 1600 4612 splendentis
1637 4537 1828 4608 gratia:
1880 4517 2382 4598 ministra-Dim",
2430 4517 2706 4612 διιερορίιε
2745 4542 2907 4598 habet
2963 4517 3296 4610 ῥηψιωιίειη
3344 4539 3467 4609 quia
3515 4536 3862 4606 propheMm’

548 4651 637 4703 bat
661 4687 677 4710 ,
724 4641 1036 4701 suavissimi
1059 4655 1146 4708 pte
1174 4637 1326 4693 cibos
1354 4634 1574 4705 alloquii
1606 4630 1910 4694 dividebat;
1943 4639 2000 4682 ut
2027 4644 2148 4682 cunt

548 4739 627 4796 illi
673 4747 887 4806 ptena‘m
937 4735 1118 4789 fratris
1147 4737 1456 4787 metuerent
1482 4725 1708 4798 appetiti
1758 4736 1811 4780 et
1853 4722 2058 4778 venditi
2100 4722 2152 4776 in

551 4830 898 4893 servitutem,
932 4829 1020 4882 ille
1045 4821 1462 4894 divinojudicio
1484 4821 1616 4890 ipsis
1641 4818 1846 4874 diceret
1869 4832 1990 4870 esse
2023 4830 2152 4885 pro-

547 4925 760 4988 visum,
806 4929 865 4975 'ut
909 4921 960 4974 in
1014 4917 1314 4989 Egyptum
1359 4913 1754 4977 deduceretur,
1809 4905 1900 4979 qui
1955 4907 2152 4962 fantem

551 5015 946 5076 susduentibus
997 5013 1314 5068 alimoniam
1366 5024 1476 5066 non
1531 5014 1756 5077 negaret
1799 5001 1976 5074 (Gen.
2026 5016 2153 5068 sev,

555 5113 650 5169 5-7
666 5112 710 5182 i.
1413 5086 1422 5094 ’

623 5203 713 5258 5-1.
755 5197 1032 5257 Habemus
1073 5203 1207 5267 ergo
1239 5195 1291 5249 in
1321 5191 1480 5249 nobis
1533 5189 1840 5250 meridiem.
1893 5184 2157 5242 Meridies

555 5307 633 5356 ρει
655 5299 725 5360 ei,
753 5295 839 5351 cui
867 5287 1092 5364 justiti-.13
1120 5289 1199 5344 sol
1226 5288 1480 5357 refulget,
1497 5295 1555 5342 et
1578 5285 1734 5354 cuius
1757 5297 1924 5355 opere
1945 5280 2156 5353 1075

547 5391 716 5454 bene,
761 5389 847 5444 vel
897 5384 1323 5457 cogitationibus
1373 5380 1646 5440 innoxiis,
1677 5386 1736 5432 et
1772 5391 1913 5442 spuro
1970 5383 2192 5444 tuente,

552 5481 948 5554 atque-sincera
982 5477 1220 5551 pascitur
1246 5474 1523 5532 Christus.
1563 5472 1729 5527 ‘D‘isee
1768 5471 1930 5539 igitur
1960 5483 2155 5540 queui-

550 5577 844 5633 admodum
891 5571 991 5631 tibi
1041 5574 1156 5645 ipse
1183 5571 1350 5629 facias
1376 5567 1688 5628 meridiem.
1720 5560 1932 5632 Revela,
1961 5564 2157 5635 inquit,

2258 4634 2456 4702 inquit,
2489 4634 2628 4688 vobis
2651 4635 2916 4688 suscitabit
2943 4625 3200 4689 Dominus
3231 4629 3372 4686 Deus
3399 4641 3559 4685 vester
3590 4630 3656 4684 de
3687 4630 3869 4702 fratri-

2259 4725 2352 4780 bus
2403 4727 2581 4780 vestris
2626 4736 2884 4796 tamquam
2936 4742 3017 4779 me
3040 4743 3058 4780 :
3091 4726 3259 4792 ipsum
3290 4725 3512 4778 audietis
3545 4739 3637 4793 per
3691 4723 3869 4776 omnia

2259 4835 2588 4888 qtuecumque
2627 4819 2864 4887 loquetur
2889 4819 3047 4872 vobis.
3106 4817 3218 4872 Erit
3264 4829 3455 4883 autem,
3493 4818 3662 4870 omnis
3691 4815 3872 4870 anima

2259 4929 2377 4980 qua:
2421 4930 2523 4968 non
2552 4913 2776 4970 audierit
2805 4913 3110 4983 prapltrt'tm
3140 4913 3311 4976 illum,
3345 4910 3772 4967 exterminabitur
3803 4909 3872 4964 de

2262 5004 2407 5073 plebe
2425 5004 2604 5076 (Deut.
2637 5020 2786 5066 svnt,
2817 5003 2890 5060 l8
2911 5014 2960 5058 et
2989 5002 3105 5070 t9).
3129 5001 3253 5072 ipse
3282 5013 3368 5058 est
3389 5001 3871 5072 verns'proplieta,

2261 5097 2355 5169 qui
2385 5100 2503 5154 sine
2545 5099 2769 5153 alterius
2822 5109 3050 5152 munere
3080 5096 3262 5151 futura
3315 5096 3596 5167 cognoscit
3625 5114 3640 5148 :
3669 5096 3758 5164 qui
3805 5110 3874 5150 ea

2261 5209 2382 5266 quae
2410 5202 2636 5248 ventura
2663 5201 2840 5254 erant.
2875 5193 3085 5246 locutus
3108 5201 3191 5245 est
3223 5191 3274 5246 in
3307 5187 3610 5260 prophetis.
3642 5189 3726 5244 An
3760 5201 3874 5241 non

2261 5294 2347 5340 est
2368 5285 2653 5355 propheta.
2679 5284 2772 5349 qui
2795 5283 2917 5339 facit
2951 5284 3091 5338 alios
3115 5281 3484 5352 prephetare?
3516 5281 3637 5349 Ipse
3663 5290 3744 5336 est
3775 5278 3878 5348 qui

2261 5379 2483 5433 auditur
2505 5379 2644 5434 sicut
2671 5378 2786 5433 Lex
2812 5395 2826 5445 ;
2853 5379 2977 5449 quia
3008 5385 3066 5431 et
3105 5377 3218 5432 Lex
3274 5385 3358 5431 est
3395 5375 3593 5446 ipsius.
3625 5373 3878 5442 Denique

2265 5473 2326 5529 Si
2356 5472 2592 5544 Moysen,
2621 5473 2816 5542 inquit.
2841 5483 2894 5528 et
2934 5473 3212 5543 prophetas
3239 5489 3341 5527 non
3385 5471 3651 5528 audiunt:
3684 5487 3777 5525 nec
3829 5470 3880 5526 si

2264 5565 2376 5634 quis
2402 5582 2468 5621 ea:
2509 5566 2726 5622 mortuis
2757 5565 2836 5621 ad.
2879 5565 3003 5622 ίιιω
3047 5565 3260 5633 abierit,
3309 5562 3520 5620 credent
3567 5561 3727 5634 (Luc.
3757 5577 3874 5628 ινιο

631 5760 653 5787 κ
695 5751 786 5808 Sic
830 5762 1021 5806 omnes
1047 5761 1179 5804 mss.
1205 5743 1527 5816 a—tquefedit.
1557 5749 1783 5811 excepta
1835 5753 1942 5794 una
1972 5736 2131 5793 Rom.
2173 5733 2261 5792 ubi
2291 5733 2532 5804 positum
2552 5741 2653 5800 est,
2683 5735 3049 5791 exterminator
3078 5733 3290 5788 occidit.
