3988 6388
160 315 265 376 uti
1177 307 1244 363 IN
1285 291 1617 364 PSALMUM
1656 286 1870 360 citvm
1908 280 2294 357 Exaosrrto.
3264 305 3404 359 isis

153 427 241 497 3|).
275 423 491 493 Ideoque
536 420 770 490 populus
794 419 1108 476 Iudaeorum
1157 421 1283 488 quia
1339 435 1445 474 non
1492 418 1698 473 audii-it
1725 436 1772 490 Α
1873 412 1961 469 55.
2011 412 2144 468 Vide
2191 423 2369 466 autem
2417 427 2575 483 quam
2617 413 2921 469 verecunde
2952 411 3226 487 Propheta
3254 418 3410 473 dixe-

151 521 262 573 luiuc
287 514 621 583 proiihetam,
647 514 714 568 de
763 514 921 582 plebe
951 515 1343 568 exterminatus
1372 524 1484 575 est;
1517 524 1574 566 ut
1607 530 1700 579 po-
1803 509 1911 562 rit:
1941 507 2210 576 Purticeps
2250 525 2342 580 rgo
2389 525 2506 562 sum
2549 509 2834 562 timentium
2858 520 2925 566 te.
2969 510 3084 566 Non
3118 512 3254 566 dixit
3286 514 3406 566 inii—

154 612 276 681 puhts
302 609 382 663 hei
406 622 530 662 esse
556 606 853 673 desineret,
886 609 974 676 qui
1018 613 1144 659 ante
1174 606 1403 673 populus
1433 606 1524 659 Dei
1555 604 1703 659 dicc-
1805 602 2062 666 tantinnt,
2088 601 2183 656 sed
2217 603 2548 668 timentium;
2581 603 2792 657 initium
2837 603 2982 658 enim
3013 606 3296 675 sapientia:
3327 614 3414 662 est

154 705 293 758 batur.
315 699 483 754 liabet
509 708 797 753 consmtes
822 696 1097 765 baptismi;
1127 696 1340 768 1076
1364 697 1490 766 quia
1527 695 1702 766 bapti-
1807 693 1971 749 timor
1999 694 2214 750 Domini
2242 694 2412 764 (Eccl.
2443 712 2482 761 ι,
2520 696 2629 768 16).
2667 696 2812 752 Inter
2851 699 3015 754 rudes
3044 715 3102 756 se
3131 700 3415 757 consuluit

157 805 274 848 tatus
299 807 385 861 pro
417 791 580 846 nobis
617 801 701 845 est
731 805 747 842 :
782 789 946 844 habet
995 801 1276 844 censurtcs
1301 790 1545 857 justitite;
1579 787 1704 858 quia
1808 785 2139 852 humilitate,
2169 801 2289 841 eum
2321 794 2612 842 veteranos
2642 788 2932 844 devotione
2968 801 3273 861 superaret.
3308 792 3415 849 Sed

156 889 244 955 ipse
271 885 463 954 imitri;
501 894 606 949 εει,
646 893 702 937 et,
737 883 898 936 nobis
923 881 995 936 de
1039 897 1137 935 suo
1183 881 1335 936 dedit
1377 880 1459 934 sui
1510 879 1708 935 habere
1808 885 1990 932 tamen
2030 887 2085 933 et
2130 879 2322 933 timere
2380 877 2600 933 virtutis
2655 888 2775 945 est;
2819 885 2943 951 quia
2986 885 3250 952 scriptum
3299 892 3418 941 est;

157 975 677 1034 eorusortimnhahet
705 985 990 1030 consortes
1011 973 1429 1044 veritatis;quia
1474 974 1589 1043 ipse
1618 987 1709 1028 vc-
1813 964 2006 1021 Timete
2056 968 2334 1024 Dominum
2386 985 2562 1025 omnes
2605 971 2772 1025 sancti
2824 973 3161 1046 ejusU’sol.
3216 992 3418 1045 xum,

154 1075 259 1130 ritas
283 1082 373 1137 ett,
411 1080 467 1124 et
497 1084 599 1124 nos
623 1077 812 1124 tenere
841 1067 1015 1123 voluit
1041 1070 1320 1124 veritatem
1345 1086 1358 1120 :
1387 1067 1552 1122 habet
1581 1082 1709 1121 con-
1814 1059 1938 1130 10).

158 1177 295 1222 sortes
335 1164 796 1227 resurrectionis;
850 1164 975 1232 quia
1025 1164 1138 1231 ipse
1193 1169 1276 1216 est
1331 1160 1660 1215 rt-surrcCtio
1695 1177 1707 1211 :
1884 1148 1972 1208 56.
2013 1147 2123 1208 Sed
2157 1169 2224 1208 ne
2249 1155 2520 1228 aliquibus
2552 1156 2712 1211 timor
2737 1155 2837 1212 iste
2856 1175 2960 1213 non
2990 1172 3210 1216 sanctus
3237 1162 3418 1218 videa.

159 1258 285 1311 liabet
319 1264 599 1310 consortes
642 1255 1005 1309 immaculata:
1034 1253 1195 1317 vitm;
1225 1255 1350 1324 quia
1379 1255 1494 1323 ipse
1516 1253 1713 1307 imma-

1857 1262 1899 1300 tr
1941 1247 2108 1318 (quia
2137 1258 2264 1303 sunt
2305 1251 2394 1320 qui
2428 1249 2619 1321 ignava
2665 1252 2956 1307 formidine
3005 1255 3419 1324 pertimescunt,

158 1350 327 1404 motos
351 1358 456 1403 est.
495 1348 906 1418 Eiquieumque
941 1349 990 1400 in
1027 1347 1266 1401 novitate
1295 1349 1417 1400 vita:
1467 1347 1715 1401 ambula-
1813 1348 1867 1392 et
1899 1337 2079 1392 hebeti
2111 1341 2388 1411 trepidant
2440 1346 2622 1414 metu)
2653 1345 2890 1402 addidit:
2926 1345 2993 1400 Et
3025 1350 3422 1406 custodientium

159 1441 280 1503 verit,
317 1442 644 1509 quicumque
696 1439 969 1494 tramitem
1013 1437 1238 1506 iustitia:
1264 1440 1518 1505 tenuerit,
1550 1441 1714 1508 parti—

1857 1432 2062 1484 mudato
2096 1442 2205 1486 tuo.
2254 1431 2322 1489 Ut
2371 1442 2688 1491 ostenderet
2719 1453 2778 1492 sc
2819 1440 2992 1496 sancti
3046 1441 3258 1496 timoris
3301 1456 3425 1499 esse

157 1551 254 1604 ceps
272 1533 464 1589 Chriin
489 1547 593 1588 εει.
623 1533 792 1588 liabet
814 1533 975 1586 etiam
1011 1533 1376 1586 tribulationis
1411 1548 1522 1585 suae
1554 1533 1718 1599 parti-

1857 1533 2148 1577 ons'ortem.
2195 1527 2304 1580 Aut
2359 1527 2458 1580 sic.
2501 1527 2696 1585 Potest
2741 1529 2957 1600 quidem
2993 1532 3203 1604 1077
3233 1533 3422 1589 timere

155 1628 300 1698 cives;
349 1627 585 1696 imque
637 1628 728 1696 qui
783 1627 1050 1694 particeps
1095 1627 1214 1692 eius
1260 1639 1381 1680 esse
1427 1624 1716 1695 cupiebat,
1817 1606 1983 1668 Corde
2026 1616 2285 1680 devotus,
2334 1618 2428 1671 sed
2481 1635 2647 1688 opere
2689 1623 2871 1692 piger;
2915 1631 2973 1675 ut
3011 1624 3081 1677 sit
3138 1623 3422 1694 religiosus

155 1721 293 1774 dixit:
317 1719 467 1772 Nunc
496 1717 700 1790 gaudeo
718 1719 771 1772 in
795 1719 1116 1786 pastionibus
1153 1733 1244 1785 pro
1272 1717 1446 1778 vobis,
1478 1728 1526 1771 et
1551 1719 1719 1771 adim-
1819 1705 2038 1774 ali'ectu,
2070 1709 2282 1764 otiosus
2311 1722 2453 1766 actu.
2493 1712 2610 1767 Non
2637 1725 2814 1768 tamen
2851 1725 3027 1784 potest
3073 1718 3224 1791 piger
3267 1734 3421 1784 csse,

154 1814 247 1880 piro
277 1827 332 1866 eo
357 1829 472 1880 quae
517 1813 704 1866 desunt
745 1812 1043 1882 passionum
1067 1810 1260 1865 Christi
1288 1813 1340 1864 in
1389 1823 1541 1864 carne
1582 1828 1714 1879 mea,

1861 1804 1912 1854 ui
1959 1804 2211 1857 mandata
2262 1805 2469 1860 Domini
2505 1809 2761 1862 custodit.
2797 1809 2896 1875 Qui
2927 1825 3056 1880 ergo
3113 1813 3289 1876 timet,
3332 1827 3426 1866 cu-

158 1921 230 1971 ρνο
273 1921 479 1973 corpore
525 1907 673 1976 ejus,
710 1919 825 1972 qua:
870 1916 947 1958 αι
990 1901 1229 1956 Ecclesia
1265 1901 1494 1974 (Colon,
1526 1911 1564 1967 ι’
1824 1886 2009 1949 stodit.
2046 1889 2187 1965 Ergo
2215 1889 2332 1966 ejus
2362 1906 2447 1952 est
2473 1899 2782 1964 CUSIOdII‘e,
2814 1901 2902 1969 (Illi
2936 1906 3142 1955 timeat.
3195 1903 3427 1956 δθιιοιιιε

158 1997 418 2066 Sepultum
469 2009 689 2067 quoque
722 1996 840 2066 ejus
871 1998 1164 2066 participes
1217 2010 1442 2058 sumus;
1475 1997 1718 2064 quisquis
1823 1987 2004 2054 itaque
2037 1985 2138 2040 hoc
2168 1985 2298 2041 dicit
2335 2006 2348 2042 :
2381 2004 2482 2056 ego
2514 2002 2692 2045 autem
2727 1991 2830 2045 hoc
2870 1985 3005 2046 mihi
3038 2007 3298 2062 usurpare
3321 2009 3428 2049 non

155 2090 274 2144 enim
313 2091 667 2161 consepultus
701 2098 787 2144 est
838 2103 960 2142 cum
1011 2089 1130 2157 ipso
1183 2104 1277 2158 per
1306 2089 1632 2157 baptismum
1666 2087 1718 2141 in

1863 2093 2068 2144 oSsuin;
2101 2081 2287 2150 quanti
2335 2082 2480 2135 enim
2534 2093 2664 2137 sunt
2708 2084 2798 2153 qui
2836 2083 3060 2140 timeant
3121 2087 3321 2154 Deum,
3375 2095 3432 2142 et

156 2194 355 2238 mrtem
376 2223 389 2247 ,
424 2185 702 2254 particeps
734 2183 850 2252 ejus
877 2191 979 2238 εςι.
1013 2182 1246 2251 Ideoque
1283 2183 1396 2252 ipse
1428 2181 1722 2250 Apostolus

1857 2188 1933 2224 .on
1988 2171 2097 2226 illis
2151 2175 2487 2244 cauipatior?
2529 2173 2556 2212 δ
2597 2176 2864 2244 Quaerunt
2918 2192 3118 2248 Opem,
3182 2191 3235 2234 et
3291 2178 3435 2236 ferre

152 2290 370 2334 «avens
385 2293 548 2349 quam
570 2277 735 2331 nobis
755 2279 983 2348 gratiam
1015 2276 1227 2332 dederit
1258 2276 1516 2330 Dominus
1541 2273 1719 2342 Jesus,

1857 2264 1994 2316 mlo:
2052 2265 2428 2320 misericordia
2480 2267 2755 2338 indigent,
2798 2282 3014 2340 sumptu
3066 2288 3171 2326 non
3214 2271 3435 2344 adjuvo.

155 2369 252 2424 ait:
293 2369 576 2442 Participes
604 2371 740 2425 enim
767 2367 897 2424 Jesu
926 2369 1118 2424 Christi
1147 2371 1269 2439 {acti
1313 2382 1492 2424 ulmus
1519 2373 1536 2439 (
1560 2367 1718 2422 Hebr.

1857 2357 2084 2427 luiSquis
2138 2371 2320 2414 autem
2365 2357 2482 2414 haec
2531 2360 2696 2426 facit,
2742 2360 2856 2431 ipse
2909 2369 3092 2436 potest
3140 2364 3323 2422 dicere
3379 2379 3440 2422 se

154 2479 220 2527 ηι,
250 2465 354 2537 η),
1831 2453 2138 2505 timentium
2170 2452 2443 2508 Christum
2466 2471 2587 2511 esse
2614 2469 2949 2513 consortem.

215 2559 294 2613 Μ.
338 2558 440 2614 Sed
491 2566 548 2615 et
594 2557 686 2613 ille
715 2558 986 2628 particeps
1016 2554 1220 2612 Christi
1262 2565 1366 2623 est,
1397 2557 1487 2626 qui
1536 2557 1726 2626 lugen-

154 2661 249 2705 tem
277 2664 460 2708 mtesto
504 2653 823 2708 consolatur
853 2651 1046 2706 affectu
1075 2668 1086 2704 :
1118 2652 1207 2720 qui
1244 2651 1295 2704 in
1347 2665 1568 2705 carcere
1595 2665 1730 2705 con-

152 2744 375 2798 stitutum
418 2746 645 2816 proprio
695 2759 800 2798 non
845 2741 1134 2800 defraudat
1175 2743 1402 2798 officio:
1453 2744 1542 2812 qui
1585 2739 1729 2796 lecto

150 2843 442 2909 aegrmantis
491 2838 731 2902 as~idet,
785 2851 892 2891 non
947 2850 1006 2890 ιιι
1059 2836 1343 2906 Capienda:
1391 2835 1730 2889 lueretlitatis

153 2929 319 2983 tendat
352 2931 681 2998 aucupium;
713 2929 806 2982 sed
832 2937 890 2981 ut
917 2927 1089 2982 morbi
1128 2927 1236 2981 vim
1261 2927 1496 2980 Sollicito
1523 2926 1734 2995 mitiget

149 3023 439 3078 ministerio
463 3064 477 3089 ,
517 3032 574 3076 ut
622 3021 816 3075 sedulo
847 3019 1048 3075 fessum
1081 3031 1340 3073 sermone
1385 3017 1684 3072 demulccat
1716 3034 1728 3070 ε

151 3116 228 3180 qui
276 3115 447 3168 nudos
498 3114 720 3177 vestiat,
750 3112 1058 3168 esurientes
1105 3110 1332 3165 reficiat.
1364 3109 1419 3163 lu
1456 3110 1539 3162 his
1585 3110 1730 3164 enim

1899 2535 1989 2595 57.
2033 2543 2216 2614 (Vcrs.
2245 2543 2364 2615 46.)
2408 2538 2780 2601 Misericordia:
2811 2562 2911 2602 tua:
2932 2591 2948 2615 ,
2982 2547 3206 2605 Domine
3229 2592 3245 2617 ,
3284 2552 3440 2621 plena

1832 2645 1904 2687 est
1934 2646 2071 2690 terra
2096 2652 2114 2688 :
2137 2637 2538 2705 justi/iratiores
2578 2648 2694 2692 tuus
2737 2640 2863 2692 doce
2889 2657 2986 2694 me.
3015 2643 3302 2708 Quomodo
3331 2644 3436 2697 nti-

1833 2728 2147 2782 seriem-dia:
2180 2729 2390 2784 Domini
2425 2746 2460 2803 p
2486 2745 2589 2784 cna
2619 2741 2702 2785 est
2745 2743 2923 2799 terra,
2958 2735 3058 2788 nisi
3103 2751 3199 2804 per
3235 2737 3442 2804 passio-

1837 2837 1960 2875 nem
1991 2813 2208 2874 Dotnini
2238 2826 2408 2877 nostri
2436 2823 2564 2878 Jesu
2588 2825 2791 2879 Christi
2811 2867 2824 2889 ,
2855 2842 3014 2896 quam
3043 2827 3275 2882 futuram
3307 2844 3446 2898 pra:-

1835 2912 2057 2979 videas,
2086 2914 2239 2985 quasi
2267 2917 2588 2984 protniSaatn
2616 2915 2886 2987 Propheta
2908 2920 3290 2974 concelebrat“!
3322 2921 3449 2976 Pro-

1839 3001 2022 3076 pltctis
2047 3009 2193 3062 enitn
2224 3023 2288 3064 ea
2321 3025 2441 3080 quae
2469 3024 2696 3066 ventura
2726 3024 2851 3066 sunt
2883 3015 3305 3082 pra-videntibus
3335 3031 3448 3071 tua-

1841 3101 1918 3154 ris
1945 3110 2065 3167 est,
2102 3111 2159 3154 ut
2191 3106 2342 3174 quasi
2367 3105 2480 3172 jam
2508 3104 2738 3160 decursa
2778 3117 3149 3162 memorentur
3173 3124 3293 3177 qua:
3326 3111 3465 3178 pos?

150 3205 445 3274 {mmemer
483 3219 569 3262 est
607 3205 880 3267 Christus,
914 3206 1056 3260 sic,"
1079 3205 1194 3274 ipse
1233 3205 1309 3257 ait
1340 3221 1351 3256 ε
1388 3211 1412 3238 a
1440 3202 1506 3256 ιη
1529 3219 1734 3257 carcere
1762 3211 1807 3274 ρ
1843 3196 2056 3282 terioris
2085 3198 2260 3249 aetatis
2295 3206 2438 3251 sunt.
2483 3196 2649 3253 Plena
2683 3212 2762 3254 εει
2795 3215 2927 3270 ergo
2960 3208 3100 3256 terra
3137 3204 3447 3257 misericor-

149 3314 304 3362 ιιι-ωτι,
343 3311 392 3354 et
440 3317 548 3353 non
580 3300 788 3352 venistis
838 3299 905 3351 ad
952 3314 1073 3350 me:
1107 3297 1280 3349 nudus
1332 3312 1493 3362 eram,
1543 3306 1588 3350 ct
1633 3312 1737 3349 non

147 3392 405 3460 trp-vitiatis
435 3407 617 3446 ma...
654 3389 803 3457 Quod
845 3390 979 3444 enim
1009 3387 1098 3442 uiti
1151 3402 1329 3441 eorum
1371 3403 1471 3442 non
1519 3388 1735 3458 fecistis,

149 3498 229 3535 nec
251 3486 372 3536 mihi
409 3485 614 3554 fecistis
640 3481 866 3550 (Matth.
904 3497 1028 3545 xxv,
1054 3479 1123 3534 42
1145 3489 1194 3534 et
1212 3477 1378 3550 δρψ),
1414 3479 1472 3535 Si
1527 3481 1736 3533 oderim

147 3575 524 3641 mendacium,
574 3575 846 3645 particeps
897 3573 1098 3628 Christi
1153 3587 1315 3636 sum;
1368 3571 1490 3642 quia
1535 3573 1740 3626 veritas

146 3667 381 3724 Christus
397 3677 520 3725 est:
549 3670 594 3723 si
621 3668 823 3738 fugiam
855 3667 1214 3737 iniquitatetn,
1244 3666 1514 3735 particeps
1536 3661 1741 3719 Christi

145 3777 281 3830 sum;
302 3765 424 3833 quia
449 3761 929 3833 Christusjustitia
950 3771 1054 3816 est.
1086 3761 1283 3816 Beatus
1312 3759 1402 3830 qui
1429 3759 1531 3814 hoc
1562 3768 1742 3831 potest

146 3856 332 3912 dicere.
366 3859 529 3914 Sicut
559 3858 705 3911 enim
738 3856 1038 3911 membrum
1073 3854 1342 3924 particeps
1363 3868 1486 3907 esse
1511 3851 1744 3907 dicimus

146 3949 298 4005 tutius
317 3951 582 4020 corporis
609 3967 622 4004 :
654 3949 734 4005 sic
757 3949 1106 4018 cnnjunt'ttnn
1135 3947 1388 4002 omnibus
1430 3945 1744 4000 timentibus

145 4041 326 4111 Deum,
347 4048 442 4117 qui
476 4057 588 4099 non
612 4043 755 4099 dicat
788 4044 939 4097 alteri
967 4060 979 4095 :
1013 4041 1126 4097 Non
1153 4055 1212 4096 es
1234 4041 1299 4095 de
1339 4054 1572 4109 corpore
1598 4055 1740 4107 meo,

143 4133 240 4192 hoc
258 4147 365 4205 est,
401 4153 520 4193 non
537 4135 923 4206 dicatpattperi
943 4135 1114 4198 dives,
1140 4151 1245 4186 tton
1277 4127 1498 4203 ignobili
1526 4131 1744 4197 nobilis,

143 4241 245 4282 non
295 4244 446 4301 agro
503 4241 712 4292 sanus,
750 4243 855 4281 non
910 4226 1064 4279 fortis
1106 4223 1306 4284 debili,
1343 4238 1447 4278 non
1495 4224 1749 4293 imperito

141 4325 352 4394 sapiens
389 4323 578 4380 dicat:
603 4323 723 4378 Non
763 4324 893 4378 estis
922 4321 1056 4376 mihi
1098 4321 1425 4387 necessarii;
1481 4322 1750 4392 particeps

140 4420 378 4486 corporis
392 4419 612 4474 Christi
643 4426 750 4481 est,
783 4433 902 4485 quae
929 4427 1013 4472 est
1043 4417 1313 4472 Ecclesia.
1349 4415 1455 4470 Sed
1491 4418 1580 4486 qui
1614 4416 1752 4468 sciat

140 4512 274 4576 quod
309 4511 346 4568 ii
391 4513 495 4580 qui
533 4512 786 4566 videntur
815 4510 868 4564 in
921 4509 1164 4564 Ecclesia
1194 4509 1422 4574 debiles,
1459 4523 1750 4579 pauperes,

1840 3286 1943 3341 dia:
1983 3285 2232 3354 Domini;
2268 3288 2391 3359 quia
2421 3289 2673 3345 omnibus
2705 3301 2786 3346 est
2816 3293 2940 3346 data
2983 3296 3233 3349 remissio
3259 3311 3446 3366 pecca-

1842 3391 2041 3435 torum.
2077 3381 2254 3451 Super
2284 3399 2475 3439 omnes
2505 3386 2588 3439 sol
2633 3386 2766 3441 oriri
2812 3387 3053 3457 iubetur.
3087 3389 3152 3444 Et
3195 3391 3284 3444 hic
3325 3390 3448 3461 qui-

1842 3473 1964 3526 dem
2003 3475 2083 3527 sol
2116 3477 2357 3544 quotidie
2399 3492 2563 3547 Super
2605 3496 2794 3534 oinncs
2822 3483 3014 3536 oritur.
3058 3481 3316 3554 Mysticus
3355 3500 3446 3537 au-

1848 3573 1955 3619 tem
2007 3568 2085 3620 sol
2132 3567 2221 3620 ille
2261 3569 2486 3637 justititc
2533 3571 2784 3626 omnibus
2829 3584 2980 3629 ortus
3023 3583 3146 3643 est,
3194 3577 3452 3633 omnibus

1847 3659 2035 3725 venit,
2068 3659 2319 3714 Olnttibtts
2360 3676 2547 3732 passus
2579 3676 2664 3718 est
2689 3705 2703 3731 ,
2735 3675 2788 3719 ct
2819 3669 3074 3725 omnibus
3107 3673 3402 3726 resurrexit
3434 3690 3447 3725 ;

1847 3749 1970 3804 ideo
2001 3763 2181 3805 autem
2216 3768 2408 3820 passus
2435 3764 2550 3822 est,
2585 3765 2643 3812 ιιι
2669 3758 2883 3813 tolleret
2916 3772 3198 3828 peccatum
3240 3764 3446 3819 mundi.

1848 3840 1903 3898 Si
1931 3845 2050 3912 quis
2081 3855 2258 3900 autem
2291 3861 2396 3900 non
2423 3848 2597 3902 credit
2639 3849 2691 3902 in
2736 3850 3050 3919 Christum,
3083 3857 3323 3924 generali
3357 3857 3450 3910 beo

1850 3933 2043 3992 nelicio
2072 3938 2188 4007 ipse
2233 3955 2293 3994 se
2325 3941 2538 3995 fraudat
2569 3958 2582 3995 :
2619 3953 2674 3996 ιιι
2719 3945 2765 3998 si
2805 3947 2928 4012 quis
2959 3946 3156 4001 clausis
3195 3948 3452 4007 fenestris

1851 4030 2033 4084 radios
2075 4032 2209 4087 solis
2255 4033 2543 4101 excludat,
2594 4051 2700 4090 non
2746 4037 2868 4096 ideo
2913 4039 2994 4093 Sol
3032 4055 3136 4094 non
3178 4051 3330 4098 ortus
3371 4056 3458 4100 est

1853 4125 2102 4180 omnibus
2129 4167 2143 4191 ,
2193 4128 2316 4197 quia
2362 4130 2544 4186 calore
2588 4131 2706 4202 ejus
2746 4146 2806 4188 se
2853 4135 2966 4204 ipse
3007 4133 3314 4192 fraudavit:
3357 4139 3455 4195 scd

1853 4220 1996 4290 quod
2047 4221 2179 4276 solis
2225 4231 2340 4288 est,
2387 4229 2803 4296 praerogativam
2851 4243 3004 4284 suam
3055 4245 3233 4287 servat
3266 4251 3278 4287 :
3310 4233 3454 4304 quod

1854 4311 2217 4381 imprudentis
2247 4324 2365 4383 est,
2394 4325 2701 4374 communis
2727 4336 2757 4374 a
2795 4336 2856 4377 se
2895 4324 3126 4392 gratiam
3176 4325 3313 4382 lucis
3363 4341 3462 4382 ex-

1857 4405 2047 4460 cludit.
2082 4407 2255 4477 Super
2295 4425 2486 4465 omnes
2519 4411 2697 4482 pluvia
2728 4424 2811 4469 est
2833 4455 2849 4480 ,
2879 4425 2934 4470 et
2980 4416 3082 4472 hoc
3129 4417 3326 4474 divinae
3358 4424 3460 4476 mi-

1858 4498 2168 4555 sericordia:
2196 4500 2519 4571 deputatur;
2554 4506 2678 4574 quia
2711 4507 2847 4578 plttit
2893 4523 3056 4578 super
3078 4509 3258 4580 justus
3287 4525 3342 4568 ct
3373 4516 3459 4569 in-

138 4604 552 4674 imprudemes,
604 4606 768 4660 etiam
822 4611 1136 4673 peccamres
1186 4601 1566 4656 abundantiori
1611 4599 1752 4654 indi-
1777 4590 2049 4660 Djusms.
2079 4595 2186 4648 Aut
2225 4607 2372 4649 certe
2408 4599 2486 4652 sic
2535 4599 3000 4670 interpretandum
3028 4646 3043 4668 ,
3072 4606 3217 4674 quod
3249 4608 3460 4664 miseri-

135 4706 291 4766 geant
318 4697 626 4753 honestare
648 4737 660 4759 ,
703 4703 756 4749 et
786 4695 992 4764 majore
1024 4694 1274 4764 praesidio
1305 4685 1566 4747 fulciendi
1609 4693 1750 4747 sint:

137 4790 222 4856 qui
274 4789 384 4844 hoc
431 4788 691 4852 ﬂeverit,
740 4787 858 4854 ipse
881 4795 1061 4856 potest
1087 4785 1302 4840 dicere:
1336 4779 1607 4850 I’urtireps
1661 4801 1754 4855 ego

139 4891 244 4932 sunt
281 4883 537 4935 omnium
592 4879 882 4932 timentium
917 4887 981 4932 te.
1023 4878 1125 4946 Qui
1170 4870 1532 4945 compatiatur
1585 4881 1757 4947 magis

140 4969 452 5042 hujtmumft
506 4963 855 5037 hominibus,
890 4981 1049 5040 quam
1083 4967 1327 5023 faStidiat
1347 4983 1442 5023 eos
1470 4986 1482 5020 :
1537 4983 1757 5038 compa-

139 5061 297 5120 tiatur
330 5065 622 5127 inﬁrmis;
669 5075 725 5117 ut
771 5062 904 5117 sciat
955 5063 1082 5132 quia
1130 5077 1293 5116 unum
1335 5074 1537 5130 corpus
1567 5075 1758 5116 omnes

135 5172 356 5224 sumus,
405 5169 476 5215 et
511 5157 784 5211 membris
803 5156 1044 5211 membra
1085 5169 1368 5221 connexa;
1419 5163 1475 5208 ιιι
1523 5155 1755 5209 alterum

135 5250 254 5308 sine
279 5251 474 5308 illum
515 5257 644 5305 esse
694 5257 802 5303 non
836 5247 1038 5318 possit:
1089 5249 1288 5303 etcum
1320 5248 1552 5301 alterum
1584 5246 1754 5312 dolet,

134 5345 516 5412 eoui'paiiatur
565 5337 745 5396 alteri.
791 5339 900 5395 iste
939 5353 1069 5410 ergo
1097 5348 1249 5394 recte
1285 5345 1459 5408 potest
1493 5351 1757 5407 usurpare

137 5430 296 5506 huius
313 5435 486 5491 vocis
511 5433 926 5488 αιειυινίειιειιι.

203 5605 230 5633 ι
265 5595 350 5650 Ita
386 5605 790 5652 omnes'mss.
841 5593 986 5649 Edit.
1038 5601 1227 5651 contra
1277 5591 1540 5662 triplicem
1593 5587 1754 5660 luijus

133 5665 236 5740 foci
255 5671 1002 5740 ηιιῆιιυειιιιειριιιιειιιιι,
1023 5675 1090 5721 ut
1113 5668 1184 5722 de
1205 5661 1370 5740 justis
1395 5661 1746 5740 intelligatur.

130 5739 238 5811 Sed
263 5731 540 5811 ῃῖιιώεθ
563 5735 726 5793 motio
745 5731 1102 5808 proponatur,
1127 5731 1458 5793 tantumdem
1495 5731 1636 5789 valet
1684 5731 1748 5788 ad

133 5810 490 5879 mundum
528 5811 819 5865 intentum.

1859 4686 2057 4740 cordizu
2087 4686 2283 4742 divinae
2311 4691 2466 4758 plena
2493 4693 2563 4745 sit
2594 4701 2738 4749 terra
2763 4711 2777 4759 ;
2806 4698 2930 4765 quia
2957 4695 3169 4752 Domini
3194 4712 3266 4756 est
3291 4713 3459 4770 terra,

1861 4789 1906 4832 et
1939 4778 2206 4848 plenitudo
2235 4783 2439 4852 ejus....
2463 4783 2573 4852 ipse
2593 4801 2750 4853 super
2776 4789 2940 4841 maria
2969 4790 3204 4859 fundavit
3230 4809 3342 4846 eam
3366 4835 3378 4857 ,
3415 4806 3463 4850 et

1861 4887 2015 4942 super
2044 4871 2261 4938 ﬂumina
2291 4878 2598 4946 prwparavit
2622 4877 2769 4932 illam
2803 4878 2989 4951 (Psal.
3032 4897 3167 4938 xxttt
3190 4925 3203 4950 ,
3235 4886 3257 4938 i
3290 4896 3336 4940 et
3363 4887 3458 4959 2).

1862 4963 2081 5018 Etenim
2117 4981 2211 5035 pcr
2243 4967 2539 5023 Ecclesium
2587 4971 2642 5023 in
2690 4987 2882 5028 omnes
2922 4986 3110 5043 gentes
3156 4977 3350 5034 diffusa
3382 4992 3464 5037 est

1864 5062 2240 5117 misericordia
2276 5064 2532 5131 Domini,
2571 5065 2625 5120 in
2673 5078 2862 5121 omnes
2909 5079 3100 5140 gentes
3151 5071 3344 5129 diffusa
3383 5085 3467 5131 est

1865 5153 2022 5210 ﬁdes.

1937 5247 2024 5302 58.
2070 5247 2324 5306 Fortasse
2345 5252 2495 5307 dicas
2521 5271 2534 5306 :
2565 5253 2680 5322 Qua
2721 5257 2936 5312 ratione
2977 5271 3082 5313 non
3111 5260 3316 5315 dictum
3345 5271 3464 5330 est,

1864 5340 2258 5398 misericordia:
2283 5345 2500 5402 Domini
2533 5349 2751 5416 plenum
2782 5362 2865 5405 est
2897 5352 3140 5408 'ccelnm?
3169 5356 3306 5424 Quia
3338 5363 3468 5414 Sunt

1865 5436 2028 5491 etiam
2075 5435 2348 5507 spiritales
2401 5443 2656 5513 nequitiae
2703 5445 2758 5499 in
2807 5447 3167 5505 coelestibus:
3213 5451 3310 5507 sed
3359 5469 3466 5511 nou

1935 5593 1963 5682 ξ’
1999 5595 2142 5680 Edit.
2169 5615 2454 5682 commas.
2488 5601 2736 5682 duobus,
2759 5607 3024 5671 Quarum
3052 5621 3233 5681 apum,
3264 5625 3317 5669 et
3335 5619 3473 5682 forte

1863 5667 1984 5759 1.1.019
2015 5671 2418 5759 misericordiam
2450 5689 2470 5728 :
2497 5667 2732 5759 indigent
2759 5667 3002 5750 sumptu,
3031 5667 3233 5740 eorum;
3251 5667 3464 5759 άδρεὶυὸῖ

1863 5737 2056 5796 Melius
2081 5742 2311 5812 reliqui,
2345 5755 2404 5800 ut
2430 5737 2679 5816 supraiu
2711 5737 2959 5820 corpore.
