3988 6306
509 221 648 279 1519

1867 213 2116 273 SANCTl
2152 214 2476 275 AMBROSII

3673 213 3811 271 i320

504 339 612 395 illa:
649 347 675 376 α
715 336 779 392 ad
811 345 1100 393 commune
1139 332 1230 404 jus
1256 328 1610 403 indulgentiae
1652 331 1787 398 Dei,
1814 329 2104 387 'remissio-
2132 334 2183 396 Α
2209 333 2463 399 dubitas,
2491 330 2784 403 diligenter
2824 329 3101 401 inquiras;
3131 329 3224 400 qui
3265 329 3408 384 enim
3449 329 3652 401 quatrit
3677 370 3693 393 ,
3728 331 3811 385 in-

508 445 742 502 nemque
785 432 1058 500 pertinent
1091 432 1433 495 peccatorum
1456 466 1471 491 ,
1505 423 1701 493 quibus
1733 423 1875 492 ignis
1923 438 2108 478 scrva-

509 532 598 580 tur
623 535 858 579 :etcrnus
893 539 905 575 :
951 529 1006 574 et
1036 519 1123 574 illa
1153 533 1274 589 qua:
1315 517 1619 574 ctelestium
1652 516 1735 570 vel
1776 523 2106 585 potestatum

511 619 596 675 vel
642 615 1066 673 ministeriorum
1106 621 1268 678 sunt,
1310 611 1435 666 licet
1482 609 1686 664 auxilio
1733 607 1951 662 Domini
2001 608 2106 661 ful-

509 711 749 774 ciantur;
778 717 953 762 tamen
983 720 1088 760 non
1117 713 1262 758 tanta
1287 703 1406 774 ejus
1431 702 1671 772 indigent
1699 699 2070 755 misericordia
2089 739 2105 764 ,

507 812 702 875 quanta
748 816 809 856 ea
852 813 974 869 qute
1023 806 1150 852 sunt
1194 795 1450 850 inferiora
1502 803 1664 864 atque
1703 802 1954 855 terrena;
2001 805 2108 844 non

509 895 653 950 enim
707 891 802 946 illa
843 889 1023 946 carnis
1069 886 1348 942 involucra
1393 886 1732 949 vcstiuntur,
1781 885 1831 937 in
1878 896 1983 953 qua
2025 887 2112 934 est

508 982 808 1056 frequentis
835 980 1039 1037 erroris
1065 977 1346 1034 illecebra.
1379 975 1616 1046 Ideoque
1647 973 1700 1028 in
1740 971 2112 1044 superioribus

508 1078 584 1132 ait
608 1076 753 1132 idem
779 1072 1055 1144 Propheta
1076 1112 1092 1138 ,
1123 1071 1244 1142 quia
1275 1067 1469 1125 Caelum
1493 1067 1605 1121 cmli
1633 1065 1889 1131 Domino,
1921 1074 2112 1118 terram

509 1179 678 1224 autem
719 1167 859 1221 dedit
903 1166 1024 1230 ﬁliis
1056 1165 1322 1218 hominum
1361 1159 1549 1230 (Psal.
1595 1173 1768 1222 cxttt,
1804 1155 1916 1227 16).
1960 1153 2114 1210 Unde

509 1271 565 1319 et
594 1261 789 1317 emtum
819 1259 1004 1330 purius
1031 1267 1086 1313 et
1123 1255 1434 1311 defaecatius
1465 1252 1533 1307 ab
1561 1251 1709 1305 omni
1739 1250 1864 1305 labe
1906 1248 2114 1318 peccati

514 1364 600 1412 est
620 1398 634 1418 ,
668 1354 934 1424 longeque
959 1351 1218 1404 semOtius
1252 1349 1319 1402 ab
1349 1347 1444 1401 illo
1469 1345 1537 1399 de
1564 1359 1672 1415 quo
1696 1343 1958 1410 scriptum
1988 1347 2072 1393 est
2098 1355 2112 1391 :

516 1449 662 1504 Sicut
692 1445 924 1500 volatilia
955 1443 1069 1498 caeli
1097 1439 1317 1514 (Matth.
1342 1455 1394 1493 vt
1414 1480 1428 1504 ,
1455 1435 1574 1510 26).
1603 1436 1716 1492 ll‘oc
1741 1435 1886 1490 enim
1917 1431 2115 1487 cadum

515 1539 664 1595 velut
701 1536 908 1592 medius
934 1532 1152 1605 quidam
1201 1533 1339 1586 inter
1368 1530 1568 1585 caelum
1613 1535 1669 1582 et
1709 1537 1906 1580 terram
1937 1522 2118 1577 aerius

514 1633 667 1689 locus
694 1629 925 1696 dicitur,
957 1629 1010 1682 iu
1039 1641 1149 1697 quo
1181 1631 1308 1679 sunt
1349 1624 1509 1678 etiam
1549 1619 1822 1691 spiritales
1866 1613 2119 1686 nequitia:

2208 428 2394 490 venit,
2421 433 2475 481 et
2512 424 2561 479 ei
2604 422 2696 494 qui
2741 422 2956 492 pulsat,
2995 421 3261 493 aperitur.
3301 419 3464 475 Multa
3508 419 3813 476 obscuritas

2209 519 2368 574 estin
2396 517 2682 586 scripturis
2708 514 3080 586 prOpheticis:
3113 526 3134 554 ο
3164 513 3258 570 sed
3287 512 3334 567 si
3377 529 3534 568 manu
3577 514 3810 584 quadam

2213 611 2410 665 mentis
2440 618 2543 662 tum
2573 609 2980 678 Scripturarum
3011 610 3232 678 januam
3273 607 3490 678 pulses,
3521 618 3572 662 et
3601 621 3666 663 ea
3693 624 3812 676 qua:

2210 797 2477 851 rationem
2525 795 2780 866 colligere
2810 795 3117 860 dictorum;
3150 803 3204 849 et
3246 794 3521 863 aperietur
3567 791 3664 848 tibi

2213 713 2342 760 sunt
2367 704 2574 758 occulta
2596 745 2610 768 ,
2638 703 2928 774 diligenter
2959 702 3270 765 examines,
3298 701 3557 772 paulatim
3587 701 3695 755 inci
3738 701 3812 755 ies

2213 797 2477 851 rationem
2525 795 2780 866 colligere
2810 795 3117 860 dictorum;
3150 803 3204 849 et
3246 794 3521 863 aperietur
3567 791 3664 848 tibi
3699 715 3869 922 Κ

2214 888 2281 922 oh
2311 888 2417 922 alin
2479 888 2570 922 and
2615 903 2641 922 σι
2685 888 2773 922 Ιὶοί
2802 886 2984 922 νην-ιω
3049 885 3117 922 {in
3164 901 3272 922 tum
3302 885 3475 922 Incidi
3525 886 3575 922 in
3614 887 3812 922 Annon-

2213 888 2282 944 ab
2310 888 2448 956 alio,
2479 888 2573 942 sed
2613 903 2641 940 a
2685 888 2775 942 Dei
2802 886 3016 951 Verbo,
3049 885 3117 940 de
3163 901 3272 957 quo
3302 885 3476 955 legisti
3525 886 3576 938 in
3609 887 3812 956 Apoca-
3849 885 3874 940 \

2213 979 2350 1052 lypsi
2396 981 2584 1051 (Apoc.
2625 996 2689 1044 v,
2735 979 2839 1050 5),
2880 979 3022 1050 quod
3071 978 3258 1049 Agnus
3303 977 3500 1033 librum
3543 976 3811 1048 signatum

2213 1070 2463 1141 aperuit,
2511 1085 2670 1141 quem
2723 1070 2900 1125 nullus
2957 1078 3084 1124 ante
3129 1069 3346 1139 aperire
3395 1077 3646 1138 poterat;
3695 1071 3812 1138 quia
3903 1085 3906 1090 ·

2216 1168 2364 1222 solus
2417 1166 2678 1220 Dominus
2725 1165 2886 1221 Jesus
2936 1166 2988 1220 in
3033 1163 3332 1234 Evangelio
3377 1177 3474 1218 suo
3525 1163 3813 1236 propheta-

2216 1275 2336 1314 rttm
2379 1258 2704 1327 aenigmata.
2756 1267 2812 1312 et
2851 1258 3008 1329 Legis
3055 1257 3314 1330 mysteria
3369 1255 3680 1312 revelavit:
3727 1273 3811 1312 so-
3887 1251 3890 1260 ’

2218 1352 2302 1408 lus
2349 1351 2594 1407 scientiae
2639 1351 2835 1406 elavim
2883 1351 3117 1418 detulit,
3162 1359 3219 1406 et
3262 1349 3414 1406 dedit
3457 1351 3672 1420 aperire
3719 1364 3816 1405 no-
3873 1407 3876 1414 ,

2220 1445 2327 1501 bis.

2293 1537 2381 1593 60.
2427 1537 2623 1593 Dicunt
2649 1553 2708 1592 se
2737 1535 2909 1592 Judaei
2941 1535 3140 1591 habere
3180 1535 3376 1591 clavim
3421 1534 3700 1598 scientiae,
3727 1534 3816 1590 sed

2224 1647 2330 1688 non
2363 1631 2609 1703 habent;
2644 1648 2766 1687 nam
2806 1630 2853 1685 si
2886 1631 3150 1686 haberent
3173 1670 3188 1697 ,
3222 1630 3325 1699 ipsi
3372 1629 3816 1700 ingrederentur.

517 1724 574 1782 in
600 1723 936 1780 caelestibus.
964 1718 1100 1774 Nam
1133 1718 1185 1772 in
1229 1715 1320 1771 illo
1363 1730 1472 1768 non
1515 1711 1874 1782 appellativo,
1907 1705 2121 1779 1078

2232 1723 2326 1794 ipsi
2378 1732 2738 1794 agnoscerent
2766 1723 3063 1793 penetralia
3095 1722 3523 1791 Scripturarum.
3553 1720 3707 1776 Nunc
3733 1735 3822 1774 att-

515 1817 612 1873 sed
642 1831 772 1872 vero
799 1814 974 1880 ccelo,
1008 1810 1222 1867 etiamsi
1255 1807 1530 1863 diaboltttn
1577 1803 1866 1875 legerimus
1897 1801 1950 1855 in
1991 1813 2123 1853 con-

515 1919 700 1980 spectu
745 1909 842 1964 Dei
888 1904 1205 1975 angelorum
1254 1915 1362 1955 non
1405 1897 1644 1954 defuisse
1688 1893 1960 1956 concilio;
1995 1899 2125 1958 puto

515 2012 696 2058 tamen
731 1999 878 2054 nulla
924 1996 1140 2068 operari
1195 1999 1526 2048 tentamenta
1570 1988 1845 2058 nequitiae.
1881 1983 2124 2054 Denique

513 2098 775 2166 scriptum
818 2103 902 2148 est
928 2091 1053 2162 quia
1082 2088 1258 2159 angeli
1306 2091 1628 2140 amaverunt
1674 2080 1812 2136 tilias
1841 2077 2121 2133 hominum

519 2191 674 2266 (Gen.
699 2206 786 2257 vt,
815 2187 871 2259 2)
898 2204 912 2252 ;
950 2202 1017 2242 co
1045 2184 1188 2255 quod
1234 2179 1468 2238 terrenis
1497 2177 1638 2247 capti
1669 2175 2016 2230 detineantur
2056 2169 2122 2266 il-

514 2259 746 2342 lecebris
775 2280 1030 2352 princeps
1072 2274 1260 2331 mundi
1291 2272 1447 2328 istius
1485 2285 1549 2325 ac
1595 2266 1824 2323 ministri
1866 2263 2018 2334 ejus,
2066 2259 2121 2314 in

516 2378 717 2450 quibus
762 2372 999 2442 nequitia
1030 2368 1290 2442 Spiritalis
1316 2367 1542 2421 venenis
1577 2359 1898 2432 quibusdam
1945 2354 2124 2410 carnis

515 2447 678 2540 huius
729 2467 930 2522 imbuta
957 2505 972 2531 ,
1016 2471 1073 2519 et
1125 2459 1380 2516 humanis
1424 2465 1510 2511 est
1551 2453 1746 2509 infecta
1780 2447 2120 2505 criminibus.

515 2564 751 2635 Ideoque
781 2558 1042 2616 Dominus
1065 2557 1117 2610 in
1146 2550 1445 2622 Evangelio
1469 2561 1566 2602 suo
1589 2546 1667 2600 ait
1691 2562 1706 2600 :
1737 2541 1860 2596 Fiat
1890 2541 2125 2635 uoluntas

516 2667 608 2713 tua
637 2634 772 2712 sicut
798 2655 854 2708 in
890 2651 1017 2708 caelo
1044 2658 1094 2704 et
1132 2649 1185 2702 in
1217 2656 1357 2700 terra
1381 2641 1603 2716 (illattlt.
1633 2655 1715 2706 vt,
1748 2635 1860 2706 10).
1891 2634 2008 2689 Non
2035 2647 2126 2687 ea-

514 2749 640 2805 dem
671 2759 754 2803 est
785 2746 897 2800 illic
935 2742 1192 2812 iniquitas
1217 2737 1455 2792 vicinum
1503 2731 1865 2805 possessionis
1897 2726 2125 2782 ﬁnitimo

515 2857 646 2898 rure
692 2838 1004 2908 depellere,
1039 2835 1254 2890 viduam
1287 2829 1622 2886 hmreditatis
1672 2823 1924 2879 fraudare
1969 2835 2122 2875 com-

521 2933 733 3006 pendiis
758 2972 772 2996 ,
813 2929 1053 2984 minores
1094 2925 1120 2964 ι)
1149 2923 1409 2980 consortii
1453 2923 1576 2991 jure
1619 2915 1909 2973 detrudere
1937 2955 1951 2979 ,
1985 2915 2124 2967 intra

520 3005 726 3098 lignum
757 3022 994 3093 denique
1034 3027 1089 3073 et
1134 3016 1513 3088 quodcumque
1553 3009 1765 3080 argenti
1803 3017 1968 3076 atque
2009 3005 2124 3059 auri

520 3124 603 3179 vel
631 3119 756 3176 teris
783 3115 1059 3174 metallum
1088 3111 1238 3168 velut
1267 3109 1498 3178 elﬁgiem
1528 3102 1816 3176 quamdam
1844 3100 2122 3156 caelestem
2153 3111 2199 3173 ρ

520 3212 799 3271 includere
844 3215 1187 3280 potestatem.
1231 3200 1358 3256 Hice
1404 3213 1525 3252 cum
1565 3196 1675 3250 sint
1717 3191 1935 3280 maximi
1968 3191 2127 3262 plena

520 3303 787 3374 sacrilegii
811 3276 914 3369 ,in
945 3299 1099 3354 caelis
1136 3301 1364 3357 vacant,
1397 3290 1453 3344 in
1488 3287 1646 3344 terris
1690 3276 2124 3355 frequentantur.

527 3400 694 3456 Verbo
723 3399 858 3452 enim
887 3393 1097 3448 Domini
1125 3390 1238 3446 caeli
1269 3385 1464 3458 ﬁrmati
1489 3391 1608 3439 sunt
1637 3381 1811 3456 (Psal.
1838 3393 1985 3433 χχιιι
2003 3419 2019 3446 ,
2045 3377 2122 3447 6).

518 3508 631 3550 non
665 3501 808 3547 terra
839 3489 1048 3541 firmata
1079 3491 1184 3537 est.

594 3587 683 3643 59.
729 3584 796 3639 Et
845 3583 966 3638 ideo
1007 3575 1430 3650 iustiﬁcationes
1478 3570 1572 3625 Dci
1617 3567 1685 3623 ab
1734 3569 1850 3638 ipso
1899 3563 2128 3619 Domino

521 3680 637 3736 vult
664 3677 879 3743 doceri;
915 3672 1038 3743 quia
1069 3667 1291 3725 difﬁcile
1319 3667 1403 3722 esi
1428 3664 1480 3718 in
1510 3671 1652 3717 terra
1682 3660 1994 3731 magistrum
2027 3658 2125 3710 hu-

517 3771 752 3847 iusmodi
799 3767 1040 3838 reperire
1067 3804 1083 3830 ,
1110 3762 1200 3833 qui
1231 3776 1292 3816 ea
1340 3758 1570 3821 doceat,
1601 3769 1721 3825 quae
1765 3754 1880 3823 ipse
1912 3768 2016 3847 nun
2045 3747 2126 3804 vi-

524 3842 685 3924 derit.
738 3861 818 3919 Ad
863 3860 1014 3916 illum
1064 3856 1225 3928 igitur
1277 3853 1558 3908 doctorem
1617 3848 1806 3902 intimo
1854 3842 2124 3914 Prottheta

519 3957 799 4019 contendit
825 3953 1054 4016 affectu;
1085 3951 1176 4019 qui
1201 3946 1352 4003 solus
1379 3942 1637 4014 magister
1663 3947 1748 3995 est
1773 3952 1956 3992 verus.
1982 3934 2127 4003 Quo-

525 4053 688 4111 modo
720 4049 862 4105 euitn
913 4050 1090 4116 potest
1133 4040 1297 4094 homo
1323 4036 1477 4106 quasi
1509 4048 1692 4089 verum
1736 4031 1936 4086 docere
1981 4025 2123 4097 quod

525 4145 733 4202 nesciat
753 4184 767 4208 ,
800 4153 922 4194 cum
965 4137 1080 4204 ipse
1107 4133 1179 4187 sit
1215 4128 1484 4185 mendax?
1511 4127 1812 4193 Meritoque
1837 4124 1913 4178 ait
1944 4120 2126 4176 Domi-

526 4255 666 4304 nus,
709 4244 766 4290 ut
809 4245 971 4288 nemo
1009 4242 1170 4297 super
1213 4234 1411 4278 terram
1456 4228 1612 4274 vocet
1656 4217 1761 4272 sibi
1802 4229 2122 4284 quemquam

527 4330 882 4402 magistrum;
923 4321 1048 4394 quia
1075 4333 1215 4373 unus
1245 4322 1330 4370 est
1359 4311 1611 4382 magister
1637 4309 1876 4364 omnium
1907 4307 2122 4380 (Matth.

525 4399 660 4481 uti!
682 4463 696 4485 ,
724 4419 802 4484 8).
837 4415 903 4472 Et
927 4409 1198 4485 quomodo
1229 4412 1415 4478 posset
1447 4401 1612 4458 David
1647 4401 1810 4456 alium
1844 4399 2122 4454 doctorem

525 4527 806 4588 quaerere,
839 4523 959 4563 cum
1002 4505 1116 4575 ipse
1159 4501 1228 4556 de
1266 4498 1376 4553 Deo
1403 4494 1602 4551 dixerit
1638 4509 1652 4547 :
1702 4492 1802 4560 Qui
1840 4491 1986 4545 docet
2035 4491 2126 4542 Ito-

2227 1826 2333 1874 tem
2364 1835 2378 1870 z
2413 1816 2499 1871 ναξ
2527 1817 2664 1871 vobis
2705 1817 2889 1870 scriba:
2917 1825 2965 1870 et
2992 1816 3259 1888 pltaristci,
3290 1816 3378 1884 qui
3402 1814 3692 1874 abstulistis
3716 1815 3817 1869 cla-

2224 1911 2324 1964 vitn
2351 1908 2604 1974 scientiw,
2635 1919 2683 1962 et
2711 1908 2812 1978 ipsi
2848 1925 2953 1962 non
2982 1907 3268 1972 introistis,
3296 1918 3342 1962 et
3368 1907 3683 1961 introeuntes
3705 1922 3818 1976 pro-

2226 2002 2460 2057 hibuistis
2497 2000 2648 2074 (Luc.
2675 2017 2727 2056 ιι
2750 2041 2766 2067 ,
2797 2001 2921 2070 5‘2).
2951 2000 3198 2068 Qomodo
3227 2001 3372 2056 enim
3416 1999 3615 2056 clavim
3675 2007 3821 2070 pote-

2227 2096 2325 2151 stis
2355 2095 2555 2150 babere
2585 2093 2952 2163 Scientite,qni
2981 2093 3222 2147 scientiae
3251 2093 3488 2163 negastis
3515 2091 3821 2146 auctorem?

2226 2187 2292 2242 Et.
2327 2186 2448 2241 ideo
2476 2186 2544 2239 ad
2579 2186 2752 2256 ipsum
2797 2200 3094 2241 conversus
3130 2184 3296 2240 David
3327 2188 3444 2238 ait:
3476 2183 3562 2238 Tu
3600 2201 3714 2250 me,
3748 2185 3821 2239 in-

2224 2278 2374 2349 quit,
2406 2278 2531 2331 doce
2556 2278 2965 2350 justi/icationes
2992 2287 3152 2342 tuas;
3180 2278 3306 2348 quia
3332 2287 3387 2332 ιιι
3416 2291 3479 2333 es
3502 2293 3632 2333 vera
3667 2277 3820 2348 jusﬁ-

2227 2370 2320 2423 tia.
2353 2369 2432 2424 Tu
2473 2368 2607 2424 doce
2649 2384 2769 2437 qua:
2811 2371 3088 2439 sapienter
3132 2369 3275 2425 dicta
3308 2380 3472 2434 sunt;
3513 2371 3639 2440 quia
3689 2382 3741 2424 tu
3769 2384 3822 2424 es

2225 2459 2512 2530 sapientia.
2538 2460 2619 2515 Tu
2644 2461 2792 2530 aperi
2819 2476 2915 2516 cor
2943 2476 3154 2527 meum;
3179 2461 3302 2530 quia
3324 2461 3589 2530 aperuisti
3614 2461 3821 2518 librum.

2227 2552 2305 2607 'l‘u
2331 2554 2479 2623 aperi
2509 2552 2642 2608 illud
2668 2552 2863 2608 oSIium
2892 2554 3038 2624 quod
3068 2553 3121 2609 in
3151 2555 3293 2610 caelo
3323 2555 3536 2628 1079
3561 2565 3681 2619 est;
3709 2557 3821 2624 quia

2228 2647 2346 2718 ipse
2375 2663 2434 2704 es
2458 2647 2644 2718 janua.
2675 2648 2779 2704 Per
2807 2659 2857 2703 te
2883 2649 2928 2702 si
2954 2648 3076 2720 quis
3101 2649 3410 2714 introierit,
3445 2665 3672 2721 regnum
3701 2649 3822 2704 illud

2228 2740 2527 2809 possidebit
2571 2750 2854 2796 internum.
2885 2739 2991 2796 Per
3022 2752 3073 2795 te
3118 2741 3164 2796 si
3203 2741 3326 2811 quis
3367 2740 3693 2806 intraverit,
3725 2757 3823 2798 non

2229 2831 2558 2902 decipietur;
2588 2833 2712 2904 quia
2739 2831 2853 2888 falli
2895 2848 3001 2888 non
3046 2842 3218 2902 potest
3250 2833 3580 2904 quicumque
3606 2833 3826 2889 domici-

2228 2924 2356 2978 lium
2387 2924 2548 2981 fuerit
2573 2925 2818 2981 veritatis
2845 2925 3139 2996 ingressus.

2764 3058 2999 3116 SERMO
3035 3059 3284 3117 NONUS.

2871 3180 2943 3228 το.
2981 3172 3163 3228 Tlteth.

2309 3289 2358 3344 1.
2398 3287 2549 3344 Nona
2578 3288 2755 3344 littera
2783 3288 2979 3355 Theth,
3009 3291 3164 3361 cujus
3191 3289 3571 3361 interpretatio
3597 3299 3716 3356 est,
3745 3306 3828 3346 es-

2231 3380 2418 3434 clusio.
2450 3381 2588 3448 Quid
2628 3390 2714 3438 est
2749 3383 3026 3438 exclusit)?
3061 3383 3330 3455 Numquid
3371 3385 3512 3440 sicut
3543 3384 3709 3440 domo
3737 3385 3827 3440 ali-

2229 3473 2353 3543 q‘uis
2395 3473 2730 3537 excluditur,
2766 3475 3106 3545 bOSpitioque
3151 3476 3441 3545 dejicitur:
3484 3478 3556 3531 ita
3603 3478 3695 3549 qui
3737 3493 3826 3532 ex-

2228 3563 2464 3620 cluditur
2493 3581 2522 3620 a
2565 3567 2654 3622 Dei
2695 3582 2893 3638 regno,
2935 3568 3092 3623 bonis
3137 3569 3283 3623 illius
3329 3568 3649 3636 fraudator;
3694 3570 3826 3624 sicut

2219 3656 2332 3712 illa:
2357 3658 2591 3712 exclusa:
2632 3670 2757 3713 sunt
2800 3659 3069 3730 virgines,
3103 3677 3222 3731 quae
3267 3677 3450 3717 secum
3491 3661 3675 3718 oleum
3724 3677 3824 3718 non

2228 3749 2504 3816 tulerunt;
2536 3762 2586 3804 et
2628 3750 2754 3804 dum
2785 3754 2934 3807 venit
2959 3752 3203 3824 Sponsus
3225 3796 3239 3819 ,
3269 3754 3560 3810 exstincta:
3602 3765 3727 3809 sunt
3757 3755 3828 3810 fa-

2229 3857 2320 3896 ccs
2348 3857 2531 3897 earum
2551 3883 2566 3908 ,
2601 3853 2762 3913 atque
2790 3845 2845 3899 itt
2872 3845 3105 3901 emendo
3135 3847 3287 3914 oleo,
3322 3847 3828 3918 inﬂammandisquc

2232 3933 2438 3990 facibus
2469 3945 2744 4007 occupatae
2773 3937 3022 3994 fecerunt
3065 3953 3271 3996 moram
3294 3982 3309 4006 ,
3337 3949 3391 3995 et
3434 3941 3690 4010 ingresso
3725 3941 3827 4010 jam

2234 4027 2474 4097 Sponso,
2507 4028 2734 4085 introire
2761 4029 3044 4100 cupientes
3074 4032 3323 4101 leguntur
3350 4034 3586 4088 exclusae
3613 4032 3824 4105 (Matth.

2230 4137 2368 4188 xxv,
2391 4122 2427 4175 '2
2447 4163 2463 4190 ,
2492 4123 2526 4178 5
2565 4132 2614 4177 et
2640 4123 2819 4194 seq.)?
2849 4124 2964 4179 Non
3003 4125 3258 4182 arbitror.
3286 4125 3420 4181 Nam
3451 4127 3730 4197 quomodo
3755 4127 3826 4180 di-

2229 4222 2378 4269 ceret
2403 4211 2430 4250 <1
2460 4213 2507 4268 si
2547 4229 2577 4268 a
2615 4215 2777 4270 bouis
2807 4225 3027 4273 sant-tus
3072 4216 3346 4288 Propheta
3374 4227 3521 4274 esset
3548 4217 3824 4288 deiectus,

2230 4317 2392 4376 atque
2445 4309 2698 4365 exclusus
2747 4324 2777 4364 a
2828 4310 2924 4365 Dei
2976 4326 3192 4380 regno:
3232 4309 3620 4366 Jucunditatent
3668 4312 3826 4381 fecisti

2228 4417 2346 4456 cum
2375 4417 2518 4456 servo
2549 4402 2679 4456 tuo?
2724 4401 2835 4458 Nec
2885 4403 3172 4472 PrOpbetaa
3223 4404 3474 4459 meritum
3523 4403 3825 4472 bujusmodi

2235 4493 2565 4550 intellectum
2609 4493 2822 4549 videtur
2865 4494 3148 4550 admittere
3172 4536 3188 4562 ,
3233 4510 3336 4551 nec
3375 4495 3547 4551 series
3586 4495 3830 4550 Subditu-

527 4557 716 4662 :u'nem
740 4656 746 4664 ,
768 4557 1044 4658 scientiam
1089 4595 1106 4663 (
1135 4591 1282 4647 Psal.
1327 4603 1457 4647 xcnt
1482 4629 1495 4652 ,
1538 4585 1687 4658 l0)?
1734 4585 1902 4640 Docet
1946 4592 2124 4637 autem
2155 4557 2210 4618 D
2235 4603 2375 4641 rum.
2409 4587 2578 4642 Audis
2603 4587 2872 4644 dicentem
2899 4606 2914 4647 :
2949 4589 3136 4644 Suavis
3163 4557 3214 4644 es
3237 4631 3253 4657 ,
3284 4587 3542 4657 Domine,
3575 4600 3625 4644 et
3654 4591 3707 4645 in
3737 4593 3828 4663 ju-

527 4700 710 4766 Deus,
742 4706 794 4751 et
826 4679 1036 4749 mentes
1080 4685 1351 4742 illuminat
1377 4679 1724 4752 '_siugulnrum
1751 4721 1765 4744 ,
1813 4685 1867 4731 et
1911 4675 2128 4730 clarita-

522 4804 634 4850 tem
664 4788 989 4862 c0gnitionis
1034 4781 1300 4847 infundit,
1329 4779 1374 4834 si
1408 4788 1463 4832 tu
1507 4777 1720 4847 aperias
1763 4773 1904 4828 ostia
1943 4773 2126 4828 cordis

522 4884 640 4955 tui,
669 4893 721 4940 et
749 4879 989 4938 cwlestis
1031 4876 1219 4947 gratia:
1263 4870 1498 4940 recipias
1539 4867 1865 4921 claritatem.
1895 4863 2123 4932 Quando

597 5029 624 5058 ε
650 5018 780 5072 Mss.
833 5013 1039 5082 aliquot
1079 5021 1186 5062 non
1223 5002 1434 5082 inﬁma:
1487 5009 1631 5055 nota:
1653 5039 1668 5063 ,
1701 4998 1769 5053 ad
1804 5013 2126 5052 communem

527 5093 639 5166 ejus
664 5076 1071 5163 indulgentiam,
1104 5076 1585 5166 re‘miqsiolnlentq‘ue.
1617 5081 1722 5166 etc:
1869 5139 1904 5166 ν

598 5137 1021 5218 ἶδὸῖιέὸΰιοιὴιηι,
1052 5137 1105 5204 in
1151 5148 1287 5200 (Ind.
1320 5137 1528 5218 Themi.
1565 5143 1796 5218 sumitur
1837 5137 2127 5218 aliquando

525 5247 628 5306 pro
656 5212 864 5306 vicinia
880 5234 936 5281 et
973 5212 1230 5306 connexis
1260 5215 1504 5306 ωιιιιιςιιε
1518 5230 1536 5306 ε
1567 5212 2128 5306 ξιιιιιιιξξινεὶιιιίῙ-ςὶιζ

525 5285 803 5364 ceronent.
825 5299 977 5354 Orat.
998 5296 1050 5348 in
1081 5292 1530 5364 Verr._ctmsortes
1551 5285 1805 5364 dicuntur
1828 5285 2128 5364 ii,quorum

530 5353 930 5439 fines-contigui
959 5372 1124 5439 sunt:
1154 5371 1208 5415 ct
1237 5359 1339 5414 hoc
1362 5372 1524 5411 scnsu
1550 5353 1886 5411 consortium
1911 5355 1979 5407 ab
2001 5355 2132 5407 Am—

528 5445 713 5502 brosio
741 5442 828 5494 hic
845 5437 1143 5506 accipitur.

605 5493 1061 5569 Evﬁttibrosius'in
1095 5500 1447 5559 concionibns
1493 5496 1606 5569 suis
1636 5495 1891 5565 frequens
1927 5493 2124 5549 adhor—

527 5568 744 5641 tabatur
784 5581 1091 5639 auditores,
1138 5584 1196 5629 ut
1241 5571 1484 5628 studiose
1515 5568 1915 5641 Scripturarum
1961 5570 2122 5621 etiam

529 5639 892 5711 dilllciliorum
926 5647 1143 5704 lectioni
1189 5641 1582 5698 incumberent.
1625 5639 1692 5693 Et
1738 5654 1805 5711 ne
1837 5642 2126 5711 propheta-

531 5708 1021 5786 ruthObscuritate
1043 5761 1057 5786 ,
1088 5718 1225 5773 sicut
1266 5712 1566 5782 Augustino
1601 5710 1896 5780 contigisse
1931 5723 1998 5764 ex
2025 5708 2124 5762 lib.

2234 4679 2498 4734 cundt'tate
2532 4691 2621 4734 tua
2661 4680 2786 4734 doce
2813 4698 2894 4736 nte
2912 4683 3318 4754 justiﬁcationes
3361 4693 3477 4737 tuas
3512 4681 3667 4755 (lnf.
3704 4700 3828 4738 vers.

2234 4771 2347 4843 68).
2383 4773 2552 4828 Audis
2577 4772 2848 4829 dicentem
2877 4793 2888 4826 :
2921 4773 3119 4828 Bonum
3154 4775 3282 4828 mihi
3321 4775 3406 4829 lea:
3429 4774 3535 4829 oris
3577 4777 3655 4828 tui
3683 4791 3830 4844 super

2233 4865 2396 4920 millia
2416 4866 2530 4919 auri
2555 4877 2602 4920 et
2624 4866 2824 4938 argenti
2848 4864 3008 4938 (Ibid.
3023 4907 3037 4932 ,
3064 4867 3187 4938 72).
3219 4866 3280 4922 Et
3307 4879 3460 4936 p0tes
3479 4864 3674 4922 dicere
3694 4865 3832 4938 quod

2231 5014 2284 5072 rx
2313 4997 2631 5067 Conf..eap.
2663 4999 2760 5072 l3,
2793 5000 3193 5070 cognoscimus,
3217 5015 3248 5055 a
3272 5009 3377 5055 tam
3411 5000 3528 5054 utili
3558 5001 3834 5072 proposito

2231 5071 2672 5142 deterrerentur,
2708 5071 2868 5124 docet
2894 5073 3193 5127 orationem
3223 5087 3253 5125 a
3283 5073 3516 5126 lectione
3543 5071 3712 5142 atque
3752 5074 3832 5125 di-

2233 5139 2454 5213 ligentia
2485 5157 2782 5213 numquam
2809 5145 3189 5213 separandum.
3220 5143 3333 5212 Qua
3366 5143 3584 5213 quidem
3619 5139 3827 5198 inetho-

2234 5212 2304 5264 do
2331 5213 2374 5265 si
2406 5227 2532 5265 usus
2561 5224 2705 5284 esset
2737 5211 2879 5284 idem
2908 5211 3257 5284 Augustinus
3276 5211 3453 5269 adhuc
3489 5217 3834 5270 catechume-

2237 5297 2377 5355 nus,
2422 5283 2732 5355 prophetia:
2779 5283 2931 5338 Isaia:
2978 5283 3266 5341 lectionem
3295 5326 3312 5351 ,
3355 5300 3516 5355 quam
3569 5288 3834 5340 suadente

2235 5353 2493 5434 Antisti“:
2523 5360 2710 5410 nostro
2737 5370 2966 5410 exorsus
3010 5356 3224 5423 fuerat,
3255 5353 3475 5412 nun—ita
3503 5356 3664 5412 facile
3696 5359 3833 5411 omi-

2232 5435 2413 5479 SlSSCl.

2304 5492 2330 5530 ἀ
2361 5493 2588 5551 Codices
2618 5495 2754 5565 Reg.
2774 5537 2789 5563 ,
2812 5497 2974 5554 Corb.
2995 5539 3010 5562 ,
3033 5497 3165 5554 Nav.
3191 5513 3363 5562 unus,
3393 5496 3528 5552 Latt.
3557 5513 3626 5552 ac
3657 5498 3798 5553 Fisc.
3820 5539 3832 5558 ,

2233 5566 2455 5638 diceret,
2489 5568 2534 5621 si
2579 5567 2742 5622 bonus
2787 5579 2832 5623 et
2861 5579 3069 5624 sanctus
3109 5580 3241 5622 esset
3273 5568 3535 5638 Propheta
3575 5573 3830 5638 dejectus.

2233 5636 2377 5690 Edit.
2409 5637 2664 5694 Rom.....
2703 5639 2894 5696 diceret
2943 5640 3085 5696 bonis
3111 5648 3321 5696 sanctus
3344 5636 3649 5709 PrOpltettt;
3684 5641 3730 5694 si
3763 5657 3833 5694 cs-

2233 5716 2306 5762 set
2326 5747 2342 5772 ,
2373 5717 2479 5767 etc.

3879 1477 3892 1510 ι

3893 1521 3932 1604 ,ἃ
