3988 6364
177 285 290 344 15⁸21

1211 285 1278 342 ΙΝ
1319 285 1647 346 PSALMUM
1681 286 1896 348 CXVIII
1934 288 2315 349 EXPOSITIO.

3301 297 3325 352 1
3336 296 3444 354 5‘22

172 404 233 456 sit
255 399 497 456 exclusus
527 414 560 454 a
585 413 791 470 regno,
833 401 920 470 qui
963 415 1070 455 non
1099 410 1182 457 est
1214 405 1469 459 exclusus
1493 421 1522 459 a
1566 405 1744 476 Lege?
1771 420 1818 477 Α
1920 408 1975 463 5.
2018 407 2264 478 Denique
2287 407 2449 462 etiam
2483 406 2537 461 in
2570 405 2838 463 Hieremia
2871 406 3075 479 scripta
3101 407 3204 464 sub
3232 409 3334 466 hac
3363 413 3451 466 lit-

172 494 288 562 Quid
312 508 439 563 ergo
465 492 876 562 intelligemus?
903 492 1081 548 "mret
1105 494 1512 564 interpretatio,
1542 507 1597 552 et
1621 498 1744 552 obs-

173 589 430 642 curitatem
485 601 682 642 sensus
729 586 810 642 sui
867 599 1051 642 sermo
1103 587 1316 642 videtur
1368 588 1670 645 olTundere.

231 679 278 733 2.
315 677 524 734 Vocant
573 677 767 733 merita
797 677 1082 747 Propheta:
1107 720 1122 744 ,
1163 687 1322 734 vocat
1359 679 1478 750 ejus
1527 680 1700 750 gratia
1725 721 1741 747 ,

172 781 304 828 vocat
329 772 697 841 subjectorum
728 771 935 840 series,
968 781 1028 828 ut
1055 773 1266 828 altioris
1297 773 1607 830 intellectus
1645 775 1745 829 ali-

171 863 279 934 quid
327 863 620 920 debeamus
668 877 900 928 eruere;
949 871 1005 919 et
1049 875 1076 902 α
1124 866 1362 921 occurrit
1403 866 1458 921 in
1502 876 1746 937 tempore

173 955 295 1027 quod
337 955 605 1012 interdum
648 955 1004 1011 excludamur
1051 957 1105 1012 in
1153 957 1317 1014 bono.
1351 957 1622 1028 Scriptum
1663 966 1748 1014 est

173 1051 294 1105 enim
333 1068 346 1103 :
385 1048 632 1119 Perfecta
678 1050 904 1104 charitas
943 1051 1174 1107 timerent
1224 1053 1450 1107 excludit
1497 1057 1641 1124 foras
1686 1050 1745 1125 (l

173 1140 306 1197 Joan.
329 1157 410 1208 tv,
443 1141 554 1212 18).
587 1141 655 1196 Et
682 1143 1014 1214 generaliter
1053 1145 1270 1213 quidem
1302 1145 1538 1201 charitas
1564 1146 1747 1202 exclu-

175 1236 240 1290 dit
266 1238 520 1291 timorem.
549 1235 622 1292 Ut
648 1235 806 1292 miles
833 1237 926 1307 qui
955 1237 1338 1308 imperatorem
1366 1239 1573 1310 diligit,
1603 1238 1745 1295 bella

176 1343 257 1398 pro
305 1329 624 1401 imperatore
675 1339 928 1400 suscepta
985 1347 1091 1386 non
1151 1333 1343 1388 metuit
1385 1351 1398 1386 :
1446 1343 1506 1388 ut
1555 1347 1744 1388 servus

176 1436 337 1474 amans
375 1421 650 1476 dominum
676 1463 692 1488 ,
741 1423 992 1490 quamvis
1040 1439 1138 1493 per
1175 1424 1334 1480 devia
1371 1437 1427 1481 et
1473 1435 1743 1497 prmrupta

175 1513 425 1580 mittatur;
457 1524 638 1571 tamen
666 1517 846 1572 omnia
879 1517 1119 1587 pericula
1149 1518 1354 1574 domini
1391 1534 1577 1575 amore
1615 1534 1746 1574 con-

177 1609 375 1674 temnit;
404 1625 468 1666 ac
501 1610 546 1664 si
578 1611 700 1680 quis
726 1609 1005 1666 dominum
1036 1620 1216 1681 petat,
1246 1628 1308 1668 se
1334 1613 1509 1683 ipsum
1549 1612 1746 1669 oli'erre

174 1718 265 1758 non
290 1703 550 1774 trepidat:
582 1713 642 1758 ut
670 1704 762 1774 qui
791 1712 943 1759 trans
969 1720 1121 1760 mare
1146 1706 1351 1775 positos
1395 1705 1534 1760 ﬁlios
1562 1705 1744 1760 videre

1848 507 1960 554 tera
2015 499 2068 553 id
2110 497 2366 554 videntur
2415 498 2743 570 signilicare.
2777 498 2869 554 Sic
2911 501 3055 555 enim
3101 501 3336 572 legimus
3380 503 3448 558 de

1845 589 2182 648 Hierusalem
2215 591 2307 646 illa
2338 601 2556 648 terrena
2592 610 2606 647 :
2659 591 3005 648 Immunditia
3033 597 3146 663 eius
3192 607 3312 650 ante
3355 615 3447 666 pc-

1845 683 1935 738 des
1984 685 2117 755 ejus.
2159 683 2283 738 Non
2312 686 2415 756 fuit
2450 701 2644 739 memor
2683 687 3083 741 nouissimorum
3113 704 3363 756 suorum,
3395 699 3443 743 et

1851 785 1872 812 ο
1896 775 2078 829 cecidit
2121 774 2351 830 invalida
2378 792 2397 831 :
2435 793 2539 831 non
2579 787 2652 832 est
2673 778 2763 848 qui
2787 779 3080 833 consoletur
3106 796 3235 834 eam.
3279 778 3410 836 Vide
3430 823 3445 844 ,

1847 867 2097 936 Domine,
2129 869 2472 924 humilitatem
2515 871 2627 940 eius
2644 887 2666 939 ;
2693 873 2817 940 quia
2857 873 3220 944 magniﬁcatus
3246 883 3319 928 est
3349 873 3451 927 ini-

1846 963 2009 1017 micus
2043 962 2260 1035 (Thren.
2290 979 2340 1031 ι,
2367 962 2447 1033 9).
2481 963 2547 1018 Et
2576 963 2701 1034 quia
2741 964 2822 1020 sic
2869 963 3155 1019 humiliata
3201 973 3285 1020 est
3323 964 3451 1020 Hie-

1846 1055 2119 1122 rusalem,
2155 1055 2351 1110 merito
2386 1064 2576 1124 postea
2606 1056 2655 1111 ei
2685 1055 2885 1112 dicitur
2918 1075 2930 1110 :
2974 1056 3177 1128 Defecit
3206 1057 3450 1127 iniquitas

1847 1155 1969 1209 tua,
2000 1146 2111 1214 [ilia
2153 1146 2286 1202 Sion
2315 1145 2535 1217 (Threu.
2562 1161 2648 1212 tv,
2689 1146 2813 1217 22).
2857 1147 2924 1202 Et
2950 1147 3104 1200 omni
3135 1147 3228 1216 qui
3272 1147 3448 1216 pumi-

1848 1238 2074 1293 tentiam
2111 1240 2328 1308 egerit,
2367 1239 2734 1309 lacrymisque
2764 1240 2998 1309 propriis
3029 1251 3249 1308 peccata
3281 1239 3445 1294 deﬁe-

1846 1332 2024 1398 verit,
2055 1331 2196 1386 bene
2223 1331 2424 1386 dicitur
2449 1351 2463 1386 :
2494 1331 2699 1402 Deiecit
2726 1333 2972 1399 iniquitas
3000 1342 3106 1385 tua.
3135 1330 3278 1386 Alibi
3308 1348 3448 1402 quo-

1848 1440 1954 1496 que
2004 1425 2106 1480 sub
2152 1425 2256 1481 hac
2292 1425 2474 1481 littera
2525 1425 2658 1481 dicit
2705 1425 3011 1481 llieremias
3058 1443 3072 1480 :
3125 1424 3260 1479 Boni
3302 1435 3450 1480 erant

1848 1518 2104 1575 vulnerati
2128 1519 2306 1590 gladio
2327 1560 2342 1584 ,
2374 1535 2531 1590 quam
2559 1519 2814 1572 uulnerati
2842 1523 2998 1588 fame.
3037 1518 3283 1572 Abierant
3309 1534 3451 1572 com-

1848 1613 2024 1682 puncti
2051 1609 2079 1647 ἀ
2109 1630 2142 1666 a
2171 1612 2439 1667 nativitate
2481 1627 2725 1680 agrorum
2767 1608 2933 1682 (Ibid.
2954 1649 2969 1675 ,
2998 1609 3084 1680 9).
3117 1609 3451 1680 Compungi-

1848 1719 1971 1760 mur
1997 1703 2189 1775 igitur,
2220 1704 2437 1774 quando
2467 1712 2782 1758 nostrorum
2829 1703 3041 1773 agimus
3071 1702 3450 1772 paenitentiam

176 1795 452 1861 desiderat,
500 1811 610 1851 non
648 1796 839 1851 metuit
881 1797 1155 1867 naufragia
1181 1838 1195 1863 ,
1240 1797 1537 1853 liberorum
1569 1797 1749 1852 cbari-
1777 1801 1826 1862 B
1851 1797 2176 1853 delictorum
2209 1816 2225 1852 :
2257 1798 2680 1868 compungimur
2699 1798 2864 1853 etiam
2892 1808 2915 1835 θ
2946 1798 3328 1854 recordatione
3358 1800 3454 1855 de—

178 1895 269 1943 tate
291 1887 578 1958 ingreditur
609 1889 773 1942 maris
813 1888 1043 1957 ﬂuctus,
1073 1891 1218 1946 subit
1261 1891 1464 1946 incerta
1506 1891 1742 1961 navigii:

178 1977 259 2033 sed
301 1988 489 2035 metum
537 1979 872 2036 discriminis
931 1980 1114 2036 levant
1164 1981 1434 2038 desideria
1488 1981 1744 2039 ﬁliorum.

177 2069 325 2136 Quam
345 2069 562 2141 pulchre
601 2072 763 2126 etiam
790 2072 859 2128 de
883 2073 1212 2144 martyribus
1235 2073 1435 2128 dicitur
1456 2116 1470 2140 ,
1501 2074 1590 2144 qui
1617 2088 1746 2129 vere

175 2167 384 2222 militant
421 2167 671 2234 Christo,
714 2167 807 2235 qui
850 2169 1259 2238 persecutiones
1283 2210 1298 2234 ,
1343 2170 1604 2241 ungulas,
1632 2171 1747 2241 gla-

175 2256 311 2323 dios,
342 2257 584 2314 incendia
627 2273 736 2314 non
768 2259 1024 2316 timentes
1046 2301 1061 2325 ,
1090 2259 1299 2315 infestis
1325 2277 1385 2317 se
1407 2261 1625 2333 regibus
1652 2261 1748 2316 ob-

174 2351 408 2406 tulerunt.
445 2351 723 2408 Timorem
775 2353 976 2408 etenim
1023 2367 1182 2422 quem
1248 2362 1499 2423 poterant
1546 2352 1749 2410 habere

174 2459 430 2514 pinnarum
453 2487 468 2512 ,
493 2445 844 2502 excluserunt
869 2459 1055 2501 amore
1079 2445 1344 2517 martyrii.

238 2539 286 2594 3.
325 2538 468 2595 Hunc
506 2553 729 2595 sensum
772 2547 956 2595 autem
997 2553 1120 2596 esse
1145 2539 1614 2610 interpretationis
1650 2540 1751 2596 hu-

167 2631 251 2700 jus
289 2631 439 2687 etiam
479 2632 548 2688 de
573 2630 809 2688 Threnis
837 2630 1130 2688 Hieremiae
1171 2647 1460 2702 possumus
1484 2634 1751 2706 approba-

172 2737 246 2778 re.
285 2722 408 2779 Nam
436 2733 490 2780 et
527 2723 601 2778 ibi
629 2723 732 2779 sub
762 2722 865 2778 hac
896 2724 1072 2781 littera
1116 2726 1379 2796 scriptum
1408 2735 1529 2783 est:
1571 2726 1749 2781 Bonus

172 2823 238 2868 est
283 2813 521 2870 Dominus
560 2814 934 2870 sustinentibus
973 2833 1088 2872 eum
1113 2857 1128 2882 ,
1175 2818 1362 2873 anima:
1409 2834 1523 2889 qua:
1569 2819 1752 2888 quterit

171 2924 294 2962 eum.
323 2910 515 2964 Bonum
553 2921 627 2966 est
669 2912 921 2967 sustinere
939 2953 955 2978 ,
988 2921 1034 2966 et
1059 2928 1268 2983 sperare
1296 2912 1352 2965 in
1377 2912 1604 2966 salutare
1629 2909 1746 2966 Dei.

173 2999 354 3056 Bonum
381 3012 452 3057 est
490 3004 598 3058 uiro
628 3021 746 3059 cum
781 3006 1058 3074 portaverit
1077 3007 1267 3077 jugum
1304 3020 1456 3077 graue
1496 3020 1528 3057 a
1561 3005 1752 3074 juven-

174 3103 272 3148 tute
309 3112 396 3148 sua
434 3112 454 3149 :
495 3096 690 3151 sedebit
728 3097 1092 3169 singulariter,
1140 3105 1188 3150 et
1235 3095 1441 3162 silebit;
1467 3096 1590 3167 quia
1633 3096 1752 3151 tulit

1847 1889 2122 1945 lictorum.
2147 1888 2298 1946 Unde
2325 1891 2403 1944 ait
2450 1889 2718 1958 propheta
2767 1890 2939 1945 David
2970 1907 2984 1944 :
3023 1891 3153 1958 Quia
3187 1892 3360 1948 dicitis
3401 1894 3456 1946 in

1849 1983 2088 2038 cordibus
2115 1985 2324 2048 vestris,
2358 1991 2406 2037 et
2444 1984 2500 2036 in
2547 1982 2800 2037 cubilibus
2830 1984 3012 2038 vestris
3041 1986 3454 2056 compungimini

1851 2073 2034 2144 (Psal.
2060 2089 2150 2140 tv,
2184 2074 2272 2144 5).
2305 2073 2411 2142 Qui
2454 2081 2636 2130 autem
2666 2076 3090 2145 compungitur,
3123 2076 3314 2146 utique
3360 2077 3455 2133 de-

1847 2165 2195 2222 lectationem
2229 2165 2471 2222 excludit
2513 2167 2759 2248 erroris:
2787 2177 2843 2222 et
2886 2169 2977 2238 qui
3016 2168 3129 2239 agit
3175 2170 3458 2240 poeninen-

1851 2259 2018 2326 tiam,
2067 2258 2309 2314 excludit
2352 2259 2621 2331 pudorem
2658 2278 2672 2313 :
2719 2270 3028 2332 sequestrat
3074 2263 3456 2318 verecundiam

1850 2349 2038 2420 llagitii
2068 2350 2400 2417 conﬁtendi;
2434 2360 2495 2407 ut
2527 2352 2916 2422 recuperanda:
2953 2369 3104 2424 spem
3134 2355 3326 2410 salutis
3369 2357 3457 2410 in-

1849 2445 2055 2499 veniat.
2085 2444 2389 2516 Meritoque
2429 2455 2484 2500 et
2517 2444 2634 2514 ipse
2678 2445 2844 2500 David
2889 2445 2978 2501 tibi
3024 2448 3280 2517 cognovit
3305 2463 3461 2503 erro—

1850 2551 1965 2593 rem
2012 2556 2026 2593 :
2062 2536 2320 2603 Peccavi,
2368 2536 2584 2609 inquit,
2634 2536 2863 2591 Domino
2912 2536 2987 2607 (II
3019 2538 3149 2611 Reg.
3193 2555 3305 2605 xu,
3339 2537 3455 2611 15).

1852 2628 2059 2686 Tantus
2097 2645 2196 2686 rex
2217 2671 2231 2695 ,
2263 2637 2448 2684 tantus
2474 2628 2741 2700 propheta
2775 2644 2880 2683 non
2928 2630 3147 2684 erubuit
3173 2641 3457 2699 peccatum

1853 2724 2133 2795 proprium
2159 2724 2412 2779 conﬁteri
2436 2740 2451 2786 ;
2479 2731 2535 2778 et
2561 2721 2685 2777 ideo
2715 2722 2922 2777 dictum
2949 2731 3036 2778 est
3062 2722 3112 2778 ei
3139 2740 3153 2778 :
3182 2722 3252 2778 Et
3277 2722 3465 2778 Domi.

1851 2832 1951 2871 nus
1976 2815 2194 2870 abstulit
2218 2825 2485 2887 peccatum
2509 2823 2655 2868 tuum
2677 2813 2730 2883 (1
2737 2813 2894 2885 bid.).

1923 2907 1976 2962 6.
2023 2906 2203 2979 (Vers.
2228 2905 2354 2978 65.)
2391 2905 2617 2961 Sublato
2645 2906 2808 2976 igitur
2845 2915 3070 2976 peccato
3109 2907 3222 2962 ait:
3253 2907 3455 2964 Iucun-

1853 3002 2064 3055 ditatem
2111 3001 2282 3073 fecisti
2333 3016 2450 3053 cum
2501 3016 2646 3054 servo
2689 3010 2808 3065 tuo,
2858 2998 3123 3068 Domine,
3174 3003 3456 3057 secundum

1851 3093 2060 3147 verbum
2089 3101 2254 3146 tuum.
2287 3091 2450 3146 Multa
2477 3091 2731 3146 videntur
2758 3093 2808 3146 in
2843 3090 2949 3148 hoc
2992 3093 3194 3148 smculo
3217 3095 3456 3165 jucunda

163 3187 339 3256 jngum
378 3203 529 3258 grave
554 3187 775 3260 (Thren.
819 3204 908 3256 ut,
954 3187 1178 3259 25-27).
1215 3187 1344 3243 Haec
1387 3188 1576 3260 utique
1619 3189 1748 3259 quid
1774 3177 1821 3242 C
1852 3201 2011 3253 esse,
2036 3201 2160 3258 quae
2196 3201 2303 3241 non
2343 3194 2505 3254 sunt,
2547 3187 2716 3240 multa
2759 3187 2978 3252 suavia,
3013 3187 3151 3241 bona
3201 3187 3452 3256 plurima.

174 3277 310 3332 aliud
337 3289 608 3346 astruunt,
643 3281 749 3335 nisi
783 3281 936 3335 bona:
964 3280 1294 3336 exclusionis
1325 3279 1466 3335 hanc
1486 3280 1755 3350 interpre-

176 3371 412 3427 tationem
439 3372 656 3428 videri?
691 3372 824 3440 Quis
851 3372 996 3427 enim
1025 3372 1260 3428 sustinet
1296 3371 1583 3427 Dominum
1604 3412 1619 3438 ,
1650 3372 1754 3427 nisi

173 3461 341 3518 studio
367 3463 676 3519 cliaritatis?
719 3464 932 3536 1080
971 3465 1103 3531 Quis
1148 3471 1236 3520 est
1273 3464 1363 3535 qui
1405 3473 1617 3532 sperat,
1650 3465 1756 3520 nisi

172 3554 260 3622 qui
283 3555 414 3624 quod
436 3564 650 3626 sperat,
678 3565 854 3624 Optat,
881 3565 936 3612 et
964 3555 1137 3627 diligit
1158 3558 1181 3610 't
1199 3555 1351 3623 Quod
1385 3546 1530 3610 enim
1562 3571 1754 3626 spera-

174 3661 323 3713 mus,
357 3663 449 3719 per
477 3649 793 3719 patientiam
823 3659 1218 3719 exspectamus.
1254 3650 1395 3720 Ergo
1423 3649 1516 3719 qui
1542 3658 1754 3718 sperat,

172 3738 424 3795 sustinet:
453 3740 547 3811 qui
569 3742 806 3796 sustinet
834 3741 1185 3810 impatientia:
1210 3740 1392 3811 utique
1418 3740 1656 3797 excludit
1677 3740 1758 3795 al-

173 3825 379 3883 iectum.
407 3830 536 3898 Quis
557 3841 643 3886 est
673 3829 766 3901 qui
795 3839 976 3901 portat
999 3831 1190 3902 jugum
1221 3847 1391 3901 grave
1421 3846 1450 3886 a
1473 3832 1760 3901 juventute

173 3934 264 3974 sua
285 3962 304 3987 ,
334 3923 426 3978 nisi
451 3923 542 3992 qui
561 3922 775 3979 deliciis
797 3923 1101 3989 renuntiat,
1135 3923 1402 3979 luxuriam
1434 3923 1601 3994 fugit?
1630 3923 1760 3992 Quis

172 4023 252 4066 est
284 4014 370 4084 qui
396 4014 746 4086 singulariter
795 4015 986 4080 sedet,
1019 4015 1121 4070 nisi
1157 4015 1248 4086 qui
1278 4015 1631 4071 saecularibus
1659 4028 1757 4070 vo-

171 4104 457 4176 luptatibus
501 4106 797 4175 abdicatis,
830 4108 1210 4164 molestiarum
1241 4109 1484 4164 omnium
1516 4105 1761 4163 excludit

168 4201 460 4257 tumultus?
478 4201 586 4259 Iste
615 4216 746 4273 ergo
775 4201 909 4257 nihil
937 4203 1128 4258 timere
1157 4203 1397 4274 poterit,
1425 4201 1550 4273 quia
1579 4200 1759 4256 chari-

170 4291 297 4347 tatis
323 4293 480 4363 gratia
502 4293 611 4349 vim
647 4293 858 4350 timoris
882 4295 1185 4351 absorbuit.

236 4385 292 4438 4.
339 4386 421 4441 Est
446 4395 500 4442 et
524 4387 664 4442 alius
694 4387 789 4458 qui
827 4387 1148 4444 excludatur
1175 4389 1229 4445 in
1256 4391 1432 4458 bono,
1460 4399 1522 4447 ut
1549 4390 1642 4448 ille
1667 4390 1759 4462 qui

163 4478 471 4550 Apostolica
517 4483 844 4538 auctoritate
887 4483 1130 4538 sublatus
1158 4499 1190 4539 e
1219 4484 1399 4540 medio
1424 4485 1598 4554 plebis
1643 4496 1757 4551 est;

1855 3279 2124 3334 Luxuries
2149 3277 2366 3334 videtur
2381 3293 2504 3334 esse
2523 3278 2797 3349 jucunda:
2827 3278 2923 3334 sed
2945 3277 3214 3333 exhausto
3235 3280 3291 3332 ﬁt
3314 3295 3458 3335 ama-

1857 3387 1914 3426 ra
1938 3371 2283 3441 patrimonio.
2310 3370 2497 3426 Dulcis
2520 3371 2688 3426 libido
2709 3412 2722 3436 ,
2749 3385 2874 3432 eum
2908 3370 3079 3426 lervet
3104 3388 3118 3425 :
3150 3370 3245 3425 sed
3266 3371 3456 3426 eadem

1858 3465 2076 3521 horrida
2103 3475 2159 3521 et
2194 3465 2525 3521 exsecranda
2549 3506 2564 3532 ,
2605 3480 2730 3520 cum
2773 3463 3042 3534 proditur.
3077 3465 3286 3520 Suaves
3326 3481 3458 3534 epu-

1859 3560 1958 3625 |:e,
1993 3576 2117 3616 cum
2167 3570 2498 3616 sumuntur:
2536 3559 2632 3614 sed
2678 3559 2898 3624 fetidrc,
2948 3575 3070 3614 cum
3112 3559 3456 3631 digeruntur.

1859 3651 2006 3707 Bona
2036 3652 2201 3708 multa
2231 3653 2284 3706 in
2316 3651 2420 3706 hoc
2445 3650 2645 3707 smculo
2665 3692 2680 3719 ,
2713 3649 2841 3706 dum
2869 3650 3144 3717 vivimus,
3179 3652 3454 3706 aestiman-

1861 3755 1976 3813 tur;
2004 3747 2129 3818 quia
2158 3745 2283 3802 usui
2311 3744 2470 3801 nobis
2497 3753 2664 3811 sunt,
2700 3753 2759 3798 ut
2798 3744 3026 3814 pecunia
3047 3786 3061 3810 ,
3099 3759 3291 3798 aurum
3318 3786 3334 3810 ,
3369 3760 3456 3799 ar-

1860 3848 2082 3911 gentum
2099 3881 2116 3907 ,
2138 3839 2514 3909 possessiones
2540 3857 2555 3894 :
2578 3838 2766 3892 eadem
2790 3837 2921 3891 nillil
2955 3847 3178 3906 possunt
3198 3837 3460 3906 prodesse

1861 3929 2169 3986 defunctis:
2203 3929 2292 3984 hic
2320 3929 2502 3984 omnia
2533 3928 2930 3998 relinquuntur.
2960 3926 3099 3992 Quin
3137 3926 3300 3980 etiam
3345 3941 3459 3981 ma-

1856 4023 1964 4094 jori
1990 4023 2180 4078 dolore
2205 4023 2327 4094 quis
2353 4021 2611 4086 moritur,
2639 4035 2762 4075 cum
2795 4020 2882 4074 his
2913 4033 2974 4074 se
3002 4017 3240 4074 fraudari
3285 4018 3460 4089 c0piis

1863 4115 2185 4188 ingemiscit.
2216 4114 2336 4170 Non
2377 4124 2462 4170 est
2499 4128 2630 4184 ergo
2657 4111 2966 4182 jucunditas
3003 4127 3131 4167 vera
3159 4153 3174 4177 ,
3211 4111 3317 4166 nisi
3365 4112 3459 4166 illa

1863 4223 1982 4278 qua)
2023 4205 2316 4263 secundum
2354 4205 2584 4262 verbum
2626 4205 2720 4260 Dei
2761 4213 2884 4270 est;
2924 4211 2984 4259 ut
3027 4205 3149 4275 quis
3190 4203 3457 4259 bonorum

1864 4300 2184 4356 meritorum
2214 4308 2377 4370 atque
2403 4299 2661 4354 virtutum
2685 4297 2946 4354 subsidiis
2983 4296 3214 4368 gaudeat
3253 4312 3314 4353 se
3339 4311 3462 4354 esse

1864 4395 2152 4450 munitum.

1945 4489 2154 4560 1081
2195 4487 2248 4540 7.
2284 4485 2394 4540 Hac
2425 4484 2592 4540 David
2615 4484 2954 4554 iucunditate
2984 4482 3064 4538 vel
3093 4481 3337 4538 bonitate
3364 4483 3463 4538 Dei

160 4571 288 4641 quia
319 4573 516 4629 malum
543 4588 686 4646 opus
713 4572 843 4630 fecit
863 4614 878 4641 ,
909 4575 1134 4630 traditus
1159 4584 1244 4631 est
1270 4576 1325 4632 in
1359 4578 1538 4632 carnis
1568 4577 1760 4632 interi-
1786 4567 1836 4628 D
1861 4577 2107 4642 laetatur;
2137 4577 2260 4647 quia
2298 4576 2486 4646 jugum
2517 4591 2685 4646 grave
2724 4591 2754 4630 a
2785 4575 3071 4646 juventute
3113 4575 3379 4643 portavit,
3407 4583 3464 4630 et

163 4672 274 4718 tum
299 4705 319 4731 ,
353 4672 409 4719 ut
447 4665 564 4734 ejus
607 4665 863 4736 spriritus
887 4665 1195 4723 salvaretur
1235 4666 1284 4738 (1
1313 4667 1433 4723 Cor.
1471 4684 1535 4736 v,
1564 4668 1647 4739 5).
1677 4668 1760 4724 Ex

162 4771 268 4828 quo
301 4757 660 4830 intelligimus
683 4759 812 4830 quia
855 4759 908 4816 in
939 4760 1087 4817 bono
1115 4761 1453 4831 excluditur,
1484 4763 1579 4835 qui
1601 4763 1761 4834 jube-

165 4859 250 4905 tur
288 4865 457 4922 agere
485 4851 902 4925 paenitentiam;
942 4864 1003 4908 ut
1032 4853 1375 4924 lmmilietur,
1406 4865 1463 4911 et
1499 4870 1760 4928 compun-

159 4952 320 5012 gatur
349 4943 535 5000 corde.
564 4943 594 4982 δ
623 4943 754 5001 Haec
782 4945 926 5001 enim
955 4946 1417 5004 reconciliationis
1439 4947 1616 5004 solent
1641 4963 1763 5005 esse

160 5033 439 5109 sum-agis.

230 5225 260 5290 ﬁ
286 5215 520 5285 Quidam
552 5229 686 5271 mss.
706 5258 722 5285 ,
759 5215 830 5270 Et
857 5217 1081 5272 occurrit
1110 5217 1483 5290 interpretatio.
1522 5217 1668 5274 Edit.
1688 5259 1702 5285 ,
1723 5257 1764 5274 ..

162 5285 215 5343 in
239 5287 693 5355 interpretatione.
713 5291 798 5361 ‘At
842 5301 968 5361 mss.
997 5285 1317 5361 novem,
1346 5291 1400 5343 in
1434 5299 1687 5361 tempore,
1714 5289 1767 5344 id

161 5369 244 5442 est
267 5399 286 5425 ,
308 5368 664 5442 ppportune;
696 5357 1105 5442 dutnOvidelicet
1134 5359 1266 5415 mihi
1307 5357 1543 5415 animus
1565 5360 1634 5415 de
1665 5361 1769 5416 hoc

672 5443 824 5472 SDIIII!

162 5432 281 5499 ipso
308 5432 644 5484 inveniendo
672 5432 934 5483 sollicitus
961 5442 1066 5486 est.

229 5497 262 5538 ι’
289 5499 486 5568 Ηὶοίει
526 5499 662 5554 alibi
704 5499 944 5568 pluribus
981 5502 1114 5557 lucis
1159 5502 1478 5558 Ambrosius
1522 5510 1764 5558 veterem

162 5570 372 5644 iudicat
393 5567 659 5644 Ecclesia
681 5585 884 5644 φοι-ειη
903 5611 918 5635 ,
947 5588 1053 5640 quo
1079 5573 1316 5644 episcopi
1350 5573 1631 5642 impusitas
1654 5589 1684 5626 a
1708 5588 1769 5628 se

161 5640 560 5713 pmitentjbus
605 5640 837 5710 publicis
873 5656 1061 5710 poenas
1103 5640 1350 5699 minuere
1370 5685 1384 5709 ,
1415 5640 1517 5699 nec
1546 5658 1652 5698 non
1676 5659 1771 5698 ex-

162 5710 682 5771 communicationis
711 5720 922 5782 tempus
949 5713 1195 5770 breviare
1223 5723 1647 5779 consueverant,
1679 5713 1776 5768 ha-

163 5783 274 5841 bita
296 5784 521 5842 ratione
546 5783 790 5854 ipsorum
813 5784 1156 5840 contritionis
1183 5793 1346 5857 atque
1367 5785 1776 5850 ltumiliationis,

636 5877 915 5940 Paeon.
990 5876 1135 5939 XV.

1861 4671 2139 4737 sustinuit,
2161 4681 2324 4740 atque
2341 4669 2672 4740 exspectavit
2688 4667 2901 4722 Domini
2921 4667 2972 4721 in
2998 4681 3059 4722 se
3077 4665 3334 4735 gratiam,
3351 4681 3460 4722 non

1866 4763 2167 4838 praeripuit,
2197 4763 2288 4834 qui
2319 4777 2464 4833 saepe
2483 4759 2764 4817 occidendi
2793 4760 2938 4830 regis
2966 4757 3095 4814 Saul
3127 4757 3325 4814 tributa
3356 4759 3461 4815 sibi

1865 4859 2045 4927 e0pia,
2070 4855 2264 4913 maluit
2301 4865 2481 4910 tamen
2506 4861 2827 4922 exspectare
2854 4866 2884 4905 a
2914 4849 3147 4905 Domino
3186 4849 3468 4906 deferendi

1866 4956 2079 5020 tempus
2101 4945 2332 5018 imperii,
2357 4960 2516 5017 quam
2540 4944 2720 5000 occiso
2746 4957 2873 5011 rege
2900 4941 3210 5011 praeripere.
3239 4940 3471 5010 Semper

1871 5040 2016 5098 Deus
2037 5040 2215 5098 bonus
2239 5047 2360 5096 est:
2394 5037 2623 5107 ideoque
2662 5045 2720 5091 et
2756 5033 2959 5090 Paulus
2999 5035 3118 5088 ait:
3157 5031 3288 5086 Vide
3336 5049 3462 5103 ergo

1871 5231 1992 5288 quae
2018 5214 2250 5288 proinde
2266 5215 2736 5288 reconciliationis
2764 5214 3018 5271 dicuntur
3042 5227 3164 5270 esse
3189 5213 3467 5284 suti‘ragia.

1949 5300 1971 5327 ο
2004 5286 2162 5343 Rom.
2190 5286 2322 5343 edit.
2343 5329 2357 5355 ,
2387 5287 2571 5344 cecidit
2606 5287 2793 5342 valide.

1859 5374 1874 5388 δ
1943 5356 1972 5396 ἀ
2002 5359 2366 5431 Βοιηεεάίῑη
2398 5377 2430 5413 a
2459 5359 2726 5431 sterilitate
2769 5373 3035 5431 agrorum.
3068 5355 3309 5431 Beliqute
3348 5371 3470 5431 cum

1873 5445 2007 5487 mss.
2035 5429 2315 5486 omnibus.
2340 5446 2372 5483 a
2402 5430 2663 5484 nativitate
2690 5427 2954 5500 agrorum.
2980 5427 3201 5488 Melius;
3226 5427 3307 5481 sic
3327 5429 3473 5483 enim

1873 5501 2018 5578 LXX
2049 5542 2064 5568 ,
2116 5503 2466 5578 ἐπορεύθησαν
2536 5502 2935 5573 ἐκκεκεντημένοι
2990 5500 3095 5556 ἀπὸ
3150 5501 3473 5572 γεννημάτων

1877 5593 2208 5698 αγξωόοηιηθδ
2257 5642 2424 5711 edit.,
2456 5641 2812 5698 recordatione
2863 5641 3210 5707 delictorum;
3258 5641 3481 5697 concin-

1884 5713 2005 5769 nius
2036 5713 2281 5783 plerique
2305 5729 2435 5769 mss.
2452 5757 2466 5780 ,
2495 5717 2850 5769 recordatione
2874 5714 3165 5780 dictorum,
3199 5719 3257 5768 ut
3281 5713 3485 5769 citatus

1885 5785 2065 5842 statim
2098 5786 2234 5856 psal.
2264 5801 2345 5852 IV,
2381 5800 2521 5844 vers.
2556 5786 2590 5842 5
2615 5827 2628 5851 ,
2658 5787 2789 5843 satis
2819 5785 3078 5842 ostendit.

2935 5875 2974 5936 ὅ
