3988 6302
543 287 568 342 1
577 283 682 342 3'23

1906 261 2036 326 ΒΑΝ
2044 263 2153 324 CT!
2189 255 2286 321 AM
2295 257 2515 317 BROSII

3694 249 3828 310 1524

538 403 816 458 bonitatem
846 405 897 452 et
924 395 1241 451 severitatem
1273 389 1370 444 Dei
1408 388 1584 459 (liam.
1624 401 1712 451 ιι,
1738 383 1871 456 22);
1912 382 2131 440 bonitas

2261 374 2352 448 Ω).
2381 374 2539 430 Juxta
2569 371 2922 443 Evangelium
2971 367 3183 442 1082
3227 367 3464 440 χρηστόν
3494 379 3663 421 suave
3689 369 3832 421 acci-

539 499 685 554 enim
734 495 784 549 in
831 503 1021 547 omnes
1071 495 1189 553 est,
1233 482 1496 538 severitas
1540 480 1593 534 in
1641 491 1860 549 paucos.
1892 471 2133 544 Denique

2240 468 2436 537 pimus.
2465 466 2607 520 Dixit
2632 463 2779 518 enim
2809 479 2824 516 :
2856 459 3044 516 Tollite
3059 463 3252 531 jugum
3281 474 3547 512 meum....
3579 456 3702 527 quia
3727 457 3833 510 leve

983 544 1278 649 Apostolus
1307 590 1323 629 :
1351 571 1415 626 In
1457 587 1542 626 eos
1578 544 1783 641 quidem
1810 568 1898 639 qui
1937 565 2136 621 cecide-
2237 566 2402 649 est,“
2428 571 2557 649 onus
2576 571 2766 621 meum,
2799 553 2924 649 quia
2945 563 3098 605 suave
3125 557 3201 604 est
3231 547 3410 649 (Matt.
3432 557 3512 649 :1,
3639 556 3687 602 et
3716 544 3832 648 SD).

537 687 676 744 runt,
719 675 1041 730 severitatem
1074 676 1093 723 ὲ
1123 669 1176 722 in
1211 675 1260 721 te
1297 673 1470 719 autem
1510 663 1792 716 bonitatem
1827 657 2042 730 (Ibid)
2077 655 2136 711 Si

543 771 687 827 enim
719 781 822 823 non
850 762 1199 827 cecidiSSent,
1243 758 1430 828 utique
1457 755 1743 810 uterentur
1768 751 1824 808 et
1852 750 1952 820 ipsi
1984 747 2138 804 boui-

544 873 650 918 tate
677 861 790 916 Dei.
820 858 954 914 Nam
982 865 1036 912 et
1060 855 1155 910 tibi
1178 853 1300 908 ideo
1323 852 1494 906 bonus
1520 856 1623 914 est,
1652 845 1778 918 quia
1800 857 2094 917 permanes
2123 859 2134 896 :

541 958 686 1030 quod
712 957 758 1011 si
783 970 888 1010 non
921 950 1287 1023 permanseris
1311 946 1366 1002 in
1389 945 1651 1012 bonitate,
1685 947 1740 998 et
1759 945 1816 996 tu
1845 936 2135 996 excideris.

540 1051 657 1108 Non
679 1065 809 1120 ergo
837 1047 983 1103 Deus
1013 1051 1301 1116 propterea
1352 1041 1526 1094 bonus
1571 1050 1694 1092 esse
1738 1034 1985 1100 desistit,
2014 1032 2138 1102 qoia

539 1155 599 1203 tu
657 1147 842 1216 lapsus
882 1155 974 1208 es,
1019 1147 1071 1195 et
1125 1137 1336 1208 indiges
1387 1132 1699 1189 severitate.
1729 1127 2058 1200 alSiquidem
2085 1133 2143 1181 et

539 1238 804 1295 severitas
837 1233 934 1290 Dei
966 1234 1020 1288 in
1050 1231 1348 1287 bonitatem
1377 1225 1650 1289 recurrit;
1675 1232 1734 1279 ut
1763 1219 2143 1290 unusquisque

541 1330 834 1399 castigatus
866 1324 1056 1396 pedem
1084 1319 1290 1378 referat
1314 1329 1344 1374 a
1388 1320 1624 1388 peccatis
1645 1357 1660 1384 ,
1692 1319 1746 1370 et
1781 1312 1848 1367 ad
1880 1313 2140 1366 Virtutum

547 1423 850 1486 tramitem,
885 1417 1194 1483 bonamque
1235 1410 1711 1468 conversationem
1740 1409 2005 1461 recurrat.
2039 1401 2143 1456 De-

544 1512 710 1580 nique
763 1508 922 1564 docet
995 1505 1062 1561 de
1112 1504 1223 1558 illis
1275 1503 1368 1572 qui
1424 1498 1737 1554 ceciderunt
1793 1493 2086 1566 Apostolus
2128 1513 2141 1547 :

545 1603 681 1673 Quia
711 1603 754 1657 si
783 1618 883 1656 non
923 1597 1301 1670 permanserint
1326 1596 1381 1648 in
1409 1591 1795 1656 incredulitate,
1825 1589 2141 1643 inserentur.

548 1695 743 1750 Potens
768 1694 904 1748 enim
933 1701 1006 1746 est
1024 1688 1164 1745 Deus
1196 1689 1382 1742 iterum
1408 1685 1636 1740 inserere
1660 1682 1779 1737 illos
1799 1677 1992 1753 (Ibid-.,
2014 1675 2142 1743 '25);

2241 646 2385 702 Dixit
2429 646 2610 712 enim,
2642 647 2699 701 τὸ
2741 644 2941 720 φορτίον
2985 661 3084 714 μου
3131 639 3389 717 χρηστὸν.
3432 637 3589 694 Unde
3640 640 3833 692 merito

2237 739 2536 794 bonitatem
2569 737 2666 793 Dei
2695 735 2764 791 ab
2790 736 2908 805 ipso
2939 734 3136 804 quaerit
3165 731 3386 799 doceri,
3416 745 3484 786 ne
3532 727 3672 785 torte
3716 729 3836 800 quis

2240 829 2612 901 perfunctorie
2636 827 2912 899 accipiens
2939 827 3140 882 bonum
3171 823 3340 881 Deum
3378 831 3534 892 esse,
3573 821 3628 878 in
3679 837 3834 878 erro-

2243 922 2393 979 ribus
2426 925 2770 992 perseveret,
2818 919 2962 990 quod
2999 929 3096 990 per
3123 917 3558 974 misericordiam
3588 914 3685 972 Dei
3707 917 3837 972 sciat

2243 1014 2624 1087 impunitatem
2654 1014 2768 1070 suis
2793 1012 2909 1069 dari
2960 1026 3117 1082 posse
3149 1009 3418 1082 peccatis;
3451 1017 3578 1066 eum
3623 1009 3724 1066 etsi
3761 1010 3838 1064 in-

2243 1110 2464 1181 dulgeat
2513 1110 2804 1176 Dominus,
2858 1107 3038 1162 tamen
3081 1103 3229 1161 fmda
3277 1111 3363 1160 est
3409 1105 3755 1160 conversatio
3785 1102 3837 1158 in

2244 1205 2567 1261 criminibus
2621 1217 2839 1272 semper
2883 1201 3114 1257 interere.
3161 1198 3278 1256 Non
3319 1211 3446 1270 ergo
3482 1199 3698 1255 bonitas
3740 1198 3838 1254 ista

2245 1299 2483 1368 Vulgaris
2530 1304 2616 1353 est
2646 1314 2661 1352 :
2693 1295 2790 1353 sed
2819 1309 2942 1367 qute
2971 1307 3192 1364 semper
3227 1289 3533 1362 disciplinac
3565 1299 3843 1362 exspectet

2246 1391 2570 1461 profectum.

2319 1484 2410 1539 10.
2453 1481 2690 1553 ideoque"
2723 1480 2816 1553 qui
2844 1479 3098 1550 intelligit
3127 1473 3291 1535 altam
3337 1473 3430 1533 Dei
3471 1491 3594 1534 esse
3635 1476 3842 1532 bonita-

2251 1586 2389 1645 tem,
2422 1577 2607 1633 doceri
2638 1575 2912 1632 desiderat
2952 1574 3115 1644 etiam
3148 1569 3518 1642 disciplinam.
3566 1570 3699 1625 Nam
3733 1571 3843 1642 ple-

2251 1672 2406 1742 rique
2435 1677 2766 1725 avertuntur
2787 1683 2817 1722 a
2839 1665 3021 1724 studio
3041 1663 3366 1735 disciplinae,
3393 1663 3520 1719 dum
3543 1674 3662 1719 eam
3692 1678 3845 1719 seve-

547 1789 576 1827 ιι
609 1795 666 1842 ut
695 1782 1155 1857 quemadmodum
1181 1781 1396 1836 deserta
1425 1777 1680 1848 virgulta,
1712 1776 1786 1829 ita
1815 1777 1872 1830 et
1899 1771 2146 1828 homines
2176 1778 2225 1850 Β
2251 1777 2368 1818 ram
2400 1771 2454 1818 et
2485 1762 2697 1818 tristem
2728 1759 3067 1817 arbitrantur
3101 1775 3114 1814 :
3150 1755 3246 1813 sed
3293 1753 3662 1827 perSpicacior
3683 1765 3844 1810 sensu

542 1883 692 1936 Velut
713 1847 1027 1935 caudicibus
1048 1873 1372 1947 quibusdam
1401 1847 1615 1927 virtutis
1640 1867 1853 1935 inserti,
1877 1866 2145 1921 bonorum
2178 1847 2215 1850 ἡ
2251 1855 2527 1927 intelligit,
2569 1853 2711 1947 quod
2757 1853 3044 1947 disciplina
3094 1850 3141 1906 si
3185 1849 3360 1947 tristis
3397 1847 3467 1947 ad
3501 1859 3712 1947 tempus
3753 1849 3842 1915 sit,

544 1976 752 2031 {ructus
783 1972 994 2043 possint
1018 1971 1162 2026 ferre
1192 1968 1531 2024 meritorum.
1557 1968 1791 2020 Accuses
1815 1969 2039 2019 necesse
2063 1968 2148 2016 eet

547 2067 819 2121 medicum
869 2062 1249 2125 crudelitatis,
1304 2059 1429 2130 quia
1484 2056 1816 2128 putrefactas
1859 2054 2144 2110 vulnerum

548 2161 716 2214 fibras
741 2157 885 2212 ferro
910 2155 1182 2225 putaverit
1203 2151 1538 2208 exsecandas
1564 2166 1578 2218 ;
1611 2151 1737 2220 quia
1766 2148 1924 2204 noxia
1956 2157 2010 2202 et
2031 2159 2146 2202 ser-

543 2252 728 2322 pentia
773 2250 957 2304 ulcera
1008 2247 1118 2317 igni
1169 2245 1472 2312 adusserit,
1501 2251 1569 2300 ne
1607 2245 1756 2299 virus
1797 2244 1849 2297 in
1889 2239 2147 2296 ulteriora

545 2351 933 2416 proserperet:
963 2341 1052 2398 vel
1081 2341 1208 2411 quia
1243 2339 1500 2411 magister
1536 2337 1863 2406 discipulum“
1894 2329 2150 2392 verbera-

545 2438 686 2492 verit
729 2435 1095 2505 negligentem
1116 2474 1129 2497 ,
1165 2439 1222 2486 ut
1252 2439 1400 2486 metu
1429 2429 1712 2485 verberum
1740 2425 1992 2483 indueret
2022 2425 2148 2480 dili-

544 2529 829 2602 gentiam?
875 2526 1158 2596 Castigare
1208 2524 1354 2580 enim
1405 2527 1639 2577 amantis
1686 2523 1800 2586 est,
1833 2530 1941 2576 non
1994 2527 2150 2574 exse-

545 2623 787 2686 crantis;
815 2619 870 2676 et
895 2618 1019 2675 ideo
1047 2618 1305 2674 bonitatis
1323 2625 1430 2680 εει,
1463 2629 1571 2669 non
1601 2611 1957 2669 crudelitatis.
1983 2610 2150 2666 Recte

547 2726 678 2786 ergo
702 2721 757 2770 et
790 2714 1056 2768 Dominus
1086 2709 1285 2781 ubique
1313 2716 1398 2764 est
1445 2707 1642 2772 bonus,
1673 2705 1728 2761 et
1763 2709 1888 2760 cum
1919 2702 2154 2759 remittit

550 2805 776 2875 ﬂagitia,
808 2811 863 2858 et
887 2818 1010 2857 cum
1042 2801 1266 2871 peccata
1289 2797 1560 2870 castigat:
1591 2795 1822 2871 Castigat
1861 2793 1998 2852 enim
2034 2791 2148 2850 Do-

551 2898 722 2951 minus
752 2907 901 2966 quem
922 2893 1090 2964 diligit
1113 2892 1275 2964 (Heb.
1299 2907 1396 2958 xu,
1427 2891 1505 2962 θ).

629 2989 684 3044 8.
719 2987 1029 3056 Castigatus
1050 2991 1135 3040 est
1163 2986 1322 3038 etiam
1354 2981 1546 3036 David.
1580 2980 1818 3051 Denique
1839 2979 1914 3035 ait
1941 2996 1955 3032 :
1982 2976 2052 3032 Et
2075 2979 2151 3049 [ui

553 3082 854 3155 ﬂagellatus
882 3088 989 3135 tota
1017 3079 1100 3133 die
1132 3075 1308 3145 (Psal.
1342 3085 1506 3141 Lxxu,
1542 3073 1652 3143 14).
1683 3069 1792 3129 Sed
1824 3073 1909 3128 vir
1935 3073 2152 3142 sapiens

2249 1947 2647 2019 posterioribus
2675 1945 2768 2001 fiat
2792 1944 3030 2015 jucunda
3055 1942 3410 2013 temporibus.
3435 1932 3543 1998 Sed
3569 1950 3656 1996 est
3683 1941 3844 1996 disci-

2248 2042 2399 2111 plina
2432 2041 2515 2094 vel
2545 2039 2824 2110 corrcptio
2853 2037 3134 2093 severior:
3163 2044 3248 2091 est
3287 2036 3452 2091 etiam
3492 2032 3842 2089 moderatior.

2249 2131 2584 2188 Moderatior
2631 2139 2743 2199 est,
2791 2129 2862 2185 de
2907 2143 3013 2200 qua
3053 2127 3187 2184 dicit
3215 2125 3479 2184 Dominus
3513 2143 3528 2182 :
3560 2125 3847 2198 Corripiam

2251 2241 2338 2284 eos
2367 2228 2422 2282 in
2450 2227 2637 2281 auditu
2685 2225 3038 2280 tribulationis
3067 2235 3244 2278 eorum
3283 2221 3430 2293 (σεε.
3463 2231 3537 2277 Vn
3558 2267 3574 2294 ,
3604 2221 3726 2292 12).
3755 2220 3848 2277 Est

2251 2325 2308 2376 e't
2344 2319 2588 2376 severior
2626 2327 2747 2388 qua:
2778 2327 2861 2373 est
2890 2320 2946 2372 in
2971 2317 3052 2372 ira
3082 2317 3138 2372 et
3165 2316 3354 2372 lurore
3372 2317 3670 2387 correptio.
3701 2308 3849 2372 Unde

2249 2412 2529 2484 refugiens
2556 2423 2676 2468 eam
2721 2411 3156 2482 correptionem,
3199 2405 3330 2467 dicit
3369 2403 3580 2466 David:
3607 2399 3845 2476 Domine,

2251 2521 2315 2560 ne
2346 2507 2400 2559 in
2424 2507 2506 2560 ira
2523 2513 2613 2559 tua
2635 2517 2828 2578 arguas
2857 2519 2960 2574 me,
2991 2515 3151 2576 neque
3179 2503 3234 2560 in
3261 2503 3441 2575 furore
3474 2514 3561 2560 tuo
3599 2504 3850 2575 cbrripias

2251 2615 2332 2654 me
2368 2597 2560 2671 (Psal.
2587 2611 2670 2664 vl,
2703 2599 2783 2671 2).
2834 2599 2903 2654 Et
2948 2595 3252 2654 Hieremias
3287 2593 3540 2669 :Cdrripe
3569 2609 3696 2664 nos,
3747 2593 3851 2651 Do-

2250 2691 2407 2757 mine,
2436 2693 2490 2746 in
2517 2690 2735 2760 iudicio,
2760 2697 2809 2745 et
2838 2703 2940 2745 non
2968 2692 3022 2745 in
3043 2689 3220 2761 furore
3242 2688 3460 2762 (Jerem.
3489 2705 3547 2757 ι,
3580 2687 3697 2762 24).
3729 2692 3851 2744 Om.

2253 2785 2337 2838 his
2359 2795 2488 2855 ergo
2509 2782 2818 2854 diSciplina,
2851 2783 2955 2840 etsi
2980 2783 3048 2840 ad
3073 2791 3287 2854 tempus
3313 2779 3510 2840 habeat
3536 2783 3851 2840 amaritudi-

2254 2887 2401 2945 nem,
2435 2877 2633 2934 habeat
2654 2873 3160 2946 perturbationem;
3186 2886 3371 2948 postea
3401 2885 3578 2934 tamen
3603 2877 3878 2948 paciﬁco;

2252 2970 2463 3026 fructus
2491 2979 2758 3041 generare
2785 2969 3094 3027 consuevit.

2329 3056 2418 3115 t-t.
2457 3060 2569 3116 Sed
2596 3061 2686 3131 qui
2715 3061 2850 3132 petit
2877 3061 3062 3118 doceri
3086 3055 3384 3118 banti-atem
3411 3069 3466 3117 et
3486 3059 3852 3132 disciplinam,

699 3173 965 3230 intellexit
1006 3170 1420 3240 castigationem
1466 3167 1614 3222 illam
1660 3165 1868 3221 Domini
1896 3165 1997 3220 sibi
2025 3179 2152 3234 pro-
2179 3175 2225 3240 ε
2257 3153 2420 3209 debet
2446 3163 2632 3223 petere
2661 3152 2825 3210 etiam
2853 3155 3140 3211 scientiam
3169 3153 3380 3210 doceri.
3409 3151 3526 3211 Nisi
3567 3155 3718 3210 enim
3762 3153 3855 3209 ha-

555 3269 722 3323 fuisse
754 3267 828 3320 ait
857 3275 871 3320 t
900 3264 1192 3318 Banitatem
1224 3261 1392 3334 fecisti
1430 3269 1545 3314 cum
1576 3263 1719 3314 seruo
1761 3267 1868 3324 tuo,
1899 3257 2148 3326 Domine,

555 3360 837 3414 secundum
876 3357 1084 3412 verbum
1134 3363 1313 3420 tuum;
1361 3352 1465 3408 hoc
1511 3361 1614 3417 est,
1639 3351 1742 3406 etsi
1781 3350 1872 3406 illa
1914 3351 2045 3405 mihi
2085 3351 2152 3405 ad

558 3461 772 3520 tempus
815 3455 998 3504 amara
1048 3447 1163 3501 visa
1209 3453 1293 3500 est
1343 3444 1647 3514 Castigatio,
1682 3443 1813 3497 mihi
1856 3439 2152 3497 secundum

557 3549 802 3606 carnem,
826 3541 956 3595 mihi
984 3539 1284 3594 secundum
1313 3536 1626 3592 maestitiam
1658 3535 1900 3606 corporis
1925 3549 1940 3599 ;
1971 3541 2155 3589 tamen

558 3634 859 3692 secundum
887 3633 1111 3687 verbum
1149 3640 1294 3685 tuum
1333 3629 1616 3698 castigatio
1645 3623 1736 3682 illa
1766 3626 1973 3682 fructus
2002 3622 2155 3681 boni-

560 3726 686 3781 tatis
725 3723 928 3781 attulit.
962 3723 1114 3777 Illam
1145 3721 1277 3776 mihi
1317 3720 1730 3790 castigationem
1762 3718 2000 3788 intelligo
2029 3719 2153 3787 pro-

556 3820 753 3886 fuisse,
789 3818 879 3872 illa'
923 3815 1279 3885 casugatione
1311 3825 1398 3868 me
1433 3823 1462 3867 a‘
1498 3812 1644 3867 vitiis
1671 3825 1793 3867 esse
1813 3815 2150 3876 revocatum,

560 3912 653 3967 illa
681 3910 1038 3981 caetigatiouo
1065 3917 1170 3962 non
1206 3907 1298 3962 ditt
1323 3905 1526 3976 aliquid
1555 3907 1610 3959 in
1638 3919 1728 3961 me
1755 3904 1974 3960 licuisse
2003 3901 2155 3971 ﬂagi-

559 4003 682 4068 tiis,
720 4013 818 4071 per
869 4002 1016 4056 illam
1065 3999 1480 4069 castigationem
1534 3996 1744 4051 Domini
1794 3994 1929 4050 nihil
1975 3994 2155 4048 inme

557 4093 876 4149 adversario
915 4091 1172 4152 licuisse,
1209 4090 1340 4143 nihil
1373 4088 1557 4145 morti.
1587 4088 1853 4156 Deniqbe,
1885 4087 2156 4158 Castigans

561 4182 829 4252 castigavit
856 4191 936 4235 me
965 4180 1235 4242 Dominus,
1265 4188 1314 4233 et
1332 4181 1486 4233 morti
1516 4185 1616 4232 non
1643 4179 1854 4232 tradidit
1877 4187 1957 4233 rue
1977 4178 2154 4248 (Psal.

563 4286 742 4338 cxvii,
777 4270 900 4341 18),
955 4271 1075 4339 ipse
1134 4264 1402 4340 Propheta
1455 4269 1798 4324 memoravit.
1851 4270 2157 4340 Castigatur

561 4365 706 4421 enim
735 4363 824 4433 qui
863 4361 1163 4432 recipitur;
1188 4364 1278 4432 qui
1301 4370 1480 4416 autem
1513 4375 1620 4415 non
1661 4361 2016 4430 recipiuntur,
2047 4374 2157 4414 non

559 4456 924 4527 ﬂagellantur.
967 4452 1036 4508 In
1073 4454 1335 4508 laboribus
1381 4455 1526 4509 enim
1573 4446 1838 4507 hominum
1876 4459 1981 4506 nati
2015 4462 2152 4517 sunt,

2257 3246 2387 3302 beat
2408 3247 2723 3307 scientiam.
2758 3247 2990 3303 molesta
3019 3249 3101 3303 est
3127 3247 3447 3317 disciplina,
3482 3247 3714 3303 molesm
3741 3261 3858 3302 cor—

2256 3340 2457 3410 reptio.
2493 3338 2632 3407 Quid
2663 3340 2735 3395 sit
2768 3341 2997 3396 scientia
3017 3382 3030 3407 ,
3055 3339 3252 3395 doceat
3278 3348 3330 3395 te
3358 3331 3641 3406 Salomon,
3668 3337 3764 3410 qui
3789 3338 3859 3393 ait

2257 3429 2327 3485 de
2356 3429 2591 3486 Domino
2625 3431 2736 3486 Deo‘
2764 3435 2954 3486 noSlro
2985 3448 2998 3484 :
3038 3429 3158 3500 Ipse
3195 3429 3328 3485 enim
3352 3423 3483 3484 mihi
3514 3427 3654 3485 dedit
3687 3446 3856 3484 eorum

2257 3529 2373 3592 qua:
2397 3525 2515 3578 sunt
2548 3523 2894 3595 cognitionem
2932 3537 3106 3578 ueram
3137 3523 3157 3594 (
3185 3521 3314 3593 Sap.
3349 3531 3455 3591 vtt,
3489 3517 3600 3594 17).
3636 3519 3708 3578 Et
3739 3523 3858 3577 alibi

2259 3614 2351 3670 hic
2375 3616 2520 3670 idem
2547 3614 2818 3686 Propheta
2845 3616 2922 3672 ait
2950 3633 2964 3670 :
2998 3615 3101 3684 Qui
3124 3614 3270 3671 docet
3300 3615 3555 3671 hominem
3589 3617 3858 3670 scientiam

2260 3703 2434 3778 (Psal.
2471 3707 2749 3779 xcm,10).
2782 3706 2883 3776 Qui
2923 3719 3105 3765 autem
3151 3707 3289 3779 petit
3329 3709 3652 3776 scientiam,
3689 3707 3861 3765 credit

2259 3798 2532 3857 mandatis
2560 3802 2678 3857 Dei.

2332 3891 2422 3949 12.
2464 3891 2627 3950 Aliud
2668 3901 2752 3950 est
2795 3903 2974 3951 autem
3031 3894 3085 3950 in
3133 3886 3404 3952 mandatis
3457 3889 3556 3951 Dei
3603 3893 3859 3961 credere,

2260 3981 2407 4040 aliud
2455 3980 2733 4042 mandatis
2782 3986 3030 4042 credere.
3087 3985 3191 4055 Qui
3247 3986 3392 4043 enim
3447 3976 3724 4042 mandatis
3777 3984 3862 4040 Dei

2260 4075 2470 4142 credit,
2504 4078 2612 4133 cito
2644 4075 2813 4133 efﬁcit
2843 4079 2900 4132 ut
2929 4078 3001 4134 sit
3023 4077 3077 4133 in
3109 4069 3379 4134 mandatis
3409 4077 3529 4146 Dei,
3560 4079 3616 4134 et
3646 4078 3707 4134 in
3737 4078 3864 4149 ipsis

2263 4179 2642 4226 conversetur.
2694 4167 2799 4226 Per
2845 4169 3009 4227 fidem
3063 4173 3227 4244 igitur
3266 4167 3494 4228 scientia
3541 4173 3861 4234 assumitur,

2264 4276 2360 4330 per
2399 4261 2682 4316 scientiam
2731 4262 3041 4333 disciplina.
3089 4261 3246 4330 Quod
3299 4262 3443 4318 enim
3489 4255 3704 4318 scimus
3755 4261 3864 4332 pla-

2261 4361 2388 4408 cere
2437 4353 2551 4408 Deo
2598 4353 2790 4424 pusse,
2837 4355 2892 4410 in
2942 4365 3010 4411 eo
3057 4369 3157 4411 nos
3201 4355 3549 4410 conversatio
3595 4349 3722 4424 ipsa
3776 4353 3866 4407 de-

2263 4447 2446 4503 lectat.
2486 4447 2729 4518 Denique
2765 4451 3025 4519 Scriptum
3057 4459 3142 4506 est
3178 4469 3192 4505 :
3225 4441 3422 4504 Nostra
3451 4457 3622 4502 autem
3653 4455 3864 4503 conves-

557 4559 740 4606 etcum
762 4547 1058 4602 hominibus
1085 4563 1187 4601 non
1209 4546 1615 4617 ﬂagellubuntur
1647 4537 1822 4617 (Psal.
1852 4553 1999 4600 Lxxu
2017 4587 2032 4612 ,
2059 4543 2150 4616 5).
2185 4569 2240 4632 Ι)
2264 4542 2402 4596 satio
2431 4542 2484 4596 in
2509 4543 2650 4598 caelis
2670 4547 2745 4597 est
2766 4541 2991 4616 (Philip.
3024 4555 3080 4599 ιιι
3101 4584 3115 4610 ,
3145 4542 3259 4614 20).
3290 4541 3578 4598 Praecessit
3605 4540 3862 4608 scientia,

562 4643 796 4713 Ideoque
825 4650 990 4711 Supra
1029 4642 1141 4695 ait:
1171 4637 1338 4707 Quam
1369 4637 1560 4703 bonus,
1598 4637 1794 4704 Israel,
1829 4636 1973 4693 Deus
2005 4638 2158 4692 rectis

559 4733 713 4788 corde
759 4731 948 4802 (Ibid.,
980 4730 1070 4802 ηε
1107 4730 1248 4801 Ergo
1280 4731 1452 4786 bonus
1481 4730 1767 4797 omnibus;
1795 4731 1919 4801 quia
1962 4739 2156 4785 attines

561 4830 715 4880 recte
753 4824 869 4878 vult
897 4837 1020 4878 esse
1066 4823 1254 4878 corde.
1294 4824 1394 4890 Qui
1425 4832 1606 4878 autem
1627 4837 1722 4878 eor
1761 4823 2153 4890 declinaverit,

556 4917 678 4988 ipse
717 4930 748 4969 a
789 4929 849 4970 se
895 4916 1120 4985 gratiam
1169 4915 1370 4970 divinae
1423 4914 1678 4969 bonitatis
1726 4915 1937 4968 avertit.

627 5009 683 5063 9.-
726 5007 906 5079 (Vers.
947 5008 1064 5079 66.)
1102 5008 1402 5077 Sequitur:
1434 5006 2158 5077 Jttcuttditatem,etdiscipli-r

558 5115 710 5166 nam,
742 5107 789 5152 et
816 5099 1080 5152 scientiam
1109 5100 1231 5154 doce
1257 5113 1369 5163 me;
1399 5099 1520 5166 quia
1538 5099 1594 5152 in
1626 5097 1884 5151 mandatis
1915 5099 2014 5151 tuis
2045 5114 2155 5152 cre-

561 5191 693 5245 didi.
723 5189 884 5244 Juxta
909 5187 1227 5259 Apostolum
1261 5187 1498 5266 χρηστόν
1525 5182 1722 5245 bonum
1757 5188 2147 5258 intelligimus;

556 5281 685 5351 quia
713 5279 888 5336 dixit:
919 5279 1052 5334 Vide
1099 5297 1219 5354 ergo
1265 5281 1540 5335 ltb'nitalem
1583 5273 1801 5334 Domini
1836 5275 2031 5351 (Rom.
2063 5299 2147 5347 χι,

627 5471 652 5499 ιι
697 5461 839 5537 Edit.
870 5471 926 5516 et
969 5472 1360 5537 tuss.qaatuor
1391 5463 1857 5537 :‘Siquidem_...in
1899 5460 2150 5537 bonitate,

554 5533 860 5615 tit-recurrat
889 5534 1251 5615 unusquisque,
1284 5543 1394 5615 etc._
1417 5535 1542 5589 Mss.
1573 5534 1935 5615 duodecim...
1963 5534 2016 5586 in
2061 5532 2152 5585 bo-

555 5605 764 5656 nitatem
808 5605 1058 5676 rccurrit;
1089 5613 1142 5657 ut
1175 5607 1542 5676 unusquisque,
1577 5612 1684 5660 etc.
1715 5605 1767 5658 in
1807 5617 2038 5676 quorum
2069 5609 2150 5655 ta-

549 5686 702 5794 (tinent!
739 5673 1012 5796 nolnnullis
1040 5675 1298 5741 liabet-ur,
1322 5673 1580 5742 recurrat,
1621 5686 1676 5731 et
1707 5673 2040 5744 coniunctio,
2069 5681 2146 5737 ut,

590 5756 665 5796 cs:
708 5757 800 5796 era
831 5758 912 5796 ur.

590 5756 912 5797 csnueralur.

2265 4639 2450 4689 secuta
2500 4643 2584 4690 est
2629 4636 2996 4691 conversatio.
3049 4633 3124 4690 De
3174 4634 3443 4689 mandatis
3490 4627 3587 4688 Dei
3636 4633 3867 4690 credere

2264 4726 2523 4783 diximus.
2557 4727 2614 4782 tn
2641 4717 2914 4782 mandatis
2952 4729 3134 4783 autem
3175 4725 3272 4780 Dei
3300 4721 3542 4791 credere,
3569 4719 3677 4778 hoc
3711 4725 3868 4780 estin

2264 4815 2399 4885 ipsis
2427 4829 2569 4886 esse,
2605 4825 2662 4873 et
2687 4818 2912 4874 credere
2953 4813 3078 4888 quia
3114 4829 3240 4874 vera
3277 4809 3530 4871 mandata
3561 4819 3717 4873 sunt.
3761 4811 3870 4870 Nisi

2266 4914 2410 4969 enim
2441 4911 2737 4968 credideris
2767 4911 3035 4968 mandatis
3067 4912 3192 4978 Dei,
3224 4921 3413 4968 eorum
3458 4905 3648 4981 utique
3689 4911 3867 4967 scien-

2268 5007 2396 5060 tiam
2422 5047 2437 5072 ,
2466 5019 2590 5076 quae
2638 5020 2733 5074 per
2778 5003 3033 5059 mandata
3073 5004 3171 5060 Dei
3209 5003 3486 5070 docemur,
3520 5002 3736 5060 habere
3767 5009 3868 5058 non

2265 5097 2492 5167 poteris.

2338 5193 2423 5247 15.
2459 5189 2637 5263 (Vers.
2661 5189 2781 5262 67.)
2810 5189 3066 5262 Sequitur
3080 5196 3270 5247 versus
3291 5191 3518 5246 tertius:
3547 5177 3870 5264 Priusquam

2263 5283 2568 5341 Itumiliarer
2603 5301 2697 5357 ego
2738 5284 2932 5354 deliqui
2955 5300 2973 5339 :
2996 5294 3205 5358 propter
3229 5284 3325 5341 hoc
3352 5284 3560 5339 uerbum
3587 5294 3743 5340 tuum
3781 5301 3870 5358 ego

2335 5465 2362 5504 ι)
2394 5465 2529 5520 Rom
2607 5463 2766 5530 edit.,
2813 5473 2868 5517 ut
2897 5462 3326 5538 quemadmodum
3378 5465 3573 5538 inserta
3599 5467 3872 5538 virgulta;

2259 5543 2476 5592 caeterte
2524 5549 2589 5590 ac
2653 5549 2782 5607 mss.
2821 5547 3154 5607 omnes,....
3199 5535 3396 5607 deserta
3455 5535 3734 5607 vit-gutta:
3766 5555 3871 5594 non

2264 5608 2433 5730 mitte,
2465 5609 2509 5661 si
2556 5606 2717 5661 modo
2748 5603 3205 5672 subinteliexet‘is,
3251 5605 3395 5661 battis
3433 5603 3748 5666 caudicibus
3795 5611 3873 5666 in-

2259 5693 2317 5730 se
2369 5694 2419 5730 (ι.
