3988 6372
111 381 221 443 ὶδὲδ

1144 377 1210 436 ιΝ
1249 371 1576 436 PSALMUM
1615 371 1825 437 CXVII!
1863 377 2248 442 EXPOSITIO.

3229 383 3367 448 I526

108 496 338 553 custodiri.
364 505 391 534 ι
415 494 540 552 Alia
571 491 745 551 editio
771 491 932 551 habet
960 511 973 549 :
996 491 1314 562 Priusquam
1338 493 1664 561 humiliarer,
1694 497 1750 559 A
1773 513 1965 556 narum
1989 499 2238 556 ordinem
2264 498 2672 572 Scripturarum
2691 542 2706 570 ,
2731 515 2854 558 cum
2881 502 3087 560 diceret
3115 517 3356 573 causam,

106 611 180 663 ego
197 592 387 647 iiesciri.
421 587 583 646 Unde
617 599 811 660 putant
834 589 860 628 ιι
893 589 1060 660 aliqui
1090 589 1235 660 quod
1272 589 1508 646 hominis
1548 590 1665 646 ani-

107 702 178 740 ma
200 686 287 740 hoc
310 682 452 740 dicat
481 700 497 740 :
529 681 855 755 Priusquam
885 682 1220 750 bumiliarer,
1258 694 1318 738 ut
1357 685 1409 738 in
1450 683 1554 740 hoc
1583 685 1668 740 lu—

107 787 200 832 tum
223 776 451 847 corporis
482 774 768 831 introircm
788 817 803 843 ,
831 787 920 831 tua
937 790 1059 846 qua:
1083 790 1191 831 non
1223 775 1487 848 legeram,
1513 791 1669 832 man-

106 869 210 924 data
228 868 440 924 nescivi.
461 865 570 922 Sed
597 867 722 938 quia
744 866 1094 938 Septuaginta
1110 865 1347 923 virorum
1365 868 1668 925 sententias

105 963 246 1034 magis
283 963 527 1033 sequitur
575 955 844 1029 Ecclesia,
871 972 928 1017 et
974 959 1064 1016 hic
1100 977 1292 1017 sensus
1321 971 1408 1018 est
1432 961 1666 1032 planior,

104 1065 148 1112 et
186 1053 300 1109 nihil
349 1053 674 1110 oll‘ensionis
721 1051 985 1120 admittit,
1016 1053 1162 1124 quod
1193 1053 1368 1123 possit
1396 1054 1670 1124 aliquibus

104 1146 379 1218 scrupulum
403 1161 784 1211 commovere;
812 1145 933 1201 ideo
961 1146 1316 1216 accipiamus,
1343 1145 1668 1211 humiliarer,

102 1240 165 1296 ita
189 1237 389 1304 dictum,
419 1255 487 1296 eo
519 1236 665 1310 quod
698 1238 910 1311 1083
939 1248 1165 1309 peccato
1208 1237 1454 1293 videatur
1495 1237 1671 1292 humi-

106 1323 260 1388 liatus.
313 1323 542 1404 PrOpter
584 1342 867 1402 peccatum
919 1323 1066 1386 enim
1129 1332 1462 1388 tentationes
1523 1345 1670 1401 saepe

105 1435 383 1482 nascuntur.
427 1413 678 1496 Denique
719 1423 892 1480 Adam
939 1434 990 1481 et
1033 1414 1142 1480 Eva
1171 1434 1296 1496 post
1323 1425 1536 1495 culpam
1570 1423 1671 1478 uti-

105 1533 191 1590 que
230 1517 418 1589 dejecti
467 1526 597 1574 sunt
638 1509 793 1590 (Gen.
853 1533 944 1586 tu,
980 1515 1099 1587 ‘24).
1159 1517 1301 1587 Ergo
1344 1505 1670 1572 humilitatis

107 1620 278 1667 nostra:
309 1625 474 1667 causa
522 1619 808 1682 peccatum
852 1619 966 1673 est,
988 1609 1073 1666 vel
1105 1609 1527 1675 humiliationis;
1559 1623 1668 1664 non

108 1703 225 1759 enim
247 1701 347 1759 hoc
372 1703 542 1775 l'ugio.
574 1699 762 1759 Potest
788 1703 933 1758 enim
963 1693 1032 1758 de
1071 1693 1315 1758 adversis
1343 1702 1670 1774 plerumque

106 1795 300 1868 intelligi
346 1791 660 1865 humilitas,
693 1805 752 1852 ut
799 1805 884 1852 est
926 1793 1056 1851 illud
1090 1812 1105 1851 :
1135 1793 1339 1851 Bonum
1381 1797 1508 1850 mihi
1533 1796 1673 1864 quod

1771 592 1845 649 ita
1883 594 2050 664 erepit
2077 611 2091 648 :
2117 592 2199 649 De
2224 593 2459 650 omnibus
2501 595 2684 660 quibus
2727 611 2964 662 accusor,
2987 613 3080 652 rea:
3106 596 3362 669 Agrippa,

1769 702 1804 740 a
1828 685 2049 750 Iudaeis,
2081 686 2144 740 de
2168 687 2248 741 his
2288 688 2485 741 wstimo
2514 704 2594 742 me
2630 688 2852 759 felicem,
2875 689 3019 759 apud
3048 699 3096 744 te
3122 690 3368 762 incipiens

1770 779 2022 834 rationem
2039 780 2253 834 reddere
2275 779 2413 851 (Act.
2444 795 2590 846 xxvr,
2609 780 2690 852 2).
2732 780 2799 835 Et
2827 779 2967 836 infra
2997 799 3011 837 :
3039 779 3242 848 Credis,
3273 797 3368 836 rea:

1772 871 2027 943 Agrippa,
2051 871 2354 941 prophetis?
2384 870 2506 926 Scio
2535 872 2658 942 quia
2679 871 2846 926 credis
2878 870 3064 944 (Ibid.,
3088 864 3204 944 2'7).
3228 871 3372 942 Ergo

1771 964 1816 1018 si
1844 959 2136 1019 laudantur
2165 963 2445 1030 homines,
2481 964 2533 1020 in
2582 963 2782 1036 quibus
2827 963 3147 1036 plerumque
3193 965 3367 1021 aliena

1771 1055 2062 1111 laudantur
2089 1073 2103 1112 :
2135 1065 2342 1127 quanto
2369 1057 2542 1128 magis
2572 1057 2944 1128 unusquisque
2978 1057 3071 1114 Dei
3101 1057 3202 1114 sibi
3248 1074 3374 1130 gra-

1773 1149 1902 1203 tiam
1929 1149 2225 1204 conciliare
2265 1147 2450 1216 debet,
2481 1158 2541 1204 ut
2571 1141 2716 1205 dicat
2745 1167 2758 1203 :
2784 1149 2962 1205 Bonus
3004 1167 3080 1214 es,
3124 1147 3370 1205 Domine.

1771 1241 1905 1297 Nam
1937 1242 1985 1297 si
2008 1241 2112 1297 hoc
2129 1233 2276 1298 dicat
2302 1241 2532 1310 homini,
2566 1251 2625 1297 ut
2657 1256 2780 1298 esse
2819 1241 3200 1305 admoneatur,
3229 1242 3373 1310 quod

1774 1331 1997 1387 forsitan
2025 1337 2134 1388 no'n
2157 1331 2256 1399 sit;
2291 1321 2622 1388 utbonitatis
2648 1333 2812 1389 etiam
2839 1331 2958 1405 ipsc
2987 1330 3377 1403 praedicatione

1772 1428 2049 1494 mitescit,
2103 1437 2476 1500 terroremque
2549 1429 2774 1486 immitis
2829 1430 3053 1500 deponit
3100 1429 3369 1487 aﬂectus:

1771 1527 1978 1589 quanto
2021 1520 2194 1592 magis
2234 1519 2350 1577 Deo
2400 1519 2518 1576 laus
2542 1535 2638 1577 sua
2665 1530 2750 1578 est
2789 1519 3118 1590 deferenda,
3147 1524 3238 1591 qui
3270 1523 3373 1578 nisi

1772 1611 1947 1668 bonus
1991 1623 2167 1681 esset,
2198 1628 2368 1686 super
2393 1623 2595 1670 terram
2641 1624 2788 1672 stare
2831 1616 2954 1686 quis
2982 1616 3214 1686 posset?
3239 1609 3375 1671 Pro-

1775 1703 1950 1772 prium
1977 1712 2156 1760 autem
2188 1699 2288 1761 Dei
2313 1714 2398 1762 est
2430 1717 2488 1762 ut
2510 1699 2686 1763 bonus
2718 1707 2808 1763 sit.
2840 1705 3086 1778 Denique
3116 1709 3169 1764 in
3189 1701 3370 1764 Evan-

1772 1794 1915 1866 gelio
1969 1795 2172 1864 habes,
2226 1797 2353 1868 quia
2397 1787 2563 1853 Arbor
2612 1799 2746 1854 bona
2789 1801 2989 1870 fructus
3041 1799 3200 1856 bonos
3246 1803 3374 1874 facit

109 1889 356 1946 bumiliasti
381 1908 493 1957 me;
521 1889 793 1944 utdiscam
815 1890 1224 1962 justiﬁcationes
1249 1898 1384 1943 tuas.
1414 1879 1517 1944 Et:
1553 1886 1670 1944 Nisi
1699 1886 1747 1948 Β
1775 1881 2002 1960 (Matth.
2037 1904 2110 1943 vn
2134 1931 2148 1956 ,
2180 1887 2304 1960 17).
2354 1879 2590 1946 Fructus
2620 1890 2736 1961 ejus
2759 1891 2939 1962 angeli
2967 1900 3095 1947 sunt
3125 1909 3139 1946 :
3172 1890 3378 1949 fructus

114 1983 178 2037 les
203 1993 282 2037 tua
309 1983 576 2038 meditatio
602 1999 715 2038 mea
739 1993 900 2051 esset,
949 1991 1067 2037 tunc
1097 1981 1317 2054 forsitan
1347 1981 1590 2054 perissem
1618 1981 1673 2035 in

107 2074 362 2131 humilitate
386 2092 500 2130 mea
522 2073 724 2147 (Infra,
751 2091 886 2130 vers.
907 2074 970 2129 7i
996 2085 1045 2128 et
1071 2073 1184 2144 9%).
1215 2075 1280 2129 Et
1311 2091 1322 2127 :
1354 2072 1673 2128 Humiliatus

105 2183 197 2220 sum
241 2165 382 2222 valde
419 2164 613 2239 (Psal.
661 2182 815 2233 cxm,
847 2161 927 2238 7).
982 2159 1084 2221 Hic
1126 2180 1257 2238 ergo
1308 2165 1548 2222 ostendit
1573 2155 1675 2220 htt-

103 2260 353 2316 militatem
399 2261 575 2316 ortam
621 2275 746 2317 esse
776 2258 846 2316 de
873 2257 1052 2330 culpa.
1088 2257 1158 2314 Et
1181 2257 1305 2331 quia
1336 2257 1496 2330 culpa
1534 2272 1672 2328 prae-

104 2343 275 2420 cessit,
323 2354 441 2410 ideo
507 2355 856 2411 bumiliatum
919 2370 982 2411 se
1043 2352 1320 2421 ostendit,
1380 2351 1486 2418 hoc
1551 2357 1669 2414 est,

95 2446 317 2500 ‘attritum
385 2445 780 2502 tentationibus
830 2457 885 2500 et
939 2435 1218 2513 adversis,
1282 2454 1338 2502 et
1410 2444 1668 2501 traditum

111 2539 447 2593 anxietatibus
490 2556 504 2593 :
551 2534 1010 2609 quemadmodum
1065 2545 1122 2593 et
1168 2536 1260 2593 ille
1306 2536 1398 2608 qui
1444 2535 1674 2593 traditus

100 2638 170 2686 est
209 2645 237 2685 a
273 2629 440 2685 Paulo
480 2631 535 2684 in
577 2627 856 2685 interitum
901 2628 1106 2695 carnis,
1141 2627 1455 2684 humiliatus
1483 2631 1672 2700 utique

99 2731 202 2786 est;
232 2723 289 2776 ut
335 2705 520 2793 postea
570 2728 760 2792 posset
804 2720 1304 2777 reconciliationem
1353 2721 1552 2777 mereri
1606 2720 1671 2792 (Ι

98 2809 205 2870 Cor.
229 2830 280 2881 ν,
311 2813 391 2884 5).

163 2906 237 2960 ll.
275 2905 377 2964 Sed
423 2899 675 2980 quamvis
731 2907 1009 2963 humilitas
1061 2903 1196 2972 ista,
1230 2905 1334 2962 hoc
1382 2915 1496 2973 est,
1525 2903 1674 2962 velut

95 2995 320 3067 quaedam
364 2997 630 3070 dejectio,
680 2998 1109 3070 perturbationis
1140 3014 1248 3053 non
1296 2997 1513 3053 virtutis
1555 2996 1670 3062 sit;

105 3091 343 3148 virtutem
376 3103 557 3148 tamen
588 3107 733 3162 saepe
755 3101 981 3163 generat
1009 3108 1021 3144 :
1053 3099 1108 3147 et
1138 3089 1196 3146 lit
1224 3106 1330 3146 non
1361 3107 1517 3160 poena
1537 3131 1553 3157 ,
1578 3091 1697 3146 sed‘

92 3181 370 3240 remedium
399 3186 792 3257 delinquentis.
825 3184 958 3240 Nam
991 3183 1035 3241 si
1064 3185 1306 3255 peccatis
1335 3185 1440 3240 tuis
1466 3184 1671 3240 tribuas

1774 1978 1891 2049 ejus
1922 1977 2174 2036 homines
2213 1979 2369 2046 sunt',
2399 1977 2504 2036 hoc
2531 1989 2655 2050 est,
2698 1971 3073 2050 rationabiles,
3102 1983 3298 2051 sancti,
3331 1984 3376 2037 si

1773 2067 1986 2125 Domini
2012 2071 2614 2142 praeceptajcustodiunt
2646 2089 2659 2127 :
2695 2065 2902 2130 fructus
2923 2073 3042 2145 ejus
3071 2083 3199 2130 sunt
3227 2075 3261 2131 ii
3285 2076 3378 2146 qui

1772 2171 2068 2218 nascuntur
2099 2163 2153 2218 in
2201 2165 2360 2220 terris
2390 2182 2402 2218 :
2435 2163 2648 2222 fructus
2672 2166 2792 2237 ejus
2837 2176 2965 2222 sunt
3008 2163 3237 2224 virtutes
3269 2167 3372 2225 bo-

1773 2252 1999 2310 minum.
2072 2247 2286 2329 1085.
2349 2256 2541 2313 Merito
2595 2273 2724 2330 ergo
2777 2259 2941 2316 arbor
3002 2259 3143 2316 bona
3201 2259 3379 2317 bonos

1771 2337 1980 2403 fructus
2009 2346 2162 2404 lacit.
2196 2348 2352 2404 Prius
2380 2337 2542 2421 igitur
2562 2350 2717 2407 radix
2750 2349 3038 2419 laudetur;
3073 2361 3133 2408 ut
3158 2351 3366 2410 fructus

1773 2429 1945 2509 possit
1975 2440 2214 2510 probari.
2246 2427 2352 2497 Sed
2375 2452 2432 2498 et
2455 2441 2585 2498 alibi
2611 2443 2686 2498 ait
2713 2442 2854 2498 idem
2881 2443 3140 2499 Dominus
3174 2433 3334 2500 Jesus
3361 2462 3373 2496 :

1774 2517 1845 2586 Et
1878 2530 2040 2587 Pater
2066 2543 2247 2598 vester,
2273 2533 2361 2604 qui
2397 2524 2560 2590 bonus
2599 2543 2694 2602 est,
2723 2535 2866 2604 dabit
2891 2534 3026 2591 bona
3051 2535 3176 2590 data
3205 2546 3379 2607 peten-

1776 2625 1908 2681 tibus
1934 2642 1988 2680 se
2017 2624 2184 2697 (Ibid.
2205 2667 2222 2694 ,
2258 2627 2373 2698 11).

1847 2713 1936 2773 i6.
1978 2717 2087 2774 Sed
2141 2718 2390 2789 quamvis
2434 2717 2612 2774 bonus
2660 2713 2805 2776 Deus
2845 2709 2945 2786 sit,
2997 2712 3151 2792 cujus
3203 2721 3370 2779 etiam

1772 2824 1955 2865 amara
2000 2809 2120 2879 plus
2169 2820 2398 2880 prosunt
2447 2809 2592 2884 (non
2637 2811 2784 2866 enim
2823 2811 3157 2879 inferuntur,
3189 2819 3248 2868 ut
3276 2827 3381 2870 no-

1774 2911 1955 2969 ceant,
1983 2899 2079 2957 sed
2105 2911 2160 2956 ut
2198 2901 2494 2974 corrigunt)
2529 2913 2751 2974 rogatur
2777 2912 2992 2974 tamen,
3028 2913 3086 2960 ut
3129 2906 3182 2960 in
3223 2903 3378 2962 boni-

1774 3001 1885 3049 tate
1932 2997 2028 3048 sua
2072 2992 2266 3050 doceat
2303 3010 2402 3050 nos
2424 2995 2660 3064 justitias
2691 3012 2839 3053 suas.
2868 2997 3170 3055 Considera
3200 3000 3375 3057 medi-

1775 3102 1897 3143 cum
1949 3084 2100 3142 utilia
2145 3097 2507 3158 apponentem
2561 3089 2957 3147 medicamenta
3023 3091 3370 3158 vulneribus;

1774 3195 1838 3236 ea
1866 3188 2047 3236 tamen
2076 3195 2199 3251 qua:
2226 3178 2512 3236 mordeant
2532 3175 2731 3238 ulceris
2751 3184 2920 3250 virus,
2943 3191 3036 3239 aut
3055 3185 3204 3240 certe
3227 3175 3377 3241 ferro

92 3276 216 3344 quod
242 3277 554 3333 humiliatus
595 3292 686 3346 es,
710 3268 968 3348 quidquid
995 3275 1287 3343 acciderit,
1319 3276 1377 3332 in
1409 3285 1462 3333 te
1492 3286 1666 3333 retor-
1693 3272 1739 3335 C
1770 3272 2070 3344 putrefacta
2121 3281 2492 3340 resecantem;
2540 3283 2661 3330 cum
2707 3275 2762 3330 in
2801 3290 2868 3332 eo
2912 3277 3030 3346 ipso
3079 3275 3254 3333 bonus
3300 3279 3374 3334 sit

93 3383 228 3438 ques,
263 3379 316 3426 et
343 3387 409 3426 ex
439 3385 539 3426 reo
565 3359 795 3440 incipies
818 3385 939 3425 esse
965 3367 1167 3439 justus,
1191 3369 1280 3440 qui
1308 3378 1359 3423 te
1391 3368 1506 3439 ipse
1537 3384 1671 3424 con-

89 3457 318 3516 demnas.
371 3461 558 3516 Justus
601 3462 748 3517 enim
801 3471 1070 3515 accusator
1123 3471 1196 3516 est
1237 3460 1319 3515 sui
1362 3461 1419 3514 in
1462 3461 1674 3515 exordio

88 3553 317 3609 sermonis
362 3552 564 3626 (Prov.
596 3567 753 3618 xvm,
781 3551 895 3623 17).
940 3553 1050 3608 Nec
1101 3561 1254 3623 potes
1292 3553 1572 3624 indignum
1620 3563 1675 3610 te

83 3637 309 3708 judicare
347 3643 688 3711 humilitate,
736 3644 827 3716 qui
875 3647 1093 3715 propria
1128 3655 1308 3700 errata
1360 3645 1669 3716 cognoscis,

85 3729 132 3783 in
151 3733 338 3803 quibus
369 3731 754 3791 erubescendo
777 3750 884 3790 non
910 3735 1098 3807 utique
1124 3735 1427 3800 extolleris,
1449 3734 1544 3792 sed
1573 3727 1674 3790 bu-

81 3822 514 3884 miliaris.Yides
542 3842 672 3898 ergo
713 3827 837 3898 quia
887 3823 1006 3882 ideo
1051 3827 1366 3883 humiliatus
1408 3843 1501 3894 es,
1546 3827 1671 3898 quia

82 3913 375 3988 deliquisti,
409 3927 466 3975 et
493 3933 602 3975 non
634 3919 864 3975 servasti
897 3919 1108 3989 eloquia
1141 3919 1257 3974 Dei.
1315 3918 1467 3974 Unde
1513 3925 1672 3974 scrt'a

79 4009 411 4083 diligentius,
473 4028 540 4067 ne
577 4027 804 4083 pecces;
833 4027 901 4068 ne
928 4013 1124 4068 iterum
1154 4012 1277 4083 quia
1309 4011 1550 4082 dejectus
1589 4026 1671 4078 es,

81 4103 284 4160 tristitia
310 4105 673 4164 absorbearis
699 4125 712 4161 :
741 4115 796 4162 et
840 4104 934 4160 fiat
978 4106 1072 4162 tibi
1112 4105 1346 4176 dejectio
1379 4113 1466 4162 tua
1500 4106 1675 4161 incre-

74 4203 307 4252 mentum
337 4197 682 4270 iniquitatis,
709 4214 830 4268 quae
859 4197 1024 4255 debet
1049 4198 1407 4254 correctionis
1435 4213 1557 4254 esse
1581 4213 1675 4253 oc-

73 4287 236 4343 casio.
267 4287 485 4346 Etenim
515 4291 574 4345 in
611 4288 1002 4345 tentationibus
1032 4290 1219 4356 homo,
1242 4290 1381 4345 sicut
1408 4305 1599 4344 aurum
1620 4289 1672 4342 in

69 4377 392 4437 conﬂatorio
420 4370 1019 4451 comprobatur.Vides
1039 4371 1314 4451 Propheta
1342 4381 1469 4451 quid
1501 4380 1672 4435 dicat:

70 4465 384 4542 Priusquam
405 4472 745 4542 humiliarer,
767 4471 968 4544 inquit,
1000 4490 1092 4545 ego
1123 4473 1337 4542 deliqui.
1371 4471 1501 4528 Jure
1545 4487 1675 4544 ergo

67 4566 465 4622 tentationibus
494 4565 728 4622 traditus
750 4575 864 4631 est,
890 4567 1144 4637 quoniam
1171 4565 1535 4636 delinquebat.
1567 4565 1672 4622 De-

1778 3366 2051 3434 medicus,
2083 3365 2207 3438 quia
2238 3366 2527 3422 utilitatem
2579 3375 2837 3437 operatur
2863 3368 3050 3438 aegroti
3070 3409 3084 3434 ,
3116 3377 3172 3425 et
3216 3369 3382 3426 faciat

1777 3459 1922 3531 quod
1967 3459 2226 3531 prodesse
2267 3460 2520 3516 noverit:
2552 3468 2732 3515 tamen
2780 3459 2905 3530 quia
2949 3476 3093 3533 a'ger
3131 3461 3376 3519 dolorem

1777 3561 1873 3608 aut
1901 3568 2007 3608 non
2035 3553 2169 3621 vult,
2199 3560 2291 3607 aut
2319 3567 2424 3608 non
2455 3557 2635 3622 potest
2664 3552 2937 3608 sustinere
2967 3562 3191 3624 propter
3227 3555 3378 3610 inllr-

1778 3644 2024 3702 mitatem
2056 3642 2284 3699 aﬂ‘ectus
2305 3642 2416 3710 sui,
2448 3651 2604 3714 rogat
2634 3651 2692 3698 ut
2722 3639 2966 3699 medicus
2995 3659 3119 3700 eum
3146 3645 3378 3716 quadam

1778 3735 2024 3793 bonitate
2077 3744 2134 3792 et
2179 3736 2448 3791 suavitate
2501 3750 2597 3790 sua
2643 3745 2833 3803 curet,
2881 3752 2988 3791 non
3031 3738 3379 3808 asperitatem

1778 3829 2032 3884 adhibeat
2072 3828 2620 3897 medicamentorum,
2651 3842 2756 3882 non
2801 3819 2944 3883 lerro
2972 3819 3382 3886 incidatvulne-

1779 3937 1899 3978 rum
1932 3921 2095 3976 ﬁbras
2124 3937 2138 3974 :
2164 3930 2256 3975 aut
2285 3920 2329 3974 si
2357 3920 2518 3975 aliter
2549 3933 2654 3973 non
2688 3926 2896 3987 potest,
2931 3926 2989 3973 ut
3025 3933 3147 3974 cum
3193 3919 3382 3975 mode-

1779 4016 1988 4070 ratione
2035 4012 2232 4076 faciat,
2275 4017 2332 4065 et
2372 4007 2606 4080 quadam
2653 4007 2955 4064 subtilitate
3005 4009 3215 4081 mitiget
3270 4009 3379 4066 vim

1778 4105 2006 4162 doloris.
2033 4104 2100 4159 Et
2116 4104 2236 4159 ideo
2256 4102 2308 4157 in
2340 4101 2614 4173 Evangelii
2637 4102 2879 4157 bonitate
2901 4104 3095 4160 melius
3116 4103 3380 4162 docentur

1773 4196 2191 4269 justilicationes
2231 4195 2360 4264 Dei,
2394 4209 2557 4265 quam
2600 4195 2654 4249 in
2699 4193 2860 4266 Legis
2887 4195 3199 4252 severitate.
3231 4197 3380 4268 Opus

1779 4297 1958 4344 autem
1999 4287 2225 4358 justitia:
2270 4285 2587 4355 justillcatio
2641 4294 2739 4341 est.
2801 4284 2955 4341 Unde
3007 4288 3271 4360 scriptum
3293 4301 3382 4345 est

1779 4383 1906 4452 quia
1937 4393 1960 4422 ο
1997 4381 2256 4438 Pharisaei
2301 4396 2364 4437 se
2397 4381 2698 4452 justilicare
2737 4383 3057 4452 noluerunt,
3100 4401 3209 4440 non
3257 4386 3380 4458 bap«

1779 4473 1924 4528 tizati
1974 4472 2246 4543 baptismo
2289 4470 2514 4526 Joannis
2559 4470 2728 4543 (Luc.
2779 4488 2874 4541 vn,
2898 4471 3011 4543 50).
3045 4473 3102 4527 In
3133 4489 3202 4529 eo
3227 4477 3374 4531 enim

1773 4563 2214 4634 justiticationem
2245 4575 2353 4616 non
2381 4560 2661 4627 fecerunt;
2709 4563 2835 4632 quia
2880 4559 3174 4618 noluerunt
3215 4579 3379 4636 agere

63 4649 334 4726 linquebat
385 4665 604 4726 autem,
634 4659 760 4729 quia
811 4659 905 4716 Dei
947 4659 1220 4730 eloquium
1275 4675 1383 4715 non
1433 4657 1754 4725 tenebat.D
1780 4655 2156 4727 paenitentiam
2218 4653 2580 4720 delictorum,
2629 4668 2790 4723 quam
2847 4641 3122 4724 Propheta
3174 4655 3229 4710 in
3282 4651 3376 4712 bo-

63 4743 251 4806 Verum
301 4749 445 4808 inde
500 4749 749 4807 ordinem
798 4750 1197 4808 emendationis
1251 4751 1493 4815 invenit,
1533 4751 1674 4806 unde

63 4837 207 4912 culpa
227 4850 630 4918 processerat.
678 4845 859 4919 C(Bpit
887 4863 1016 4905 esse
1041 4849 1322 4920 subjectus
1349 4846 1564 4918 eloquio
1594 4847 1676 4904 di-

61 4932 200 5004 vino,
230 4937 286 4994 et
313 4935 494 5010 culpa
519 4937 739 4994 desivit.

127 5025 216 5084 15.
242 5019 441 5102 mers.
467 5027 593 5102 68.)
619 5019 878 5102 Sequitur
895 5045 1086 5088 versus
1108 5041 1336 5104 quartus
1359 5048 1373 5085 :
1393 5030 1570 5085 Bonus
1595 5047 1670 5097 es,

65 5101 297 5191 Pontiae,
313 5131 366 5178 et
391 5123 454 5177 in
481 5101 714 5177 bonitate
735 5133 828 5176 tua
850 5123 975 5178 doce
1000 5140 1078 5178 me
1092 5101 1323 5197 justitias
1340 5131 1477 5177 tuas.
1504 5122 1678 5178 Etiam

61 5213 180 5268 “usus
204 5203 543 5286 disciplinae
584 5206 872 5272 smcularis
924 5218 1172 5288 accepit,
1204 5229 1267 5272 ut
1308 5217 1681 5287 unusquisque

63 5299 285 5374 iudicem
311 5311 492 5366 suum
533 5305 736 5363 laudet.
771 5299 930 5363 Unde
954 5305 1246 5378 Apostolus
1286 5323 1520 5381 sequens
1545 5307 1682 5364 divi-

129 5453 150 5516 ξι
173 5443 456 5516 Plerique
487 5456 654 5516 [jussu
683 5443 804 5516 Alia
823 5442 1039 5516 traditio
1059 5442 1232 5516 habet.

125 5511 152 5552 ιι
168 5511 392 5572 Νοοαῐι
416 5513 659 5583 dubium
682 5515 816 5584 quin
841 5513 929 5569 hic
945 5512 1307 5584 Origenist‘as,
1332 5512 1476 5585 quod
1497 5527 1684 5569 sense-

65 5583 402 5642 rilutrinsu
421 5585 594 5657 prius
625 5583 924 5657 enatitisse,
946 5583 1110 5654 atque
1150 5583 1426 5657 peccasse,
1445 5598 1612 5657 quam
1631 5586 1684 5638 in

67 5659 284 5728 eum
305 5653 716 5728 sitiet-enim,
743 5655 956 5710 occulte
988 5653 1314 5728 perstringat
1339 5653 1682 5728 Ambrosius.

69 5725 132 5795 δι
156 5723 298 5790 ’ω
313 5725 661 5786 castitatem
685 5731 870 5795 potest
897 5723 1041 5795 quod
1091 5723 1351 5783 unte‘noh
1381 5723 1551 5782 semel
1573 5724 1685 5795 jam

72 5791 308 5865 diximus,
338 5815 478 5856 eum
510 5799 619 5852 has
643 5791 791 5852 solas
819 5791 1069 5865 Origenis
1089 5797 1374 5864 opiniones
1393 5791 1688 5866 aliquando

75 5879 407 5942 [tropo-ere,
467 5882 620 5940 quas
667 5868 738 5923 ab
792 5866 1062 5936 aliquibus
1118 5867 1240 5923 aliis
1293 5865 1542 5924 Patribus
1587 5865 1685 5921 ad-

1783 4749 1950 4805 nitate
1996 4747 2113 4804 vult
2167 4761 2364 4817 agere;
2421 4756 2480 4800 ut
2527 4745 2577 4800 ei
2624 4745 2720 4800 fiat
2777 4755 3123 4815 peccatorum
3177 4750 3374 4806 remis-

1782 4841 1866 4897 sio
1913 4840 2031 4895 sine
2080 4837 2365 4893 atrocitate
2414 4835 2816 4904 damnationis,
2865 4851 2990 4893 cum
3035 4839 3377 4897 remissionis

1781 4931 1974 5005 gratia.

1857 5021 1946 5078 17.
1974 5021 2158 5091 (Vers.
2181 5013 2294 5090 69.)
2323 5017 2579 5089 Sequitur
2607 5034 2621 5071 :
2647 5009 3005 5089 Multiplicata
3026 5030 3099 5076 est
3116 5038 3272 5093 super
3299 5041 3379 5078 me

1782 5109 2026 5184 iniquitas
2073 5110 2408 5184 superborum
2439 5126 2456 5164 :
2487 5125 2578 5181 ego
2616 5118 2783 5165 autent
2821 5111 2874 5164 in
2913 5121 3017 5166 toto
3065 5111 3218 5169 corde
3267 5132 3377 5171 meo

1782 5205 2048 5260 scrutabor
2073 5203 2321 5256 mandata
2352 5211 2460 5256 tua.
2491 5199 2706 5269 Quanto
2754 5203 2925 5274 magis
2961 5204 3083 5274 quis
3114 5199 3226 5262 Deo
3263 5221 3378 5263 ser-

1784 5298 1900 5354 vire
1922 5294 2217 5362 desiderat,
2251 5300 2398 5348 tanto
2426 5293 2596 5363 magis
2623 5293 2675 5347 in
2703 5308 2763 5349 se
2784 5293 2988 5350 excitat
3001 5294 3378 5356 adversarios:

1789 5439 1982 5562 misgas
2031 5433 2195 5488 fuisse
2246 5430 2603 5502 intelligebat,
2653 5444 2828 5501 neque
2882 5431 2953 5487 ab
3000 5431 3244 5490 Ecclesia
3292 5451 3382 5494 re-

1789 5523 1889 5562 nro
1931 5519 2066 5561 atas.

1787 5519 2066 5580 pronatas.

1867 5598 2082 5682 COEdit.
2107 5605 2243 5661 vet.,
2273 5597 2395 5668 quia
2423 5595 2682 5651 Plurimi
2700 5614 2755 5653 se
2762 5597 3059 5723 iustiﬁcam
3087 5600 3378 5658 voluerunt.

1867 5669 1984 5723 ilius
2015 5669 2168 5723 item.
2211 5683 2337 5723 cum
2385 5683 2638 5723 mss......
2693 5678 2990 5723 nouerunt.
3037 5676 3100 5723 ut
3139 5671 3298 5723 docet
3326 5675 3378 5723 id

1793 5667 1984 5726 Melius
2015 5669 2168 5723 item.
2211 5667 2337 5724 cum
2385 5683 2638 5735 mss.,....
2693 5667 2990 5738 noluerunt,
3037 5676 3100 5725 ut
3139 5671 3298 5729 docet
3326 5675 3380 5731 id

1792 5737 1935 5812 quod
1985 5747 2117 5826 post
2150 5739 2380 5826 alterum
2433 5753 2652 5797 versum
2701 5737 3089 5814 diciturnam
3109 5743 3382 5826 noluerunt

1793 5828 1943 5883 agere
1964 5819 2332 5883 panitentiam.
