3988 6382
599 338 622 391 1
635 331 738 392 527

1964 325 2044 382 SA
2054 322 2212 382 NCT]
2250 321 2576 384 AMBROSll

3756 328 3870 387 4328

600 461 657 504 et
693 458 967 516 tamquam
1012 444 1213 500 athleta
1261 442 1416 499 fortis
1459 452 1718 497 coronam
1745 438 1972 509 justitite
2007 454 2197 510 repor-
2226 447 2269 504 Α
2303 439 2518 507 borum,
2546 440 2704 496 lactis
2753 441 2992 511 speciem
3027 441 3430 512 praeferebant,
3488 441 3648 498 nulla
3695 442 3869 499 invidia

602 550 719 597 tare
753 539 1094 602 desiderans,
1135 536 1310 591 irritat
1359 535 1413 591 in
1461 549 1522 590 se
1577 533 1842 604 plurimos
1864 542 1918 588 et
1946 533 2194 600 lacessit,

603 637 694 706 qui
746 629 992 689 invident
1027 639 1218 685 nostro
1245 627 1530 700 profectui.
1555 625 1710 694 Quod
1741 624 1906 680 etiam
1933 625 1985 679 in
2018 634 2199 695 postc-

601 728 838 786 rioribus
883 724 1168 780 evidenter
1196 731 1222 759 α
1260 721 1517 778 ostendit.
1558 718 1692 776 Cum
1727 718 1846 772 odio
1895 715 2198 772 habentibus

606 835 804 891 pacem,
836 832 994 883 eram,
1022 814 1216 884 inquit,
1244 815 1490 886 paciﬁcus
1525 809 1698 882 (Psal.
1741 825 1888 877 cxrx,
1925 808 2004 879 7).
2053 807 2197 862 Nihil

603 920 783 968 tamen
828 906 1189 978 tranquillitas
1220 906 1338 976 ejus
1370 903 1722 975 proficiebat;
1757 910 1815 956 ut
1856 915 1950 956 eos
1977 901 2067 971 qui
2103 915 2201 971 pa-

603 1019 721 1062 cem
769 1002 1032 1067 oderant,
1062 999 1583 1070 suaitranquillitate
1611 1005 1988 1067 componeret,
2019 1003 2074 1050 ct
2104 1009 2200 1050 eo-

599 1113 719 1155 rum
763 1094 942 1152 studia
970 1093 1380 1164 comprimeret.
1415 1091 1544 1146 Cum
1592 1089 1833 1161 loquebar
1869 1088 1997 1155 illis,
2029 1087 2202 1158 impu-

609 1188 835 1260 gnabant
879 1202 960 1241 me
1009 1185 1170 1257 gratis
1214 1182 1487 1256 (lbid.),
1537 1182 1640 1237 hoc
1677 1190 1794 1248 est,
1838 1196 1960 1236 cum
2007 1193 2199 1235 causas

596 1279 948 1353 impugnandi
997 1295 1104 1334 non
1153 1277 1458 1344 haberent,
1491 1284 1673 1332 tamen
1701 1273 2050 1346 impugnandi
2087 1282 2200 1329 stu-

598 1375 748 1430 dium
790 1389 896 1428 non
941 1371 1310 1442 deponebaut.
1342 1371 1421 1426 lla
1453 1385 1582 1441 ergo
1623 1369 2059 1440 multiplicantur
2085 1370 2200 1425 sive

599 1467 859 1539 nequitia:
904 1466 1214 1537 spiritales,
1246 1465 1362 1521 sive
1408 1465 1686 1528 homines,
1723 1473 1778 1520 et
1807 1463 2201 1533 multiplicatur

600 1560 861 1631 iniquitas
916 1573 1105 1613 eorum
1144 1572 1309 1626 super
1349 1555 1576 1627 justum.
1608 1555 1772 1611 Verbi
1810 1556 2013 1625 gratia,
2044 1555 2088 1610 si
2139 1554 2202 1608 ﬁ-

599 1656 729 1712 lium
754 1657 934 1725 justus
964 1653 1196 1720 amittat,
1223 1652 1367 1724 quod
1391 1651 1578 1707 saeculi
1607 1666 1706 1704 usu
1729 1665 1874 1720 saepe
1903 1648 2195 1719 contingit:

595 1749 643 1804 si
673 1746 880 1803 amittat
907 1745 1317 1814 patrimonium,
1337 1741 1425 1798 vel
1451 1742 1683 1797 diversis
1703 1741 1973 1796 afﬁciatur
1992 1741 2199 1796 incom-

2302 539 2615 602 corruptam
2643 548 2657 599 ;
2707 530 2760 586 hi
2793 529 2841 588 si
2873 534 3141 603 ccepcrint
3181 535 3449 597 invidere.
3479 536 3793 606 coagulatur
3826 538 3868 592 in

2301 621 2491 675 vitium
2515 634 2610 676 cor
2640 636 2853 690 eorum,
2883 632 2938 680 et
2965 623 3025 678 ﬁt
3060 624 3128 680 de
3148 626 3417 681 suavitate
3439 625 3701 681 amicitia:
3743 641 3870 681 ama—

2301 712 2482 768 ritudo
2511 713 2929 782 malevolentiae,
2956 725 3010 771 et
3031 716 3271 772 insuavis
3295 716 3517 789 quidam
3566 719 3759 772 horror
3800 717 3870 772 in-

2299 805 2481 862 vidirc.
2513 807 2658 878 Ergo
2686 809 3028 880 coagulatum
3066 819 3150 867 est
3177 826 3274 867 cor
3302 827 3396 882 per
3423 812 3732 882 superbiam
3752 854 3766 878 ,
3794 828 3872 883 per

2299 897 2583 965 invidiam,
2612 897 2640 937 δ
2669 916 2787 970 qua:
2807 901 3081 957 lenitatem
3107 912 3336 972 naturae,
3363 905 3628 960 fluentem
3655 905 3873 961 benevo-

2302 989 2492 1058 lentia,
2507 989 2728 1048 malitiaa
2747 995 3104 1050 concretione
3122 995 3403 1051 vitiarunt.
3432 995 3744 1067 lniquorum
3765 1013 3874 1068 ergo

2298 1097 2398 1139 cor
2420 1084 2961 1154 coagulaturzjustus
2982 1099 3163 1144 autem
3189 1089 3531 1154 humiliatur,
3564 1087 3724 1161 Legis
3752 1102 3871 1159 pra:-

2301 1187 2456 1247 cepta
2486 1177 2820 1247 meditando,
2849 1181 2939 1251 qui
2966 1180 3130 1236 habet
3161 1179 3482 1238 humilitatis
3499 1183 3874 1252 magisterium.

2370 1270 2460 1326 ‘20.
2491 1269 2693 1343 (Vers.
2723 1273 2811 1326 7i.
2844 1268 2864 1344 )
2917 1271 3151 1344 Ideoque
3196 1273 3473 1330 subdidit:
3516 1273 3723 1329 Bonum
3766 1275 3878 1328 mihi

2300 1362 2437 1432 quod
2473 1361 2765 1418 humiliasti
2805 1379 2887 1418 me
2912 1381 2932 1432 ;
2961 1374 3018 1419 ut
3061 1365 3258 1420 discam
3295 1366 3701 1438 justiﬁcationes
3758 1376 3877 1421 tuas.

2304 1454 2416 1510 Hoc
2450 1465 2672 1512 secutus
2718 1457 3051 1528 Apostolus:
3093 1458 3292 1514 Placeo
3315 1459 3443 1515 mihi
3466 1502 3483 1528 ,
3522 1460 3618 1528 ait,
3656 1462 3709 1516 in
3749 1461 3880 1532 inﬁr-

2300 1549 2587 1616 mitatibus,
2619 1550 2673 1604 in
2714 1550 2946 1624 injuriis,
2976 1553 3034 1606 in
3060 1553 3468 1620 necessitatibus,
3504 1555 3560 1608 in
3583 1555 3879 1626 persecutio-

2301 1640 2474 1707 nibus,
2506 1641 2560 1694 in
2605 1643 2860 1712 angustiis
2889 1643 2908 1713 (
2935 1641 2980 1697 ll
3008 1643 3125 1699 Cor.
3161 1660 3201 1709 ι,
3235 1660 3337 1712 sit,
3406 1644 3534 1718 10).
3583 1644 3720 1702 Cum
3751 1647 3880 1702 enim

2300 1733 2600 1805 complacet
2630 1735 2683 1790 in
2715 1735 3142 1802 inﬁrmitatibus,
3178 1747 3233 1794 et
3266 1753 3372 1793 non
3394 1737 3666 1810 frangitur
3689 1739 3881 1808 animo,

598 1839 778 1896 modis
801 1853 1004 1902 rerum,
1027 1837 1115 1891 vel
1138 1834 1387 1905 corporis
1410 1833 1835 1899 inﬁrmitatibus,
1862 1841 1992 1888 tunc
2010 1833 2198 1889 dicunt
2229 1841 2273 1901 Β
2302 1843 2404 1883 nec
2431 1829 2576 1884 cedit
2601 1828 2836 1898 injuriae,
2869 1829 3085 1887 discere
3117 1829 3542 1901 justiﬁcationes
3569 1833 3669 1889 Dei
3707 1844 3762 1889 et
3785 1847 3885 1889 me-

599 1930 818 2002 superbi
851 1928 993 1985 :Ubi
1044 1935 1132 1982 est
1164 1926 1375 1996 justitia
1439 1925 1597 1996 ejus?
1645 1924 1746 1982 Ubi
1795 1924 2200 1981 misericordia?

599 2024 743 2080 Ecce
773 2021 896 2093 quia
933 2020 1012 2074 sic
1042 2019 1330 2073 mulctatus
1355 2026 1476 2072 est:
1509 2031 1638 2072 ecce
1656 2017 1783 2087 quia
1813 2018 1862 2072 ei
1890 2015 2198 2072 innocentia

603 2129 702 2170 sua
743 2112 878 2167 nihil
907 2108 1151 2180 prodest.
1205 2108 1439 2178 Ideoque
1465 2107 1533 2162 ad
1584 2107 1708 2160 vita:
1735 2106 1894 2174 hujus
1922 2106 2198 2175 specimen

602 2203 1018 2270 extrahendum,
1082 2211 1192 2259 tres
1226 2202 1298 2256 illi
1322 2209 1512 2255 sancto
1552 2199 1654 2255 Job
1682 2199 1863 2268 Specie
1890 2199 2070 2264 amici,
2103 2198 2201 2252 ob-

601 2297 927 2355 trectatione
953 2304 1132 2350 autem
1169 2293 1406 2357 inimici,
1434 2291 1722 2363 probitatis
1774 2301 1938 2360 atque
1981 2291 2202 2360 iustitiae

599 2391 719 2461 ejus
748 2387 942 2456 invidi,
973 2385 1368 2459 exprobrantes
1405 2385 1588 2454 gravia
1618 2383 1908 2453 Opprobria
1931 2398 2200 2454 congere-

596 2485 760 2551 bant;
819 2491 873 2538 et
912 2481 1005 2552 qui
1047 2489 1310 2535 venerant
1360 2478 1428 2533 ad
1468 2477 1883 2544 consolandum,
1943 2479 2202 2534 insultare

602 2584 910 2646 creperum.

672 2669 761 2725 18.
805 2666 912 2724 Sed
936 2665 1120 2734 justus
1159 2665 1242 2720 his
1271 2680 1378 2720 non
1411 2671 1681 2730 movetur,
1712 2662 1941 2734 ideoque
1971 2678 2071 2720 nec
2099 2660 2202 2719 Job

596 2763 964 2831 frangebatur.
1023 2761 1266 2831 Denique
1293 2761 1346 2814 in
1397 2759 1784 2816 amissionibus
1832 2759 2066 2816 ﬁliorum
2113 2760 2204 2816 vel

600 2854 911 2925 patrimonii
958 2854 1207 2908 dicebat:
1243 2851 1497 2907 Dominus
1550 2852 1712 2915 dedit,
1742 2850 1994 2907 Dominus
2024 2852 2198 2908 abstu—

600 2949 728 3002 lit...
761 2949 829 3001 sit
850 2961 1034 3000 nomen
1066 2945 1274 2999 Domini
1318 2945 1637 2999 benedictum
1664 2943 1805 3015 (Job.
1837 2962 1874 3010 ι,
1905 2945 2020 3016 21).
2059 2947 2202 3016 Ergo

601 3049 652 3095 et
720 3037 772 3093 in
831 3035 1074 3090 adversis
1135 3034 1293 3104 po~iti
1361 3035 1606 3088 dicamus
1650 3033 1988 3088 :Bonitatem
2037 3036 2205 3106 fecisti

606 3130 818 3206 1085
840 3143 958 3184 cum
991 3143 1135 3181 δενυο
1162 3137 1248 3180 ηιο
1273 3127 1496 3199 (Supra,
1524 3126 1690 3197 v.65).
1725 3127 1910 3182 Potest
1932 3127 2073 3182 enim
2098 3127 2202 3183 Do-

602 3226 782 3280 minus
814 3225 866 3275 in
899 3220 1318 3275 meliusmntare
1345 3233 1467 3288 qua:
1495 3217 1632 3272 facta
1661 3225 1806 3283 sunt,
1831 3227 1887 3271 ut
1906 3216 2006 3273 Job
2026 3217 2198 3274 sancti
2225 3221 2272 3289 (ζ

602 3314 868 3369 habemus
913 3309 1220 3368 exemolum
1275 3306 1418 3379 (Job.
1457 3323 1588 3372 χιιι,
1619 3307 1684 3364 10
1705 3317 1754 3361 et
1779 3307 1946 3379 seq.);
2003 3319 2202 3379 etquae

604 3405 802 3462 amissa
833 3414 958 3460 sunt
991 3402 1240 3458 reddere.
1266 3401 1452 3456 Potest
1481 3401 1602 3470 quis
1625 3401 1914 3455 etamissis
1941 3400 2085 3462 ﬁliis.
2107 3417 2203 3471 ge-

604 3512 799 3554 nerare
825 3496 1105 3550 meliores.
1148 3491 1420 3563 Numquid
1464 3492 1576 3546 Deo
1604 3499 1688 3546 est
1726 3490 1948 3546 difﬁcile
1980 3490 2204 3547 meliora

604 3589 850 3645 donare?
901 3587 1086 3642 l‘0test
1109 3586 1319 3640 etiamsi
1354 3583 1486 3639 nihil
1532 3585 1720 3652 donet,
1757 3586 1858 3639 hoc
1882 3585 2002 3655 ipso
2025 3596 2202 3642 tamen

601 3681 750 3749 justo
775 3693 897 3734 esse
934 3686 1302 3749 prOSpectum,
1349 3678 1394 3731 si
1433 3675 1572 3732 forte
1597 3674 1759 3730 futuri
1799 3676 2034 3744 improbi
2067 3678 2204 3747 rapti

607 3781 754 3837 sunt,
790 3788 857 3826 ne
885 3778 1122 3826 mutaret
1145 3769 1348 3824 malitia
1399 3782 1497 3824 cor
1525 3783 1742 3824 eorum.
1772 3768 2032 3824 Similiter
2059 3777 2116 3825 et
2139 3768 2207 3825 de

611 3864 958 3939 patrimonio,
1013 3860 1168 3933 quasi
1223 3876 1328 3916 non
1362 3861 1644 3916 videamus
1697 3861 1961 3930 plurimos
1988 3867 2208 3932 propter

610 3974 743 4030 opes
769 3953 1099 4029 patrimonii,
1133 3955 1186 4010 in
1208 3953 1506 4023 periculum
1550 3953 1742 4009 salutis
1770 3968 1894 4010 esse
1921 3954 2205 4022 deductos,

611 4049 859 4121 plurimis
879 4063 945 4104 ex
999 4045 1311 4100 divitiarum
1347 4044 1681 4101 abundantia
1729 4052 1903 4100 ortam
1933 4061 2054 4102 esse
2073 4061 2206 4102 cau-

611 4154 729 4194 sam
781 4137 1059 4207 peccandi.
1102 4137 1203 4203 Qui
1253 4136 1397 4191 enim
1441 4151 1547 4191 non
1599 4135 1761 4192 habet
1816 4139 1959 4208 quod
2009 4138 2204 4207 donet,

617 4230 812 4286 ascribi
841 4230 890 4283 ei
918 4227 1074 4294 culpa
1096 4241 1202 4281 non
1234 4235 1431 4296 potest,
1460 4228 1599 4298 quod
1625 4242 1731 4282 non
1761 4227 2046 4286 donaverit
2073 4249 2088 4287 :
2115 4230 2209 4303 qui

618 4337 796 4384 autem
821 4325 981 4381 habet
995 4323 1136 4394 quod
1159 4323 1345 4389 donet,
1377 4333 1429 4379 et
1452 4339 1558 4378 non
1589 4321 1702 4389 dat,
1734 4324 1922 4396 utique
1942 4327 2210 4384 obnoxius

618 4435 740 4496 esse
771 4417 957 4487 incipit
984 4421 1228 4486 peccato.

692 4515 778 4569 19.
812 4511 831 4583 (
861 4510 1018 4564 Vers.
1048 4509 1139 4564 70.
1177 4505 1197 4580 )
1226 4507 1516 4578 Sequitur:
1572 4507 1915 4580 Coagulatum
1962 4520 2036 4566 est
2077 4513 2211 4568 sicut

2303 1922 2433 1990 ruit,
2459 1922 2798 1992 etimplevit.
2831 1924 2974 1995 Ergo
3014 1923 3130 1993 hic,
3162 1925 3451 1980 humiliasti
3471 1942 3573 1994 me,
3639 1926 3742 1982 hoc
3789 1935 3880 1993 est,

2304 2014 2536 2071 diversis
2607 2013 2999 2073 tentationibus
3053 2025 3110 2072 et
3169 2016 3526 2073 incommodis
3585 2018 3882 2074 exercuisti.

2303 2109 2456 2177 Quod
2482 2113 2698 2182 aperuit
2724 2119 2779 2166 et
2813 2111 3176 2182 Symmachus
3203 2112 3474 2168 scribens:
3510 2110 3727 2183 Profuit
3773 2112 3886 2166 milii

2308 2201 2446 2272 quod
2471 2202 2704 2273 afﬂictus
2747 2219 2863 2257 sum
2888 2244 2904 2272 ,
2958 2212 3015 2257 ut
3053 2203 3299 2258 discerem
3330 2203 3570 2276 justitias
3620 2214 3755 2258 tuas.
3800 2203 3885 2259 Er-

2300 2310 2369 2366 go
2419 2295 2511 2366 qui
2564 2295 2916 2364 humiliatur,
2960 2313 3067 2352 non
3117 2295 3341 2368 dejiciat
3393 2299 3666 2366 animum,
3724 2313 3887 2369 neque

2305 2388 2556 2458 frangat;
2587 2387 2682 2445 scd
2715 2389 2886 2458 magis
2919 2389 3254 2445 humiliando
3287 2388 3539 2461 proﬁciat
3568 2407 3583 2457 ;
3627 2399 3690 2446 ut
3711 2405 3886 2461 super-

2304 2481 2434 2537 bum
2475 2481 2784 2537 humilitate
2809 2496 2903 2538 sua
2926 2482 3172 2553 mitiget,
3221 2482 3518 2540 insolentes
3574 2499 3785 2540 morum
3813 2499 3890 2538 sc-

2305 2575 2535 2630 veritate
2563 2575 2878 2642 confundat,
2901 2573 3330 2631 contumeliosos
3352 2576 3615 2646 patientia
3638 2591 3734 2632 sua
3754 2577 3891 2633 fran-

2305 2677 2416 2738 gat,
2443 2683 2638 2723 avaros
2667 2683 3075 2738 nonnumquam
3121 2667 3287 2723 etiam
3333 2668 3744 2740 aequanimitate
3791 2669 3893 2724 dis—

2306 2758 2488 2830 pendii
2518 2775 2547 2813 a
2579 2759 2742 2830 jurgii
2773 2760 3078 2815 intentione
3107 2757 3364 2816 deducat.
3398 2760 3489 2817 Sic
3527 2763 3674 2818 enim
3703 2761 3890 2834 legisti,

2306 2851 2430 2918 quia
2447 2851 2743 2924 justi/Scala
2763 2859 2838 2905 est
2867 2851 3123 2921 sapientia
3173 2869 3205 2906 a
3245 2853 3369 2922 [iliis
3399 2854 3510 2908 suis
3546 2855 3570 2926 (
3617 2855 3752 2910 Luc.
3806 2870 3893 2920 vn,

2307 2940 2376 2996 55
2401 2941 2444 3010 ),
2475 2941 2603 2997 dum
2624 2942 2879 2998 Christus
2904 2958 2966 2998 se
2989 2942 3151 2999 offert
3173 2943 3465 3016 supplicio,
3489 2944 3643 3002 dedit
3664 2946 3893 3018 injuriis,

2308 3047 2414 3088 non
2443 3033 2702 3089 subduxit
2731 3035 3060 3105 opprobriis,
3081 3052 3180 3093 nec
3205 3051 3234 3091 a
3264 3037 3590 3094 confusione
3611 3049 3897 3110 sputorum

2305 3125 2502 3180 avertit
2528 3124 2718 3182 faciem
2746 3141 2937 3193 suam;
2990 3136 3044 3183 et
3070 3127 3195 3185 ideo
3230 3140 3252 3168 ο
3276 3144 3467 3185 omnes
3491 3129 3758 3200 patientia
3805 3145 3891 3187 sua

2303 3216 2580 3284 instruxit,
2617 3228 2671 3273 et
2721 3219 2891 3275 livore
2917 3220 3152 3276 sanavit.

2376 3309 2463 3364 2i.
2501 3309 2521 3380 (
2553 3309 2711 3366 Vcrs.
2740 3311 2828 3364 72.
2866 3312 2886 3383 )
2932 3312 3226 3385 Sequitur:
3265 3315 3624 3372 Bonummilii
3673 3319 3764 3374 lea:
3806 3318 3900 3372 oris

2306 3399 2381 3452 tui
2422 3415 2578 3469 super
2607 3399 2772 3454 millia
2798 3403 2912 3455 auri
2941 3413 2988 3458 et
3013 3405 3234 3477 argenti.
3282 3405 3400 3462 Non
3423 3407 3758 3478 quicumque
3804 3410 3900 3463 hoc

2306 3489 2482 3545 dicit:
2520 3491 2688 3547 immo
2733 3507 2891 3548 rarus
2944 3493 3048 3550 hoc
3084 3495 3255 3564 dicit,
3307 3497 3360 3552 id
3409 3507 3492 3554 est
3523 3541 3540 3566 ,
3581 3501 3674 3570 qui
3737 3501 3903 3572 legem

2307 3580 2406 3636 Dei
2432 3597 2566 3637 auro
2595 3591 2764 3654 atque
2785 3595 3015 3657 argento
3044 3587 3322 3658 praeferat,
3354 3589 3449 3661 qui
3480 3600 3659 3660 potest
3681 3601 3906 3664 propter

2305 3675 2482 3746 legem
2521 3676 2616 3732 Dei
2646 3679 2827 3733 omnia
2856 3680 3196 3751 relinquere.
3232 3682 3338 3738 Sed
3358 3697 3459 3739 nec
3485 3683 3744 3740 Christus
3773 3687 3908 3741 hunc

2308 3767 2536 3836 reperit,
2576 3769 2678 3825 nisi
2728 3769 2798 3826 de
2826 3771 2893 3826 iis
2941 3788 3078 3844 quos
3118 3773 3233 3844 ipse
3261 3773 3460 3831 docere
3504 3777 3767 3848 dignatus
3807 3785 3908 3832 est.

2315 3859 2527 3932 1086
2552 3860 2748 3917 Petrus
2769 3862 2872 3918 hoc
2901 3863 3058 3931 dixit,
3083 3874 3137 3921 et
3167 3867 3418 3936 probavit
3467 3866 3668 3924 eﬂ'ectu
3699 3885 3716 3925 :
3779 3867 3901 3940 quia

2310 3950 2479 4019 pluris
2529 3950 2704 4021 legem
2735 3992 2750 4018 ,
2793 3968 2955 4022 quam
3011 3971 3202 4011 aurum
3260 3956 3469 4013 habuit.
3518 3957 3765 4030 Ideoque
3805 3960 3911 4016 ait:

2310 4043 2511 4099 Aurum
2553 4053 2600 4098 et
2649 4057 2916 4118 argentum
2968 4063 3074 4103 non
3123 4047 3285 4105 habeo
3332 4049 3496 4124 (Act.
3533 4066 3613 4120 ut,
3642 4051 3749 4124 6).
3800 4051 3915 4109 Non

2311 4149 2508 4190 avarus
2540 4137 2642 4193 hoc
2662 4135 2818 4205 dicit,
2847 4138 2940 4209 qui
2969 4139 3190 4196 defosso
3212 4155 3347 4197 auro
3369 4141 3610 4197 incubat.
3637 4141 3762 4200 Non
3785 4143 3919 4199 dicit

2311 4228 2658 4296 pecuniosus,
2685 4229 2779 4298 qui
2805 4229 3118 4300 quotidiana
3156 4233 3524 4289 emolumenta
3550 4234 3804 4291 sollicito
3841 4235 3919 4290 ri-

2312 4325 2492 4374 matur
2515 4320 2742 4388 aﬁ‘ectu,
2765 4324 2856 4394 qui
2883 4326 3128 4395 quotidie
3153 4341 3285 4398 opes
3336 4336 3580 4399 aggerat,
3609 4329 3711 4400 qui
3743 4330 3920 4385 haere-

2312 4409 2496 4466 ditatis
2525 4411 2696 4468 tendit
2720 4415 2971 4486 aucupia,
3000 4417 3092 4488 qui
3119 4418 3262 4474 circa
3292 4419 3608 4490 mgrotautis
3648 4419 3921 4478 lectulum

2314 4503 2616 4562 indefessas
2638 4516 2862 4566 exercet
2885 4510 3160 4568 excubias.

619 4608 699 4661 lac
726 4620 813 4658 cor
847 4617 1024 4657 eorum
1037 4616 1165 4674 ;ego
1187 4609 1358 4655 autem
1384 4601 1547 4671 legem
1574 4613 1714 4654 tuam
1745 4601 2046 4658 meditabar.
2074 4604 2212 4662 Sub-
2236 4605 2290 4666 D
2385 4595 2477 4650 Ὧι
2505 4595 2604 4653 Hic
2651 4597 2821 4670 aliqui
2868 4600 3042 4672 legem
3091 4603 3204 4661 oris
3251 4604 3346 4661 Dei
3396 4613 3678 4678 tamquam
3737 4610 3923 4682 legem

615 4698 708 4753 tile
735 4711 830 4752 cor
859 4702 1207 4749 sanctorum:
1225 4693 1564 4763 coagulatum
1589 4703 1672 4748 est
1691 4708 1821 4750 vero
1841 4696 2216 4765 corsuperbo-

619 4804 757 4844 rum.
795 4785 864 4842 Ut
904 4784 1051 4840 enim
1106 4783 1188 4838 lac
1233 4792 1425 4838 natura
1468 4783 1551 4839 sui
1606 4799 1797 4855 purum
1829 4825 1846 4852 ,
1901 4788 2211 4856 speciosum

621 4891 786 4951 atque
826 4879 1099 4933 sincerum
1130 4885 1236 4943 est,
1269 4875 1363 4931 sed
1389 4877 1745 4948 corruptione
1775 4880 2074 4936 coacescit:
2131 4881 2213 4937 sic

622 4975 822 5032 mentis
847 4981 905 5029 et
928 4970 1115 5028 cordis
1143 4971 1366 5026 humani
1398 4980 1590 5026 natura
1621 4987 1783 5042 pura,
1817 4974 2049 5042 sincera,
2089 4990 2212 5046 per-

618 5067 801 5138 spicua
828 5073 913 5120 est
948 5063 1262 5134 priusquam
1298 5062 1557 5118 vitiorum
1609 5063 1946 5120 admixﬁone
1988 5081 2208 5123 coaces-

616 5170 723 5215 cat.
763 5154 1064 5224 Coagnlato
1106 5155 1251 5209 enim
1301 5155 1468 5221 laete,
1503 5155 1564 5210 ﬁt
1607 5157 1852 5227 qua-dam
1906 5161 2204 5227 concretio,

618 5265 719 5306 nec
753 5248 1076 5302 suavitatem
1105 5245 1312 5301 habens
1355 5246 1637 5314 eamdem,
1688 5265 1790 5304 nec
1836 5250 2087 5320 gratiam.
2129 5251 2205 5310 Ita

615 5343 881 5406 homines,
913 5341 1005 5410 qui
1028 5349 1153 5395 ante
1188 5339 1498 5404 sedulitate,
1528 5342 1730 5412 gratia,
1779 5346 2044 5403 suavitate
2087 5362 2208 5403 ver-

689 5485 715 5514 ι
747 5473 876 5528 Mss.
930 5479 1281 5542 srptem......
1328 5474 1550 5528 ostendit
1605 5475 1781 5531 dicens
1819 5493 1838 5530 :
1870 5476 1996 5533 Cum
2024 5479 2219 5536 odiosis

612 5563 712 5601 non
736 5543 1032 5597 [tabentibus
1053 5561 1250 5614 pacem,
1273 5556 1380 5600 etc.

686 5615 712 5654 ι)
744 5615 831 5691 lia
869 5627 1001 5691 mss.
1035 5613 1178 5691 fidit.
1212 5630 1365 5691 vero,
1398 5631 1510 5691 qua:
1547 5615 1755 5691 lenitate
1784 5630 1984 5676 natura:
2028 5622 2197 5691 [luen-

607 5696 704 5739 lem
737 5681 1160 5758 benevolentiam,
1189 5695 1292 5739 etc.
1320 5681 1428 5758 Sed
1452 5687 1556 5758 hoc
1576 5688 1841 5758 significat
1868 5691 1930 5746 Β.
1969 5681 2191 5756 Doctor,

605 5768 700 5809 eos
740 5755 832 5823 qui
857 5751 1093 5820 aliquem
1123 5754 1499 5810 benevolentia
1549 5751 2003 5828 complectuntur,
2055 5751 2192 5818 leni;

2318 4686 2482 4744 Verbi
2508 4687 2605 4744 Dei
2631 4690 2943 4762 accipiunt,
2977 4703 3036 4748 ut
3059 4694 3104 4750 si
3139 4694 3289 4752 dicas
3319 4697 3493 4770 legem
3511 4699 3767 4759 dextera:
3801 4699 3947 4760 Dei.

2317 4778 2464 4836 Bene
2506 4795 2637 4852 ergo
2675 4791 2730 4838 et
2772 4782 2875 4839 hoc
2927 4787 3186 4842 convenit
3223 4787 3386 4844 Petro
3432 4788 3690 4849 dicenti:
3745 4793 3928 4853 Verba

2312 4873 2431 4928 vita:
2441 4883 2646 4930 teternte
2670 4875 2847 4943 habes,
2873 4886 2921 4932 et
2945 4895 3036 4933 nos
3059 4881 3401 4952 relinquemus
3427 4891 3475 4937 te
3491 4881 3770 4957 (Ιοαηπι,
3789 4889 3886 4959 69)
3907 4889 3930 4940 ‘2

2315 4967 2420 5024 hoc
2451 4977 2534 5023 est
2561 5010 2576 5034 ,
2625 4968 2736 5024 Lex
2763 4970 2868 5025 oris
2895 4972 2966 5025 tui
2994 4988 3149 5044 super
3185 4975 3353 5030 millia
3372 4977 3492 5030 auri
3513 4987 3566 5030 et
3592 4985 3820 5051 argenti
3835 4993 3934 5038 est.

2317 5057 2384 5112 Et
2413 5073 2702 5129 possumus
2731 5069 2940 5116 tantum
2965 5063 3224 5122 deserere
3253 5067 3480 5134 bonum,
3509 5078 3566 5125 et
3601 5074 3813 5130 saeculi
3837 5077 3940 5131 hu-

2313 5149 2404 5218 jus
2433 5150 2798 5208 cmolumenta
2829 5156 3094 5223 captare?
3132 5155 3240 5214 Sed
3293 5167 3346 5213 et
3396 5159 3614 5233 Moyses
3672 5165 3768 5221 lex
3827 5170 3947 5225 oris.

2317 5241 2409 5295 Dci
2441 5250 2622 5311 potest
2640 5243 2769 5312 dici,
2803 5261 2898 5317 per
2926 5261 3092 5317 quem
3138 5249 3402 5308 Dominus
3453 5253 3676 5313 locutus
3734 5269 3840 5316 est
3888 5269 3947 5316 et

2316 5331 2465 5387 dedit
2493 5332 2714 5405 Legem.

2329 5492 2490 5562 tatem
2517 5485 2777 5547 adversus
2806 5492 2982 5562 ipsum
3013 5495 3202 5552 solitos
3230 5497 3510 5556 exhibere.

2388 5567 2409 5595 ε
2449 5557 2651 5641 Omnes
2704 5557 2842 5641 edit:
2859 5605 2876 5630 ,
2930 5567 3186 5641 sapientia
3229 5586 3325 5641 sua
3377 5572 3657 5630 instruxit.
3713 5579 3948 5641 Omnes

2309 5639 2470 5712 mss”
2502 5631 2757 5700 patientia
2801 5631 3193 5712 sua__ins'tr_ux_it.
3224 5639 3417 5712 Melius
3440 5683 3459 5709 ,
3499 5659 3630 5702 cum

2301 5705 2610 5834 ἓῧὲἱιὲινῦῗέ
2643 5704 3018 5774 superioribus
3052 5707 3194 5774 istis,
3248 5704 3488 5770 Christus
3509 5731 3567 5771 se
3609 5704 3789 5787 011·άὶ
3814 5704 3948 5798 εξιῇ
