3988 6342
139 305 268 363 ίὸἳθ

589 421 822 480 SERMO
853 424 1168 483 DECIMUS.

810 569 847 615 ,ν
887 559 1007 616 Iod.

194 704 238 756 1.
275 699 454 769 Incipit
478 698 658 754 littera
689 697 834 769 apud
866 697 1130 756 Hebraeos
1155 699 1367 756 decima
1395 700 1519 768 lod,
1562 716 1683 773 qua:

134 793 294 850 Latina
320 791 710 862 signiﬁcatione
733 793 990 864 confessio
1043 791 1262 860 dicitur,
1306 793 1391 848 vel
1417 803 1566 850 certe
1595 795 1685 850 de-

132 887 306 942 solatio.
340 883 445 941 Nec
470 883 681 940 discors
701 900 766 940 ac
785 885 1078 943 dissonans
1104 887 1324 943 videtur
1353 889 1682 961 interpreta-

133 981 208 1035 tio.
234 978 488 1050 Siquidem
517 979 608 1049 qui
634 977 865 1035 desolati
896 989 1062 1048 sunt,
1120 981 1284 1036 citius
1319 983 1678 1050 confitentur;

132 1072 274 1143 magis
305 1071 440 1126 enim
468 1071 725 1127 secundis
783 1071 948 1128 rebus
997 1073 1210 1129 animus
1265 1074 1450 1130 extolli
1497 1075 1679 1140 solet;

131 1179 234 1219 cum
255 1172 420 1219 autem
445 1172 669 1234 urgetur
705 1163 972 1229 adversis,
1006 1175 1133 1219 tunc
1160 1163 1404 1220 divinum
1429 1165 1686 1237 implorat

132 1254 370 1310 auxilium.
396 1252 528 1310 Nam
560 1263 619 1311 et
669 1256 724 1310 in
776 1255 843 1310 iis
867 1270 987 1327 quae
1035 1257 1270 1312 humana
1326 1266 1490 1325 sunt,
1540 1258 1684 1325 hunc

135 1363 260 1404 usum
297 1363 414 1404 esse
461 1349 894 1421 cognoscimus;
948 1359 1004 1404 ut
1041 1351 1126 1406 cui
1177 1351 1481 1408 succedunt
1525 1367 1684 1424 pros-

133 1455 255 1510 pera,
275 1440 479 1496 animus
523 1441 720 1498 elatior
743 1442 844 1497 sit:
892 1443 982 1498 cui
1034 1443 1222 1498 mundi
1272 1443 1434 1515 hujus
1489 1443 1686 1502 infesta

133 1543 261 1602 sunt,
289 1545 338 1590 et
393 1535 630 1604 potentia
659 1534 892 1606 alicujus
919 1537 1169 1603 adversa,
1205 1545 1335 1593 tunc
1381 1537 1683 1610 confugiat,

132 1635 232 1682 tunc
254 1641 401 1698 epem
429 1637 681 1699 quaerat;
723 1637 782 1683 ut
810 1629 895 1684 vel
917 1628 1164 1698 rogando
1185 1629 1490 1701 superioris
1537 1629 1686 1686 miti-

131 1730 203 1789 get
225 1729 528 1790 potestatem
549 1761 567 1787 ,
600 1719 688 1776 vel
712 1736 773 1776 se
803 1721 1008 1776 viribus
1033 1730 1214 1776 armet
1242 1722 1515 1792 adiunctis
1545 1738 1560 1788 ;
1619 1736 1687 1777 ne

129 1811 253 1882 quasi
277 1809 496 1867 inferior
521 1811 926 1881 potentioribus
954 1811 1162 1867 viribus
1188 1811 1548 1883 opprimatur.

184 1902 228 1956 2.
277 1903 509 1974 Denique
568 1902 877 1960 Hieremias
933 1903 1034 1959 sub
1080 1903 1183 1961 hac
1236 1905 1416 1960 littera
1456 1905 1537 1962 sic
1563 1907 1682 1962 ait:

132 1994 286 2050 .llanus
309 2013 424 2050 suas
451 1996 686 2050 extendit
707 1996 798 2066 qui
828 1995 1105 2050 tribulatur
1129 1997 1184 2050 in
1215 1997 1390 2051 omnia
1426 1996 1686 2052 desideria

129 2089 241 2157 ejus.
286 2084 419 2142 Vidit
443 2089 584 2142 enim
620 2096 796 2157 gentes
843 2088 1162 2142 introcuntes
1208 2089 1265 2141 in
1314 2089 1686 2157 sanctiﬁcatio—

128 2193 218 2232 netn
249 2195 404 2246 suam;
431 2179 623 2250 quibus
678 2178 941 2234 mandasti
985 2195 1050 2233 ne
1092 2179 1365 2234 introirent
1405 2181 1460 2234 in
1503 2179 1687 2234 Eccle-

127 2271 232 2324 siam
256 2274 354 2344 ejus
377 2273 396 2344 (
423 2271 623 2326 Tliren.
656 2288 696 2336 ι,
732 2272 800 2327 10
821 2272 865 2344 ).
900 2273 972 2326 De
1003 2270 1342 2327 Hierusalem
1375 2273 1563 2342 utique
1585 2272 1688 2327 hoc

126 2360 234 2418 dicit
255 2364 508 2436 Propheta
540 2365 702 2436 cujus
727 2365 978 2437 deplorat
999 2381 1324 2433 aerumnam,
1356 2366 1512 2438 cujus
1538 2383 1686 2439 pra:-

126 2457 261 2513 cessit
277 2458 526 2516 desolatio
569 2474 636 2516 ac
655 2459 944 2516 deStitutio
975 2478 990 2527 ;
1023 2471 1084 2516 ut
1113 2469 1299 2531 postea
1355 2470 1686 2532 sequeretur

126 2549 655 2622 contessio.Castigat
707 2551 853 2607 enim
921 2552 1184 2609 Dominus
1242 2567 1459 2610 omnem
1514 2552 1688 2609 tilium

126 2655 258 2710 quem
286 2645 484 2715 recipit.
521 2645 871 2716 Recepturus
915 2645 1083 2717 igitur
1136 2647 1478 2704 llierusalem
1502 2690 1518 2714 ,
1565 2658 1690 2704 ante

124 2734 410 2806 captivitatis
435 2737 738 2808 ﬂagellavit
763 2737 1294 2794 aerumnis.Nimium
1319 2740 1463 2795 enim
1490 2739 1692 2795 insole-

125 2839 283 2896 verat,
313 2841 366 2886 et
391 2831 581 2887 inﬂato
610 2846 672 2890 se
710 2831 877 2888 corde
900 2831 1203 2903 jactavcrat
1233 2851 1246 2900 ;
1293 2843 1352 2888 ut
1404 2844 1566 2905 caput
1613 2843 1690 2889 tc-

123 2935 232 2978 nere
255 2937 353 2979 non
388 2932 577 2994 posset
622 2924 916 2979 Dominum
948 2923 1162 2991 Jesum,
1213 2923 1268 2979 id
1307 2935 1411 2992 est,
1470 2923 1690 2978 humili-

124 3019 278 3083 tatem,
307 3013 554 3086 gratiam,
582 3014 875 3085 justitiam,
920 3016 1263 3087 sapientiam,
1292 3017 1396 3072 hoc
1415 3024 1521 3084 est,
1548 3031 1692 3072 verte

127 3103 229 3161 ﬁdei
269 3109 638 3180 magisterium
679 3124 788 3165 non
847 3119 1078 3166 teneret.
1139 3110 1210 3166 Et
1248 3109 1372 3166 ideo
1428 3111 1690 3167 Dominus

1161 307 1230 366 IN
1265 309 1597 368 PSALMUM
1636 311 1846 370 CXVIII
1885 312 2275 372 EXPOSITIO.

3248 324 3385 379 1⁸550

1709 432 1766 492 Α
1791 429 2026 501 positum
2057 441 2144 486 est
2169 471 2185 497 ,
2221 440 2277 486 ut
2305 404 2528 488 doceret
2549 431 2909 501 Hierusalem,
2942 435 3046 489 hoc
3075 441 3181 502 est,
3209 434 3386 506 plebis

1785 521 2024 579 Judaicae
2056 523 2355 580 Ecclesiam
2380 539 2486 580 non
2534 525 2693 582 aliter
2731 540 2853 583 esse
2879 526 3230 593 servandam,
3280 526 3382 583 nisi

1787 633 1886 688 per
1915 619 2186 689 Evangelii
2217 618 2606 689 disciplinam;
2662 628 2720 674 ut
2760 635 2882 675 cum
2934 620 3161 690 coeperit
3197 619 3383 676 Evan-

1785 708 1911 780 gelii
1944 719 2210 779 praecepta
2242 725 2485 771 servare,
2517 719 2572 765 et
2597 709 2857 778 oneribus
2880 710 3112 780 implere
3155 709 3380 766 manda-

1788 811 1900 856 tum
1933 802 2144 857 Domini
2179 800 2331 865 Jesu,
2385 810 2513 858 tunc
2546 801 2733 874 jngum
2776 802 3109 873 captivitatis
3161 802 3230 858 de
3271 818 3385 858 sua:

1785 894 1980 948 animm
2027 895 2240 950 cervice
2293 893 2572 965 deponat,
2629 909 2751 950 cum
2792 909 2853 950 se
2911 894 3214 950 subdiderit
3253 892 3385 964 jugo

1785 982 2011 1040 Christi.

1857 1075 1911 1129 4.
1973 1075 2040 1130 Et
2069 1077 2360 1147 satiabitur,
2395 1078 2587 1148 inquit,
2616 1078 2673 1132 in
2715 1077 3025 1150 opprobriis.
3062 1076 3179 1133 Non
3202 1077 3379 1133 dixit:

1789 1166 2002 1223 Subibit
2027 1167 2420 1236 opprobrium;
2458 1167 2618 1222 facile
2656 1177 2741 1222 est
2761 1169 2904 1222 enim
2959 1181 3122 1220 unam
3170 1175 3263 1221 aut
3306 1167 3384 1220 al-

1789 1269 1957 1314 teram
1981 1260 2364 1314 contnmeliam
2424 1259 2739 1323 suStiuere;
2776 1258 2872 1313 sed
2915 1258 3159 1312 addidit:
3212 1257 3388 1314 Satia-

1787 1353 1921 1408 bitur
1957 1354 2010 1407 in
2056 1354 2397 1424 approbriis;
2449 1368 2558 1424 quo
2607 1353 2821 1408 facilius
2870 1352 3132 1407 Dominus
3171 1364 3388 1408 moveat

1787 1447 2250 1512 misericordiam,
2306 1447 2726 1518 npprobriornm
2775 1447 3136 1515 complurium
3200 1445 3388 1503 defor-

1789 1539 1976 1593 mitate
2016 1538 2366 1593 miserabilis.
2411 1537 2567 1607 Quod
2596 1539 2783 1610 utique
2806 1554 2871 1592 ex
2901 1538 3044 1593 libro
3080 1537 3388 1607 Regnorum

1787 1641 1941 1703 potes
1972 1633 2298 1704 intelligere.
2337 1632 2551 1703 Quippe
2581 1648 2702 1688 cum
2751 1632 3153 1688 conviciaretur
3203 1629 3384 1686 Semel

1790 1724 1933 1779 ﬁlius
1965 1723 2102 1781 Gera
2135 1734 2326 1781 sancto
2359 1726 2528 1781 David
2568 1768 2582 1792 ,
2625 1725 2802 1780 virum
2834 1724 3247 1794 sanguinarium
3289 1740 3386 1792 ap-

1714 1813 1763 1873 B
1788 1818 2018 1887 pellans,
2045 1826 2100 1872 et
2131 1817 2480 1872 malediceret
2533 1816 2624 1883 ei,
2687 1815 2903 1885 quando
2943 1816 3180 1886 fugiebat
3218 1815 3388 1870 lilium

1788 1925 1945 1966 suum
1975 1909 2299 1974 Abessalon,
2331 1908 2672 1978 parricidalia
2691 1907 2758 1962 ad
2800 1918 3012 1978 tempus
3059 1907 3200 1962 bella
3224 1906 3398 1962 decli-

1790 2017 1946 2068 nans,
1993 2002 2202 2056 tacebat
2239 2000 2383 2068 Rex,
2432 2011 2487 2055 et
2536 2015 2808 2054 summum
2857 1999 3134 2070 patientiae
3181 1998 3393 2070 insigne

1791 2095 2102 2166 pnnsmbat.
2134 2094 2353 2150 Etenim
2379 2109 2504 2149 cum
2532 2094 2846 2148 tentationis
2871 2109 3011 2147 sua:
3047 2101 3260 2162 tempus
3308 2092 3397 2148 itt-

1792 2187 2061 2258 telligerct
2091 2227 2103 2250 ,
2165 2195 2224 2240 ut
2251 2187 2299 2242 ei
2375 2184 2699 2256 parricidale
2751 2185 3002 2255 praelium
3053 2193 3391 2250 moveretur,

1791 2280 1963 2350 magis
1994 2279 2252 2333 humilem
2284 2292 2346 2334 se
2371 2278 2591 2334 volebat
2626 2277 2802 2333 videri
2829 2318 2844 2342 ,
2876 2293 2986 2350 quo
3018 2275 3230 2331 Domini
3286 2276 3395 2330 mi-

1792 2371 2273 2442 tigaretoll'ensam
2306 2388 2320 2438 ;
2352 2387 2516 2440 quam
2569 2369 3004 2440 exasperandum
3065 2369 3185 2439 ejus
3237 2369 3385 2423 arbi-

1791 2466 2036 2521 trabatur
2063 2465 2116 2519 in
2146 2479 2243 2519 sua
2272 2465 2568 2519 tentatione
2590 2461 2858 2533 judicium
2891 2503 2905 2526 ,
2965 2461 3011 2515 si
3064 2459 3208 2516 forte
3265 2475 3391 2514 suas

1795 2557 2021 2627 injurias
2053 2557 2226 2612 ultum
2261 2557 2382 2612 iret.
2418 2554 2576 2611 Unde
2605 2565 2658 2610 et
2686 2554 2753 2609 ad
2783 2554 2968 2625 populi
2994 2552 3185 2608 ducem
3217 2552 3391 2608 Abes—

1793 2666 1908 2707 sam
1937 2649 2216 2706 vindicare
2240 2649 2550 2719 cupientem
2582 2648 2697 2701 ait:
2733 2645 2872 2712 Quid
2902 2645 3028 2721 mihi
3055 2655 3103 2698 et
3129 2645 3220 2699 tibi
3269 2653 3345 2698 est
3368 2683 3386 2708 ,

1795 2743 1874 2813 ﬁli
1903 2741 2147 2798 Sarviaz?
2185 2739 2314 2794 Ideo
2338 2738 2598 2793 maledicit
2640 2738 2770 2792 milii
2790 2755 2809 2802 ;
2847 2737 3089 2807 quoniam
3141 2736 3391 2790 Dontinus

1796 2835 1925 2889 dixit
1955 2833 2070 2899 illi,
2118 2843 2174 2887 ut
2204 2833 2603 2887 maledicat.....
2638 2829 2771 2884 Ecce
2794 2830 2938 2900 ﬁlius
2974 2845 3143 2891 meus.
3171 2830 3262 2900 qui
3287 2830 3396 2883 ραδε-

1795 2928 1863 2981 vit
1894 2929 1957 2982 de
1983 2936 2153 2980 ventre
2180 2943 2324 2990 meo,
2353 2925 2539 2994 quaerit
2589 2925 2814 2976 quintam
2858 2938 3044 2976 meum.
3098 2921 3160 2977 Si
3219 2930 3391 2974 autent

1796 3021 1949 3073 modo
1969 3029 2244 3073 extraneas
2273 3015 2536 3071 maledicit
2559 3015 2684 3068 mihi
2703 3055 2716 3079 ,
2744 3011 2946 3068 dimitte
2982 3015 3156 3081 illum,
3188 3023 3243 3068 ut
3281 3029 3396 3067 ma-

1797 3111 1984 3166 ledicat
2012 3128 2031 3176 ;
2059 3110 2305 3181 quoniam
2337 3106 2592 3162 Dominus
2623 3105 2754 3159 dixit
2786 3105 2890 3184 illi,
2922 3113 2979 3158 ut
3006 3104 3174 3158 videat
3215 3103 3390 3158 humi-

121 3198 528 3268 casugaviteam,
561 3201 658 3272 qui
685 3201 1000 3257 moderator
1039 3203 1281 3258 omnium
1313 3204 1463 3259 novit
1491 3219 1679 3276 quem—
1705 3199 1753 3263 C
1785 3207 1980 3261 titatem
2009 3218 2219 3257 meam:
2262 3211 2309 3258 et
2363 3201 2608 3256 retribuet
2653 3200 2779 3253 milii
2816 3198 3072 3253 Dominus
3121 3197 3256 3253 bona
3295 3215 3392 3271 pio

122 3287 368 3347 admodum
431 3308 885 3366 unumquemque
940 3295 1189 3365 castiget.
1254 3293 1330 3351 Ut
1373 3295 1518 3351 enim
1571 3311 1684 3350 me-

120 3380 246 3436 dicus
272 3385 511 3453 graviora
562 3385 792 3441 vulnera
850 3385 1220 3456 asperioribus
1265 3387 1682 3443 medicamentis

121 3477 605 3544 curareconsuevit,
655 3476 859 3532 leviora
911 3477 1246 3534 levioribus:
1303 3480 1376 3536 ita
1432 3490 1488 3537 et
1539 3480 1683 3536 Deus

120 3574 271 3621 noster
295 3569 546 3637 graviora
592 3578 813 3639 peccata
837 3569 1043 3639 majore
1082 3572 1380 3627 severitate
1428 3573 1679 3641 castigat.

119 3654 204 3710 Sed
235 3658 338 3727 ipsa
362 3660 656 3731 castigatio
677 3660 744 3714 ad
783 3661 1015 3716 salutem
1049 3661 1280 3732 prolicit.
1341 3664 1490 3720 Dixit
1535 3664 1682 3720 enim

119 3746 378 3808 Dominus:
419 3751 748 3821 Percutiam,
776 3762 828 3809 et
847 3769 941 3826 ego
983 3755 1176 3810 satiabo
1222 3756 1242 3828 (
1278 3755 1438 3812 Deut.
1487 3772 1636 3814 xxxii
1664 3800 1679 3826 ,

121 3840 179 3896 59
197 3840 236 3914 ).

175 3939 226 3991 5.
254 3938 489 4012 Denique
517 3940 592 3996 de
625 3940 966 3998 Hierusalem
1000 3957 1151 4013 spent
1184 3945 1351 4013 coepit
1379 3944 1684 4001 llieremias

115 4029 342 4100 propheta
373 4029 721 4104 promittere.
754 4033 887 4089 Nam
927 4035 981 4090 in
1021 4035 1415 4106 pesterioribus
1446 4036 1548 4092 sub
1579 4036 1682 4091 hac

110 4118 262 4175 littera
286 4123 393 4178 ait:
450 4123 620 4178 Dabit
648 4127 950 4194 percutienti
989 4127 1260 4181 maxillam
1311 4144 1478 4194 suout,
1513 4136 1560 4181 et
1591 4144 1682 4181 sa-

109 4211 293 4264 tiabitur
320 4214 371 4269 in
408 4217 734 4289 npprobriis.
781 4217 939 4272 Dabit
964 4219 1018 4272 in
1065 4219 1334 4291 sepultura
1383 4235 1441 4274 os
1496 4235 1683 4287 suum;

104 4304 143 4354 si
175 4313 332 4359 tanien
372 4319 448 4363 est
483 4324 608 4380 spes
651 4310 914 4378 patientia:
942 4310 962 4383 (
1005 4309 1201 4365 Tltren.
1238 4327 1319 4376 ιιι,
1374 4311 1444 4366 50
1474 4321 1521 4366 et
1539 4311 1610 4366 29
1639 4310 1680 4382 ).

107 4392 154 4446 hi
190 4395 462 4469 Evangelia
495 4401 760 4457 Dominus
799 4401 960 4458 Jesus
991 4401 1197 4458 docens
1224 4403 1486 4459 virtutem
1515 4412 1679 4474 atque

105 4484 290 4559 insigne
317 4493 623 4562 patientius,
662 4494 874 4566 1087
901 4495 1006 4548 ait:
1061 4495 1165 4562 Qui
1207 4503 1256 4549 te
1297 4495 1603 4565 percusserit
1632 4498 1686 4549 in

1785 3297 2060 3352 maledicto
2092 3293 2190 3350 hoc
2220 3295 2239 3364 (
2264 3293 2308 3349 II
2343 3294 2474 3365 Reg.
2530 3307 2622 3347 xvx
2657 3333 2673 3359 ,
2720 3289 2791 3345 10
2818 3299 2864 3344 et
2915 3306 3023 3360 seq.
3053 3288 3098 3360 ).
3134 3289 3292 3356 Quod
3342 3299 3398 3344 et

1786 3390 2107 3462 prophetico
2147 3386 2283 3443 dixit
2312 3387 2532 3457 Spiritu,
2568 3395 2623 3440 et
2670 3383 2922 3454 probavit
2975 3393 3200 3441 eventu.
3251 3380 3390 3437 Cum

1784 3487 1930 3544 enim
1975 3486 2183 3556 repleta
2233 3483 2398 3539 fuerit
2441 3479 2765 3546 humilitas,
2807 3487 3093 3550 peccatum
3136 3477 3386 3533 solvitur.

1787 3584 2028 3654 Denique
2051 3591 2107 3638 et
2127 3582 2178 3636 in
2196 3581 2369 3636 Esaia:
2400 3579 2542 3634 libro
2574 3576 2742 3632 habes
2767 3575 2892 3645 quia
2926 3573 3060 3629 dixit
3084 3572 3347 3628 Dominus
3375 3590 3389 3626 :

1787 3676 2096 3732 Sacerdores
2122 3717 2136 3742 ,
2170 3672 2438 3745 loquimini
2461 3670 2533 3725 ad
2557 3667 2987 3723 corHierusalem
3007 3683 3025 3722 :
3048 3665 3391 3722 consolamiui

1785 3785 1917 3834 eam,
1945 3767 2066 3838 quia
2092 3767 2288 3834 repleta
2315 3773 2386 3818 est
2414 3762 2710 3817 humiliatio
2731 3765 2844 3834 ejus
2870 3802 2885 3825 ,
2913 3761 3144 3814 solutum
3168 3767 3242 3813 est
3269 3775 3391 3828 pec-

1787 3870 1958 3915 catum
2003 3863 2157 3932 ejus;
2186 3858 2308 3926 quia
2335 3857 2531 3925 accepit
2586 3855 2650 3908 de
2704 3868 2859 3906 manu
2903 3851 3117 3905 Domini
3154 3850 3391 3920 duplicia

1772 3963 1999 4024 peccata
2022 3967 2118 4006 sua
2159 3951 2178 4019 (
2214 3948 2358 4003 Esai.
2391 3963 2483 4013 xc,
2512 3946 2546 4000 ‘2
2579 3945 2621 4014 ).
2656 3943 2918 3998 Advertis
2947 3943 3117 4012 igitur
3147 3942 3274 4012 quia
3298 3941 3392 3996 ubi

1786 4044 2072 4109 desolatio,
2104 4042 2178 4098 ibi
2209 4040 2503 4096 humilitas.
2561 4036 2968 4093 Desolationem
3022 4034 3166 4090 enim
3199 4034 3391 4104 sequi-

1788 4148 1878 4192 tur
1913 4135 2190 4191 bumilitas
2239 4134 2389 4202 justo
2419 4131 2633 4195 ordine,
2679 4127 3042 4183 humilitatem
3092 4126 3388 4198 patientia,

1790 4229 2104 4301 patientiam
2129 4225 2404 4292 probatio,
2444 4220 2829 4294 probationem
2871 4219 3199 4275 consolatio.
3235 4219 3392 4289 Quod

1788 4315 1957 4370 babes
1983 4323 2039 4369 et
2062 4314 2116 4368 in
2156 4311 2419 4383 Apostolo
2442 4310 2710 4378 scriptum
2741 4323 2754 4360 :
2806 4304 2944 4371 Quia
2986 4305 3254 4360 tribulatio
3292 4321 3389 4376 pa-

1790 4410 2021 4464 tientiam
2045 4415 2306 4480 operatur,
2344 4403 2595 4477 patientia
2639 4411 2810 4455 autem
2847 4400 3233 4470 probationem,
3261 4415 3385 4471 pro-

1795 4503 1934 4558 batio
1973 4511 2146 4556 autem
2193 4515 2358 4570 spem,
2395 4513 2511 4567 spes
2549 4504 2719 4548 autem
2769 4508 2871 4547 non
2897 4491 3213 4561 confundit;
3267 4490 3393 4559 quia

106 4583 366 4644 maxillam.
401 4586 582 4653 praebe
626 4587 672 4639 ei
708 4597 756 4640 et
785 4587 1006 4642 alterum
1034 4587 1054 4658 (
1080 4586 1270 4642 Matth.
1296 4603 1352 4654 ν,
1385 4585 1455 4642 59
1494 4586 1537 4658 ).
1560 4585 1688 4642 Vult
1714 4587 1771 4648 D
1796 4594 2020 4648 cliaritas
2055 4591 2153 4645 Dei
2184 4588 2378 4655 cli/fusa
2421 4596 2493 4641 est
2533 4587 2588 4640 in
2617 4583 2858 4638 cordibus
2905 4581 3096 4635 nostris
3122 4595 3213 4651 per
3264 4578 3392 4649 Spi-

104 4675 225 4731 enim
251 4677 556 4750 discipulos
584 4693 714 4735 suos
755 4689 810 4736 et
845 4680 1170 4751 injuriarum
1229 4695 1352 4736 esse
1388 4681 1684 4750 patientes,

106 4781 190 4822 nec
211 4769 433 4828 referire
475 4773 660 4837 facile,
693 4782 718 4810 ο
749 4771 948 4828 nedum
995 4772 1182 4828 ferire.
1227 4772 1496 4828 Patientia
1537 4771 1682 4827 enim

105 4854 397 4918 humilitatis
430 4863 700 4919 indicium
739 4872 846 4920 est.
879 4863 948 4918 Et
978 4863 1102 4920 ideo
1153 4864 1412 4934 quoniam
1442 4863 1684 4920 desolata

105 4964 288 5013 eratac
322 4958 592 5015 destituta
627 4959 998 5014 Hierusalem:
1043 4957 1223 5027 Dabit,
1274 4957 1466 5029 inquit,
1504 4973 1685 5027 ρει-σας

102 5044 227 5102 uenti
264 5050 548 5105 maxillam
579 5065 767 5116 suam;
800 5059 858 5105 ut
884 5065 991 5106 non
1022 5065 1084 5106 se
1113 5049 1385 5106 subducat
1445 5050 1680 5120 iniuriae,

103 5150 190 5193 nec
221 5139 462 5199 declinet
484 5143 654 5199 caedis
677 5143 946 5209 dolorem,
993 5143 1090 5200 sed
1137 5145 1467 5214 percutienti
1490 5142 1688 5200 maxil-

101 5227 190 5286 lam
225 5233 439 5292 olerat.
474 5235 782 5307 Utrumque
809 5237 1039 5308 intelligi
1073 5246 1292 5309 potest,
1335 5240 1450 5295 sive
1508 5239 1556 5293 ei
1598 5237 1692 5308 qui

103 5333 363 5389 percutere
389 5328 641 5397 incipiat,
678 5331 794 5386 sive
821 5330 872 5385 ei
924 5330 1016 5400 qui
1048 5329 1161 5401 jam
1202 5331 1566 5400 percusserit;
1631 5336 1694 5385 ut

101 5413 218 5474 illud
249 5418 642 5493 Evangelicum
695 5424 1065 5494 compleatur:
1118 5423 1222 5490 Qui
1291 5437 1339 5479 te
1381 5424 1689 5497 percusserit

103 5511 452 5584 inltuillam,
497 5516 672 5584 prtebe
693 5517 744 5574 ei
761 5528 813 5573 et
865 5519 1102 5574 alterunt.
1135 5518 1203 5575 Et
1249 5517 1697 5590 propheticeboc

155 5656 190 5722 ,‘
221 5649 368 5726 Edit.
400 5665 626 5726 omnes,
669 5652 908 5726 Nedum
962 5655 1125 5726 ferire,
1187 5666 1372 5726 potens
1433 5655 1687 5725 injuriam

111 5721 589 5797 {mraxindicium
616 5725 924 5797 humilitatis
956 5721 1058 5797 non
1077 5721 1360 5797 exhiberet.
1394 5721 1549 5797 Atpa
1570 5740 1690 5797 quae

109 5785 455 5853 remeavimus
489 5795 549 5851 in
580 5809 710 5853 mss.
764 5785 1180 5864 desiderantur,
1229 5807 1282 5852 et
1328 5796 1433 5853 huc
1485 5785 1687 5850 intr'nsd

1788 4688 1944 4740 ritum
1990 4691 2222 4737 sanctum
2269 4678 2464 4751 (Rom.
2513 4693 2594 4740 ιιι,
2639 4674 2779 4744 5-5)
2811 4715 2826 4739 ,
2879 4674 2972 4745 qui
3029 4672 3217 4744 utique
3267 4686 3394 4727 uos-

1791 4785 1998 4830 trorum
2040 4770 2359 4827 consolator
2405 4775 2491 4822 est
2529 4763 2844 4820 affectuum.

1865 4869 2080 4942 1088
2107 4867 2160 4921 5.
2209 4861 2364 4932 Quod
2392 4872 2572 4916 autem
2594 4859 2705 4912 ait:
2766 4854 2923 4911 Dabit
2951 4856 3005 4910 in
3032 4854 3301 4924 sepultura
3336 4870 3394 4908 os

1789 4980 1938 5020 suum
1970 4963 1989 5033 (
2023 4958 2215 5016 Thren.
2252 4973 2329 5020 ιιι,
2354 4955 2425 5010 29
2468 4952 2532 5026 );
2592 4949 2832 5007 ostendit
2884 4949 3172 5020 quamdam
3228 4964 3393 5020 supra

1794 5055 2014 5112 modum
2059 5050 2335 5121 patientiae
2379 5043 2806 5102 taciturnitatem
2832 5059 2847 5103 ;
2878 5050 2938 5097 ut
2982 5051 3257 5112 tamquam
3306 5055 3394 5096 se.

1796 5147 1962 5219 peliat
1987 5160 2049 5200 os
2080 5142 2378 5214 prOprinm,
2432 5153 2500 5193 ne
2541 5136 2828 5207 loquatur;
2855 5141 2912 5189 et
2965 5134 3116 5189 velut
3157 5133 3392 5206 quodam

1798 5251 1992 5310 aggere
2021 5235 2282 5290 virtutum
2337 5230 2612 5293 obstruat,
2649 5243 2717 5284 ne
2745 5241 2934 5283 vocem
2981 5225 3189 5282 doloris
3241 5224 3400 5280 emit-

1801 5337 1907 5394 tat;
1938 5335 2147 5382 tantum
2196 5323 2410 5396 pondus
2441 5335 2692 5377 asserens
2755 5318 3032 5390 patientia:
3071 5332 3233 5388 quam
3274 5331 3402 5388 spes

1801 5421 2012 5484 foveat;
2044 5425 2104 5473 ut
2130 5431 2318 5473 vocem
2348 5417 2520 5486 ipsam
2549 5413 2699 5468 velut
2735 5411 2896 5467 busto
2927 5408 3160 5478 qundam
3200 5423 3262 5462 ac
3319 5417 3403 5462 tu-

1803 5513 1949 5570 mulo
1990 5509 2238 5581 sepeliat,
2277 5523 2342 5562 ac
2372 5505 2637 5570 includat,
2678 5518 2840 5575 quam
2872 5501 3021 5558 nulla
3049 5512 3402 5574 extorquere,

1796 5653 2050 5708 videntur
2072 5649 2141 5704 ab
2185 5648 2387 5722 aliquo,
2419 5646 2513 5722 qui
2561 5644 2748 5720 nedum
2766 5642 2928 5722 Β[ενὶιέε
2947 5683 2967 5714 ⁴,
2996 5638 3144 5722 idem
3183 5629 3398 5722 essefac

1798 5703 2160 5851 pineo-minus
2183 5703 2336 5790 ferire
2363 5709 2381 5784 ,I
2425 5703 2825 5788 sive,agqrcdi,
2884 5703 3177 5786 imitantis
3224 5703 3396 5767 intel-

1823 5795 1906 5851 ιιιο
1931 5797 2038 5849 till."

1823 5805 2037 5867 igcbatg
