3988 6300
565 253 699 316 1551

1889 229 2136 293 SANCTI
2175 226 2505 294 AMBROSII

3721 214 3745 268 1
3754 210 3861 268 559.

561 367 778 426 nuiiave
805 363 1044 422 excitare
1075 358 1246 433 possit
1275 353 1492 425 injuria.
1520 349 1690 420 Hujus
1715 361 1932 420 quoque
1956 344 2154 402 litterae
2181 344 2236 412 Α
2259 349 2317 397 et
2345 338 2556 404 maria‘,
2591 333 2972 406 posteaquam
3023 329 3206 386 omnia
3264 325 3482 409 reptilia
3509 364 3524 390 ,
3573 321 3820 377 volatilia
3842 362 3858 386 ,

562 456 1094 531 interpretationem,
1134 460 1190 505 ut
1221 445 1517 519 potuimus,
1577 440 2012 520 explicavimus;
2070 452 2165 492 vc-

564 553 778 611 niamus
804 547 871 607 ad
903 544 1193 622 psalmum.

638 644 690 701 6.
717 620 912 717 (Vers.
932 637 1048 707 75.)
1072 635 1255 708 itaque
1274 632 1480 704 primus
1501 625 1797 685 versiculus
1819 630 1904 680 cst
1926 639 1939 678 :
1975 620 2168 675 Manus

567 748 671 793 tua:
703 711 934 804 fecerunt
961 745 1061 795 me,
1093 736 1138 782 et
1166 732 1478 802 paraverunt
1504 737 1584 776 me
1615 735 1634 774 :
1675 718 1744 772 da
1769 715 1898 770 mihi
1937 711 2168 768 intellec-

568 841 700 899 tum,
741 835 794 881 ut
826 825 1024 884 discam
1078 819 1324 876 mandata
1361 827 1470 872 tua.
1503 815 1698 886 Magno
1735 806 2168 868 commendatio«

568 923 654 980 nis
681 917 907 976 exordio
934 930 1064 971 usus
1093 921 1197 980 est,
1237 919 1294 966 ut
1346 925 1483 980 opus
1536 906 1633 962 Dei
1665 919 1786 960 esse
1826 917 1886 958 se
1911 900 2118 956 diceret
2147 914 2164 964 ;

568 1028 678 1086 quo
708 1011 919 1071 facilius
948 1008 1093 1064 circa
1121 1004 1309 1078 operis
1336 1002 1420 1058 sui
1473 1000 1703 1076 gratiam
1747 998 1900 1052 favor
1940 993 2170 1054 inclina-

568 1115 723 1166 retur
751 1100 1009 1159 auctoris.
1036 1096 1274 1154 Grandis
1304 1095 1448 1150 enim
1477 1089 1838 1164 praerogativa
1864 1095 1947 1142 est
2005 1085 2169 1142 etiam

571 1201 629 1255 in
657 1195 826 1254 rebus
853 1191 1109 1250 humanis
1137 1206 1152 1256 ;
1183 1195 1246 1244 ιιι
1265 1185 1465 1260 aliquis
1492 1181 1753 1256 operibus
1789 1187 1844 1234 et
1889 1175 2171 1232 beneflciis

574 1288 752 1344 faveat
778 1285 897 1341 suis
926 1325 942 1350 ,
1014 1296 1116 1338 nec
1139 1278 1393 1338 meritum
1425 1280 1636 1353 spectet
1666 1271 1900 1327 alienum
1932 1283 1948 1334 ;
1981 1265 2076 1323 sed
2117 1267 2172 1327 in

576 1396 687 1437 sua:
711 1379 900 1452 gratiae
931 1387 1126 1431 munus
1171 1371 1444 1435 intendat;
1487 1383 1556 1424 ne
1611 1365 1860 1421 videatur
1907 1361 2174 1432 abrogare

576 1451 737 1546 quod)
755 1469 870 1542 ipse
899 1464 1140 1524 donavit.
1173 1463 1362 1534 itaque
1391 1460 1493 1520 etsi
1525 1458 1593 1512 de
1625 1456 1742 1512 luto
1768 1451 2017 1523 corporis
2045 1461 2175 1504 nos-

578 1562 648 1618 tri
688 1557 991 1616 substantia
1013 1556 1114 1624 sit,
1145 1561 1200 1609 et
1221 1566 1386 1608 carne
1411 1547 1724 1613 induamur,
1749 1554 1804 1600 et
1833 1555 2032 1612 corpus
2080 1554 2172 1594 os-

577 1654 726 1710 sibus
751 1653 1025 1706 intexatur
1054 1656 1109 1703 et
1135 1644 1346 1710 nervis;
1399 1650 1580 1697 tamen
1609 1636 1752 1710 quod
1781 1636 1949 1690 simus
1969 1632 2178 1704 pretio-

2266 431 2587 493 animantia,
2617 437 2806 498 postea
2839 425 3118 480 hominem
3153 419 3277 476 fecit
3300 460 3316 486 ,
3371 432 3535 487 quem
3569 415 3862 470 animanti-

2267 526 2368 581 bus
2399 520 2707 578 viventibus
2730 518 3067 572 anteferret:
3099 514 3167 569 de
3195 525 3304 583 quo
3327 524 3437 566 non
3459 507 3734 562 immerito
3757 520 3862 561 cce-

2268 617 2390 672 iesti
2412 613 2683 671 sententia
2701 609 2990 672 resultavit
3014 623 3032 664 :
3059 606 3342 666 Faciamus
3369 602 3583 682 1089
3600 600 3858 656 hominem

2270 711 2338 766 ad
2367 708 2647 782 imaginem
2679 714 2724 759 et
2753 703 3144 760 similitudinem
3172 707 3400 752 nostram
3453 693 3608 766 (Gen.
3652 709 3668 748 ι
3695 733 3709 759 ,
3739 692 3860 764 26).

2267 802 2465 860 Cretera
2489 801 2642 868 dixit,
2673 807 2721 852 et
2751 797 2891 869 facta
2935 805 3053 850 sunt
3079 811 3097 848 :
3125 791 3413 858 mandavit,
3443 797 3492 845 et
3519 797 3693 844 creata
3740 796 3862 842 sunt

2273 895 2293 970 (
2322 893 2467 948 Psal.
2497 907 2718 958 CXLVIII,
2753 888 2829 964 5)
2861 906 2876 956 ;
2918 897 2980 944 ut
3008 886 3174 942 homo
3211 884 3330 950 fiat,
3364 881 3621 954 specialis
3648 879 3865 950 quidam

2272 988 2371 1044 Dei
2397 985 2608 1043 accedit
2641 984 2916 1048 hortatus;
2947 990 3009 1037 ut
3033 988 3313 1050 tamquam
3345 973 3654 1030 laborantis
3685 972 3777 1028 Dei
3809 972 3860 1026 in

2273 1080 2436 1154 hujus
2464 1091 2690 1134 munere
2711 1081 2979 1132 creatura:
3011 1070 3413 1143 signiﬁcaretur
3438 1065 3706 1137 operatio.
3726 1063 3864 1118 Deus

2273 1173 2491 1253 quidem
2523 1184 2740 1242 ;expers
2791 1166 2996 1224 laboris
3034 1172 3165 1220 est:
3208 1161 3305 1217 sed
3347 1170 3532 1226 tamen
3574 1157 3864 1229 Scriptura:

2274 1251 2436 1322 verba
2465 1263 2597 1338 quid
2623 1261 2792 1330 aliud,
2831 1274 2852 1301 ε
2884 1259 2990 1316 nisi
3034 1256 3338 1314 studiosam
3369 1253 3446 1309 tui
3497 1251 3864 1322 operationem

2274 1360 2396 1432 ejus
2422 1355 2766 1417 ostendunt?
2800 1354 2946 1429 Ergo
2977 1351 3023 1408 si
3051 1351 3194 1406 Deus
3223 1348 3436 1424 majore
3473 1342 3709 1424 quodam
3755 1353 3865 1398 stu-

2277 1453 2367 1508 dio
2397 1461 2449 1506 te
2476 1448 2699 1516 creavit,
2733 1462 2830 1502 cur
2862 1447 2980 1522 ipse
3009 1443 3086 1499 tui
3111 1441 3352 1498 studium
3379 1436 3729 1506 derelinquas
3753 1434 3778 1488 ἓ
3809 1433 3860 1488 Si

2278 1547 2422 1600 Deus
2454 1544 2508 1599 in
2543 1553 2594 1598 te
2618 1540 2908 1606 laboravit,
2961 1537 3050 1610 qui
3083 1534 3338 1592 laborare
3381 1546 3490 1598 non
3550 1530 3719 1602 novit,
3772 1542 3867 1583 cur

2279 1639 2397 1710 ipse
2425 1636 2661 1708 fugitans
2691 1631 2764 1687 sis
2792 1629 2998 1686 laboris
3027 1629 3051 1682 ?

578 1747 856 1802 sissimttm
887 1756 1024 1814 opus
1055 1739 1150 1796 Dei
1181 1780 1195 1805 ,
1226 1751 1390 1793 nemo
1414 1731 1761 1790 dubitaverit.
1804 1728 1939 1783 Nam
1987 1734 2044 1781 et
2090 1723 2172 1779 fa-
2203 1733 2252 1800 Β
2348 1728 2402 1782 9.
2435 1725 2625 1780 Manus
2658 1731 2788 1788 tute,
2827 1719 3038 1792 inquit,
3087 1721 3314 1789 fecerunt
3348 1729 3457 1776 me.
3489 1720 3537 1768 et
3569 1719 3872 1784 paraverunt

583 1837 791 1895 hricam
833 1835 1004 1904 ipsam
1027 1829 1248 1888 humani
1277 1825 1523 1897 corporis
1552 1825 1597 1880 si
1651 1822 1773 1893 quis
1820 1816 2172 1876 considerare

583 1928 751 1995 velit,
781 1924 913 1982 nihil
946 1921 1147 1995 poterit
1176 1919 1230 1974 in
1275 1927 1418 1973 terra
1461 1913 1754 1986 pretiosius
1777 1909 2042 1986 judicare.
2076 1906 2176 1962 Est

585 2020 732 2077 enim
781 2018 946 2073 homo
986 2023 1130 2070 statu
1173 2011 1384 2077 celsus,
1430 2009 1583 2064 vultu
1631 2005 1861 2060 decorus
1889 2043 1904 2069 ,
1954 1999 2177 2056 caesarie

585 2120 802 2183 gratus,
852 2124 961 2164 non
1016 2107 1070 2161 in
1119 2105 1302 2160 alvum
1340 2110 1662 2158 cancrorum
1718 2110 1871 2152 more
1921 2101 2179 2150 curvatus

2279 1835 2360 1874 me
2400 1817 2573 1892 (Psal.
2613 1829 2863 1879 cxxxvn,
2902 1813 2982 1884 8).
3025 1807 3234 1866 Clamat
3272 1806 3341 1863 ad
3371 1805 3542 1862 Deum
3573 1802 3868 1874 Propheta:

2279 1913 2428 1988 Opus
2470 1923 2654 1980 tuum,
2688 1909 2946 1977 Domine,
2986 1922 3054 1968 ne
3083 1906 3338 1974 deseras,
3379 1918 3487 1960 non
3512 1901 3871 1972 derelinquas.

2282 2006 2359 2064 Te
2375 2015 2652 2069 auctorem
2671 2002 2960 2069 convenio,
2983 2009 3036 2057 te
3060 2009 3221 2055 teneo
3242 1996 3607 2062 conditorem,
3632 1993 3868 2070 praesidia

2283 2097 2459 2156 aliena
2492 2110 2601 2151 non
2630 2108 2841 2170 quaero.
2866 2090 2922 2147 1n
2945 2090 3320 2163 adiumentum
3349 2087 3658 2158 accingere,
3678 2083 3767 2160 qui
3791 2098 3873 2139 ac-

587 2201 965 2269 animantium,
1002 2197 1097 2254 sed
1127 2197 1246 2268 ipso
1290 2202 1497 2250 natura:
1528 2191 1651 2262 jure
1687 2185 1957 2253 sublimiS,
1988 2184 2082 2255 qui
2123 2183 2180 2239 in
2281 2189 2488 2245 cinctus
2518 2203 2577 2243 es
2606 2194 2665 2242 ut
2685 2201 2925 2244 creares.
2953 2185 3048 2240 Dic
3070 2184 3185 2254 ipse
3213 2181 3415 2250 David,
3445 2181 3576 2252 quid
3607 2180 3872 2244 senseris,

587 2294 787 2352 coelum
819 2291 991 2348 libero
1016 2295 1228 2361 spectet
1254 2287 1467 2352 obtutu;
1492 2283 1644 2338 nulla
1665 2279 1894 2352 captivae
1919 2275 2183 2332 servitute
2285 2297 2383 2339 cur
2421 2280 2625 2336 dixeris
2663 2297 2676 2332 ε
2709 2277 2899 2333 Manus
2923 2287 3023 2333 ιιιω
3046 2277 3272 2348 {egerunt
3299 2273 3418 2330 me?
3445 2272 3552 2340 sed
3582 2272 3761 2328 dixisti
3798 2272 3872 2326 in-

587 2386 820 2444 cervicis
855 2383 1154 2455 depressus
1177 2381 1230 2435 in
1263 2387 1487 2444 terram,
1521 2373 1615 2431 sed
1652 2383 1920 2444 tamquam
1947 2368 2183 2440 promite

2298 2373 2455 2431 lerius
2488 2391 2502 2428 :
2531 2372 2774 2442 Domine,
2807 2372 3056 2427 retribues
3087 2379 3297 2443 propter
3311 2386 3390 2424 me
3414 2386 3432 2423 :
3464 2366 3705 2434 Domine,
3735 2367 3873 2426 mise-

592 2478 847 2535 conscius
869 2476 1160 2541 libertatis,
1192 2480 1247 2527 et
1276 2470 1528 2542 locuples
1558 2467 1644 2523 sui
1685 2465 1838 2521 testis
1867 2460 2127 2519 auctoris.

2298 2466 2516 2522 ricardia
2556 2475 2644 2520 tua
2673 2467 2728 2520 in
2771 2465 3014 2520 saeculum
3034 2506 3052 2531 ,
3081 2481 3237 2534 opera
3275 2478 3518 2517 manuum
3549 2470 3751 2516 tuarum
3782 2473 3874 2512 non

662 2572 717 2626 7.
762 2569 1150 2626 Verumtamen
1181 2564 1236 2620 in
1267 2563 1483 2620 caeteris
1509 2559 1880 2616 animantibus
1907 2553 2184 2610 metnbr0~
2289 2560 2494 2614 omittas
2518 2556 2742 2629 (Ibid.);
2777 2557 2881 2616 hoc
2908 2566 2993 2614 est
3021 2555 3206 2624 dicere
3237 2573 3253 2612 :
3282 2555 3492 2610 Bestias
3514 2567 3624 2610 non
3647 2551 3875 2606 fecerunt

591 2679 712 2720 rum
743 2664 919 2723 forma
969 2659 1243 2726 laudetur,
1274 2657 1326 2711 in
1358 2655 1554 2729 quibus
1584 2660 1782 2724 praeter
1803 2647 2029 2720 gratiam
2061 2659 2187 2700 cor-

2298 2666 2484 2708 manus
2511 2661 2638 2718 tuae,
2661 2649 2757 2706 sed
2773 2649 2970 2718 dixisti
3003 2666 3016 2703 :
3049 2647 3353 2710 Producant
3380 2662 3525 2714 aqum
3548 2645 3756 2716 reptilia
3774 2645 3876 2700 ani-

599 2757 749 2829 poris
769 2754 905 2810 nihil
934 2760 1019 2808 est
1055 2751 1204 2808 aliud
1253 2749 1400 2820 quod
1439 2747 1772 2818 requiratur.
1806 2743 1981 2799 Homo
2034 2741 2087 2794 in
2122 2752 2190 2792 eo
2291 2761 2493 2799 marum
2520 2743 2796 2798 viventium
2822 2741 2986 2816 (Gen.
3020 2758 3070 2806 ι,
3108 2740 3236 2814 20),
3269 2748 3324 2796 et
3351 2739 3603 2816 produxit
3634 2749 3773 2794 ιει-ιιει
3802 2752 3877 2796 se.

595 2859 679 2905 εει
709 2847 985 2918 pulchrior
1013 2844 1156 2915 quod
1184 2858 1290 2898 non
1313 2841 1553 2906 videtur,
1577 2855 1686 2895 non
1715 2838 1771 2892 in
1795 2849 2025 2906 corpore
2045 2830 2190 2904 quod
2292 2837 2526 2894 cundum
2553 2851 2723 2906 genus
2757 2834 3128 2910 quadrupedia
3150 2875 3164 2898 ,
3211 2841 3264 2888 et
3302 2831 3517 2902 reptilia
3539 2872 3554 2898 ,
3595 2839 3650 2886 et
3690 2830 3876 2886 bestias

597 2941 811 2996 videtur
839 2955 854 2993 :
886 2938 940 2992 in
968 2951 1027 2992 se
1057 2935 1262 2992 habens
1292 2932 1616 2993 aeternitatis
1653 2929 1906 3001 gratiam,
1963 2934 2018 2980 et
2051 2936 2194 2996 prac-
2295 2942 2478 2987 term,
2527 2931 2609 2986 Me
2648 2938 2827 2984 autem
2851 2971 2866 2995 ,
2907 2929 3110 3000 inquit,
3139 2927 3351 2998 fecisti,
3393 2941 3479 2982 me
3511 2925 3616 2988 tuis
3645 2923 3880 2982 manibus

603 3033 839 3091 sentiunt
869 3037 1230 3086 venustatem.
1283 3026 1412 3093 Quae
1439 3024 1579 3080 enim
1604 3023 1860 3084 videntur,
1889 3019 2193 3090 temporalia
2295 3023 2560 3096 ﬁgurasti’
2588 3023 2689 3078 hoc
2717 3030 2820 3092 est.
2847 3037 2954 3076 non
2989 3018 3234 3090 ﬁgurasli
3252 3017 3455 3074 bestias
3482 3015 3732 3080 manibus
3759 3014 3877 3080 suis.

597 3136 752 3191 sunt;
774 3139 893 3182 nam
921 3135 1038 3192 qua:
1058 3135 1160 3173 non
1189 3116 1425 3172 uidentur
1453 3124 1645 3168 wterna
1693 3111 1714 3184 (
1742 3110 1784 3165 ll
1813 3109 1932 3164 Cor.
1956 3124 2029 3175 tv,
2064 3108 2130 3162 l8

2300 3132 2407 3171 non
2438 3113 2651 3185 reptilia
2673 3156 2688 3181 ,
2723 3128 2830 3168 non
2869 3111 3106 3167 volatilia
3150 3129 3163 3168 :
3204 3109 3289 3164 Me
3318 3119 3490 3172 autem
3521 3109 3745 3178 fecerunt
3779 3122 3879 3159 ma-

601 3219 658 3273 in
687 3219 789 3272 hoc
827 3210 1077 3272 terrestri
1130 3207 1361 3279 hospitio
1401 3203 1620 3260 indutus
1674 3199 2006 3256 habitatione
2081 3214 2194 3255 cm-

599 3310 748 3374 lesti,
771 3307 857 3362 cui
889 3305 1053 3362 simul
1097 3299 1358 3371 competlt
1379 3305 1435 3353 et
1465 3297 1520 3350 in
1549 3293 1712 3349 terris
1742 3291 1937 3358 videri,
1981 3299 2038 3348 ct
2083 3292 2194 3347 Deo

596 3399 772 3472 jungi.
806 3397 1058 3468 Magnum
1114 3406 1246 3448 sane
1269 3402 1488 3454 munus,
1520 3387 1566 3442 si
1597 3402 1659 3442 se
1693 3387 1810 3456 ipse
1859 3393 2192 3456 cognoscat;

602 3490 916 3563 etquazdam
941 3489 1112 3543 forma
1130 3484 1378 3559 justitlaa,
1407 3490 1434 3520 ⁸
1466 3479 1668 3537 mundo
1697 3479 1871 3551 magis
1903 3493 2062 3549 quam
2095 3478 2196 3533 sibi

605 3583 778 3641 nasci.
828 3579 983 3638 Unde
1008 3587 1063 3635 et
1092 3577 1353 3634 Salomon
1394 3575 1500 3629 ait:
1533 3571 1744 3627 Grande
1800 3571 1975 3637 homo,
2004 3579 2051 3624 et
2078 3586 2196 3640 pre-

608 3677 799 3732 tiosum
823 3687 952 3744 apus
977 3671 1051 3725 vir
1078 3667 1418 3736 misericors_:
1446 3665 1614 3720 uirum
1640 3673 1808 3718 autent
1837 3661 2043 3732 ﬁdelem
2071 3677 2199 3732 opus

607 3777 680 3823 est
702 3761 974 3835 invenire(
1019 3759 1174 3816 Prov.
1207 3773 1315 3825 xx,
1350 3755 1384 3810 6
1415 3755 1462 3826 ).
1531 3755 1599 3810 Et
1652 3769 1784 3810 vere
1834 3765 2065 3823 magnus
2117 3759 2202 3806 cst

604 3858 700 3932 qui
729 3866 785 3914 ot
812 3852 981 3912 divini
1011 3850 1196 3923 operis
1228 3850 1502 3919 interpres
1523 3855 1607 3902 est
1632 3887 1646 3913 ,
1700 3855 1755 3901 et
1786 3845 2026 3898 imitator
2080 3841 2196 3896 Dei.

606 3955 784 4010 Homo
831 3959 914 4006 est
945 3948 1092 4004 enim
1118 3944 1210 4017 qui
1260 3942 1437 4015 potuit
1464 3941 1687 3996 dicere:
1746 3935 2044 3992 Imitatores
2102 3932 2203 3989 mei

606 4054 786 4111 estote,
808 4044 939 4097 sicut
965 4049 1013 4095 et
1046 4054 1140 4110 ego
1187 4035 1378 4092 Christi
1414 4034 1481 4106 (l
1525 4033 1647 4088 Cor.
1695 4047 1749 4087 ιι
1771 4072 1786 4098 ,
1817 4032 1843 4086 1
1879 4027 1920 4101 ).
1977 4028 2202 4084 Terram

611 4135 840 4201 excolit,
889 4133 1033 4188 mari
1077 4141 1358 4200 tamquam
1409 4126 1760 4197 possessione
1817 4124 2034 4188 utitur,
2079 4119 2204 4177 cmli

610 4231 932 4284 ornamenta
976 4221 1004 4263 ι’
1050 4229 1237 4292 gratus
1282 4219 1512 4273 miratur
1564 4223 1830 4271 assertor.
1891 4213 2207 4268 Evanuerat

609 4333 799 4377 rerum
844 4323 1056 4386 natura,
1085 4311 1189 4368 nisi
1211 4311 1305 4383 qui
1325 4324 1392 4367 ea
1414 4317 1680 4375 uteretur,
1707 4307 1892 4363 divina
1909 4306 2202 4377 providen-

612 4416 699 4496 tia.
731 4420 878 4470 esset
912 4409 1181 4486 adjectus.

2301 3225 2396 3263 nus
2426 3217 2547 3272 tum,
2577 3215 2624 3260 et
2653 3214 2962 3276 parauerunt
2991 3220 3094 3258 me.

2373 3299 2459 3355 10.
2493 3298 2609 3358 Non
2646 3297 2924 3354 mediocre
2963 3311 3100 3368 Optls
3142 3304 3261 3366 est,
3307 3293 3452 3366 quod
3482 3302 3726 3364 paratum
3762 3300 3877 3348 est:

2299 3407 2421 3448 cum
2454 3390 2722 3462 sapientia
2767 3387 3183 3460 unumquodque
3221 3385 3528 3457 disponitur
3567 3394 3623 3440 et
3652 3393 3877 3454 paratur.

2301 3484 2543 3556 Denique
2581 3479 2862 3550 Sapientia
2900 3480 3030 3535 dicit
3078 3497 3092 3534 :
3143 3478 3271 3534 Cum
3316 3486 3522 3552 pararet
3562 3476 3745 3546 caelos,
3774 3491 3880 3536 cum

2298 3576 2390 3630 illo
2421 3591 2560 3630 eram
2598 3573 2781 3650 (Prov.
2813 3587 2936 3639 vnt,
2976 3569 3090 3644 27).
3135 3567 3289 3637 Quod
3328 3567 3398 3623 de
3429 3567 3741 3630 hominibus
3764 3564 3883 3619 dicit

2303 3665 2446 3722 idem
2500 3663 2770 3738 Propheta
2833 3682 2845 3716 :
2908 3659 3022 3717 Vox
3072 3658 3284 3715 Domini
3337 3659 3682 3731 prwparantis
3727 3671 3884 3711 cervos

2303 3759 2478 3830 (Psal.
2514 3773 2710 3824 xxvnt,
2730 3757 2806 3828 9).
2831 3757 2962 3825 Qua:
2992 3771 3094 3809 vox
3123 3753 3332 3809 Domini
3364 3751 3458 3807 Dei
3489 3761 3593 3818 est,
3625 3751 3757 3806 nisi:
3789 3748 3885 3803 Fa-

2303 3852 2500 3905 ciamus
2533 3849 2785 3903 hominem
2818 3846 2972 3919 (Gen.
3006 3862 3047 3913 ι,
3068 3844 3303 3922 26).Qui
3333 3854 3460 3902 sunt
3482 3841 3570 3897 isti
3595 3842 3762 3908 cervi,
3792 3840 3882 3896 nisi

2306 3943 2511 4000 inimici
2535 3941 2901 4016 serpentibus,
2935 3942 3026 4012 qui
3056 3954 3223 4010 super
3251 3937 3469 4010 aspides
3498 3936 3807 4000 ambulant,
3836 3943 3884 3989 et

2305 4050 2514 4092 venena
2547 4050 2654 4090 non
2681 4030 2959 4089 sentiunt?
2981 4030 3096 4087 Non
3127 4030 3233 4086 vile
3255 4029 3441 4104 igitur,
3476 4042 3584 4082 non
3617 4028 3886 4098 corporale

2308 4130 2567 4194 arbitror,
2596 4127 2739 4200 quod
2763 4127 2973 4198 paravit
3002 4125 3166 4180 Deus.
3191 4122 3366 4180 Nosce
3385 4131 3437 4182 te
3461 4121 3661 4192 ipsum,
3688 4120 3842 4178 homo
3871 4136 3884 4175 :

2307 4232 2414 4280 tum
2440 4222 2634 4278 animae
2663 4220 2860 4276 dicitur
2886 4219 2938 4276 in
2969 4217 3215 4275 Canticis
3241 4215 3588 4272 Canticorum
3622 4233 3634 4269 :
3669 4213 3786 4276 Nisi
3813 4229 3887 4266 co-

2307 4314 2542 4388 gnoveris
2578 4324 2625 4368 te
2651 4316 2936 4385 formosam
2978 4311 3032 4366 in
3076 4307 3372 4364 mulieribus
3408 4305 3588 4379 (Cant.
3613 4322 3660 4370 t,
3694 4304 3768 4377 7).
3796 4305 3889 4358 Co-

2307 4421 2507 4484 gnosce
2531 4414 2607 4473 te,
2633 4405 2835 4471 anima,
2863 4402 2986 4476 quia
3013 4417 3120 4458 non
3146 4401 3215 4464 de
3243 4413 3409 4468 terra,
3441 4415 3549 4456 non
3578 4398 3648 4455 de
3675 4399 3783 4454 luto
3808 4413 3885 4460 cs;

679 4493 733 4564 8.
777 4504 1017 4580 Denique
1046 4510 1329 4574 postquam
1352 4497 1477 4556 fecit
1527 4497 1669 4554 Deus
1695 4496 1890 4554 omium
1921 4505 1976 4555 et
2006 4505 2204 4555 terram
2232 4495 2286 4562 D
2311 4497 2338 4537 (ι
2367 4499 2492 4575 quia
2529 4495 2823 4559 insultlavit
2848 4505 2902 4553 te
2929 4496 3072 4552 Deus
3090 4537 3107 4565 ,
3139 4502 3195 4552 et
3221 4492 3350 4550 fecit
3379 4499 3435 4548 te
3469 4491 3537 4562 in.
3560 4493 3795 4548 animam
3822 4488 3889 4544 vi-

685 4685 711 4714 ι
755 4673 906 4728 lianc
954 4662 1283 4723 sententiam
1313 4659 1722 4732 elegantissime
1759 4661 2068 4732 expositam
2114 4675 2203 4717 re-

614 4747 811 4833 Ρειῐίθε,
822 4739 974 4833 ³1³Ρὲ
983 4737 1634 4833 F“'“§.“.“".‘..i’£?i?.’°‘f.‘:
1651 4731 1927 4833 112:}..‘2‘
1957 4732 2200 4833 ρέξξξξιε

616 4802 677 4878 in
703 4818 818 4875 haec
849 4802 1015 4868 verba
1048 4848 1061 4864 .
1106 4805 1216 4866 Sed
1258 4803 1537 4882 quoniam,
1567 4810 1623 4858 ut
1649 4802 1898 4882 praeclare
1954 4804 2204 4875 scriptum

617 4873 691 4946 est
709 4873 752 4942 7a
781 4884 1021 4946 Platone,
1053 4893 1155 4931 non
1181 4874 1326 4946 nobis
1354 4873 1523 4946 solum
1575 4873 1684 4929 nati
1711 4889 1889 4927 sumus
1913 4914 1929 4941 ,
1963 4873 2202 4944 ortusque

613 4945 780 5014 nostri
813 4963 1009 5024 partem
1035 4948 1203 5019 patria
1248 4945 1474 5024 vindicat
1504 4984 1520 5011 ,
1541 4952 1752 5024 partem
1783 4955 2036 5024 parentes,
2061 4961 2206 5024 ,ραις-

617 5042 716 5086 tem
757 5015 952 5082 amici:
1000 5015 1152 5089 atque
1178 5026 1232 5089 ut
1263 5017 1427 5089 placet
1453 5015 1650 5089 stoicis,
1681 5030 1799 5085 qua:
1849 5015 1906 5089 in
1950 5016 2100 5089 terris
2125 5017 2204 5088 gi.

613 5108 864 5174 Ωηιιηιυῖ,
912 5091 981 5174 qd
1008 5086 1160 5146 usam
1187 5086 1455 5142 hominum
1495 5086 1670 5168 omnia
1720 5087 1888 5168 creari
1913 5127 1933 5168 ,-
1964 5086 2203 5169 150mm“

613 5156 784 5227 autem
808 5156 1073 5220 hominum
1103 5175 1262 5213 causa
1291 5173 1399 5211 esse
1423 5156 1663 5227 genitos;
1719 5164 1775 5209 ut
1832 5156 1933 5225 ipsi
1972 5157 2103 5227 inter
2149 5172 2204 5210 se

617 5226 753 5297 alius
778 5237 870 5293 alii
899 5233 1144 5304 prodesse
1170 5237 1400 5300 possent,
1425 5226 1484 5281 in
1535 5227 1633 5304 hoc
1673 5236 1914 5304 naturam
1964 5226 2203 5304 debemus

617 5317 798 5366 ducem
845 5297 990 5372 sequi
1021 5343 1036 5367 ,
1068 5311 1116 5356 et
1156 5297 1449 5372 communes
1469 5299 1724 5372 utilitates
1781 5297 1834 5372 i_n
1865 5299 2205 5372 medium_a[_-

612 5387 773 5454 ferre,
823 5367 930 5435 etc.
983 5371 1190 5454 laudat
1241 5369 1406 5454 etiam
1469 5368 1728 5454 bucanus
1779 5367 2043 5430 Catonem
2087 5367 2206 5430 uti-

613 5440 834 5512 censent
855 5445 1000 5522 quod
1030 5444 1149 5516 ejus
1170 5449 1322 5498 secta
1354 5440 1514 5516 fuerit
1549 5458 1565 5496 :

864 5548 980 5599 Non
1001 5545 1112 5605 sibi,
1137 5542 1228 5593 sed
1251 5541 1337 5592 toti
1358 5540 1581 5604 genitum
1602 5551 1661 5590 se
1679 5536 1890 5589 credere
1912 5537 2108 5587 mundo.

623 5655 817 5712 Mirum
848 5661 934 5710 est
980 5653 1164 5722 itaque
1189 5648 1492 5722 _inventum
1531 5661 1654 5704 esse
1695 5645 2051 5722 christianum
2105 5643 2208 5700 ho-

627 5727 860 5794 minem,
902 5721 996 5798 qui
1041 5717 1360 5791 praeclarum
1416 5719 1518 5773 hoc
1570 5717 1983 5789 pronuntiatum
2035 5717 2210 5793 impu-

2305 4674 2472 4730 gnare
2503 4655 3080 4730 auderet.__lfrge_cipua
3128 4654 3247 4723 eius
3293 4663 3607 4724 argumenta
3665 4651 3889 4730 displosa

2306 4726 2548 4801 reperies
2594 4738 2728 4784 tom.
2770 4727 2843 4801 lli
2869 4726 3225 4801 Philosuvet.
3279 4734 3336 4780 et
3368 4739 3496 4780 nov.
3535 4766 3550 4789 ,
3613 4734 3772 4781 tract.
3819 4727 3887 4790 5.

2308 4797 2557 4874 ἀὶἑρεᾹ,
2589 4807 2784 4873 quaest.
2813 4799 2848 4854 5
2877 4839 2892 4864 ,
2955 4797 3146 4874 art._3.

2379 4867 2413 4912 Β
2449 4867 2852 4945 Εάἰι.“οηιηεε,
2894 4869 3106 4945 grandis
3153 4867 3372 4922 miratur
3411 4876 3683 4935 assertor;
3735 4881 3889 4932 mss.,

2346 4955 2507 5005 ratus,
2540 4951 2646 4998 etc.

2310 4963 2507 5018 gratus,
2540 4963 2646 4998 etc.

2386 5028 2408 5058 ο
2439 5015 2598 5070 Rom.
2626 5012 2758 5068 edit.
2782 5051 2798 5077 ,
2841 5011 2941 5064 nisi
2965 5010 3253 5064 custodiam
3277 5010 3351 5063 tui
3382 5011 3444 5064 ob
3467 5010 3691 5079 gratiam
3719 5025 3895 5079 apera-

2311 5088 2509 5144 tionum
2533 5088 2647 5157 ejus
2677 5082 2972 5157 ostendunt.
3019 5081 3137 5144 Vet.
3186 5081 3318 5157 adit.
3342 5122 3358 5145 ,
3400 5081 3499 5157 nisi
3530 5080 3814 5157 studiosam
3838 5080 3892 5157 ob

2310 5157 2531 5230 gratiam
2550 5150 3023 5230 Ini_operationem,
3055 5160 3162 5230 etc.
3195 5151 3326 5219 Sed,
3363 5150 3425 5230 ob
3448 5153 3696 5222 gratiam,
3722 5166 3820 5208 nec
3844 5150 3891 5206 in

2313 5224 2442 5283 inss.
2467 5226 2757 5296 reperitur.
2788 5238 2886 5280 nec
2909 5224 3090 5296 sensui
3127 5224 3492 5296 necessarium
3516 5231 3630 5296 est.

2387 5297 2413 5336 ά
2437 5291 2658 5352 Cunctm
2685 5295 2817 5350 edit.
2845 5335 2859 5360 ,
2891 5295 3012 5361 quia
3033 5295 3318 5365 insufﬂauit
3347 5293 3476 5365 inte
3503 5291 3672 5347 Deus.
3702 5292 3892 5365 Cuncti

2315 5369 2432 5426 fere
2480 5381 2613 5428 mss.
2665 5381 2775 5423 non
2816 5374 3116 5434 agnoscunt
3152 5363 3640 5434 'prmpositionem.
3699 5363 3894 5420 Rursus

2314 5449 2421 5495 vct.
2460 5439 2615 5500 edit..
2653 5437 2796 5506 Opus
2829 5431 2910 5508 est
2949 5431 3312 5508 magniﬁcum,
3341 5431 3448 5508 Dei
3465 5435 3795 5508 generatione
3825 5434 3893 5508 in-

2311 5511 2582 5591 spiratam.
2609 5504 2788 5591 Bouh,
2814 5505 2959 5591 Opus
2982 5504 3313 5576 magnificum
3334 5515 3404 5587 est
3430 5504 3604 5570 homo,
3627 5504 3892 5591 Deiinspi;

2309 5573 2512 5651 ratione
2541 5573 2834 5651 formatum.
2862 5573 3224 5651 omnes'mss.
3257 5585 3315 5634 ut
3342 5577 3396 5629 in
3417 5583 3601 5651 textu;
3633 5576 3737 5651 nisi
3763 5573 3891 5645 quod

2310 5646 2698 5776 :Lnxsmvewa
2728 5658 2843 5706 tres
2880 5647 2960 5704 sic
2989 5647 3390 5719 invertunt,....
3435 5646 3779 5728 inspiratione
3815 5661 3892 5720 gen

2313 5733 2566 5780 neratum.
3526 5733 3530 5738 Δ
