3988 6358
175 307 301 365 1535

1246 309 1314 368 IN
1352 310 1682 380 ΡεΑιιιωι
1714 313 1931 382 CXVIII
1967 317 2359 380 EXPOSITIO.

3317 335 3453 391 155$

175 434 370 488 ventem
389 422 556 522 (Gen.
587 438 649 492 ιι,
679 423 758 498 6).
792 422 1027 522 Opuses
1052 427 1434 522 magniﬁcum,
1461 429 1556 490 Dei
1588 445 1755 522 gene-
1780 437 1837 500 Α
1861 450 1969 492 non
1997 435 2306 499 invenitur?
2328 437 2465 500 Nam
2493 441 2539 496 si
2567 442 2876 506 inveniatur
2899 447 2958 508 in
2986 455 3044 510 te
3064 448 3246 522 imago
3275 448 3370 508 Dei
3397 462 3456 508 et

171 518 359 574 ratione
387 516 738 586 inspiratum.
774 519 993 578 Attende
1026 519 1139 588 tibi,
1171 528 1233 580 ut
1256 519 1374 580 Lex
1405 521 1540 583 dicit
1569 521 1750 592 (Deut.

173 627 233 680 ιγ,
268 609 348 680 9),
373 607 480 666 hoc
507 618 594 670 est
622 609 738 676 tibi,
778 609 964 678 idest,
999 612 1192 672 animae
1225 622 1351 668 tuae.
1379 613 1670 672 Saecularia
1697 625 1752 674 te

170 713 213 760 et
236 703 502 760 mundana
526 717 596 758 ne
621 711 863 769 teneant,
894 705 1170 764 terreStria
1198 719 1309 761 non
1339 717 1641 766 morentur.
1668 707 1750 770 Ad

169 797 295 853 illum
337 805 449 850 tota
499 794 804 852 intentione
833 793 1066 863 festina,
1100 811 1169 852 ex
1199 797 1357 868 cujus
1387 797 1750 870 inspiratione

170 891 422 947 consistis.
457 887 691 954 Grande,
722 887 916 960 inquit,
949 888 1104 946 homo
1133 901 1182 946 et
1203 893 1487 962 pretiosum
1509 910 1636 965 apus
1675 895 1752 948 vir

169 983 464 1047 misericors;
486 980 655 1034 virum
675 990 844 1035 autem
859 980 1069 1051 ﬁdelem
1085 999 1212 1053 opus
1223 992 1296 1038 est
1317 983 1542 1039 inuenire
1562 981 1749 1055 (Prov.

169 1097 244 1146 xx,
275 1078 350 1150 6).
381 1078 559 1144 Disce,
589 1077 780 1146 homo,
816 1080 902 1142 ubi
932 1081 1159 1151 grandis
1179 1125 1194 1148 ,
1226 1083 1315 1139 ubi
1344 1083 1618 1154 pretiosus
1646 1083 1743 1137 sis.

171 1173 326 1232 Vitem
369 1183 424 1230 te
473 1181 622 1230 terra
662 1173 1006 1230 demonstrat
1053 1194 1068 1231 :
1107 1177 1201 1232 sed
1235 1177 1537 1248 gloriosum
1573 1177 1749 1234 virtus

169 1266 300 1330 facit,
328 1262 466 1320 ﬁdes
491 1279 676 1320 rarum
698 1306 714 1333 ,
745 1265 926 1336 imago
959 1267 1282 1337 pretiosum.
1331 1271 1414 1332 An
1449 1269 1746 1340 quidquam

172 1366 261 1411 tam
294 1357 606 1426 pretiosum
631 1399 645 1420 ,
691 1372 854 1428 quam
893 1357 1072 1431 imago
1111 1369 1197 1416 est
1235 1360 1363 1425 Dei,
1407 1376 1529 1432 quae
1569 1360 1747 1431 primo

171 1447 248 1503 tibi
271 1447 436 1506 ﬁdem
480 1447 646 1506 debet
691 1448 1012 1518 infundere;
1055 1461 1112 1508 ut
1150 1451 1204 1514 in
1243 1452 1409 1509 corde
1443 1462 1536 1509 tuo
1574 1452 1745 1509 reful-

169 1548 271 1611 geat
296 1538 552 1610 quaedam
581 1541 819 1598 auctoris
847 1542 1088 1616 efﬁgies:
1112 1559 1185 1606 ne
1213 1546 1303 1616 qui
1332 1553 1569 1601 mentem
1598 1555 1743 1604 tuam

169 1633 479 1705 interrogat,
521 1647 634 1690 non
678 1645 939 1706 agnoscat
978 1640 1296 1694 auctorem?
1334 1640 1419 1694 An
1447 1638 1742 1710 quidquam

168 1736 256 1782 tam
281 1728 609 1802 pretiosum,
635 1742 798 1798 quam
830 1727 1142 1795 humilitas;
1177 1740 1236 1788 ut
1261 1740 1506 1787 naturam
1541 1746 1744 1801 corpo-

1855 526 2184 596 similitudo,
2225 545 2332 590 non
2378 533 2648 603 supplicio
2685 536 2881 613 incipis
2919 539 3121 610 dignus
3159 555 3314 604 esse.
3357 545 3451 602 sed

1855 622 2102 687 praemio.
2129 620 2208 686 Ita
2237 623 2413 694 imago
2443 625 2536 686 illa
2557 641 2663 700 qua
2693 629 2762 684 ad
2791 630 3079 704 imaginem
3114 641 3177 692 et
3201 634 3454 696 similitu-

1854 710 2039 766 dinem
2068 713 2164 768 Dei
2194 713 2366 771 facms
2395 733 2474 784 es,
2503 733 2614 778 non
2643 722 3068 796 condemnatur,
3099 726 3195 782 sed
3225 741 3455 785 corona-

1852 812 1960 866 tur.
1979 804 2376 866 Condemnaris
2400 821 2580 870 autem
2606 815 2659 869 in
2687 830 2774 888 eo,
2795 819 2938 889 quod
2963 819 3079 891 ipse
3098 830 3340 878 mutatus
3360 839 3449 889 es;

1855 909 1912 954 ut
1937 900 2096 957 ﬁeres
2124 919 2195 958 ex
2225 904 2447 960 homine
2474 922 2734 979 serpens,
2767 913 2978 982 mulus,
3018 929 3190 990 equus
3216 959 3229 983 ,
3260 918 3452 988 vulpe-

1852 994 1992 1048 cula.
2039 995 2135 1050 His
2172 998 2319 1052 enim
2361 1001 2676 1057 nominibus
2711 1003 2820 1074 jam
2859 1021 2964 1062 nos
3005 1007 3284 1082 Scriptura
3315 1026 3449 1066 cou-

1853 1085 2161 1154 demnavit;
2194 1091 2318 1160 quia
2361 1094 2508 1147 exuti
2540 1095 2778 1153 caelestis
2809 1097 3062 1172 imaginis
3087 1115 3408 1161 ornamento
3430 1148 3446 1173 ,

1851 1176 2014 1232 etiam
2058 1195 2255 1236 nomen
2299 1181 2539 1242 hominis
2571 1188 2909 1260 amittimus,
2944 1194 3036 1263 qui
3075 1196 3304 1265 gratiam
3354 1197 3454 1253 ho-

1850 1267 2014 1324 minis
2040 1285 2150 1325 non
2173 1280 2440 1330 tenemus.

1925 1360 2012 1413 12.
2057 1360 2115 1415 1η
2170 1363 2445 1435 aliquibus
2503 1377 2683 1426 tamen
2743 1372 3027 1431 codicibus
3077 1378 3383 1437 invenimus
3436 1400 3450 1436 :

1852 1449 2044 1507 Manus
2066 1465 2168 1509 tua:
2187 1460 2418 1526 fecerunt
2439 1477 2540 1528 me,
2561 1472 2609 1515 et
2629 1462 3020 1534 plasmaverunt
3041 1485 3141 1523 me.
3166 1470 3278 1526 Nec
3300 1473 3446 1527 istud

1849 1543 2122 1607 alienum;
2156 1546 2281 1616 quia
2311 1557 2366 1604 et
2401 1549 2506 1606 Job
2545 1550 2680 1608 dixit
2724 1573 2738 1609 :
2783 1555 2975 1612 Manus
3017 1569 3121 1614 tua:
3161 1561 3450 1630 plasmave—

1850 1647 1971 1691 runt
2002 1655 2099 1706 me,
2132 1649 2178 1694 et
2201 1645 2432 1712 fecerunt
2462 1661 2542 1699 me
2570 1644 2711 1716 (Job.
2745 1665 2800 1716 Χ,
2834 1647 2914 1721 8).
2941 1651 3097 1708 Unde
3126 1662 3182 1708 et
3209 1654 3300 1710 hic
3329 1657 3446 1712 edi-

1850 1728 2023 1796 citur,
2073 1739 2132 1785 ut
2182 1735 2491 1790 meminerit
2538 1737 2682 1798 Deus
2729 1741 2853 1810 quia
2902 1744 3082 1814 pulvis
3130 1759 3357 1815 sumus;
3391 1759 3451 1804 ut

167 1820 232 1875 ris
253 1820 558 1890 animaeque
591 1820 948 1890 perSpiciens,
979 1830 1007 1858 ι
1031 1822 1187 1878 alteri
1215 1832 1269 1878 te
1296 1822 1575 1892 subjicias,
1607 1823 1741 1880 alte-
1769 1837 1818 1897 Β
1847 1820 2118 1878 uberioris
2139 1826 2328 1894 gratiae
2358 1842 2554 1882 munus
2575 1828 2846 1904 infundat,
2879 1849 2981 1889 nec
3008 1835 3282 1892 inﬁrmum
3311 1854 3449 1910 opus

168 1930 264 1970 rum
284 1930 472 1986 regere
497 1914 710 1988 ιωο
734 1914 1055 1984 cognoscas?
1071 1915 1246 1977 Prona
1272 1917 1324 1972 in
1351 1916 1540 1971 vitium
1566 1917 1748 1972 carnis

165 2005 403 2062 illecebra
457 2005 891 2062 misericordiam
949 2007 1177 2075 suadet;
1229 2008 1354 2078 quia
1401 2007 1549 2077 quod
1588 2007 1743 2064 alteri

166 2097 468 2166 contuleris,
492 2097 590 2156 tibi
624 2097 829 2156 solvis:
874 2098 1132 2172 quidquid
1159 2108 1266 2156 ate
1287 2100 1558 2172 procedit,
1598 2103 1654 2157 in
1691 2111 1745 2158 te

164 2192 379 2246 recurrit
410 2208 424 2244 z
456 2199 511 2245 et
532 2189 792 2260 quidquid
824 2190 1121 2262 profueris,
1153 2191 1252 2252 tibi
1281 2192 1517 2266 proﬁcit.

229 2281 307 2336 11.
337 2279 556 2336 Vivacis
583 2281 778 2344 anima;
803 2283 962 2354 vigor
983 2297 1205 2350 sensus,
1232 2283 1482 2354 rationis,
1506 2292 1563 2340 et
1583 2283 1745 2340 intel-

166 2372 316 2428 lectus
353 2388 558 2444 capax,
589 2381 757 2446 atque
791 2373 984 2444 judicii
1022 2391 1040 2444 ;
1080 2383 1140 2432 ut
1174 2375 1334 2448 digna
1365 2376 1560 2434 domus
1590 2385 1746 2438 tanto

167 2462 452 2526 habitatore
481 2464 763 2534 videatur,
799 2480 904 2521 non
941 2467 1154 2524 amittat
1191 2483 1304 2523 suae
1329 2469 1741 2540 prterogativaut

167 2565 390 2622 naturae,
425 2572 492 2612 ne
528 2557 765 2616 hominis
793 2574 990 2622 nomen
1017 2561 1249 2618 amittat.
1292 2561 1570 2632 Scriptura
1597 2563 1745 2620 enim

165 2665 273 2706 eum
302 2650 577 2708 hominem
603 2652 768 2720 dicit,
811 2653 904 2723 qui
934 2663 1018 2716 est
1047 2653 1115 2714 ad
1145 2654 1434 2725 imaginem
1462 2664 1518 2712 et
1545 2655 1742 2718 simili-

165 2744 388 2802 tudinem
420 2745 515 2801 Dei
552 2762 566 2799 :
600 2756 918 2815 peccantem
943 2754 1150 2812 autem,
1180 2763 1288 2804 non
1319 2747 1616 2815 hominem,
1645 2748 1744 2805 sed

164 2847 243 2890 aut
269 2847 619 2910 serpentem,
661 2846 756 2892 aut
799 2852 1000 2908 equum
1041 2837 1454 2900 adhinnientem
1495 2839 1742 2908 feminis,

162 2937 242 2981 aut
276 2929 646 2999 rnlpeculam,
698 2937 791 2992 aut
833 2928 1140 3000 iumentum
1185 2944 1384 2986 vocare
1435 2931 1739 2988 consuevit.

162 3019 322 3076 Nolite
347 3022 468 3092 ﬁeri
506 3023 641 3077 sicut
676 3038 833 3093 equus
873 3032 964 3078 aut
992 3023 1165 3084 mulus
1203 3023 1389 3092 quibus
1415 3039 1516 3080 non
1545 3030 1622 3078 est
1656 3023 1742 3080 in-

160 3112 388 3166 tellectus.
428 3110 496 3166 In
530 3129 679 3166 camo
709 3121 755 3166 et
787 3116 934 3183 freno
963 3113 1205 3174 maxillas
1225 3130 1404 3168 eorum
1426 3114 1740 3185 constringe,

1849 1915 2089 1970 deserat.
2134 1915 2483 1975 Gubernator
2511 1921 2806 1979 ﬂuctuante
2836 1927 3050 1998 navigio
3093 1929 3221 1999 plus
3245 1930 3448 1986 laboris

1849 2005 2151 2079 impendit,
2203 2026 2364 2080 quam
2413 2025 2584 2068 cumc
2619 2016 2862 2071 secundo
2911 2019 3195 2091 remigium
3243 2021 3448 2079 labitur

1846 2097 2019 2154 fluctu
2041 2142 2054 2165 ,
2087 2110 2179 2157 aut
2208 2114 2492 2164 ventorum
2522 2105 2684 2162 ﬂatus
2705 2149 2720 2174 ,
2754 2123 2853 2166 suo
2884 2123 3178 2184 superante
3216 2113 3406 2170 labore
3429 2157 3442 2180 ,

1845 2195 2157 2263 prtecurrit.

1922 2286 2008 2340 15.
2043 2259 2236 2342 dianus
2278 2299 2411 2355 tute,
2444 2289 2654 2361 inquit,
2702 2293 3090 2369 plasmaverunt
3124 2313 3222 2352 me.
3255 2297 3448 2354 Manus

1849 2377 1982 2433 dicit
2020 2379 2336 2450 pluraliter,
2369 2398 2476 2436 non
2508 2398 2750 2438 manum.
2783 2387 2852 2440 At
2879 2402 3008 2448 vero
3031 2388 3156 2443 alibi
3183 2389 3259 2444 ait
3289 2408 3301 2443 :
3331 2389 3446 2463 Ego

1847 2487 2005 2524 manu
2035 2488 2147 2526 mea
2170 2473 2388 2527 solidavi
2415 2474 2594 2528 cwlum
2619 2473 2789 2548 (Esai.
2826 2493 2950 2544 va,
2978 2478 3084 2548 12).
3113 2479 3180 2534 Ει
3213 2498 3224 2532 :
3258 2479 3449 2534 Manus

1848 2578 1961 2615 mea
2007 2565 2127 2633 fecit
2169 2565 2277 2618 haec
2324 2564 2494 2638 (Esai.
2543 2581 2699 2632 vat,
2741 2568 2824 2636 ‘2).
2863 2569 3076 2648 109}
3113 2569 3174 2625 In
3206 2571 3447 2628 hominis

1847 2655 2239 2711 constitutione
2264 2655 2480 2712 videtur
2507 2672 2614 2712 non
2640 2658 2967 2726 abundasse,
2992 2661 3137 2731 quod
3166 2663 3264 2717 toti
3291 2679 3448 2717 mun-

1848 2748 1940 2815 do,
1971 2758 2030 2803 ut
2055 2748 2232 2813 ﬁeret,
2257 2749 2573 2805 abundavit.
2600 2749 2810 2806 C(elum
2837 2767 2940 2806 una
2967 2752 3205 2810 ﬁrmavit
3227 2770 3444 2826 manus,

1849 2850 1906 2894 ut
1937 2841 2201 2909 scriptum
2241 2849 2325 2896 est
2370 2859 2383 2894 :
2435 2847 2493 2896 et
2532 2851 2766 2912 utraque
2796 2842 2891 2898 Dei
2933 2859 3124 2899 manus
3166 2844 3443 2902 hominem

1849 2933 2126 3003 ﬁguravit,
2159 2942 2219 2987 ut
2248 2934 2495 3004 legimus.
2528 2932 2740 2990 Caelum
2771 2951 2878 2991 non
2909 2937 2977 2991 ad
3009 2937 3440 3006 similitudinem,

1847 3022 2013 3078 homo
2065 3022 2132 3077 ad
2181 3022 2614 3079 similitudinem.
2677 3025 2869 3096 Angeli
2921 3026 2989 3082 ad
3045 3027 3442 3096 ministerium,

1849 3114 2012 3170 homo
2037 3115 2104 3170 ad
2127 3114 2438 3186 imaginem.

161 3202 236 3269 tpa'
269 3204 337 3255 ad
374 3211 428 3260 te
474 3218 580 3264 non
621 3205 1045 3275 appropinquant
1074 3202 1250 3277 (Psal.
1282 3219 1438 3269 xxxx,
1491 3201 1572 3272 9).
1617 3203 1690 3258 Et
1728 3221 1740 3257 :
1773 3207 1819 3270 ο
1920 3207 2010 3262 14.
2046 3207 2178 3262 Esto
2207 3213 2266 3260 ut
2294 3214 2351 3261 et
2377 3207 2554 3278 angeli
2589 3207 2657 3262 ad
2687 3208 3003 3279 imaginem.
3047 3210 3331 3280 Scriptura
3365 3220 3445 3266 ta-

164 3291 314 3354 Dicite
336 3296 460 3350 huic
487 3296 631 3368 vulpi
659 3294 812 3368 (Luc.
830 3312 941 3362 xm,
965 3296 1082 3367 52),
1114 3296 1181 3354 de
1213 3297 1428 3356 Herode
1453 3296 1544 3352 ait.
1580 3295 1743 3352 Gene-

157 3387 277 3442 ratio
311 3389 617 3460 viperarum
664 3397 887 3451 vocatur
930 3404 959 3442 a
1009 3388 1218 3444 Joanne
1266 3389 1426 3459 plebs
1459 3389 1739 3448 hominum

161 3480 296 3551 (Luc.
328 3500 382 3538 ιιι
407 3526 418 3550 ,
452 3481 535 3555 7).
564 3483 817 3554 Magnum
844 3498 974 3554 ergo
995 3499 1135 3554 opus
1165 3483 1260 3540 Dei
1286 3498 1368 3551 es,
1394 3486 1556 3546 homo
1575 3528 1590 3552 ,
1623 3500 1743 3546 ma.

157 3591 304 3646 gnum
331 3589 414 3634 est
448 3578 601 3650 quod
627 3578 778 3638 dedit
815 3579 910 3638 tibi
943 3579 1118 3651 Deus;
1165 3578 1290 3637 vide
1319 3594 1388 3636 ne
1417 3580 1562 3651 quod
1598 3580 1742 3638 Deus

158 3669 352 3736 tribuit,
377 3670 606 3732 amittas
649 3685 903 3740 magnum
935 3670 1068 3730 illud
1111 3686 1342 3740 munus,
1387 3672 1530 3742 quod
1575 3687 1636 3728 es
1675 3672 1742 3726 ad

156 3761 426 3834 imaginem
457 3764 601 3830 Dei;
643 3763 834 3821 ethoc
873 3765 925 3826 in
973 3773 1026 3822 te
1065 3766 1321 3839 puniatur
1360 3765 1554 3836 magis,
1601 3765 1743 3824 Deus

157 3857 286 3911 enim
313 3873 422 3914 non
455 3856 622 3928 punit
646 3857 1056 3916 similitudinem
1083 3873 1238 3914 suam
1276 3876 1290 3920 _:
1313 3858 1409 3916 sed
1433 3874 1558 3918 eum
1590 3861 1746 3930 punit

153 3949 234 4019 qui
264 3950 328 4005 ad
355 3949 780 4007 similitudinem
821 3950 916 4008 Dei
948 3949 1138 4018 factus,
1179 3950 1285 4007 hoc
1323 3951 1470 4022 quod
1507 3953 1735 4022 accepit,

153 4038 408 4098 bservare
462 4056 574 4097 non
627 4042 820 4112 potuit,
868 4041 1096 4102 Punitur
1135 4057 1266 4114 ergo
1309 4042 1443 4099 illud
1493 4042 1637 4110 quod
1673 4043 1738 4098 ad

148 4131 556 4194 similitudinem
605 4132 701 4187 Dei
733 4147 854 4189 esse
897 4133 1142 4202 desistit,
1174 4133 1279 4190 hoc
1308 4142 1393 4189 est
1415 4175 1428 4200 ,
1458 4140 1738 4204 peccatum

150 4231 310 4279 tuum.
341 4224 480 4280 Nam
517 4238 673 4283 suam
706 4224 850 4282 Deus
878 4241 985 4280 non
1015 4224 1237 4284 damnat
1277 4225 1568 4297 imaginem
1591 4267 1606 4294 ,
1639 4240 1742 4281 nec

147 4313 197 4368 in
237 4315 366 4372 ilhrd
404 4315 728 4374 incendium
760 4316 928 4379 mittit
957 4326 1221 4374 aeternum
1252 4335 1263 4371 :
1293 4317 1390 4372 sed
1421 4317 1594 4388 magis
1623 4319 1741 4374 vin-

145 4407 278 4464 dicat
303 4409 602 4482 imaginem
629 4423 780 4464 suam
810 4410 877 4465 de
908 4425 993 4480 eo,
1022 4412 1111 4484 qui
1146 4411 1369 4484 imagini
1400 4412 1480 4472 illi
1505 4411 1630 4468 fecit
1658 4413 1741 4468 in-

142 4499 366 4572 iuriam;
409 4512 469 4558 ut
503 4518 602 4570 per
629 4501 888 4566 malitiam
916 4502 1101 4572 homo,
1131 4503 1273 4574 quod
1303 4520 1424 4562 eras
1445 4545 1459 4568 ,
1493 4520 1614 4560 esse
1644 4505 1738 4560 de-

1847 3313 1970 3354 men
2015 3297 2084 3352 de
2118 3296 2341 3358 homine
2371 3297 2552 3353 locutu
2597 3309 2682 3353 est
2721 3299 2872 3370 quod
2914 3301 2987 3356 sit
3011 3300 3080 3355 ad
3131 3302 3445 3372 imaginem.

1845 3390 2119 3446 Habemus
2167 3391 2313 3445 enim
2354 3390 2558 3460 aliquid
2608 3389 2752 3460 quod
2797 3389 3032 3446 fortasse
3095 3392 3273 3462 angeli
3336 3408 3444 3448 non

1846 3483 2115 3548 habeant;
2170 3483 2260 3540 ubi
2309 3484 2454 3538 enim
2521 3483 2820 3539 abundavit
2883 3493 3193 3554 peccatum,
3250 3502 3444 3556 super-

1847 3575 2140 3634 abundavit
2162 3576 2361 3647 gratia.
2391 3575 2559 3631 Nobis
2586 3584 2672 3631 est
2709 3585 2871 3632 natus
2897 3576 3151 3633 Christus
3170 3593 3236 3634 ex
3267 3578 3447 3650 Virgi-

1846 3683 1937 3724 ne.
1971 3668 2223 3738 Legimus
2263 3669 2409 3723 enim
2447 3685 2460 3722 :
2495 3667 2638 3722 Puer
2675 3677 2832 3722 natus
2872 3679 2947 3723 est
2985 3668 3164 3736 nobis,
3209 3678 3261 3723 et
3300 3669 3443 3738 filius

1847 3763 1998 3816 datus
2025 3773 2098 3817 est
2117 3762 2263 3816 nobis
2285 3760 2458 3834 (Esai.
2489 3778 2564 3827 is,
2589 3760 2667 3832 6).
2700 3760 2871 3816 Nobis
2895 3777 3116 3818 carnem
3148 3763 3386 3832 suscepit
3427 3782 3440 3815 :

1846 3856 2016 3910 immo
2069 3854 2250 3924 potius
2298 3869 2398 3910 nos
2450 3855 2506 3908 in
2551 3855 2641 3908 illa
2693 3868 2862 3909 carne
2915 3855 3189 3923 suscepit,
3224 3852 3251 3890 ι¹
3298 3855 3441 3925 quod

1847 3946 2042 4002 Filium
2097 3947 2338 4000 hominis
2384 3946 2437 4000 in
2487 3945 2583 4000 Dei
2625 3945 2756 4000 sede
2797 3945 3098 4000 constituit.
3152 3944 3268 3998 Non
3323 3946 3446 4014 lego

1845 4039 2072 4108 angelos
2117 4039 2172 4092 in
2214 4037 2308 4091 Dei
2338 4036 2472 4092 sede
2514 4036 2620 4090 nisi
2651 4044 2890 4101 stantes,
2931 4033 3036 4089 nisi
3070 4034 3439 4089 ministerium

1845 4131 2158 4187 deierantes
2187 4129 2372 4203 (Hebr.
2404 4146 2444 4196 t,
2471 4129 2574 4195 14;
2605 4130 2768 4200 Apoc.
2796 4143 2912 4192 vm,
2939 4127 3004 4193 2;
3030 4129 3169 4183 Dan.
3201 4143 3295 4196 vn,
3325 4127 3436 4200 10).

1845 4227 1960 4282 Non
1988 4226 2110 4296 lego
2131 4225 2354 4296 angelos
2374 4266 2390 4291 ,
2423 4222 2518 4278 sed
2551 4222 2798 4278 homines
2827 4222 3178 4292 consepultos
3201 4219 3442 4288 Christo,

1844 4319 1979 4376 etin
2012 4319 2228 4375 Christo
2267 4315 2618 4373 resuscitatos
2650 4314 2830 4386 (Rom.
2850 4330 2924 4381 vr,
2956 4313 2991 4369 ι
3013 4323 3062 4368 et
3088 4315 3168 4384 5).
3201 4314 3444 4384 Denique

1843 4414 1920 4467 ait
1942 4413 2267 4482 Apostolus:
2295 4411 2438 4475 Quia
2458 4408 2832 4477 convivi/tenuit
2853 4422 2945 4461 nos
2966 4406 3020 4460 iu
3045 4405 3271 4474 Christo,
3292 4411 3443 4480 cujus

1843 4505 2011 4576 gratia
2038 4506 2162 4558 estis
2198 4503 2326 4558 salvi
2357 4502 2485 4569 {acti
2524 4518 2543 4556 :
2585 4510 2634 4554 et
2672 4500 2830 4554 simul
2861 4499 3153 4563 suscitavit,
3187 4498 3441 4568 simulque

145 4593 370 4664 sineres,
403 4604 466 4652 et
493 4596 656 4656 lieres
683 4595 864 4654 mulus
885 4612 949 4650 ex
981 4596 1226 4658 homine.
1260 4595 1579 4656 Vindicatur
1608 4614 1737 4668 ergo
1766 4591 1819 4650 D
1845 4599 2018 4652 sedere
2048 4597 2165 4665 fecit
2190 4596 2244 4648 in
2273 4593 2581 4659 caelestibus,
2604 4593 2660 4646 in
2687 4591 2891 4645 Christo
2919 4590 3047 4643 Jesu
3071 4588 3292 4660 (Ephes.
3317 4605 3375 4651 ιι,
3411 4589 3444 4641 5

147 4685 344 4758 imago,
390 4704 509 4752 non
543 4688 963 4748 condemnatur.
1011 4689 1332 4744 Vindicatur
1361 4690 1513 4759 quasi
1545 4692 1735 4760 expul-

143 4793 194 4832 sa
237 4799 250 4834 :
293 4797 408 4846 non
457 4780 858 4845 condemnatur
903 4783 1056 4860 quasi
1100 4797 1213 4836 rea.
1258 4782 1548 4852 Postquam
1593 4785 1736 4844 enim

145 4873 404 4940 pecasti,
453 4872 606 4930 aliud
639 4888 763 4930 esse
792 4873 1004 4946 accpisti
1041 4892 1055 4929 :
1088 4873 1219 4934 illud
1248 4873 1391 4942 quod
1432 4888 1590 4940 eras,
1619 4890 1740 4934 esse

144 4961 362 5026 desiisti.
389 4962 687 5032 Quomodo
726 4962 888 5034 igitur
913 4963 1138 5041 punitur
1177 4963 1231 5026 in
1275 4970 1355 5031 te,
1403 4965 1548 5034 quod
1589 4965 1640 5022 in
1689 4975 1741 5022 te

207 5106 232 5133 "
261 5095 410 5153 Edit.
464 5105 585 5153 aut.
634 5110 697 5151 ac
738 5111 872 5151 mss.
919 5110 1104 5167 prope
1131 5110 1325 5151 omnes
1369 5095 1456 5150 hic
1500 5099 1744 5167 corrupti

143 5177 278 5224 sunt.
319 5169 477 5228 Edit.
511 5168 670 5223 Bern.
696 5209 710 5231 ,
751 5169 913 5222 altera
939 5177 987 5223 te
1025 5166 1301 5239 subjicias,
1330 5167 1496 5221 altero
1522 5177 1569 5221 te
1600 5166 1743 5223 mo-

142 5254 369 5309 astruas.
406 5239 785 5309 Verum__cum
829 5254 855 5289 a
901 5253 1033 5309 mss.
1079 5254 1144 5309 ac
1181 5248 1286 5309 vet.
1337 5239 1467 5299 edit.
1514 5241 1739 5302 nimium

143 5307 382 5377 recedat,
429 5309 564 5365 Cod.
619 5307 779 5362 Viml.
814 5317 871 5360 et
909 5308 1068 5363 Sorb.
1103 5307 1393 5362 lectionem
1435 5311 1602 5364 secuti
1654 5327 1745 5365 su-

143 5393 274 5435 mus.
303 5381 529 5438 Rursus
561 5378 763 5434 ibidem
805 5378 935 5436 edit.
966 5392 1186 5445 omnes,
1217 5379 1456 5434 illecebra
1491 5396 1509 5434 :
1538 5381 1741 5436 miseri-

143 5451 312 5510 cordia
347 5450 566 5506 suadet.
595 5447 796 5510 Contra
827 5465 1019 5504 omnes
1047 5464 1182 5508 mss.
1207 5491 1220 5516 ,
1259 5450 1504 5506 illecebra
1539 5452 1741 5508 miseri-

141 5523 366 5581 cordiam
379 5522 598 5582 suadet.
627 5519 744 5575 Non
776 5521 943 5575 male.

203 5590 234 5630 δ
263 5591 426 5648 Rom.
461 5593 600 5647 edit.
634 5591 750 5646 sola
771 5633 787 5654 ,
817 5606 1017 5662 servare
1043 5607 1147 5645 non
1173 5591 1354 5662 voluit.
1379 5589 1484 5646 Sed
1517 5591 1625 5657 hic,
1656 5610 1744 5662 po-

146 5662 254 5726 tuit,
279 5665 356 5720 uti
389 5663 465 5719 de
493 5663 689 5722 eodem
720 5661 890 5717 verbo
905 5661 1014 5732 jam
1043 5662 1300 5730 diximus,
1323 5661 1562 5717 liberiori
1589 5661 1750 5719 sensu

143 5745 220 5788 est
241 5731 756 5804 interpretandum.

214 5815 234 5842 ε
263 5803 592 5886 γειζεᾶὶιη
627 5803 854 5863 secundo
881 5803 1094 5880 remigio
1121 5803 1311 5861 labitur
1335 5806 1495 5881 fluctu
1515 5846 1530 5874 ,
1559 5813 1605 5859 et
1633 5820 1753 5877 pen-

1848 4699 1894 4743 et
1925 4690 2002 4760 (5).
2039 4687 2206 4741 Filius
2228 4700 2358 4754 ergo
2387 4683 2624 4738 hominis
2649 4682 2716 4736 ad
2740 4683 3020 4737 dexteram
3048 4681 3166 4746 Dei,
3199 4695 3302 4734 non
3332 4679 3443 4734 Au—

1845 4782 2033 4853 gelus,
2089 4795 2194 4833 non
2245 4775 2650 4844 Archangelus,
2692 4787 2795 4828 nec
2832 4771 3126 4826 Cherubim
3183 4781 3236 4825 et
3278 4771 3442 4828 Sera-

1850 4872 2018 4942 phim.
2054 4870 2146 4926 Illa
2179 4868 2406 4924 laudant
2438 4884 2452 4921 :
2483 4865 2651 4920 Filius
2679 4863 2909 4918 hominis
2938 4863 3110 4918 sedet.
3145 4863 3311 4920 Filius
3338 4865 3440 4918 ho-

1849 4965 2010 5022 minis
2040 4964 2353 5036 angelorum
2392 4976 2488 5016 ore
2529 4958 2808 5024 laudatur,
2850 4957 2992 5027 quod
3021 4957 3245 5026 angelos
3274 4957 3446 5012 malos

1849 5110 2020 5154 torum
2049 5101 2230 5170 ﬂatum
2259 5113 2350 5152 suo
2387 5087 2614 5170 suppara
2641 5092 3109 5170 superante_(G_il_l.
3153 5093 3206 5146 in
3239 5108 3436 5170 marg,

1846 5164 2174 5243 properante)
2198 5164 2662 5243 ριόιξιιννὶιξκοιιι.
2689 5164 2711 5230 ,’
2751 5165 2976 5217 secundo
3005 5164 3196 5218 labitur
3234 5165 3396 5243 [luctu
3421 5206 3436 5228 ,

1846 5236 2242 5294 attt‘ventorum
2286 5239 2415 5307 ﬂatu
2463 5251 2690 5303 supparo
2734 5247 3099 5303 prosperante,
3152 5243 3258 5289 etc.
3304 5236 3434 5307 Mss.

1845 5325 1994 5374 vero,
2024 5324 2243 5373 omnes,
2276 5305 2498 5361 secundo
2526 5307 2796 5375 remigium
2828 5307 3013 5359 labitur
3036 5307 3234 5375 ﬂuctu;
3264 5315 3319 5358 at
3351 5305 3440 5361 hic

1847 5383 2029 5444 divisi,
2049 5382 2257 5450 aliquot
2282 5379 2499 5440 habent,
2525 5386 2610 5429 aut
2631 5378 2761 5445 ﬂatu
2786 5389 3117 5447 prosperante
3138 5378 3406 5447 prwcurrit
3419 5393 3441 5440 ,-

1846 5453 2032 5523 plures
2058 5467 2120 5508 ac
2143 5451 2502 5520 probatiores,
2534 5458 2586 5502 ut
2622 5452 2672 5501 in
2696 5456 2974 5523 contextu.

1922 5521 1947 5559 ί¹
1980 5522 2055 5577 lta
2086 5515 2330 5593 plerique
2369 5536 2500 5593 mss.
2546 5528 2600 5574 et
2639 5532 2828 5572 omnes
2857 5518 2986 5593 edit.
3007 5517 3125 5593 nisi
3165 5515 3437 5593 qn_od_‘h.'e

1851 5587 2318 5663 leguntﬂquan‘do
2367 5591 2756 5663 ﬁlium,_qpr0,
2807 5589 2940 5658 quod
2968 5587 3174 5663 ﬁlium.
3225 5587 3442 5663 Reliqui

1854 5659 2020 5735 m'ss.,
2052 5659 2180 5735 quos
2220 5672 2387 5735 tamen
2428 5677 2516 5732 per
2561 5660 2914 5735 ﬁliurtt,_etc.
2956 5659 3092 5735 Qua;
3126 5659 3283 5735 lectio
3333 5674 3440 5714 non

1854 5728 2314 5810 dis_plicéret,_uisi
2341 5728 2443 5810 voti
2471 5728 2639 5784 tanien
2668 5728 2753 5787 hic
2781 5731 2959 5802 inepte
2979 5730 3173 5801 posita,
3204 5728 3443 5810 interpo-

1856 5806 2109 5876 lationem
2142 5805 2372 5880 aliquam
2405 5805 2670 5874 inniteret.
