3988 6310
505 310 643 368 1555

1825 283 2072 344 SANCTI
2110 279 2433 339 AMBROSII

3669 256 3802 311 1556

505 424 718 490 vicerit,
743 421 812 476 de
837 400 1096 490 nequitiis.
1119 412 1454 487 spiritalibus
1480 422 1601 481 qua:
1630 413 1759 462 sunt
1782 403 1835 459 in
1861 399 2101 458 coelesti—
2127 402 2182 462 Α
2279 396 2368 453 i7.
2416 391 2658 450 Videsne
2686 404 2817 461 ergo
2853 401 2972 459 qua)
3002 399 3199 442 manus
3233 381 3463 439 fecerint
3494 377 3802 440 hominem,

502 519 628 582 bus,
659 510 1071 584 triumphaverit
1108 526 1122 562 :
1151 505 1296 577 quod
1323 504 1514 560 fecerit
1542 501 1752 557 similes
1781 496 2099 569 angelorum

510 610 757 667 homines
775 650 791 676 ,
825 609 880 661 in
907 603 1098 676 quibus
1127 610 1252 656 ante
1277 607 1435 655 erant
1461 596 1710 666 contagia
1736 600 2098 649 mortuorum.

584 727 672 781 15.
713 723 902 788 Verbo,
934 719 1127 791 inquit,
1155 715 1366 770 Domini
1390 713 1502 768 catli
1534 710 1723 780 ﬁrmati
1751 717 1889 774 sunt,
1921 717 1968 760 et
1993 704 2101 777 spiv

507 823 610 877 ritu
641 819 744 872 oris
766 820 879 888 ejus
907 813 1071 867 omnis
1097 811 1256 865 virtus
1287 822 1462 861 eorum
1491 803 1664 874 (Psal.
1694 815 1867 864 xxx",
1893 797 1968 869 6).
1998 796 2108 851 Ho-

513 927 601 968 mo
631 909 845 981 quoque
874 906 1067 976 spiritu
1110 900 1324 957 Domini
1352 897 1741 969 perfectionem
1778 893 1906 946 vitae
1926 932 1941 958 ,
1973 904 2108 946 con-

515 1002 1045 1066 suminationemque
1077 996 1298 1052 virtutis
1333 993 1564 1062 accepit.
1594 987 1879 1060 Inspiravit
1908 987 1964 1039 in
1995 1000 2111 1038 eunt

517 1099 654 1153 Deus
683 1097 927 1166 spiritum
953 1093 1092 1156 vitw,
1123 1099 1169 1143 et
1201 1091 1371 1159 factus
1397 1093 1472 1137 est
1508 1083 1660 1136 homo
1694 1081 1750 1134 in
1781 1078 2008 1132 animant
2036 1076 2112 1128 vi-

515 1201 711 1248 ventem
743 1186 896 1258 (Gen.
931 1201 994 1252 ιι,
1021 1185 1097 1255 7).
1136 1179 1256 1236 \‘ita
1282 1191 1413 1248 ergo
1444 1183 1629 1231 nostra
1659 1172 1823 1242 coepit
1851 1185 1920 1225 ex
1947 1167 2115 1236 inspi—

517 1284 729 1339 ratione
751 1280 931 1334 divina
963 1294 976 1331 :
1001 1274 1100 1330 sed
1131 1273 1238 1327 vita
1267 1271 1386 1326 haec
1411 1267 1720 1323 secessione
1749 1263 1968 1325 animm,
1998 1273 2116 1314 cor-

521 1377 778 1446 porisque
827 1367 1177 1433 dissolvitur,
1225 1363 1509 1434 inspiratio
1554 1370 1735 1414 autem
1784 1355 1962 1410 divina
2010 1365 2115 1405 non

517 1466 766 1521 solvitur.
802 1464 866 1518 Et
891 1462 1012 1516 ideo
1044 1457 1286 1527 iutellige
1314 1453 1460 1509 aliud
1500 1465 1621 1507 esse
1651 1447 1795 1520 quod
1827 1449 2116 1516 figuratum

522 1568 637 1621 est,
681 1555 825 1610 aliud
863 1551 1005 1624 quod
1035 1551 1234 1606 factum
1260 1555 1364 1610 est,
1397 1546 1484 1600 vel
1514 1552 1781 1613 paratum.
1820 1538 2120 1607 Meritoque

521 1649 808 1719 dupliciter
844 1646 1011 1701 habes
1043 1642 1304 1712 scriptum
1333 1637 1402 1694 de
1430 1635 1672 1692 homine.
1704 1633 1946 1688 Primum
1974 1630 2118 1684 enim

522 1740 785 1809 scriptum
827 1744 910 1790 est
957 1751 972 1788 :
1024 1731 1303 1786 Faciamus
1341 1729 1601 1782 hominem
1644 1725 1714 1780 ad
1753 1724 2030 1794 imaginem
2075 1730 2123 1774 et

526 1829 919 1886 similitudinem
948 1835 1182 1879 nostrant
1211 1819 1362 1895 (Gen.
1393 1835 1433 1886 ι,
1470 1817 1540 1873 ’26
1563 1829 1610 1872 et
1630 1817 1745 1889 27).
1788 1815 1856 1869 Et
1891 1831 1905 1867 :
1939 1811 2128 1866 Domi-

527 1923 817 1987 nabuntur,
846 1920 1050 1990 inquit,
1076 1916 1157 1971 vel
1193 1915 1542 1987 principatum
1568 1910 1848 1965 habebunt.
1881 1907 1949 1962 Et
1977 1924 1990 1959 ί
2019 1905 2127 1959 Fe-

531 2019 597 2072 cit
638 2017 774 2070 Deus
805 2013 1066 2068 hominem
1102 2010 1170 2063 ad
1205 2009 1485 2080 imaginem
1519 2003 1637 2058 Dei.
1668 2001 1920 2060 Secundo
1949 2009 2128 2054 autem

534 2109 658 2164 loco
691 2109 764 2162 ita
796 2108 1059 2175 scriptum
1085 2110 1190 2168 est,
1221 2101 1346 2171 quia
1373 2099 1583 2168 Accepit
1609 2093 1753 2151 Deus
1784 2096 2043 2166 pulverem
2070 2092 2134 2147 de

534 2213 692 2266 terra,
723 2209 771 2254 et
800 2197 1074 2269 plasmauit
1100 2194 1358 2248 hominem
1387 2187 1544 2262 (Gen.
1577 2182 1637 2256 tt,
1670 2187 1748 2259 7).
1782 2186 1886 2242 Ubi
1917 2185 2132 2256 pulvis,

537 2295 608 2350 ibi
639 2291 968 2362 plasmatio:
1001 2288 1090 2343 ubi
1121 2295 1302 2341 autem
1341 2300 1446 2338 nou
1476 2281 1679 2352 pulvis,
1714 2280 1789 2334 ibi
1823 2295 1927 2331 non
1959 2287 2130 2342 terra,

538 2403 645 2444 non
677 2386 934 2449 materia;
964 2382 1058 2438 sed
1092 2382 1499 2450 incorporeum,
1531 2375 1626 2432 sed
1654 2371 1980 2430 admirabile
2012 2387 2028 2426 :
2061 2370 2138 2426 ibi

541 2497 650 2538 non
681 2480 928 2543 materia,
953 2476 1049 2532 sed
1079 2471 1458 2530 immateriale.
1482 2469 1639 2540 Quod
1665 2472 1812 2525 enim
1839 2465 2139 2523 secundum

542 2577 832 2645 imaginem
858 2570 955 2625 Dei
981 2578 1100 2634 est,
1128 2583 1234 2622 non
1263 2574 1348 2622 est
1374 2564 1428 2618 in
1460 2577 1690 2633 corpore
1709 2603 1724 2628 ,
1759 2575 1859 2616 nec
1887 2559 1940 2614 in
1973 2565 2142 2614 mate-

542 2668 644 2731 ria,
675 2665 772 2720 sed
795 2666 847 2718 in
877 2661 1058 2717 anima
1083 2657 1416 2716 rationabili.
1446 2655 1527 2712 lbi
1548 2663 1826 2725 operatur,
1857 2653 1931 2710 ibi
1960 2661 2143 2708 osten-

544 2762 690 2816 ditur
729 2759 892 2812 homo
930 2756 1000 2810 ad
1030 2752 1440 2810 similitudinem
1471 2758 1530 2804 et
1560 2749 1847 2820 imaginem
1883 2747 2010 2813 Dei,
2053 2744 2145 2800 ubi

543 2848 790 2920 iustitiae,
825 2847 918 2901 ubi
945 2845 1248 2916 sapientiae,
1282 2843 1372 2900 ubi
1413 2840 1592 2897 omnis
1621 2839 1792 2896 forma
1821 2835 2038 2893 virtutis
2057 2851 2143 2892 as-

550 2945 804 3002 sumitur.

548 3064 550 3067 ’
625 3059 714 3114 16.
749 3058 806 3115 Si
835 3055 1104 3126 intelligas
1128 3053 1420 3124 imaginem
1444 3093 1459 3118 ,
1484 3051 1695 3107 videbis
1720 3049 1789 3105 ad
1819 3048 2145 3120 imaginem;

551 3153 716 3208 homo
741 3150 887 3206 enim
916 3163 1022 3204 non
1050 3155 1134 3202 est
1161 3147 1339 3216 imago
1366 3144 1484 3209 Dei,
1516 3143 1613 3198 sed
1643 3143 1711 3198 ad
1738 3139 2148 3196 similitudinem
2175 3159 2221 3222 ρ

554 3246 726 3300 factus
753 3252 856 3300 est.
890 3241 1043 3296 Alius
1077 3249 1161 3295 est
1190 3239 1371 3308 imago
1397 3237 1491 3293 Dei
1519 3235 1835 3300 invisibilis,
1878 3233 2151 3304 primoge-

549 3337 700 3392 nitus
752 3334 1021 3390 universa:
1068 3340 1368 3396 creaturae,
1440 3345 1537 3400 per
1599 3343 1758 3399 quem
1817 3327 1959 3382 facta
2021 3334 2153 3380 sunt

557 3430 762 3486 omnia.
797 3428 893 3483 llle
937 3441 1049 3481 non
1079 3425 1147 3480 ad
1196 3422 1520 3494 imaginem,
1553 3421 1651 3476 sed
1701 3420 1878 3487 imago
1913 3436 1926 3471 :
1957 3427 2012 3472 tu
2045 3433 2152 3474 non

558 3523 768 3592 imago,
799 3519 897 3575 sed
921 3518 988 3574 ad
1029 3518 1342 3587 imaginem.
1369 3514 1548 3570 Habes
1568 3527 1698 3583 ergo
1724 3513 1934 3585 1092
1975 3510 2029 3566 in
2062 3519 2152 3565 tua

555 3613 857 3670 substantia
887 3611 1090 3681 aliquid
1133 3610 1203 3666 de
1233 3609 1468 3680 imagine
1513 3617 1568 3663 et
1617 3605 1979 3662 similitudine
2024 3604 2152 3670 Dei,

559 3708 706 3780 quod
731 3708 804 3763 sit
832 3707 1028 3762 divinae
1055 3703 1233 3762 simile
1262 3703 1530 3774 imaginis.
1555 3702 1856 3772 Propterea
1882 3702 2058 3771 imago
2087 3701 2154 3755 ad

560 3815 689 3858 eum
721 3801 810 3872 qui
834 3809 920 3856 est
956 3799 1024 3854 ad
1067 3798 1392 3868 imaginem,
1424 3795 1608 3852 venit:
1655 3806 1710 3852 et
1747 3795 1943 3866 quaerit
1978 3795 2156 3866 imago

560 3910 707 3962 eum,
737 3894 830 3966 qui
861 3903 947 3950 est
973 3893 1039 3949 ad
1068 3890 1478 3947 similitudinem
1501 3889 1617 3955 sui;
1642 3896 1703 3943 ut
1729 3889 1925 3944 iterum
1957 3888 2155 3958 signet,

562 4001 623 4044 ut
671 3988 869 4044 iterum
925 3987 1255 4051 conlirmet;
1305 3983 1430 4054 quia
1487 3982 1753 4038 amiseras
1809 3980 1953 4051 quod
2002 3994 2159 4034 accc-

564 4081 715 4151 pisti.
763 4077 1139 4134 lnsufllavcrat
1165 4077 1308 4132 enim
1344 4075 1442 4130 tibi
1470 4075 1640 4140 Deus,
1685 4082 1742 4128 ut
1785 4071 2157 4143 inspirationis

566 4186 681 4226 suae
725 4170 870 4226 dono
908 4169 1139 4225 haberes
1191 4168 1451 4237 gratiam,
1506 4181 1667 4235 quam
1717 4166 1811 4220 tibi
1862 4177 1948 4220 tua
2000 4165 2160 4236 culpa

565 4261 883 4318 suSIulerat.
931 4258 1129 4313 Factus
1169 4271 1294 4311 eras
1331 4256 1384 4310 in
1423 4255 1657 4311 animam
1685 4256 1956 4310 viventem
1987 4271 2002 4308 :
2036 4257 2161 4311 audi

565 4351 696 4424 quid
735 4351 913 4416 dicat,
946 4365 1053 4405 non
1100 4349 1154 4403 in
1191 4362 1448 4414 carnem,
1483 4346 1582 4402 sed
1609 4346 1663 4402 in
1702 4346 1938 4401 animam
1979 4347 2162 4402 viven-

564 4457 700 4504 tem.
743 4445 850 4502 Sed
879 4444 1004 4515 quia
1041 4453 1300 4514 peccator
1334 4441 1671 4512 signaculum
1709 4451 1902 4497 tenere
1931 4456 2040 4496 non
2067 4456 2162 4513 po-

2205 499 2298 546 aut
2324 502 2488 559 quem
2515 485 2796 540 hominem
2829 481 3099 543 iecerint;
3131 477 3280 533 illum
3321 474 3508 544 utique
3533 485 3689 543 quem
3720 483 3805 524 sc-

2205 579 2441 636 cundum
2482 576 2756 632 Christum
2797 572 3070 628 induimus
3119 587 3131 622 :

2207 670 2465 726 hominem
2507 683 2624 722 cum
2661 664 2860 720 actibus
2904 671 3039 738 ejus,
3067 671 3114 716 et
3157 659 3421 714 induimus
3454 671 3675 720 novum,
3721 653 3807 722 qui

2209 772 2485 818 renovatur
2515 763 2571 813 in
2599 759 2914 829 agnitionem
2952 753 3235 810 secundum
3273 749 3550 819 imaginem
3581 749 3696 818 ejus
3724 745 3808 812 qui

2210 854 2398 909 creavit
2423 868 2575 916 eum;
2607 849 2693 904 ubi
2722 866 2822 903 non
2852 857 2993 902 est...
3028 860 3210 900 servus
3239 851 3285 896 et
3317 841 3466 904 liber,
3517 836 3606 891 sed
3637 836 3808 890 omnia

3183 567 3550 637 Exspatiantes
3592 570 3804 617 veterem

2213 957 2262 1002 et
2297 948 2352 1002 in
2390 945 2629 1000 omnibus
2657 941 2896 996 Christus
2939 939 3161 1011 (Coloss.
3191 951 3286 1002 ιιι,
3321 934 3504 1002 9—H).
3536 929 3808 986 Christum

2216 1054 2350 1110 ergo
2379 1037 2688 1100 induimus,
2730 1035 2870 1089 sicut
2895 1041 2951 1087 et
2976 1030 3105 1086 alibi
3131 1029 3333 1084 dictqu
3371 1035 3455 1081 est
3499 1042 3513 1081 :
3553 1022 3810 1077 Christum

2215 1131 2460 1186 induistis
2499 1127 2695 1202 (Galat.
2742 1142 2838 1194 ιιι,
2869 1124 2984 1197 27).
3016 1122 3345 1193 Accepimus
3370 1118 3632 1189 Spiritum
3662 1129 3812 1170 sanc-

2219 1233 2330 1280 tum
2351 1263 2368 1289 ,
2400 1222 2497 1294 qui
2527 1237 2635 1277 non
2663 1220 2839 1275 solum
2878 1227 3062 1275 nostra
3096 1227 3121 1254 ιι
3166 1223 3384 1287 peccata
3411 1211 3635 1267 dimittit
3675 1228 3690 1265 :
3723 1209 3813 1262 sed

2220 1319 2386 1374 etiam
2427 1331 2525 1371 nos
2555 1314 2687 1370 facit
2715 1311 3030 1368 sacerdotes
3069 1325 3199 1366 suos
3227 1309 3347 1362 aliis
3378 1312 3599 1377 peccata
3640 1302 3816 1358 dimit-

2222 1421 2356 1468 tere.
2389 1409 2516 1465 ldeo
2547 1409 2622 1463 ait
2658 1406 2931 1477 Propheta
2969 1425 2980 1458 :
3013 1404 3096 1459 Tu
3136 1404 3335 1474 ﬁlix-isti
3374 1417 3453 1456 me
3475 1443 3488 1466 ,
3516 1411 3569 1454 et
3597 1397 3814 1470 posuisti

2221 1519 2378 1574 super
2397 1519 2477 1556 me
2503 1517 2712 1555 manum
2743 1509 2882 1552 tuam
2908 1495 3082 1565 (Psal.
3109 1509 3369 1559 cxxxvm,
3397 1492 3478 1563 5).
3507 1491 3692 1546 Finxit
3722 1504 3814 1558 per

2225 1595 2423 1659 lutum;
2458 1592 2641 1664 posuit
2669 1606 2765 1662 per
2791 1589 3018 1661 gratiam
3049 1587 3382 1658 spiritalem;
3415 1585 3541 1640 licet
3584 1581 3821 1652 plerique

2227 1686 2373 1741 hunc
2418 1685 2686 1756 psalmum
2729 1699 2796 1738 ex
2847 1696 3081 1753 persona
3111 1680 3312 1735 dictum
3349 1677 3648 1734 Salvatoris
3686 1675 3825 1730 acci-

2158 1776 2206 1835 Β
2234 1781 2404 1852 piant.
2435 1777 2577 1833 Audi
2608 1777 2731 1846 quia
2761 1789 2952 1830 manus
2979 1773 3215 1839 Domini,
3240 1773 3404 1827 etiam
3433 1769 3672 1839 Spiritus
3699 1766 3824 1822 dici-

2233 1882 2338 1928 tur.
2363 1870 2577 1926 Clamat
2605 1868 2708 1924 Job
2737 1884 2750 1922 :
2784 1867 3016 1937 Spiritus
3049 1865 3275 1928 divinus,
3306 1863 3394 1931 qui
3425 1862 3547 1932 fecit
3575 1875 3656 1913 me
3687 1857 3821 1929 (Job.

2234 1982 2432 2031 xxxut,
2466 1963 2547 2036 4).
2583 1963 2702 2019 Istat
2731 1969 2859 2017 sunt
2887 1975 3020 2032 ergo
3057 1973 3249 2014 manus
3277 1972 3397 2027 qua:
3427 1953 3704 2010 hominem
3737 1967 3825 2022 pa-

2235 2066 2494 2116 raverunt
2514 2096 2528 2121 ,
2560 2055 2809 2110 Christus
2833 2067 2889 2108 et
2915 2051 3172 2122 Spiritus.
3207 2049 3353 2120 Ergo
3380 2047 3648 2102 Dominus
3679 2044 3825 2101 JeSus

2237 2160 2294 2205 et
2315 2148 2564 2219 corporis
2592 2156 2780 2202 auctor
2819 2153 2903 2201 est
2938 2143 3146 2210 nostri,
3177 2142 3266 2213 qui
3300 2141 3532 2211 primum
3577 2137 3706 2194 fecit
3741 2136 3829 2190 lto-

2239 2242 2439 2299 minem
2471 2239 2539 2295 ad
2566 2239 2875 2309 imaginem,
2906 2245 2962 2291 et
2989 2244 3177 2306 postea
3205 2233 3274 2289 de
3301 2233 3416 2287 luto
3449 2231 3629 2295 tinxit,
3660 2237 3718 2284 et
3743 2241 3827 2282 vo-

2239 2336 2339 2390 luit
2365 2348 2583 2390 servare
2605 2331 2750 2402 quod
2778 2331 3006 2392 fecerat,
3029 2328 3245 2384 salvare
3267 2324 3410 2396 quod
3439 2324 3825 2396 plasmaverat;

2242 2438 2302 2484 ut
2333 2437 2505 2483 totum
2537 2424 2811 2480 hominem
2851 2423 3060 2478 salvum
3092 2420 3327 2485 faceret,
3361 2417 3507 2474 sicut
3543 2417 3667 2486 ipse
3704 2413 3830 2469 dixit

2245 2522 2298 2576 in
2323 2517 2623 2589 Evangelia
2655 2535 2668 2570 :
2701 2515 2838 2571 Mihi
2873 2513 3193 2578 irascimini,
3224 2511 3346 2581 quia
3397 2518 3559 2563 totum
3584 2505 3830 2560 hominem

2244 2613 2449 2668 salvum
2487 2611 2585 2682 feci
2632 2611 2685 2662 in
2722 2607 2932 2663 sabbato
2964 2605 3141 2677 (Joan.
3176 2620 3268 2670 vu,
3308 2599 3423 2672 25).
3450 2597 3605 2667 Quod
3637 2596 3833 2668 specia-

2247 2706 2380 2761 liter
2403 2703 2432 2743 b
2458 2703 2704 2759 Ecclesia
2745 2702 2940 2767 docet,
2979 2702 3238 2771 quianon
3269 2697 3445 2753 solum
3484 2693 3705 2758 anima,
3747 2690 3832 2745 sed

2249 2797 2413 2855 etiam
2451 2811 2581 2853 caro
2607 2804 2797 2851 nostra
2825 2801 3069 2850 servetur
3099 2810 3111 2845 :
3144 2790 3323 2846 anima
3350 2803 3448 2860 per
3471 2785 3833 2856 cognitionem

2251 2891 2381 2959 Dei,
2413 2904 2542 2945 caro
2563 2903 2662 2959 per
2684 2886 3149 2944 resurrectionem
3181 2901 3194 2939 :
3226 2896 3454 2954 quorum
3485 2879 3721 2934 alterum
3749 2879 3836 2930 do-

2251 2983 2364 3038 cuit
2413 2979 2581 3036 divini
2625 2979 2950 3036 auctoritate
2994 2975 3298 3043 sermonis,
3343 2973 3574 3029 alterum
3612 2969 3837 3041 propria:

2253 3076 2672 3133 resurrectionis
2709 3073 2986 3143 exemplo.

2327 3171 2416 3226 l8.
2457 3171 2557 3225 Hic
2585 3179 2669 3225 est
2713 3183 2844 3238 ergo
2875 3167 3037 3222 homo
3073 3163 3304 3235 geminae
3345 3157 3688 3216 substantias.
3733 3157 3838 3211 Alia

2254 3271 2338 3317 est
2358 3262 2502 3317 enim
2535 3260 2658 3315 lacti
2691 3258 3018 3324 substantia,
3053 3267 3075 3294 ο
3105 3256 3209 3310 alia
3239 3253 3452 3324 figurati
3478 3268 3492 3305 :
3521 3252 3626 3306 ista
3656 3250 3724 3305 de
3755 3248 3839 3302 Dei

2256 3353 2480 3424 Spiritu,
2509 3353 2599 3407 illa
2626 3351 2695 3407 de
2723 3352 2874 3406 limo.
2908 3349 3202 3418 Propterea
3229 3350 3304 3401 ait
3327 3344 3432 3401 Job
3459 3361 3473 3398 :
3507 3341 3845 3398 Resuscitabit

2255 3449 2451 3503 corium
2477 3463 2644 3502 meum
2671 3444 2811 3519 (Job.
2838 3461 2953 3510 xix,
2984 3443 3103 3513 26),
3143 3441 3268 3513 quia
3299 3439 3442 3511 quod
3469 3437 3538 3494 de
3570 3438 3709 3493 limo
3736 3445 3840 3499 est,

2256 3541 2629 3606 resuscitatur;
2656 3548 2799 3595 terra
2825 3536 2971 3593 enim
2999 3536 3050 3590 in
3085 3544 3287 3590 terram
3311 3531 3472 3593 redit;
3503 3529 3652 3601 quod
3675 3537 3841 3583 autem

2256 3634 2458 3689 factum
2497 3643 2613 3699 est,
2658 3640 2717 3687 ut
2757 3630 3117 3701 principatum
3163 3625 3398 3682 haberet
3433 3637 3601 3690 super
3626 3628 3844 3676 caeteras

2258 3726 2562 3781 animantes
2583 3766 2598 3790 ,
2630 3723 2682 3778 id
2717 3719 3062 3792 prmstantius
3089 3733 3210 3774 esse
3239 3713 3520 3785 intelligis.
3552 3711 3682 3766 Luti
3711 3708 3842 3766 enim

2260 3820 2423 3876 etiam
2455 3817 2646 3874 bestiis
2669 3814 2951 3870 nobiscum
2978 3825 3270 3868 commune
3296 3804 3633 3864 consortium
3660 3811 3770 3868 est;
3798 3810 3848 3855 et

2260 3911 2384 3968 ideo
2411 3911 2608 3965 anima:
2639 3907 2892 3979 specialis
2925 3903 3281 3976 praerogativa
3302 3897 3330 3936 ά
3352 3899 3547 3954 donata
3571 3905 3681 3952 est.
3710 3894 3845 3950 Idem

2261 4016 2440 4062 tamen
2481 4005 2606 4075 quia
2653 4001 2870 4057 creteris
2910 3997 3273 4055 animantibus
3309 3996 3568 4064 imperat;
3602 4000 3666 4044 ut
3692 3987 3850 4059 possit

2262 4101 2560 4170 imperare,
2605 4097 2765 4151 debet
2806 4095 2914 4148 Deo
2953 4107 3072 4149 esse
3108 4089 3408 4158 subjectus.
3436 4086 3678 4140 Docetur
3699 4081 3850 4152 igitur

2262 4191 2502 4255 servire;
2533 4197 2590 4243 ut
2609 4187 2675 4242 ad
2700 4201 2928 4256 regnum
2957 4183 3247 4255 pervenire
3269 4189 3558 4236 mereatur.
3585 4176 3693 4244 Qui
3716 4174 3847 4230 enim

2263 4284 2431 4339 servit
2460 4281 2700 4346 Christo,
2728 4278 2931 4350 placuit
2958 4275 3200 4345 Deo.Qui
3229 4273 3395 4329 servit
3423 4269 3668 4335 Christo,
3697 4277 3722 4305 ο
3750 4267 3850 4337 plzt-

2264 4389 2353 4432 cet
2379 4375 2561 4445 utique
2593 4372 2804 4445 1093
2830 4370 3084 4434 veritati,
3116 4379 3170 4424 et
3195 4367 3356 4422 debet
3389 4363 3605 4419 nescire
3640 4357 3854 4416 menda-

2265 4470 2429 4524 cium.
2459 4468 2560 4534 Qui
2601 4465 2778 4521 servit
2802 4464 3024 4535 justitia:
3048 4504 3063 4527 ,
3100 4460 3263 4517 debet
3304 4455 3570 4527 repellere
3608 4451 3853 4524 iniquita-

568 4539 686 4607 mil’
708 4546 764 4595 et
788 4538 840 4593 in
872 4537 1103 4594 crimine
1123 4537 1334 4606 positus
1360 4549 1465 4590 "0"
1496 4533 1730 4628 hab‘iba}
1749 4549 1869 4628 qua
1899 4535 1991 4591 Dei
2013 4544 2158 4602 sum,
2186 4545 2239 4606 D
2267 4571 2396 4616 tem.
2423 4533 2524 4628 Qui
2568 4559 2734 4614 servit
2762 4533 3146 4618 immaculato,
3175 4551 3337 4608 debet
3381 4555 3569 4603 tenere
3606 4545 3857 4600 castimo-

568 4632 666 4689 sed
691 4645 812 4702 quae
844 4629 1157 4695 hominum;
1198 4637 1490 4699 propterea
1517 4625 1668 4682 venit
1696 4626 1955 4682 Dominus
1979 4635 2164 4681 noster

566 4727 726 4782 Jesus
751 4723 998 4780 Christus
1019 4765 1034 4790 ,
1067 4730 1124 4776 ut
1148 4720 1329 4791 legisti
1358 4721 1410 4774 in
1439 4719 1764 4790 Evangelio,
1793 4729 1848 4774 et
1877 4735 1906 4774 a
1935 4719 2164 4775 mortuis

563 4834 854 4891 resurgens
875 4833 999 4873 cum
1020 4817 1233 4872 clausos
1254 4813 1550 4884 discipulos
1570 4812 1888 4883 reperisset,
1912 4813 2166 4867 claustris

566 4915 845 4984 ingressus
871 4918 956 4966 est
978 4909 1345 4973 manentibus,
1379 4916 1434 4961 et
1459 4905 1597 4961 dixit
1631 4922 1644 4960 :
1676 4904 1794 4958 Paa:
1817 4904 1977 4959 vobis.
2009 4905 2160 4960 Sicut

560 5007 703 5060 misit
731 5020 812 5059 me
841 5003 1020 5069 Pater,
1052 5011 1097 5057 et
1123 5019 1216 5074 ego
1241 5001 1387 5055 mitto
1409 5015 1518 5054 vos.
1549 4996 1778 5069 Cumque
1799 4999 1895 5052 hoc
1921 4999 2156 5064 dixisset,

561 5097 883 5169 insufﬂauit,
926 5105 977 5150 et
1019 5094 1150 5149 dixit
1191 5094 1263 5148 eis
1309 5109 1325 5147 :
1376 5092 1606 5163 Accipite
1627 5091 1884 5163 Spiritum
1926 5101 2158 5146 sanctum

566 5188 749 5261 (Joau.
794 5203 886 5254 xx,
915 5187 979 5242 21
1011 5197 1058 5242 et
1081 5184 1196 5256 22).

636 5352 663 5379 ιι
703 5341 943 5397 Adverte
972 5339 1059 5393 hic
1092 5337 1295 5394 diserte
1323 5337 1509 5394 doceri
1546 5338 1861 5393 sacerdotes
1893 5349 1987 5393 aut
2014 5339 2156 5408 epis-

559 5428 757 5482 copum
801 5414 856 5467 in
903 5411 1247 5482 ordinatione
1287 5424 1384 5464 sua
1431 5419 1485 5463 et
1530 5411 1873 5480 pr0priorum
1907 5419 2158 5479 peccato-

559 5480 678 5538 rum
707 5481 1088 5537 remissionem
1111 5483 1380 5552 accipere,
1411 5489 1466 5535 et
1491 5488 1813 5552 potestatem
1842 5480 2155 5536 remittendi

564 5562 786 5624 peccata
813 5552 1065 5607 aliorum.

571 5644 820 5769 (10:81:33.
855 5661 963 5701 non
992 5645 1182 5716 pauci,
1213 5660 1316 5701 nec
1355 5644 1632 5722 inferioris
1659 5654 1840 5715 notae,
1871 5645 2154 5727 Ecclesium

642 5761 830 5840 fliam
859 5785 988 5841 edit.
1010 5825 1024 5851 ,
1065 5787 1171 5841 alia
1207 5772 1484 5855 insui/ltiti.
1521 5787 1628 5845 Sed
1659 5761 2003 5846 retinendum
2028 5761 2152 5842 cum

2272 4657 2374 4712 nite
2439 4653 2803 4724 disciplinam.
2868 4649 2972 4719 Qui
3022 4648 3188 4704 servit
3245 4645 3392 4712 luci,
3459 4643 3630 4699 debet
3682 4640 3858 4697 odisse

2273 4747 2523 4803 tenebras
2569 4754 2937 4816 peccatorum.
2977 4741 3120 4810 Ergo
3165 4740 3292 4806 quia
3338 4749 3535 4805 corpus
3584 4733 3857 4788 infirmum

2272 4850 2375 4906 est,
2405 4837 2772 4894 visitationem
2799 4833 3014 4890 Domini
3041 4831 3403 4902 postulamus.
3434 4825 3591 4882 Unde
3622 4822 3858 4895 Prophe-

2271 4941 2323 4987 ta
2347 4933 2422 4986 ait
2450 4948 2463 4984 :
2494 4930 2632 4996 Quid
2651 4938 2726 4983 est
2754 4928 2906 4982 homo
2931 4967 2944 4992 ,
2973 4925 3115 4995 quod
3136 4939 3333 4978 memor
3362 4938 3415 4976 es
3434 4921 3583 4991 ejus;
3609 4929 3705 4973 aut
3729 4917 3862 4988 ﬁlius

2268 5023 2513 5088 hominis,
2542 5022 2662 5092 quia
2689 5020 2870 5075 uisitas
2896 5033 3010 5071 eum
3040 5015 3213 5088 (Psal.
3241 5029 3358 5081 vut,
3387 5010 3470 5084 5)?

2340 5114 2428 5171 19.
2471 5112 2538 5167 Ει
2566 5125 2708 5166 nunc
2736 5109 2790 5165 in
2817 5108 3026 5178 reliqua
3061 5105 3310 5162 versiculi
3360 5103 3615 5174 portione
3636 5100 3715 5155 ait
3747 5097 3863 5154 :Da

2269 5206 2394 5261 mihi
2421 5204 2760 5271 intellectum,
2793 5211 2840 5257 et
2885 5201 3083 5255 discam
3109 5198 3358 5252 mundata
3406 5203 3515 5249 tua.
3545 5191 3861 5264 Spiritalem

2263 5338 2384 5394 aliis
2413 5347 2468 5393 et
2498 5336 2707 5391 cunctis
2735 5349 2867 5389 mss.
2887 5375 2903 5401 ,
2931 5332 3035 5386 alia
3062 5331 3289 5402 ﬁgurati.
3335 5329 3434 5402 llic
3469 5329 3746 5402 siquidem
3790 5328 3864 5402 in:

2268 5410 2484 5475 nuitur,
2517 5406 2660 5478 quod
2686 5399 2997 5478 supranon
3034 5399 3492 5478 scinelAtraditum
3523 5399 3863 5478 est,_homi_ni

2267 5497 2374 5563 non
2405 5469 2718 5562 incorpore
2739 5469 2768 5541 ,’
2785 5475 2879 5531 sed
2913 5474 2967 5529 in
2995 5475 3174 5528 anima
3210 5474 3530 5542 impressam
3575 5470 3754 5527 fuisse
3791 5469 3864 5525 di-

2268 5566 2448 5606 vinam
2479 5563 2790 5618 imaginem.

2337 5641 2365 5681 ἀ
2391 5645 2547 5698 Rom.
2571 5641 2729 5707 cdit.,
2753 5641 2944 5695 donata
2971 5649 3068 5707 est,
3099 5647 3154 5692 ut
3179 5639 3330 5692 homo
3353 5636 3554 5692 cwteris
3579 5629 3863 5693 animanti~

2265 5716 2358 5790 bus
2379 5712 2744 5790 imperet,__sed
2774 5722 2828 5764 ut
2860 5711 3176 5790 po_ssi_t,_etc.
3236 5741 3277 5790 LO
3337 5748 3386 5790 ι.»

2340 5785 2361 5824 έ
2390 5779 2546 5841 nam.
2583 5783 2738 5849 edit.,
2795 5779 2950 5839 servit
2976 5781 3148 5851 utique
3174 5779 3389 5835 ueritati.
